{"host":"9zznonz1olisd4fd","time":1613674892,"event":{"mods":["BaseMod","Keyboard Shortcuts","Minty Spire (QoL Compilation)","StSLib","SuperFastMode"],"gold_per_floor":[115,131,56,56,19,48,48,82,109,109,124,74,90,137,137,215,215,227,127,127,127,138,138,168,168,194,205,205,130,130,147,147,225,225,235,38,58,58,103,103,64,64,89,89,106,106,30,40,40,40,40,40,40,71,71],"floor_reached":56,"language":"KOR","playtime":2972,"items_purged":["Strike_B","Defend_B"],"score":1750,"play_id":"0d0f28ba-5659-45b8-b14c-e19f4df98457","local_time":"20210219040132","is_ascension_mode":true,"campfire_choices":[{"data":"Dualcast","floor":7.0,"key":"SMITH"},{"data":"Defragment","floor":10.0,"key":"SMITH"},{"data":"Chaos","floor":15.0,"key":"SMITH"},{"data":"Seek","floor":23.0,"key":"SMITH"},{"floor":25.0,"key":"REST"},{"floor":28.0,"key":"REST"},{"data":"Skim","floor":32.0,"key":"SMITH"},{"floor":40.0,"key":"REST"},{"floor":44.0,"key":"REST"},{"data":"Reinforced Body","floor":46.0,"key":"SMITH"},{"floor":49.0,"key":"RECALL"},{"data":"Zap","floor":52.0,"key":"SMITH"}],"circlet_count":0,"master_deck":["AscendersBane","Defend_B","Zap+1","Dualcast+1","Skim+1","Defragment+1","Melter","Seek+1","Chaos+1","Fission+1","Loop+1","Go for the Eyes+1","Glacier","Coolheaded+1","Biased Cognition+1","Ball Lightning","Defragment+1","Reinforced Body+1","Echo Form+1"],"relics":["Cracked Core","NeowsBlessing","Ancient Tea Set","Vajra","Boot","Centennial Puzzle","Astrolabe","Strawberry","Frozen Egg 2","Orichalcum","Inserter","Runic Capacitor","Thread and Needle","Cables"],"acts_visited":["TheEnding"],"potions_floor_usage":[55],"damage_taken":[{"damage":0.0,"enemies":"Cultist","floor":1.0,"turns":1.0},{"damage":0.0,"enemies":"2 Louse","floor":2.0,"turns":1.0},{"damage":0.0,"enemies":"Lagavulin","floor":6.0,"turns":1.0},{"damage":20.0,"enemies":"3 Sentries","floor":8.0,"turns":6.0},{"damage":0.0,"enemies":"Small Slimes","floor":11.0,"turns":3.0},{"damage":1.0,"enemies":"Exordium Wildlife","floor":13.0,"turns":2.0},{"damage":11.0,"enemies":"The Guardian","floor":16.0,"turns":9.0},{"damage":4.0,"enemies":"Chosen","floor":18.0,"turns":5.0},{"damage":3.0,"enemies":"2 Thieves","floor":22.0,"turns":4.0},{"damage":52.0,"enemies":"Gremlin Leader","floor":24.0,"turns":10.0},{"damage":7.0,"enemies":"Centurion and Healer","floor":27.0,"turns":6.0},{"damage":4.0,"enemies":"Shelled Parasite and Fungi","floor":31.0,"turns":3.0},{"damage":18.0,"enemies":"Automaton","floor":33.0,"turns":8.0},{"damage":0.0,"enemies":"Orb Walker","floor":35.0,"turns":4.0},{"damage":15.0,"enemies":"3 Darklings","floor":37.0,"turns":6.0},{"damage":48.0,"enemies":"2 Orb Walkers","floor":39.0,"turns":7.0},{"damage":1.0,"enemies":"4 Shapes","floor":45.0,"turns":3.0},{"damage":0.0,"enemies":"Spire Growth","floor":48.0,"turns":3.0},{"damage":17.0,"enemies":"Donu and Deca","floor":50.0,"turns":8.0},{"damage":14.0,"enemies":"Shield and Spear","floor":54.0,"turns":6.0},{"damage":55,"enemies":"The Heart","floor":55,"turns":13}],"seed_played":"-1735179663835742977","potions_obtained":[{"floor":2.0,"key":"SmokeBomb"},{"floor":6.0,"key":"FocusPotion"},{"floor":11.0,"key":"FocusPotion"},{"floor":13.0,"key":"DuplicationPotion"},{"floor":16.0,"key":"DistilledChaos"},{"floor":33.0,"key":"Regen Potion"},{"floor":37.0,"key":"EssenceOfDarkness"}],"is_trial":false,"path_per_floor":["M","M","$","?","$","E","R","E","T","R","M","?","M","T","R","B",null,"M","$","?","?","M","R","E","R","T","M","R","?","?","M","R","B",null,"M","$","M","$","?","R","$","?","T","R","M","R","$","M","R","B",null,"R","$","E","B",null],"character_chosen":"DEFECT","items_purchased":["Defragment","Runic Capacitor","FocusPotion","Defragment+1","Ancient Potion"],"campfire_rested":4,"item_purchase_floors":[5,36,36,41,47],"current_hp_per_floor":[68,68,68,61,61,61,61,41,41,41,41,41,40,40,40,29,64,60,60,60,67,64,64,12,36,36,29,53,53,47,43,43,25,68,68,68,53,53,20,44,44,44,44,68,67,67,67,67,67,50,74,74,74,60,5],"gold":71,"neow_bonus":"THREE_ENEMY_KILL","is_daily":false,"chose_seed":false,"campfire_upgraded":7,"win_rate":0.0,"timestamp":1613674892,"path_taken":["M","?","?","?","$","E","R","E","T","R","M","?","?","?","R","BOSS","M","$","?","?","M","R","E","R","T","M","R","?","?","M","R","BOSS","M","?","M","?","?","R","$","?","T","R","M","R","$","M","R","BOSS","R","$","E","BOSS"],"items_purchased_type":["Card","Relic","Potion","Card","Potion"],"build_version":"2020-12-22","purchased_purges":2,"victory":true,"max_hp_per_floor":[75,75,75,75,75,75,75,75,75,75,75,75,75,75,75,75,75,75,75,75,82,82,82,82,82,82,82,82,82,82,82,82,82,82,82,82,82,82,82,82,82,82,82,82,82,82,82,82,82,82,82,82,82,82,82],"card_choices":[{"not_picked":["Sweeping Beam","Compile Driver","Leap"],"picked":"SKIP","floor":1.0},{"not_picked":["Stack","White Noise"],"picked":"Skim","floor":2.0},{"not_picked":["Leap","Storm"],"picked":"Melter","floor":6.0},{"not_picked":["Chill","Aggregate"],"picked":"Seek","floor":8.0},{"not_picked":["Go for the Eyes","Hologram"],"picked":"Chaos","floor":11.0},{"not_picked":["Rebound","Beam Cell","Hologram"],"picked":"SKIP","floor":13.0},{"not_picked":["Creative AI","All For One"],"picked":"Multi-Cast","floor":16.0},{"not_picked":["Leap+1","Rebound"],"picked":"Glacier","floor":18.0},{"not_picked":["Static Discharge","Cold Snap+1","Gash+1"],"picked":"SKIP","floor":22.0},{"not_picked":["Beam Cell","Hologram","All For One"],"picked":"SKIP","floor":24.0},{"not_picked":["Turbo+1","Sweeping Beam+1","Sunder"],"picked":"SKIP","floor":27.0},{"not_picked":["Conserve Battery","Redo"],"picked":"Coolheaded+1","floor":31.0},{"not_picked":["Core Surge","Thunder Strike"],"picked":"Biased Cognition+1","floor":33.0},{"not_picked":["Sweeping Beam","Go for the Eyes","Glacier"],"picked":"SKIP","floor":35.0},{"not_picked":["Fusion","Cold Snap","Compile Driver"],"picked":"SKIP","floor":37.0},{"not_picked":["Compile Driver","Aggregate"],"picked":"Ball Lightning","floor":39.0},{"not_picked":["Aggregate+1","Go for the Eyes+1"],"picked":"Reinforced Body","floor":45.0},{"not_picked":["Gash","Scrape"],"picked":"Echo Form+1","floor":48.0},{"not_picked":["Sweeping Beam","Hello World+1","Chill+1"],"picked":"SKIP","floor":54.0}],"player_experience":557864,"relics_obtained":[{"floor":6.0,"key":"Ancient Tea Set"},{"floor":8.0,"key":"Vajra"},{"floor":9.0,"key":"Boot"},{"floor":14.0,"key":"Centennial Puzzle"},{"floor":24.0,"key":"Frozen Egg 2"},{"floor":26.0,"key":"Orichalcum"},{"floor":39.0,"key":"Thread and Needle"},{"floor":54.0,"key":"Cables"}],"event_choices":[{"cards_removed":["Strike_B"],"damage_healed":0.0,"max_hp_gain":0.0,"max_hp_loss":0.0,"gold_gain":0.0,"event_name":"Golden Wing","player_choice":"Card Removal","floor":4.0,"gold_loss":0.0,"damage_taken":7.0},{"cards_removed":["Defend_B"],"damage_healed":0.0,"max_hp_gain":0.0,"max_hp_loss":0.0,"gold_gain":0.0,"event_name":"The Cleric","player_choice":"Card Removal","floor":12.0,"gold_loss":50.0,"damage_taken":0.0},{"damage_healed":0.0,"max_hp_gain":0.0,"max_hp_loss":0.0,"gold_gain":0.0,"event_name":"Cursed Tome","player_choice":"Ignored","floor":20.0,"gold_loss":0.0,"damage_taken":0.0},{"damage_healed":0.0,"max_hp_gain":0.0,"max_hp_loss":0.0,"gold_gain":0.0,"event_name":"The Mausoleum","player_choice":"Opened","floor":21.0,"gold_loss":0.0,"damage_taken":0.0,"relics_obtained":["Strawberry"]},{"cards_removed":["Strike_B"],"damage_healed":0.0,"max_hp_gain":0.0,"max_hp_loss":0.0,"gold_gain":0.0,"event_name":"Beggar","player_choice":"Gave Gold","floor":29.0,"gold_loss":75.0,"damage_taken":0.0},{"damage_healed":0.0,"max_hp_gain":0.0,"max_hp_loss":0.0,"gold_gain":0.0,"event_name":"Knowing Skull","player_choice":"","floor":30.0,"potions_obtained":[],"gold_loss":0.0,"damage_taken":6.0,"cards_obtained":[]},{"damage_healed":0.0,"max_hp_gain":0.0,"max_hp_loss":0.0,"gold_gain":0.0,"event_name":"Mysterious Sphere","player_choice":"Fight","floor":39.0,"gold_loss":0.0,"damage_taken":0.0},{"damage_healed":0.0,"max_hp_gain":0.0,"max_hp_loss":0.0,"gold_gain":0.0,"event_name":"SensoryStone","player_choice":"Memory 1","floor":42.0,"gold_loss":0.0,"damage_taken":0.0}],"is_beta":false,"boss_relics":[{"not_picked":["Snecko Eye","Runic Pyramid"],"picked":"Astrolabe"},{"not_picked":["Black Star","FrozenCore"],"picked":"Inserter"}],"items_purged_floors":[3,19],"is_endless":false,"potions_floor_spawned":[2,6,11,13,16,22,27,33,37,48],"ascension_level":13}}