{"host":"ctlqibkg0sskiu65","time":1613679391,"event":{"mods":["AchievementEnabler","Aspiration","Astrologer","BaseMod","Better Third Choice","BetterRewards","Colored Map","Colored Powertips","Conspire","Curses Come First","Fiend Mod","Infinite Spire","Minty Spire (QoL Compilation)","Potionbrewer","Quick Restart","Reliquary","Replay The Spire","Robot Space Explorer","Shade Mod","Shop Mod","StSLib","The Blackbeard","The Bladedancer","The Cursed","The Death Knight","The Hierophant","The Jungle","The Kombatant","The Necromancer","The Poker Player","The Servant 0.9.4","TheBandit","Wide Potions","thorton"],"gold_per_floor":[118,128,146,146,160,160,160,160],"floor_reached":7,"language":"ENG","playtime":544,"items_purged":["Strike_G"],"score":86,"play_id":"1fddc42e-b9cf-44a2-9a92-e5911b7b0c05","local_time":"20210218141631","is_ascension_mode":true,"campfire_choices":[{"data":"Blade Dance","floor":6,"key":"SMITH"}],"circlet_count":0,"master_deck":["AscendersBane","Strike_G","Strike_G","Strike_G","Defend_G","Defend_G","Defend_G","Defend_G","Defend_G","Survivor","Neutralize","Blade Dance","Blade Dance+1","Acrobatics","Deflect","Backflip"],"relics":["Ring of the Snake","Ginger","HandDrill"],"acts_visited":["Exordium"],"potions_floor_usage":[7,7],"damage_taken":[{"damage":1,"enemies":"Jaw Worm","floor":1,"turns":4},{"damage":2,"enemies":"Cultist","floor":2,"turns":5},{"damage":3,"enemies":"Small Slimes","floor":3,"turns":4},{"damage":4,"enemies":"Red Slaver","floor":5,"turns":5},{"damage":49,"enemies":"Lagavulin","floor":7,"turns":7}],"seed_played":"6792804749098778991","potions_obtained":[{"floor":1,"key":"Toxic Potion"},{"floor":5,"key":"potionbrewer:DiscountPotion"}],"is_trial":false,"path_per_floor":["M","M","M","?","M","R","E"],"character_chosen":"THE_SILENT","items_purchased":["Blade Dance","HandDrill"],"campfire_rested":0,"item_purchase_floors":[0,0],"current_hp_per_floor":[58,56,53,53,49,49,0,0],"gold":160,"neow_bonus":"","is_daily":false,"chose_seed":false,"campfire_upgraded":1,"win_rate":0.0,"timestamp":1613679391,"path_taken":["M","M","M","?","M","R","E"],"items_purchased_type":["Card","Relic"],"build_version":"2020-12-22","purchased_purges":1,"victory":false,"max_hp_per_floor":[66,66,66,66,66,66,66,66],"card_choices":[{"not_picked":["Noxious Fumes","Prepared"],"picked":"Acrobatics","floor":1},{"not_picked":["Acrobatics","Draining Mist"],"picked":"Deflect","floor":2},{"not_picked":["Quick Slash","Glass Knife","Sucker Punch"],"picked":"SKIP","floor":3},{"not_picked":["Finisher","Bouncing Flask"],"picked":"Backflip","floor":5}],"player_experience":318126,"relics_obtained":[],"event_choices":[{"cards_removed":["Strike_G"],"damage_healed":0,"gold_gain":0,"player_choice":"Offered Basic","damage_taken":0,"max_hp_gain":0,"max_hp_loss":0,"event_name":"Bonfire Elementals","floor":4,"gold_loss":0}],"is_beta":false,"boss_relics":[],"items_purged_floors":[0],"is_endless":false,"potions_floor_spawned":[1,2,5],"killed_by":"Lagavulin","ascension_level":20}}