{"host":"9slw7l0ws16384qq","time":1613675290,"event":{"mods":["A Penny For Your Troubles","BaseMod","Colored Map","Downfall","Evolution","Hubris","Minty Spire (QoL Compilation)","Replay The Spire","StS++","StSLib"],"gold_per_floor":[99,113,130,142,27,27,27,27,27,60,77,89,106,106,119,214,214,214,228,228,240,240,125,125,225,245,245,245,245,276,276,288,386,436,436,436,449,423,433,445,445,458,458,458,458],"floor_reached":43,"language":"FRA","playtime":1504,"items_purged":["bronze:Defend","bronze:Strike","bronze:Strike"],"score":690,"play_id":"6cd47366-23fa-4fd9-a668-e07849c22388","local_time":"20210218200810","is_ascension_mode":true,"campfire_choices":[{"data":"bronze:Separator","floor":1.0,"key":"SMITH"},{"data":"bronze:Constructor","floor":6.0,"key":"SMITH"},{"data":"bronze:OilSpill","floor":9.0,"key":"SMITH"},{"data":"bronze:DarkDash","floor":18.0,"key":"SMITH"},{"data":"bronze:DonuBeam","floor":29.0,"key":"SMITH"},{"data":"bronze:OilSpill","floor":35.0,"key":"SMITH"}],"circlet_count":0,"master_deck":["bronze:Separator+1","bronze:Strike+1","bronze:Defend","bronze:Defend","bronze:Defend+1","bronze:Replicate+1","bronze:Goto","bronze:OilSpill+1","bronze:Constructor+1","bronze:DarkDash+1","bronze:OilSpill+1","bronze:Verify","bronze:OilSpill+1","bronze:DonuBeam+1","bronze:Terminator","bronze:OilSpill","bronze:Terminator","bronze:DarkDash"],"relics":["bronze:BronzeCore","EVO:Axolotl","Whetstone","downfall:ExtraCursedKey","hubris:MysteriousPyramids","bronze:ElectromagneticCoil","downfall:RedIOU","StSpp:PetrifiedCaterpillar","Tiny House"],"acts_visited":["TheCity","TheBeyond"],"potions_floor_usage":[],"damage_taken":[{"damage":1.0,"enemies":"Cultist","floor":2.0,"turns":3.0},{"damage":7.0,"enemies":"Jaw Worm","floor":3.0,"turns":2.0},{"damage":0.0,"enemies":"Small Slimes","floor":4.0,"turns":2.0},{"damage":5.0,"enemies":"downfall:FleeingMerchant","floor":5.0,"turns":4.0},{"damage":15.0,"enemies":"3 Sentries","floor":10.0,"turns":5.0},{"damage":0.0,"enemies":"2 Fungi Beasts","floor":11.0,"turns":2.0},{"damage":0.0,"enemies":"3 Louse","floor":12.0,"turns":2.0},{"damage":0.0,"enemies":"Large Slime","floor":13.0,"turns":3.0},{"damage":0.0,"enemies":"downfall:LooterAlt","floor":15.0,"turns":2.0},{"damage":0.0,"enemies":"SI_SHIV_ARCHETYPE","floor":16.0,"turns":5.0},{"damage":0.0,"enemies":"Shell Parasite","floor":19.0,"turns":3.0},{"damage":0.0,"enemies":"Chosen","floor":21.0,"turns":4.0},{"damage":0.0,"enemies":"downfall:FleeingMerchant","floor":23.0,"turns":4.0},{"damage":0.0,"enemies":"downfall:FleeingMerchant","floor":25.0,"turns":4.0},{"damage":1.0,"enemies":"Shelled Parasite and Fungi","floor":26.0,"turns":3.0},{"damage":31.0,"enemies":"Slavers","floor":30.0,"turns":6.0},{"damage":2.0,"enemies":"Centurion and Healer","floor":32.0,"turns":3.0},{"damage":10.0,"enemies":"WA_ARCHETYPE_CALM","floor":33.0,"turns":5.0},{"damage":12.0,"enemies":"3 Darklings","floor":37.0,"turns":7.0},{"damage":0.0,"enemies":"downfall:FleeingMerchant","floor":38.0,"turns":3.0},{"damage":4.0,"enemies":"Orb Walker","floor":39.0,"turns":3.0},{"damage":3.0,"enemies":"Jaw Worm Horde","floor":40.0,"turns":3.0},{"damage":33,"enemies":"4 Shapes","floor":42,"turns":7},{"damage":28,"enemies":"Maw","floor":43,"turns":4}],"seed_played":"7350535442742938695","potions_obtained":[{"floor":10.0,"key":"bronze:BuildAFunctionPotion"},{"floor":12.0,"key":"bronze:BurnAndBuffPotion"},{"floor":15.0,"key":"Flashbang"},{"floor":16.0,"key":"Elixir"},{"floor":34.0,"key":"GamblersBrew"},{"floor":37.0,"key":"hexamod:SoulburnPotion"},{"floor":39.0,"key":"sneckomod:MuddlingPotion"},{"floor":42,"key":"Energy Potion"}],"is_trial":false,"path_per_floor":["R","M","M","M","$","R","T","?","R","E","M","M","M","?","M","B",null,"R","M","?","M","?","$","T","?","M","?","?","R","E","T","M","B",null,"R","?","M","$","M","M","T","M","M"],"character_chosen":"THE_AUTOMATON","items_purchased":["bronze:Constructor","bronze:OilSpill","bronze:Terminator","bronze:DarkDash","PowerPotion"],"campfire_rested":0,"item_purchase_floors":[5,38,38,38,38],"current_hp_per_floor":[63,62,55,55,50,50,50,50,50,35,35,35,35,35,35,35,61,61,61,61,61,61,61,61,61,60,60,60,60,29,29,27,17,62,62,62,50,50,46,43,43,10,0,0,0],"gold":458,"neow_bonus":"RANDOM_COMMON_RELIC","is_daily":false,"chose_seed":false,"campfire_upgraded":6,"win_rate":0.0,"timestamp":1613675290,"path_taken":["R","M","?","M","$","R","T","?","R","E","M","M","M","?","M","BOSS","R","M","?","M","?","$","T","?","M","?","?","R","E","?","M","BOSS","R","?","M","$","M","M","T","M","M"],"items_purchased_type":["Card","Card","Card","Card","Potion"],"build_version":"2020-12-22","purchased_purges":3,"victory":false,"max_hp_per_floor":[70,70,70,70,70,70,70,70,70,70,70,70,70,70,70,70,70,70,70,70,70,70,70,70,70,70,70,70,70,70,70,70,70,75,75,75,75,75,75,75,75,75,75,75,75],"card_choices":[{"not_picked":["bronze:Frontload","bronze:WildBeam","bronze:Branch"],"picked":"SKIP","floor":2.0},{"not_picked":["bronze:Shell","bronze:Branch","bronze:DigitalCarnage"],"picked":"SKIP","floor":3.0},{"not_picked":["bronze:Invalidate","bronze:CutThrough"],"picked":"bronze:OilSpill","floor":4.0},{"not_picked":["bronze:WildBeam","bronze:ClassDefault","bronze:InfiniteBeams"],"picked":"SKIP","floor":5.0},{"not_picked":["bronze:BuggyMess","bronze:FineTuning"],"picked":"bronze:DarkDash","floor":10.0},{"not_picked":["bronze:ClassDefault","bronze:Invalidate"],"picked":"bronze:OilSpill","floor":11.0},{"not_picked":["bronze:CutThrough","bronze:ClassDefault","bronze:ChosenStrike"],"picked":"SKIP","floor":12.0},{"not_picked":["bronze:Refactor","bronze:Flail","bronze:Shield"],"picked":"SKIP","floor":13.0},{"not_picked":["bronze:Shield","bronze:Safeguard","bronze:CutThrough"],"picked":"SKIP","floor":15.0},{"not_picked":["bronze:BurnOut","bronze:Hardcode"],"picked":"bronze:Verify","floor":16.0},{"not_picked":["bronze:Repulsor","bronze:DigitalCarnage","bronze:DelayedSlice"],"picked":"SKIP","floor":19.0},{"not_picked":["bronze:Turbo","bronze:CutThrough","bronze:BuggyMess"],"picked":"SKIP","floor":21.0},{"not_picked":["bronze:Flail","bronze:Repair"],"picked":"bronze:OilSpill","floor":23.0},{"not_picked":[],"picked":"bronze:DonuBeam","floor":25.0},{"not_picked":["bronze:Deprecate","bronze:Iterate","bronze:BugBarrage"],"picked":"SKIP","floor":26.0},{"not_picked":["bronze:SpaghettiCode","bronze:Fortify","bronze:Flail"],"picked":"SKIP","floor":30.0},{"not_picked":["bronze:BugBarrage+1","bronze:CutThrough","bronze:WildBeam"],"picked":"SKIP","floor":32.0},{"not_picked":["bronze:ClassDefault+1","bronze:DelayedSlice"],"picked":"bronze:Terminator","floor":34.0},{"not_picked":["bronze:ClassDefault+1","bronze:BugBarrage+1","bronze:CloningBeam+1"],"picked":"SKIP","floor":37.0},{"not_picked":["bronze:DelayedGuard","bronze:Fortify+1","bronze:Overload"],"picked":"SKIP","floor":38.0},{"not_picked":["bronze:BitShift","bronze:WildBeam+1","bronze:Fortify+1"],"picked":"SKIP","floor":39.0},{"not_picked":["bronze:Iterate","bronze:WhirlingStrike+1","bronze:Frontload+1"],"picked":"SKIP","floor":40.0},{"not_picked":["bronze:Repair+1","bronze:Turbo+1","bronze:Safeguard"],"picked":"SKIP","floor":42}],"player_experience":1708437,"relics_obtained":[{"floor":7.0,"key":"Guardian:PocketSentry"},{"floor":10.0,"key":"hubris:MysteriousPyramids"},{"floor":30.0,"key":"StSpp:PetrifiedCaterpillar"}],"event_choices":[{"damage_healed":0.0,"max_hp_gain":0.0,"max_hp_loss":0.0,"gold_gain":0.0,"event_name":"Ghosts","player_choice":"Ignored","floor":28.0,"gold_loss":0.0,"damage_taken":0.0}],"is_beta":false,"boss_relics":[{"not_picked":["Replay:Wanted Poster","Runic Dome"],"picked":"bronze:ElectromagneticCoil"},{"not_picked":["Replay:Bronze Core","SacredBark"],"picked":"Tiny House"}],"items_purged_floors":[5,23,38],"is_endless":false,"potions_floor_spawned":[10,12,15,16,19,25,30,37,39,42],"killed_by":"Maw","ascension_level":8}}