{"host":"yx5rao87132cy5xq","time":1613692603,"event":{"mods":["2.2 Compatiblity","AchievementEnabler","BaseMod","Bestiary","Colored Map","Colored Powertips","Minty Spire (QoL Compilation)","Quick Restart","Relic Stats","Slay-I","SuperFastMode"],"gold_per_floor":[114,131,150,150,169,169,181,214,214,214,234,245,271,290,290,364,364,379,393,318,338,338,338],"floor_reached":22,"language":"ENG","playtime":1732,"items_purged":[],"score":384,"play_id":"2e36f101-3f37-422c-a0c8-c26d6186e6bb","local_time":"20210219005643","is_ascension_mode":true,"campfire_choices":[{"floor":6,"key":"REST"},{"floor":15,"key":"REST"}],"circlet_count":0,"master_deck":["AscendersBane","Strike_R","Strike_R","Strike_R","Strike_R","Defend_R","Defend_R+1","Defend_R+1","Defend_R","Bash","Cleave","Anger","Shrug It Off","Twin Strike","Flex","Reckless Charge","Juggernaut","Shrug It Off","Demon Form","Shrug It Off","Offering","Armaments","Disarm+1","Power Through+1"],"relics":["Burning Blood","Regal Pillow","Letter Opener","War Paint","Sundial","Oddly Smooth Stone","Philosopher\u0027s Stone"],"acts_visited":["Exordium","TheCity","TheCity"],"potions_floor_usage":[5,8,16,22],"damage_taken":[{"damage":7,"enemies":"Cultist","floor":1,"turns":4},{"damage":19,"enemies":"Jaw Worm","floor":2,"turns":4},{"damage":10,"enemies":"2 Louse","floor":3,"turns":2},{"damage":27,"enemies":"Exordium Thugs","floor":5,"turns":5},{"damage":7,"enemies":"Lots of Slimes","floor":7,"turns":3},{"damage":22,"enemies":"Lagavulin","floor":8,"turns":5},{"damage":10,"enemies":"Red Slaver","floor":11,"turns":3},{"damage":10,"enemies":"3 Louse","floor":12,"turns":3},{"damage":29,"enemies":"3 Sentries","floor":13,"turns":8},{"damage":7,"enemies":"Looter","floor":14,"turns":3},{"damage":15,"enemies":"Hexaghost","floor":16,"turns":9},{"damage":18,"enemies":"Spheric Guardian","floor":18,"turns":5},{"damage":32,"enemies":"Shell Parasite","floor":19,"turns":5},{"damage":18,"enemies":"Centurion and Healer","floor":21,"turns":6},{"damage":22,"enemies":"Sentry and Sphere","floor":22,"turns":5}],"seed_played":"-6067833112580873125","potions_obtained":[{"floor":2,"key":"Energy Potion"},{"floor":3,"key":"Strength Potion"},{"floor":12,"key":"Dexterity Potion"},{"floor":18,"key":"PowerPotion"}],"is_trial":false,"path_per_floor":["M","M","M","T","M","R","M","E","T","?","M","M","E","M","R","B",null,"M","M","?","M","M"],"character_chosen":"IRONCLAD","items_purchased":[],"campfire_rested":2,"item_purchase_floors":[],"current_hp_per_floor":[67,54,50,50,29,66,65,49,49,49,45,41,18,17,54,45,68,56,30,30,18,0,0],"gold":338,"neow_bonus":"RANDOM_COMMON_RELIC","is_daily":false,"chose_seed":false,"campfire_upgraded":0,"win_rate":0.0,"timestamp":1613692603,"path_taken":["M","M","M","?","M","R","M","E","T","?","M","M","E","M","R","BOSS","M","M","?","M","M"],"items_purchased_type":[],"build_version":"2020-12-22","purchased_purges":0,"victory":false,"max_hp_per_floor":[75,75,75,75,75,75,75,75,75,75,75,75,75,75,75,75,75,75,75,75,75,75,75],"relic_stats":{"Regal Pillow":30,"counters":[15,70],"Sundial":[4],"Letter Opener":[51],"War Paint":["Defend_R","Defend_R"],"obtain_stats":[{"Regal Pillow":0,"Sundial":9,"Oddly Smooth Stone":13,"Philosopher\u0027s Stone":17,"Letter Opener":4,"War Paint":8,"Burning Blood":0},{"Regal Pillow":0,"Sundial":6,"Oddly Smooth Stone":9,"Philosopher\u0027s Stone":11,"Letter Opener":3,"War Paint":6,"Burning Blood":0},{"Regal Pillow":0,"Sundial":23,"Oddly Smooth Stone":37,"Philosopher\u0027s Stone":49,"Letter Opener":10,"War Paint":23,"Burning Blood":0}],"Burning Blood":84},"card_choices":[{"not_picked":["Havoc","Flex"],"picked":"Cleave","floor":1},{"not_picked":["Warcry","Thunderclap"],"picked":"Anger","floor":2},{"not_picked":["Cleave","Clash"],"picked":"Shrug It Off","floor":3},{"not_picked":["Havoc","Sword Boomerang"],"picked":"Twin Strike","floor":5},{"not_picked":["Cleave","Sever Soul"],"picked":"Flex","floor":7},{"not_picked":["Warcry","Entrench"],"picked":"Reckless Charge","floor":8},{"not_picked":["Sword Boomerang","Wild Strike"],"picked":"Juggernaut","floor":11},{"not_picked":["Body Slam","Intimidate"],"picked":"Shrug It Off","floor":12},{"not_picked":["Sword Boomerang","Thunderclap"],"picked":"Demon Form","floor":13},{"not_picked":["Headbutt","Sword Boomerang"],"picked":"Shrug It Off","floor":14},{"not_picked":["Reaper","Limit Break"],"picked":"Offering","floor":16},{"not_picked":["Hemokinesis","Perfected Strike"],"picked":"Armaments","floor":18},{"not_picked":["Thunderclap","Flex"],"picked":"Disarm+1","floor":19},{"not_picked":["Heavy Blade","Sever Soul+1"],"picked":"Power Through+1","floor":21}],"player_experience":1048523,"relics_obtained":[{"floor":4,"key":"Letter Opener"},{"floor":8,"key":"War Paint"},{"floor":9,"key":"Sundial"},{"floor":13,"key":"Oddly Smooth Stone"}],"event_choices":[{"damage_healed":0,"gold_gain":0,"player_choice":"Ignored","damage_taken":0,"max_hp_gain":0,"max_hp_loss":0,"event_name":"Liars Game","floor":10,"gold_loss":0},{"cards_removed":["Strike_R"],"damage_healed":0,"gold_gain":0,"player_choice":"Gave Gold","damage_taken":0,"max_hp_gain":0,"max_hp_loss":0,"event_name":"Beggar","floor":20,"gold_loss":75}],"is_beta":false,"boss_relics":[{"not_picked":["Mark of Pain","Velvet Choker"],"picked":"Philosopher\u0027s Stone"}],"items_purged_floors":[],"is_endless":false,"potions_floor_spawned":[2,3,12,18],"killed_by":"Sentry and Sphere","ascension_level":18}}