{"host":"tr0r177cvmpvg89h","time":1613660857,"event":{"mods":["BaseMod","Colored Map","DeckTracker","Minty Spire (QoL Compilation)","StSLib","SuperFastMode"],"gold_per_floor":[118,118,134,59,71,71,102,102,128,128,152,152,178,198,198,300,600,610,285,317,317,297,297,312,337,384,397,119,137,163,175,175,272,272,272,272],"floor_reached":35,"language":"KOR","playtime":2532,"items_purged":["Defend_G","Strike_G","Catalyst"],"score":428,"play_id":"c4392013-9fa6-423a-a8d3-3cefa80c3568","local_time":"20210219000737","is_ascension_mode":false,"campfire_choices":[{"data":"Terror","floor":6,"key":"SMITH"},{"data":"Sucker Punch","floor":8,"key":"SMITH"},{"data":"Escape Plan","floor":10,"key":"SMITH"},{"data":"Deflect","floor":15,"key":"SMITH"},{"data":"After Image","floor":23,"key":"SMITH"},{"floor":32,"key":"REST"}],"circlet_count":0,"master_deck":["Strike_G","Strike_G","Defend_G","Defend_G","Defend_G","Defend_G","Survivor","Neutralize","Terror+1","Escape Plan+1","Blade Dance","Deflect+1","Bane","After Image+1","CurseOfTheBell","All Out Attack","Backflip","Cloak And Dagger","Slice+1","Storm of Steel","Footwork","Acrobatics","Phantasmal Killer"],"relics":["Ring of the Snake","Regal Pillow","Nunchaku","Lantern","Shuriken","Calling Bell","Strawberry","Singing Bowl","Old Coin","Bag of Marbles","Red Mask","Blood Vial","Ancient Tea Set","Anchor","Boot","Black Star"],"acts_visited":["Exordium","TheCity","TheBeyond"],"potions_floor_usage":[13,13,16,20,25,25,25,25,29,33,33,33],"damage_taken":[{"damage":1,"enemies":"2 Louse","floor":1,"turns":4},{"damage":0,"enemies":"Cultist","floor":3,"turns":3},{"damage":0,"enemies":"Jaw Worm","floor":5,"turns":2},{"damage":12,"enemies":"Gremlin Nob","floor":7,"turns":4},{"damage":13,"enemies":"Lagavulin","floor":13,"turns":5},{"damage":0,"enemies":"Large Slime","floor":14,"turns":4},{"damage":8,"enemies":"Hexaghost","floor":16,"turns":9},{"damage":3,"enemies":"Chosen","floor":18,"turns":6},{"damage":19,"enemies":"Masked Bandits","floor":20,"turns":5},{"damage":0,"enemies":"3 Byrds","floor":24,"turns":5},{"damage":48,"enemies":"Gremlin Leader","floor":25,"turns":7},{"damage":1,"enemies":"Centurion and Healer","floor":27,"turns":6},{"damage":6,"enemies":"Snake Plant","floor":29,"turns":5},{"damage":26,"enemies":"Slavers","floor":30,"turns":6},{"damage":0,"enemies":"Shelled Parasite and Fungi","floor":31,"turns":6},{"damage":50,"enemies":"Automaton","floor":33,"turns":14},{"damage":17,"enemies":"3 Shapes","floor":35,"turns":3}],"seed_played":"3795583982222691719","potions_obtained":[{"floor":3,"key":"Explosive Potion"},{"floor":5,"key":"Dexterity Potion"},{"floor":7,"key":"EssenceOfSteel"},{"floor":14,"key":"Dexterity Potion"},{"floor":18,"key":"Swift Potion"},{"floor":22,"key":"EntropicBrew"},{"floor":25,"key":"SteroidPotion"},{"floor":27,"key":"Explosive Potion"},{"floor":29,"key":"PowerPotion"}],"is_trial":false,"path_per_floor":["M","?","M","$","M","R","E","R","T","R","T","?","E","M","R","B",null,"M","$","?","?","?","R","M","E","T","M","$","M","E","M","R","B",null,"M"],"character_chosen":"THE_SILENT","items_purchased":["Backflip","Bag of Marbles","Cloak And Dagger","Anchor"],"campfire_rested":1,"item_purchase_floors":[19,19,19,28],"current_hp_per_floor":[76,76,76,76,76,76,64,64,64,64,64,64,51,51,51,43,84,81,81,62,62,62,62,62,31,31,34,34,30,8,12,54,6,92,75,75],"gold":272,"neow_bonus":"TEN_PERCENT_HP_BONUS","is_daily":false,"chose_seed":false,"campfire_upgraded":5,"win_rate":0.0,"timestamp":1613660857,"path_taken":["M","?","M","$","?","R","E","R","T","R","?","?","E","M","R","BOSS","M","$","?","?","?","R","M","E","T","M","$","?","E","M","R","BOSS","M"],"items_purchased_type":["Card","Relic","Card","Relic"],"build_version":"2020-12-22","purchased_purges":3,"victory":false,"max_hp_per_floor":[77,77,77,77,77,77,77,77,77,77,77,77,77,77,77,77,84,84,84,84,84,84,84,84,86,86,88,88,88,90,92,92,92,92,92,92],"card_choices":[{"not_picked":["Prepared","Flechettes"],"picked":"Sucker Punch","floor":1},{"not_picked":["Masterful Stab","Dagger Spray"],"picked":"Escape Plan","floor":3},{"not_picked":["Flying Knee","Underhanded Strike"],"picked":"Blade Dance","floor":5},{"not_picked":["Dash","Expertise","Underhanded Strike"],"picked":"SKIP","floor":7},{"not_picked":["Prepared","Predator"],"picked":"Deflect","floor":13},{"not_picked":["Riddle With Holes","Slice"],"picked":"Bane","floor":14},{"not_picked":["Corpse Explosion","Adrenaline"],"picked":"After Image","floor":16},{"not_picked":["Underhanded Strike","Crippling Poison"],"picked":"All Out Attack","floor":18},{"not_picked":["Dagger Spray","Leg Sweep"],"picked":"Slice+1","floor":20},{"not_picked":["Outmaneuver","Backflip"],"picked":"Footwork","floor":24},{"not_picked":["Unload","Flying Knee","Deflect"],"picked":"Singing Bowl","floor":25},{"not_picked":["Masterful Stab","Dagger Spray","Blur"],"picked":"Singing Bowl","floor":27},{"not_picked":["Backstab","Bouncing Flask"],"picked":"Acrobatics","floor":29},{"not_picked":["Cloak And Dagger","Dagger Spray","Infinite Blades"],"picked":"Singing Bowl","floor":30},{"not_picked":["Dodge and Roll","Distraction","Prepared+1"],"picked":"Singing Bowl","floor":31},{"not_picked":["Wraith Form v2","Malaise"],"picked":"Phantasmal Killer","floor":33}],"player_experience":111017,"relics_obtained":[{"floor":7,"key":"Regal Pillow"},{"floor":9,"key":"Nunchaku"},{"floor":11,"key":"Lantern"},{"floor":13,"key":"Shuriken"},{"floor":17,"key":"Strawberry"},{"floor":17,"key":"Singing Bowl"},{"floor":17,"key":"Old Coin"},{"floor":20,"key":"Red Mask"},{"floor":25,"key":"Blood Vial"},{"floor":26,"key":"Ancient Tea Set"},{"floor":30,"key":"Boot"}],"event_choices":[{"damage_healed":0,"gold_gain":0,"cards_transformed":["Strike_G"],"player_choice":"Transformed","damage_taken":0,"max_hp_gain":0,"max_hp_loss":0,"event_name":"Transmorgrifier","floor":2,"gold_loss":0,"cards_obtained":["Terror"]},{"damage_healed":0,"gold_gain":0,"player_choice":"Ignored","damage_taken":0,"max_hp_gain":0,"max_hp_loss":0,"event_name":"Shining Light","floor":12,"gold_loss":0},{"damage_healed":0,"gold_gain":0,"player_choice":"Fought Bandits","damage_taken":0,"max_hp_gain":0,"max_hp_loss":0,"event_name":"Masked Bandits","floor":20,"gold_loss":0},{"damage_healed":0,"gold_gain":0,"cards_transformed":["Sucker Punch","Strike_G"],"player_choice":"Became Test Subject","damage_taken":0,"max_hp_gain":0,"max_hp_loss":0,"event_name":"Drug Dealer","floor":21,"gold_loss":0,"cards_obtained":["Catalyst","Storm of Steel"]},{"damage_healed":0,"gold_gain":0,"player_choice":"Bought 1 Potion","damage_taken":0,"max_hp_gain":0,"max_hp_loss":0,"event_name":"The Woman in Blue","floor":22,"gold_loss":0}],"is_beta":false,"boss_relics":[{"not_picked":["Fusion Hammer","Tiny House"],"picked":"Calling Bell"},{"not_picked":["Velvet Choker","HoveringKite"],"picked":"Black Star"}],"items_purged_floors":[4,19,28],"is_endless":false,"potions_floor_spawned":[3,5,7,14,18,25,27,29,31],"killed_by":"3 Shapes","ascension_level":0}}