{"host":"ibckqdmmf9y74ymf","time":1613647807,"event":{"mods":["2.2 Compatiblity","BaseMod","Colored Map","Curses Come First","Highlight Path","Minty Spire (QoL Compilation)","Quick Restart","Rare Cards Sparkle","Relic Stats","StSLib"],"gold_per_floor":[112,112,124,140,159,159,194,65,65,91,91,120,120,120,120,199,199,240,259,259,259,275,275,275],"floor_reached":23,"language":"ENG","playtime":942,"items_purged":["Strike_P"],"score":422,"play_id":"3e8e7a2c-6c17-42f1-9cd5-d25808c0b2a8","local_time":"20210218123007","is_ascension_mode":true,"campfire_choices":[{"data":"EmptyFist","floor":6,"key":"SMITH"},{"floor":11,"key":"REST"},{"data":"Wish","floor":13,"key":"SMITH"},{"data":"MentalFortress","floor":15,"key":"SMITH"}],"circlet_count":0,"master_deck":["AscendersBane","Strike_P","Strike_P","Strike_P","Defend_P","Defend_P","Defend_P","Eruption","Vigilance","FollowUp","Consecrate","EmptyFist+1","ClearTheMind","Wish+1","MentalFortress+1","Brilliance","FlyingSleeves","Ragnarok","BowlingBash","EmptyMind+1"],"relics":["PureWater","NeowsBlessing","Smiling Mask","Ornamental Fan","Lizard Tail","Dream Catcher","FossilizedHelix","Fusion Hammer"],"acts_visited":["Exordium","TheCity"],"potions_floor_usage":[10,12,21,23],"damage_taken":[{"damage":0,"enemies":"Jaw Worm","floor":1,"turns":1},{"damage":0,"enemies":"Small Slimes","floor":3,"turns":1},{"damage":0,"enemies":"2 Louse","floor":4,"turns":1},{"damage":3,"enemies":"Looter","floor":5,"turns":2},{"damage":31,"enemies":"3 Sentries","floor":7,"turns":10},{"damage":2,"enemies":"Lagavulin","floor":10,"turns":5},{"damage":18,"enemies":"3 Sentries","floor":12,"turns":10},{"damage":13,"enemies":"Hexaghost","floor":16,"turns":9},{"damage":0,"enemies":"Shell Parasite","floor":18,"turns":4},{"damage":0,"enemies":"Spheric Guardian","floor":19,"turns":4},{"damage":0,"enemies":"Chosen and Byrds","floor":21,"turns":2},{"damage":13,"enemies":"Centurion and Healer","floor":22,"turns":6},{"damage":0,"enemies":"Gremlin Leader","floor":23,"turns":2}],"seed_played":"-2237085843231004466","potions_obtained":[{"floor":3,"key":"Swift Potion"},{"floor":5,"key":"CultistPotion"},{"floor":12,"key":"SmokeBomb"},{"floor":19,"key":"BottledMiracle"},{"floor":22,"key":"LiquidBronze"}],"is_trial":false,"path_per_floor":["M","?","M","M","M","R","E","$","T","E","R","E","R","?","R","B",null,"M","M","?","M","M","E"],"character_chosen":"WATCHER","items_purchased":["MentalFortress"],"campfire_rested":1,"item_purchase_floors":[8],"current_hp_per_floor":[61,54,54,54,51,51,20,20,20,18,38,20,20,15,15,2,52,52,52,33,33,20,20,20],"gold":275,"neow_bonus":"THREE_ENEMY_KILL","is_daily":false,"chose_seed":false,"campfire_upgraded":3,"win_rate":0.0,"timestamp":1613647807,"path_taken":["M","?","M","M","M","R","E","$","T","E","R","E","R","?","R","BOSS","M","M","?","M","M","E"],"items_purchased_type":["Card"],"build_version":"2020-12-22","purchased_purges":1,"victory":false,"max_hp_per_floor":[68,68,68,68,68,68,68,68,68,68,68,68,68,68,68,68,68,68,68,73,73,73,73,73],"relic_stats":{"Lizard Tail":0,"Dream Catcher":0,"counters":[13,57],"Ornamental Fan":[64],"Smiling Mask":25,"obtain_stats":[{"Lizard Tail":10,"Dream Catcher":12,"NeowsBlessing":0,"Ornamental Fan":9,"Fusion Hammer":17,"PureWater":0,"Smiling Mask":7,"FossilizedHelix":14},{"Lizard Tail":6,"Dream Catcher":7,"NeowsBlessing":0,"Ornamental Fan":5,"Fusion Hammer":8,"PureWater":0,"Smiling Mask":5,"FossilizedHelix":7},{"Lizard Tail":20,"Dream Catcher":30,"NeowsBlessing":0,"Ornamental Fan":15,"Fusion Hammer":39,"PureWater":0,"Smiling Mask":15,"FossilizedHelix":30}]},"card_choices":[{"not_picked":["Sanctity","Crescendo"],"picked":"FollowUp","floor":1},{"not_picked":["ThirdEye","Swivel"],"picked":"Consecrate","floor":3},{"not_picked":["Sanctity","ClearTheMind"],"picked":"EmptyFist","floor":4},{"not_picked":["BowlingBash","Evaluate"],"picked":"ClearTheMind","floor":5},{"not_picked":["BowlingBash","ThirdEye"],"picked":"Wish","floor":7},{"not_picked":["Halt","Perseverance"],"picked":"Brilliance","floor":10},{"not_picked":["EmptyFist","WaveOfTheHand"],"picked":"FlyingSleeves","floor":12},{"not_picked":["DeusExMachina","Judgement"],"picked":"Ragnarok","floor":16},{"not_picked":["Perseverance","ClearTheMind+1","EmptyFist"],"picked":"SKIP","floor":18},{"not_picked":["Worship","SashWhip"],"picked":"BowlingBash","floor":19},{"not_picked":["InnerPeace","BowlingBash"],"picked":"EmptyMind+1","floor":22}],"player_experience":743106,"relics_obtained":[{"floor":7,"key":"Smiling Mask"},{"floor":9,"key":"Ornamental Fan"},{"floor":10,"key":"Lizard Tail"},{"floor":12,"key":"Dream Catcher"}],"event_choices":[{"cards_removed":["Defend_P"],"damage_healed":0,"gold_gain":0,"player_choice":"Card Removal","damage_taken":7,"max_hp_gain":0,"max_hp_loss":0,"event_name":"Golden Wing","floor":2,"gold_loss":0},{"damage_healed":0,"gold_gain":0,"player_choice":"Success","damage_taken":5,"relics_obtained":["FossilizedHelix"],"max_hp_gain":0,"max_hp_loss":0,"event_name":"Scrap Ooze","floor":14,"gold_loss":0},{"damage_healed":0,"gold_gain":0,"player_choice":"Shed Blood","damage_taken":24,"max_hp_gain":5,"max_hp_loss":0,"event_name":"Forgotten Altar","floor":20,"gold_loss":0}],"is_beta":false,"boss_relics":[{"not_picked":["Coffee Dripper","Tiny House"],"picked":"Fusion Hammer"}],"items_purged_floors":[8],"is_endless":false,"potions_floor_spawned":[3,5,12,19,22],"killed_by":"Gremlin Leader","ascension_level":20}}