{"host":"81iaqqr1ryudmr11","time":1613642215,"event":{"mods":["BaseMod","Highlight Path","Minty Spire (QoL Compilation)","Relic Stats"],"gold_per_floor":[116,291,291,291,14,48,73,109,187,220,220,236,2,43,43,43,43],"floor_reached":16,"language":"ENG","playtime":801,"items_purged":["Doubt"],"score":189,"play_id":"3b48f25a-dccc-4a90-ac93-159d9a48856e","local_time":"20210218105655","is_ascension_mode":true,"campfire_choices":[{"floor":11,"key":"REST"},{"data":"True Grit","floor":15,"key":"SMITH"}],"circlet_count":0,"master_deck":["AscendersBane","Strike_R","Strike_R","Strike_R","Defend_R","Defend_R","Defend_R","Bash","Heavy Blade+1","Body Slam+1","Wild Strike+1","True Grit+1","Impervious","Fire Breathing","Sentinel+1"],"relics":["Astrolabe","Golden Idol","Happy Flower","Lantern","Bag of Marbles","Toxic Egg 2","Singing Bowl","Sling","Vajra"],"acts_visited":["Exordium"],"potions_floor_usage":[7,8,14,14,16],"damage_taken":[{"damage":0,"enemies":"2 Louse","floor":1,"turns":2},{"damage":29,"enemies":"Gremlin Nob","floor":6,"turns":4},{"damage":5,"enemies":"Jaw Worm","floor":7,"turns":2},{"damage":25,"enemies":"3 Sentries","floor":8,"turns":7},{"damage":13,"enemies":"Gremlin Nob","floor":10,"turns":3},{"damage":0,"enemies":"Small Slimes","floor":12,"turns":2},{"damage":15,"enemies":"Lagavulin","floor":14,"turns":4},{"damage":20,"enemies":"Hexaghost","floor":16,"turns":5}],"seed_played":"-6703307412537893287","potions_obtained":[{"floor":1,"key":"Dexterity Potion"},{"floor":6,"key":"FearPotion"},{"floor":10,"key":"Ancient Potion"},{"floor":12,"key":"PowerPotion"}],"is_trial":false,"path_per_floor":["M","?","?","?","$","E","M","E","T","E","R","M","$","E","R","B"],"character_chosen":"IRONCLAD","items_purchased":["Happy Flower","BloodPotion","Fire Breathing","Sling"],"campfire_rested":1,"item_purchase_floors":[5,5,13,13],"current_hp_per_floor":[72,72,77,56,56,27,22,14,14,3,29,31,31,16,16,0,0],"gold":43,"neow_bonus":"BOSS_RELIC","is_daily":false,"chose_seed":false,"campfire_upgraded":1,"win_rate":0.0,"timestamp":1613642215,"path_taken":["M","?","?","?","$","E","M","E","T","E","R","M","?","E","R","BOSS"],"items_purchased_type":["Relic","Potion","Card","Relic"],"build_version":"2020-12-22","purchased_purges":1,"victory":false,"max_hp_per_floor":[80,80,85,85,85,85,85,85,85,87,87,89,89,89,89,89,89],"relic_stats":{"Happy Flower":[9],"Singing Bowl":4,"counters":[8,29],"Golden Idol":37,"Astrolabe":["Heavy Blade","Body Slam","Wild Strike"],"obtain_stats":[{"Lantern":6,"Happy Flower":5,"Singing Bowl":10,"Golden Idol":4,"Astrolabe":0,"Vajra":14,"Bag of Marbles":8,"Toxic Egg 2":9,"Sling":13,"Burning Blood":0},{"Lantern":2,"Happy Flower":1,"Singing Bowl":5,"Golden Idol":1,"Astrolabe":0,"Vajra":7,"Bag of Marbles":4,"Toxic Egg 2":4,"Sling":6,"Burning Blood":0},{"Lantern":6,"Happy Flower":2,"Singing Bowl":18,"Golden Idol":2,"Astrolabe":0,"Vajra":24,"Bag of Marbles":15,"Toxic Egg 2":15,"Sling":20,"Burning Blood":0}]},"card_choices":[{"not_picked":["Combust","Clothesline","Heavy Blade"],"picked":"SKIP","floor":1},{"not_picked":["Combust","Hemokinesis","Havoc"],"picked":"SKIP","floor":6},{"not_picked":["Dual Wield","Body Slam"],"picked":"True Grit","floor":7},{"not_picked":["Warcry","Second Wind"],"picked":"Impervious","floor":8},{"not_picked":["Rampage","Havoc+1","Flex+1"],"picked":"Singing Bowl","floor":10},{"not_picked":["Perfected Strike","Thunderclap","Feel No Pain"],"picked":"Singing Bowl","floor":12},{"not_picked":["Heavy Blade","Rampage"],"picked":"Sentinel+1","floor":14}],"player_experience":223456,"relics_obtained":[{"floor":6,"key":"Lantern"},{"floor":8,"key":"Bag of Marbles"},{"floor":9,"key":"Toxic Egg 2"},{"floor":10,"key":"Singing Bowl"},{"floor":14,"key":"Vajra"}],"event_choices":[{"damage_healed":0,"gold_gain":175,"player_choice":"AGREE","damage_taken":0,"max_hp_gain":0,"max_hp_loss":0,"event_name":"Liars Game","floor":2,"gold_loss":0,"cards_obtained":["Doubt"]},{"damage_healed":0,"gold_gain":0,"player_choice":"Donut","damage_taken":0,"max_hp_gain":5,"max_hp_loss":0,"event_name":"Big Fish","floor":3,"gold_loss":0},{"damage_healed":0,"gold_gain":0,"player_choice":"Take Damage","damage_taken":21,"relics_obtained":["Golden Idol"],"max_hp_gain":0,"max_hp_loss":0,"event_name":"Golden Idol","floor":4,"gold_loss":0}],"is_beta":false,"boss_relics":[],"items_purged_floors":[5],"is_endless":false,"potions_floor_spawned":[1,6,10,12],"killed_by":"Hexaghost","ascension_level":10}}