{"host":"xiain65d2hovry7l","time":1613647882,"event":{"mods":["2.2 Compatiblity","Act Like it!","Aspiration","BaseMod","BetterRewards","Colored Map","Colored Powertips","Conspire","Energized Spire","Faster Ascension Climbing","Friendly Minions","Halation","Highlight Path","Mimic Mod","Minty Spire (QoL Compilation)","Permanent Neow","Relic Sorter","Remilia??????","Shop Mod","StSLib","The Administrix","The Animator","The Construct","The Mystic","The Necromancer","TheSwordswoman","Thieving Mod","Unknown Chances"],"gold_per_floor":[119,135,148,160,179,205,155,155,207,207,221,24,24,41,41,140,140,156,176,176,195,212,212,237,237,268,286,286,82,92,126,126,223,223,243,193,203,216,216,216,216,216,216,216,269,283,283,283,283,283,283,283,29,64,64,64],"floor_reached":55,"language":"ENG","playtime":4797,"items_purged":["Corpse Explosion","Strike_RM","Strike_RM+1"],"score":734,"play_id":"662163a0-ead1-4b00-9aa0-873effb2ea31","local_time":"20210218123122","is_ascension_mode":false,"campfire_choices":[{"data":"Stigmanizer","floor":10,"key":"SMITH"},{"data":"FitfulNightmare","floor":13,"key":"SMITH"},{"data":"Stigmanizer","floor":15,"key":"SMITH"},{"data":"DemonKingCradle","floor":23,"key":"SMITH"},{"data":"MiserableFate","floor":25,"key":"SMITH"},{"floor":32,"key":"REST"},{"floor":40,"key":"RECALL"},{"data":"LeisurelyOfLord","floor":42,"key":"SMITH"},{"data":"LeisurelyOfLord","floor":49,"key":"SMITH"},{"data":"Ultimatum","floor":52,"key":"SMITH"}],"circlet_count":0,"master_deck":["Defend_RM+1","Defend_RM+1","RedMoon+1","ScarletDevilSign+1","EndlessAdversity+1","Stigmanizer+1","UnstableMagic+1","ScarletImprint+1","Dagger Spray+1","EternalNight+1","FitfulNightmare+1","MiserableFate+1","Stigmanizer+1","DemonKingCradle+1","MastersStateliness+1","BlasphemousPunishment+1","Wrath_TH","EndlessPower+1","UnstableMagic+1","EndlessAdversity+1","Ultimatum+1","LeisurelyOfLord+1","HunterOfTheNight+1","ForecastOfChange+1","VampireFantasy+1","UnstableMagic+1","LeisurelyOfLord+1"],"relics":["ScarletHat","aspiration:Nostalgia","Ring of the Snake","Smiling Mask","Bag of Preparation","halation:HeavySnake","Pen Nib","Bottled Tornado","Ancient Tea Set","aspiration:Lifesprig","energizedSpire:MagnifyingGlass","halation:PapillonHeart","halation:EternalFortune","Thread and Needle","AntiCross","War Paint"],"acts_visited":["Exordium","TheCity","TheBeyond","TheEnding"],"potions_floor_usage":[33,33,54,55,55],"damage_taken":[{"damage":0,"enemies":"Cultist","floor":1,"turns":4},{"damage":0,"enemies":"conspire:RoseBush","floor":2,"turns":2},{"damage":0,"enemies":"Small Slimes","floor":3,"turns":4},{"damage":0,"enemies":"Exordium Wildlife","floor":4,"turns":2},{"damage":0,"enemies":"3 Louse","floor":5,"turns":1},{"damage":13,"enemies":"Gremlin Nob","floor":6,"turns":5},{"damage":1,"enemies":"Exordium Thugs","floor":11,"turns":3},{"damage":0,"enemies":"Large Slime","floor":14,"turns":3},{"damage":6,"enemies":"The Guardian","floor":16,"turns":11},{"damage":0,"enemies":"Spheric Guardian","floor":18,"turns":3},{"damage":0,"enemies":"Shell Parasite","floor":19,"turns":4},{"damage":8,"enemies":"Centurion and Healer","floor":21,"turns":6},{"damage":16,"enemies":"Snake Plant","floor":22,"turns":7},{"damage":11,"enemies":"Slavers","floor":24,"turns":3},{"damage":41,"enemies":"Snecko","floor":26,"turns":3},{"damage":3,"enemies":"Snecko","floor":27,"turns":5},{"damage":5,"enemies":"3 Cultists","floor":30,"turns":5},{"damage":4,"enemies":"conspire:Head Lice","floor":31,"turns":6},{"damage":6,"enemies":"Automaton","floor":33,"turns":6},{"damage":29,"enemies":"3 Darklings","floor":35,"turns":6},{"damage":14,"enemies":"Orb Walker","floor":37,"turns":4},{"damage":1,"enemies":"Writhing Mass","floor":38,"turns":6},{"damage":20,"enemies":"2 Orb Walkers","floor":45,"turns":3},{"damage":12,"enemies":"Transient","floor":46,"turns":5},{"damage":29,"enemies":"Time Eater","floor":50,"turns":8},{"damage":36,"enemies":"Shield and Spear","floor":54,"turns":3},{"damage":61,"enemies":"The Heart","floor":55,"turns":5}],"seed_played":"8309178317541361273","potions_obtained":[{"floor":1,"key":"SteroidPotion"},{"floor":4,"key":"LiquidMemories"},{"floor":11,"key":"Ancient Potion"},{"floor":35,"key":"LiquidMemories"},{"floor":37,"key":"Energy Potion"}],"is_trial":false,"path_per_floor":["M","M","M","M","M","E","?","?","T","R","M","$","R","M","R","B",null,"M","M","?","M","M","R","E","R","MIM","M","?","$","M","E","R","B",null,"M","$","M","M","?","R","?","R","T","?","?","M","?","?","R","B",null,"R","$","E","B"],"character_chosen":"REMILIA","items_purchased":["FitfulNightmare","MiserableFate","Ancient Tea Set","AntiCross"],"campfire_rested":1,"item_purchase_floors":[12,12,29,53],"current_hp_per_floor":[75,75,75,75,75,63,63,63,63,63,63,63,63,64,64,69,75,75,75,75,75,62,62,54,54,16,15,15,15,17,17,39,55,75,52,52,46,58,58,58,58,58,58,61,48,65,65,70,70,70,70,70,70,37,0,0],"gold":64,"neow_bonus":"NOSTALGIA","is_daily":false,"chose_seed":false,"campfire_upgraded":8,"win_rate":0.0,"timestamp":1613647882,"path_taken":["M","M","?","M","M","E","?","?","T","R","?","$","R","M","R","BOSS","M","M","?","M","M","R","E","R","MIM","M","?","$","?","E","R","BOSS","M","$","M","M","?","R","?","R","T","?","?","?","?","?","R","BOSS","R","$","E","BOSS"],"items_purchased_type":["Card","Card","Relic","Relic"],"build_version":"2020-12-22","purchased_purges":3,"victory":false,"max_hp_per_floor":[75,75,75,75,75,75,75,75,75,75,75,75,75,75,75,75,75,75,75,75,75,75,75,75,75,75,75,75,75,75,75,75,75,75,75,75,75,75,71,71,67,67,67,70,70,70,70,70,70,70,70,70,70,70,70,70],"card_choices":[{"not_picked":["Ultimatum","VampireKiss"],"picked":"ScarletDevilSign","floor":1},{"not_picked":["CharismaGuard","BloodHunter"],"picked":"EndlessAdversity","floor":2},{"not_picked":["EndlessAdversity","ScarletDevil"],"picked":"Stigmanizer","floor":3},{"not_picked":["VampireKiss","CharismaGuard"],"picked":"UnstableMagic","floor":4},{"not_picked":["VampirishNight","CurseOfVladTepes","CharismaGuard"],"picked":"SKIP","floor":5},{"not_picked":["VampireKiss","UnstableMagic"],"picked":"ScarletImprint","floor":6},{"not_picked":["UnderTheZenith","BloodyMagicSquare"],"picked":"EternalNight","floor":11},{"not_picked":["ScarletDevil","RedRainbow"],"picked":"Stigmanizer","floor":14},{"not_picked":["ScarletMeister","TricksterDevil"],"picked":"DemonKingCradle","floor":16},{"not_picked":["EndlessAdversity+1","BlasphemousPunishment"],"picked":"MastersStateliness+1","floor":18},{"not_picked":["ScarletDevil","VampireKiss"],"picked":"BlasphemousPunishment+1","floor":19},{"not_picked":["NightDance","Stigmanizer"],"picked":"UnstableMagic+1","floor":21},{"not_picked":["Ultimatum","NightDance"],"picked":"EndlessAdversity","floor":22},{"not_picked":["ScarletGensokyo","VampireKiss","NightDance"],"picked":"SKIP","floor":24},{"not_picked":["MastersStateliness","BloodRain","BombardNight+1"],"picked":"SKIP","floor":27},{"not_picked":["SuperhumanBloodyKnife","CharismaGuard","ReincarnationDial"],"picked":"SKIP","floor":30},{"not_picked":["ScarletGensokyo","FavorOfDestiny","StarOfDavid"],"picked":"SKIP","floor":31},{"not_picked":["EternalNight+1","ScarletDevil+1"],"picked":"LeisurelyOfLord","floor":35},{"not_picked":["VampireKiss","NightDance+1"],"picked":"HunterOfTheNight+1","floor":37},{"not_picked":["FavorOfDestiny+1","UnderTheZenith+1"],"picked":"ForecastOfChange","floor":38},{"not_picked":["RedMagic","RedRainbow"],"picked":"VampireFantasy","floor":45},{"not_picked":["DevilSight","FavorOfDestiny+1"],"picked":"UnstableMagic+1","floor":45},{"not_picked":["ScarletNetherworld+1","BombardNight"],"picked":"LeisurelyOfLord","floor":46},{"not_picked":["RedRainbow+1","QueenOfMidnight","GlobalNightmare"],"picked":"SKIP","floor":54}],"player_experience":706592,"relics_obtained":[{"floor":6,"key":"Smiling Mask"},{"floor":9,"key":"Bag of Preparation"},{"floor":24,"key":"Pen Nib"},{"floor":26,"key":"Bottled Tornado"},{"floor":31,"key":"aspiration:Lifesprig"},{"floor":45,"key":"Thread and Needle"},{"floor":54,"key":"War Paint"}],"event_choices":[{"cards_removed":["Strike_RM"],"damage_healed":0,"gold_gain":0,"player_choice":"Card Removal","damage_taken":0,"max_hp_gain":0,"max_hp_loss":0,"event_name":"The Cleric","floor":7,"gold_loss":50},{"damage_healed":0,"gold_gain":0,"cards_transformed":["Catalyst"],"player_choice":"Transformed","damage_taken":0,"max_hp_gain":0,"max_hp_loss":0,"event_name":"Transmorgrifier","floor":28,"gold_loss":0,"cards_obtained":["Ultimatum"]},{"damage_healed":0,"gold_gain":0,"player_choice":"Max HP","damage_taken":0,"max_hp_gain":0,"max_hp_loss":4,"event_name":"Winding Halls","floor":39,"gold_loss":0},{"damage_healed":0,"gold_gain":0,"player_choice":"Fight","damage_taken":0,"max_hp_gain":0,"max_hp_loss":0,"event_name":"Mysterious Sphere","floor":45,"gold_loss":0},{"cards_removed":["ScarletShoot"],"damage_healed":0,"gold_gain":0,"player_choice":"Removed Attack","damage_taken":0,"max_hp_gain":0,"max_hp_loss":0,"event_name":"Falling","floor":47,"gold_loss":0},{"damage_healed":5,"gold_gain":0,"player_choice":"Full Heal","damage_taken":0,"max_hp_gain":0,"max_hp_loss":0,"event_name":"Wheel of Change","floor":48,"gold_loss":0}],"is_beta":false,"boss_relics":[{"not_picked":["halation:PlatinumPhoenix","halation:MonkeysPaw"],"picked":"halation:HeavySnake"},{"not_picked":["energizedSpire:EnergizedDie","Astrolabe"],"picked":"energizedSpire:MagnifyingGlass"}],"items_purged_floors":[12,29,36],"is_endless":false,"potions_floor_spawned":[1,4,11,14,16,18,19,22,27,30,35,38,45],"killed_by":"The Heart","ascension_level":0}}