{"host":"tq99ucv8ezzqzioe","time":1613661201,"event":{"mods":["BaseMod","Colored Map","Downfall","Highlight Path","Minty Spire (QoL Compilation)","StSLib"],"gold_per_floor":[118,118,98,20,31,31,59,59,59,88,106,106,31,46,46,143,143,154,154,54,70,84,84,84],"floor_reached":23,"language":"ENG","playtime":855,"items_purged":["Strike_P","Strike_P"],"score":384,"play_id":"be95f446-39a1-4b31-ba30-633334d72728","local_time":"20210218101321","is_ascension_mode":true,"campfire_choices":[{"data":"Eruption","floor":6,"key":"SMITH"},{"data":"Vigilance","floor":8,"key":"SMITH"},{"floor":15,"key":"RECALL"}],"circlet_count":0,"master_deck":["Strike_P","Defend_P","Defend_P","Defend_P","Defend_P","Eruption+1","Vigilance+1","PathToVictory","CarveReality","Evaluate","SashWhip","Scrawl","ReachHeaven","Evaluate","DevaForm","LikeWater","MentalFortress","EmptyFist+1","Evaluate+1"],"relics":["PureWater","NeowsBlessing","Matryoshka","Blood Vial","Boot","Blue Candle","Runic Pyramid"],"acts_visited":["Exordium","TheCity"],"potions_floor_usage":[10,22,23],"damage_taken":[{"damage":0,"enemies":"Jaw Worm","floor":1,"turns":1},{"damage":0,"enemies":"2 Louse","floor":5,"turns":1},{"damage":0,"enemies":"3 Sentries","floor":7,"turns":2},{"damage":26,"enemies":"Gremlin Nob","floor":10,"turns":3},{"damage":1,"enemies":"Cultist","floor":11,"turns":3},{"damage":0,"enemies":"Large Slime","floor":14,"turns":3},{"damage":0,"enemies":"Slime Boss","floor":16,"turns":4},{"damage":17,"enemies":"Chosen","floor":18,"turns":6},{"damage":25,"enemies":"Spheric Guardian","floor":21,"turns":6},{"damage":20,"enemies":"3 Cultists","floor":22,"turns":5},{"damage":14,"enemies":"Book of Stabbing","floor":23,"turns":2}],"seed_played":"-6773568666329854984","potions_obtained":[{"floor":3,"key":"bronze:BurnAndBuffPotion"},{"floor":5,"key":"AttackPotion"},{"floor":7,"key":"LiquidBronze"},{"floor":11,"key":"Explosive Potion"},{"floor":14,"key":"Strength Potion"},{"floor":18,"key":"Block Potion"},{"floor":21,"key":"LiquidMemories"}],"is_trial":false,"path_per_floor":["M","?","?","$","M","R","E","R","T","E","M","?","$","M","R","B",null,"M","?","$","M","M","E"],"character_chosen":"WATCHER","items_purchased":["CarveReality"],"campfire_rested":0,"item_purchase_floors":[4],"current_hp_per_floor":[65,65,65,65,65,65,65,65,65,41,42,39,39,41,41,43,65,50,50,50,27,9,0,0],"gold":84,"neow_bonus":"THREE_ENEMY_KILL","is_daily":false,"chose_seed":false,"campfire_upgraded":2,"win_rate":0.0,"timestamp":1613661201,"path_taken":["M","?","?","$","?","R","E","R","T","E","M","?","$","M","R","BOSS","M","?","?","M","M","E"],"items_purchased_type":["Card"],"build_version":"2020-12-22","purchased_purges":2,"victory":false,"max_hp_per_floor":[72,72,72,72,72,72,72,72,72,72,72,72,72,72,72,72,72,72,72,72,72,72,72,72],"card_choices":[{"not_picked":["ThirdEye","Protect"],"picked":"PathToVictory","floor":1},{"not_picked":["Protect","Crescendo"],"picked":"Evaluate","floor":5},{"not_picked":["MentalFortress","Swivel"],"picked":"SashWhip","floor":7},{"not_picked":["CrushJoints","FlurryOfBlows"],"picked":"Scrawl","floor":10},{"not_picked":["ThirdEye","CutThroughFate"],"picked":"ReachHeaven","floor":11},{"not_picked":["ThirdEye","Halt"],"picked":"Evaluate","floor":14},{"not_picked":["SpiritShield","Omniscience"],"picked":"DevaForm","floor":16},{"not_picked":["Prostrate","Perseverance"],"picked":"LikeWater","floor":18},{"not_picked":["Prostrate","WheelKick"],"picked":"EmptyFist+1","floor":21},{"not_picked":["WheelKick","Indignation"],"picked":"Evaluate+1","floor":22}],"player_experience":1011036,"relics_obtained":[{"floor":7,"key":"Matryoshka"},{"floor":9,"key":"Blood Vial"},{"floor":10,"key":"Boot"}],"event_choices":[{"damage_healed":0,"gold_gain":0,"player_choice":"Ignored","damage_taken":0,"max_hp_gain":0,"max_hp_loss":0,"event_name":"Liars Game","floor":2,"gold_loss":0},{"damage_healed":0,"gold_gain":0,"player_choice":"Bought 1 Potion","damage_taken":0,"max_hp_gain":0,"max_hp_loss":0,"event_name":"The Woman in Blue","floor":3,"gold_loss":0},{"damage_healed":0,"gold_gain":0,"player_choice":"Success","damage_taken":3,"relics_obtained":["Blue Candle"],"max_hp_gain":0,"max_hp_loss":0,"event_name":"Scrap Ooze","floor":12,"gold_loss":0},{"damage_healed":0,"gold_gain":0,"cards_transformed":["Strike_P"],"player_choice":"Transformed","damage_taken":0,"max_hp_gain":0,"max_hp_loss":0,"event_name":"Transmorgrifier","floor":19,"gold_loss":0,"cards_obtained":["MentalFortress"]}],"is_beta":false,"boss_relics":[{"not_picked":["Empty Cage","Ectoplasm"],"picked":"Runic Pyramid"}],"items_purged_floors":[13,20],"is_endless":false,"potions_floor_spawned":[5,7,11,14,18,21],"killed_by":"Book of Stabbing","ascension_level":8}}