{"host":"fkig9nrckec4xsh0","time":1613691763,"event":{"mods":["Act Like it!","BaseMod","Colored Map","Gensokyo","Hermit","Marisa????????","Minty Spire (QoL Compilation)","Quick Restart","Replay The Spire","StSLib","The Cursed","The Necromancer","The Servant 0.9.4"],"gold_per_floor":[13,28,48,67,242,242,268,268,348,383,433,433,477,496,496,610,610,646,190,216,248,248,289,289,322,403,437,314,345,47,70,70,191,191,221,221,244,275,296,332,332,375,375,410,446,76,76,111,111,127],"floor_reached":51,"language":"ENG","playtime":3004,"items_purged":["ReplayTheSpireMod:Restless Dread","Delirium"],"score":1059,"play_id":"0e96c5a2-fd59-4238-b709-c6c6b382b1a5","local_time":"20210218184243","is_ascension_mode":true,"campfire_choices":[{"data":"Sadistic Nature","floor":6.0,"key":"SMITH"},{"data":"Negative_Energy_Mist","floor":12,"key":"SMITH"},{"data":"Spectral_Walk","floor":15,"key":"SMITH"},{"data":"Scare","floor":24,"key":"SMITH"},{"floor":32,"key":"REST"},{"floor":41,"key":"REST"},{"data":"Sadistic Nature","floor":49,"key":"SMITH"}],"circlet_count":0,"master_deck":["Strike_W","Strike_W+1","Strike_W","Defend_W","Defend_W","Defend_W","Defend_W","Negative_Energy_Arrows","Bone_Wall","Sadistic Nature+1","Blood_Curse","Toxic_Smoke_Screen","Negative_Energy_Mist+1","Violent_Necrosis","Spectral_Walk+1","Epidemic","Toxic_Smoke_Screen","Blood_Curse","Grasp_Heart","Scare+1","Voices","Bone_Prison+1","Necrotic_Claws","Stop_Heart+1","ReplayTheSpireMod:Faulty Equipment","Negative_Energy_Shield","Bone_Shift+1","Violent_Necrosis","Toxic_Smoke_Screen+1","Bone_Prison+1","Plague_Bolt+1","Negative_Energy_Sphere+1","Corrupt+1","Acid_Javelin","hermit:ImpendingDoom","Reap_The_Weak","ReplayTheSpireMod:Doomed","Negative_Energy_Burst","Violent_Necrosis","Life_Tap+1","Replay:Sluggish","Violent_Necrosis","Reap_The_Weak","Siphon_Strength+1","Gensokyo:AllTheWorldsEvil","Uncharnel","Toxic_Smoke_Screen","Sadistic Nature+1","Specialist+1","Necrotic_Claws+1"],"relics":["Vampire_Amulet","Counterbalance","Mirror","Art of War","Ring of Greed","Replay:Bandana","Blue Doll","Mercury Hourglass","Replay:Grab Bag","Philosopher\u0027s Stone","ChewingGum","Empty Cage","ReplayTheSpireMod:CursedCoin","Anchor","Bottled Flame","Ancient Tea Set","Iron Hammer","Kunai","Centennial Puzzle","Toy Ornithopter","Replay:Ancient Bell","Omamori","Replay:Ringing Soul","Thread and Needle","Letter Opener","Dream Catcher","Sundial","MealTicket","Whetstone"],"acts_visited":["Exordium","TheCity","TheBeyond"],"potions_floor_usage":[16,21,33,33,45,50],"damage_taken":[{"damage":6.0,"enemies":"2 Louse","floor":1.0,"turns":3.0},{"damage":0.0,"enemies":"Jaw Worm","floor":2.0,"turns":2.0},{"damage":3.0,"enemies":"Small Slimes","floor":3.0,"turns":3.0},{"damage":3.0,"enemies":"Exordium Thugs","floor":4.0,"turns":4.0},{"damage":18.0,"enemies":"Lagavulin","floor":7.0,"turns":5.0},{"damage":10,"enemies":"3 Sentries","floor":10,"turns":8},{"damage":10,"enemies":"Gremlin Nob","floor":13,"turns":3},{"damage":9,"enemies":"Lots of Slimes","floor":14,"turns":3},{"damage":14,"enemies":"Hexaghost","floor":16,"turns":7},{"damage":15,"enemies":"Spheric Guardian","floor":18,"turns":4},{"damage":2,"enemies":"Shell Parasite","floor":20,"turns":3},{"damage":15,"enemies":"Snecko","floor":21,"turns":4},{"damage":5,"enemies":"Book of Stabbing","floor":23,"turns":3},{"damage":0,"enemies":"Replay:Snechameleon","floor":25,"turns":3},{"damage":6,"enemies":"Book of Stabbing","floor":27,"turns":3},{"damage":27,"enemies":"3 Cultists","floor":29,"turns":5},{"damage":1,"enemies":"Snake Plant","floor":31,"turns":2},{"damage":24,"enemies":"Collector","floor":33,"turns":4},{"damage":54,"enemies":"3 Darklings","floor":35,"turns":6},{"damage":0,"enemies":"Orb Walker","floor":37,"turns":4},{"damage":19,"enemies":"Maw","floor":38,"turns":6},{"damage":6,"enemies":"3 Darklings","floor":39,"turns":3},{"damage":19,"enemies":"R_Hoarder","floor":40,"turns":5},{"damage":22,"enemies":"Reptomancer","floor":42,"turns":4},{"damage":0,"enemies":"R_Hoarder","floor":44,"turns":4},{"damage":11,"enemies":"Transient","floor":45,"turns":5},{"damage":1,"enemies":"Jaw Worm Horde","floor":48,"turns":2},{"damage":27,"enemies":"Replay:Hell Engine","floor":50,"turns":5}],"seed_played":"9136918658651092520","potions_obtained":[{"floor":3.0,"key":"Milkshake"},{"floor":4.0,"key":"LifebloodPotion"},{"floor":10,"key":"FearPotion"},{"floor":13,"key":"FairyPotion"},{"floor":16,"key":"SpeedPotion"},{"floor":18,"key":"Toxic Potion"},{"floor":21,"key":"Milkshake"},{"floor":31,"key":"Cursed Concoction"},{"floor":39,"key":"Languid Potion"},{"floor":45,"key":"Explosive Potion"},{"floor":48,"key":"LiquidBronze"}],"is_trial":false,"path_per_floor":["M","M","M","M","?","R","E","?","T","E","?","R","E","M","R","B",null,"M","$","M","M","?","E","R","E","T","E","$","M","$","M","R","B",null,"M","?","M","M","M","E","R","E","T","E","M","$","?","M","R","B",null],"character_chosen":"NECROMANCER","items_purchased":["ReplayTheSpireMod:CursedCoin","Bone_Prison+1","Necrotic_Claws","Anchor","Bottled Flame","Bone_Prison+1","Plague_Bolt","Corrupt+1","Toy Ornithopter","Sadistic Nature","Specialist+1","Whetstone"],"campfire_rested":2,"item_purchase_floors":[19,19,19,19,19,28,28,30,30,46,46,46],"current_hp_per_floor":[73,75,74,75,75,75,59,52,52,48,48,48,40,41,41,29,75,62,62,62,49,49,46,46,48,48,44,44,23,23,24,46,38,78,29,32,37,23,22,8,36,25,25,30,29,47,94,97,97,72],"gold":127,"neow_bonus":"RANDOM_COLORLESS_2","is_daily":false,"chose_seed":false,"campfire_upgraded":5,"win_rate":0.0,"timestamp":1613691763,"path_taken":["M","M","M","M","?","R","E","?","T","E","?","R","E","M","R","BOSS","M","$","M","M","?","E","R","E","T","E","?","M","$","M","R","BOSS","M","?","?","M","M","E","R","E","T","E","M","$","?","M","R","BOSS"],"items_purchased_type":["Relic","Card","Card","Relic","Relic","Card","Card","Card","Relic","Card","Card","Relic"],"build_version":"2020-12-22","purchased_purges":2,"victory":true,"max_hp_per_floor":[75,75,75,75,75,75,75,75,75,75,75,75,75,75,75,75,75,75,75,75,75,75,75,75,75,75,75,75,75,75,75,75,75,78,81,84,87,90,93,96,96,99,99,102,105,108,94,97,97,97],"card_choices":[{"not_picked":["ReplayTheSpireMod:Brewmster","Secret Weapon"],"picked":"Sadistic Nature","floor":0.0},{"not_picked":["Bone_Armor","Shackles_Of_Pain"],"picked":"Blood_Curse","floor":1.0},{"not_picked":["Summon_Lich","Bone_Armory"],"picked":"Toxic_Smoke_Screen","floor":2.0},{"not_picked":["Death_Coil","Negative_Energy_Javelin"],"picked":"Negative_Energy_Mist","floor":3.0},{"not_picked":["Shackles_Of_Pain","Consume_Illness"],"picked":"Violent_Necrosis","floor":4.0},{"not_picked":["Slay_Living","Bone_Shift"],"picked":"Spectral_Walk","floor":7},{"not_picked":["Blood_Whip","Finger_Of_Death"],"picked":"Epidemic","floor":10},{"not_picked":["Bones_to_Steel","Shackles_Of_Pain"],"picked":"Toxic_Smoke_Screen","floor":13},{"not_picked":["Whirlwind_of_Bones","Death_March_Dance"],"picked":"Blood_Curse","floor":14},{"not_picked":["Skeleton_Dragon","Blood_Magic"],"picked":"Grasp_Heart","floor":16},{"not_picked":["Chill_Blood","Bone_Armor"],"picked":"Scare","floor":18},{"not_picked":["Finger_Of_Death","Bone_Shift"],"picked":"Stop_Heart+1","floor":20},{"not_picked":["Bones_to_Steel","Summon_Vampire_Lady"],"picked":"Negative_Energy_Shield","floor":21},{"not_picked":["Summon_Lich","Epidemic"],"picked":"Bone_Shift+1","floor":23},{"not_picked":["Negative_Energy_Burst","Shackles_Of_Pain"],"picked":"Violent_Necrosis","floor":25},{"not_picked":["Negative_Energy_Shield","Spectral_Walk"],"picked":"Toxic_Smoke_Screen+1","floor":27},{"not_picked":["Toxic_Smoke_Screen","Chill_Blood"],"picked":"Negative_Energy_Sphere+1","floor":29},{"not_picked":["Scare","Exploit+1"],"picked":"Acid_Javelin","floor":31},{"not_picked":["Negative_Energy_Bomb","Summon_Death_Knight"],"picked":"Reap_The_Weak","floor":33},{"not_picked":["Parasite","Voices"],"picked":"Wraith","floor":34},{"not_picked":["Overencumbered","Regret"],"picked":"CurseOfTheBell","floor":34},{"not_picked":["Languid","ReplayTheSpireMod:Faulty Equipment"],"picked":"ReplayTheSpireMod:Doomed","floor":34},{"not_picked":["Death_March_Dance+1","Vampiric_Strike"],"picked":"Negative_Energy_Burst","floor":35},{"not_picked":["Bones_to_Steel","Bone_Bullets"],"picked":"Life_Tap+1","floor":37},{"not_picked":["Bone_Bullets","Blood_Shield","Thousand_Bone_Knives"],"picked":"SKIP","floor":38},{"not_picked":["Bone_Armory","Summon_Undead_Army+1"],"picked":"Violent_Necrosis","floor":39},{"not_picked":["Negative_Energy_Sphere+1","Exploit"],"picked":"Reap_The_Weak","floor":40},{"not_picked":["Shackles_Of_Pain+1","Vampiric_Strike+1"],"picked":"Siphon_Strength+1","floor":42},{"not_picked":["Pandemic","Negative_Energy_Sphere"],"picked":"Uncharnel","floor":44},{"not_picked":["Bone_Spikes+1","Death_Coil+1"],"picked":"Toxic_Smoke_Screen","floor":45},{"not_picked":["Necromantic_Selection+1","Bone_Spikes+1"],"picked":"Necrotic_Claws+1","floor":48}],"player_experience":458016,"relics_obtained":[{"floor":7,"key":"Counterbalance"},{"floor":9,"key":"Mirror"},{"floor":10,"key":"Art of War"},{"floor":11,"key":"Ring of Greed"},{"floor":11,"key":"Replay:Bandana"},{"floor":11,"key":"Blue Doll"},{"floor":13,"key":"Mercury Hourglass"},{"floor":23,"key":"Ancient Tea Set"},{"floor":25,"key":"Iron Hammer"},{"floor":26,"key":"Kunai"},{"floor":27,"key":"Centennial Puzzle"},{"floor":40,"key":"Letter Opener"},{"floor":42,"key":"Dream Catcher"},{"floor":43,"key":"Sundial"},{"floor":44,"key":"MealTicket"}],"event_choices":[{"damage_healed":0.0,"max_hp_gain":0.0,"max_hp_loss":0.0,"gold_gain":175.0,"event_name":"Liars Game","player_choice":"AGREE","floor":5.0,"gold_loss":0.0,"damage_taken":0.0,"cards_obtained":["Doubt"]},{"cards_removed":["Doubt"],"damage_healed":0,"gold_gain":0,"player_choice":"Card Removal","damage_taken":7,"max_hp_gain":0,"max_hp_loss":0,"event_name":"Golden Wing","floor":8,"gold_loss":0},{"damage_healed":0,"gold_gain":0,"player_choice":"Bought 0 Potions","damage_taken":0,"max_hp_gain":0,"max_hp_loss":0,"event_name":"The Woman in Blue","floor":22,"gold_loss":0},{"damage_healed":0,"gold_gain":0,"cards_transformed":["Strike_W"],"player_choice":"Transformed","damage_taken":0,"max_hp_gain":0,"max_hp_loss":0,"event_name":"Transmorgrifier","floor":36,"gold_loss":0,"cards_obtained":["Violent_Necrosis"]},{"damage_healed":94,"gold_gain":0,"player_choice":"Heal","damage_taken":0,"max_hp_gain":0,"max_hp_loss":14,"event_name":"The Moai Head","floor":47,"gold_loss":0}],"is_beta":false,"boss_relics":[{"not_picked":["Replay:Bronze Core","SacredBark"],"picked":"Replay:Grab Bag"},{"not_picked":["Cursed Key","Velvet Choker"],"picked":"Philosopher\u0027s Stone"},{"not_picked":["Painkiller Herb","Busted Crown"],"picked":"ChewingGum"},{"not_picked":["Kintsugi","SlaversCollar"],"picked":"Empty Cage"},{"not_picked":["Ring of Chaos","Runic Dome"],"picked":"Replay:Ancient Bell"},{"not_picked":["PreservedInsect","Replay:Wax Seal"],"picked":"Omamori"},{"not_picked":["Pear","Molten Egg 2"],"picked":"Replay:Ringing Soul"},{"not_picked":["CaptainsWheel","Lizard Tail"],"picked":"Thread and Needle"}],"items_purged_floors":[19,30],"is_endless":false,"potions_floor_spawned":[3,4,10,13,16,18,20,21,31,39,45,48],"ascension_level":2}}