{"host":"2j7k79oxv8es4yqd","time":1613648361,"event":{"mods":["BaseMod","Emptier Cage","Minty Spire (QoL Compilation)","Permanent Neow","Ryuuou¡˙Õı","StSLib"],"gold_per_floor":[117,129,144,160,175,175,209,284,284,341,353,353,387,404,404,503,503,519,519,459,459,490,524,524,535,535,560,573,592,592,620,620,722,722,738,788,788,801,801,801,801],"floor_reached":40,"language":"ZHT","playtime":2237,"items_purged":["Accuracy"],"score":611,"play_id":"c323092e-51b4-4195-9a51-a9990534eb16","local_time":"20210218193921","is_ascension_mode":true,"campfire_choices":[{"data":"Tools of the Trade","floor":6,"key":"SMITH"},{"data":"1","floor":12,"key":"LIFT"},{"data":"2","floor":15,"key":"LIFT"},{"data":"3","floor":24,"key":"LIFT"},{"data":"Noxious Fumes","floor":30,"key":"SMITH"},{"floor":32,"key":"RECALL"}],"circlet_count":0,"master_deck":["Survivor","Neutralize","Die Die Die","All Out Attack","Deflect","Tools of the Trade+1","Unload","Dodge and Roll+1","Die Die Die","PiercingWail+1","Backflip","Adrenaline","Flechettes","Madness","Madness"],"relics":["Pandora\u0027s Box","Potion Belt","Girya","The Courier","Busted Crown","Red Mask","Calipers","War Paint","Bottled Tornado","Fusion Hammer","Peace Pipe"],"acts_visited":["Exordium","TheCity","TheBeyond"],"potions_floor_usage":[22,25,28,40,40],"damage_taken":[{"damage":4,"enemies":"Jaw Worm","floor":1,"turns":2},{"damage":0,"enemies":"2 Louse","floor":2,"turns":2},{"damage":0,"enemies":"Small Slimes","floor":3,"turns":2},{"damage":0,"enemies":"2 Fungi Beasts","floor":4,"turns":3},{"damage":0,"enemies":"3 Louse","floor":5,"turns":1},{"damage":1,"enemies":"3 Sentries","floor":7,"turns":3},{"damage":1,"enemies":"Blue Slaver","floor":11,"turns":2},{"damage":18,"enemies":"Lagavulin","floor":13,"turns":5},{"damage":7,"enemies":"Looter","floor":14,"turns":2},{"damage":12,"enemies":"Hexaghost","floor":16,"turns":10},{"damage":0,"enemies":"Spheric Guardian","floor":18,"turns":3},{"damage":0,"enemies":"Masked Bandits","floor":22,"turns":1},{"damage":0,"enemies":"Gremlin Leader","floor":23,"turns":4},{"damage":0,"enemies":"Chosen","floor":25,"turns":3},{"damage":0,"enemies":"Book of Stabbing","floor":27,"turns":5},{"damage":3,"enemies":"Snake Plant","floor":28,"turns":3},{"damage":0,"enemies":"Centurion and Healer","floor":29,"turns":3},{"damage":0,"enemies":"Gremlin Leader","floor":31,"turns":4},{"damage":23,"enemies":"Automaton","floor":33,"turns":9},{"damage":4,"enemies":"Orb Walker","floor":35,"turns":3},{"damage":0,"enemies":"Mind Bloom Boss Battle","floor":36,"turns":7},{"damage":0,"enemies":"3 Shapes","floor":38,"turns":2},{"damage":26,"enemies":"Giant Head","floor":40,"turns":8}],"seed_played":"7465554419468778169","potions_obtained":[{"floor":4,"key":"SkillPotion"},{"floor":5,"key":"Explosive Potion"},{"floor":13,"key":"SmokeBomb"},{"floor":14,"key":"Energy Potion"},{"floor":16,"key":"SteroidPotion"},{"floor":22,"key":"Poison Potion"},{"floor":25,"key":"Fruit Juice"},{"floor":28,"key":"LiquidBronze"},{"floor":29,"key":"Block Potion"},{"floor":31,"key":"Dexterity Potion"}],"is_trial":false,"path_per_floor":["M","M","M","M","M","R","E","?","T","?","M","R","E","M","R","B",null,"M","?","$","?","?","E","R","M","T","E","M","M","R","E","R","B",null,"M","?","?","M","?","E"],"character_chosen":"THE_SILENT","items_purchased":[],"campfire_rested":0,"item_purchase_floors":[],"current_hp_per_floor":[66,66,66,66,66,66,65,54,54,54,53,53,35,28,28,16,70,70,70,70,57,57,57,57,62,62,62,59,59,59,59,59,36,80,76,76,76,76,66,40,40],"gold":801,"neow_bonus":"BOSS_RELIC","is_daily":false,"chose_seed":false,"campfire_upgraded":2,"win_rate":0.0,"timestamp":1613648361,"path_taken":["M","M","M","M","M","R","E","?","T","?","?","R","E","M","R","BOSS","M","?","$","?","?","E","R","M","T","E","M","M","R","E","R","BOSS","M","?","?","M","?","E"],"items_purchased_type":[],"build_version":"2020-12-22","purchased_purges":1,"victory":false,"max_hp_per_floor":[70,70,70,70,70,70,70,70,70,70,70,70,70,70,70,70,70,70,70,70,75,75,75,75,80,80,80,80,80,80,80,80,80,80,80,80,80,80,80,80,80],"card_choices":[{"not_picked":["Deadly Poison","All Out Attack"],"picked":"PiercingWail","floor":1},{"not_picked":["Deflect","Slice","Underhanded Strike"],"picked":"SKIP","floor":2},{"not_picked":["Tactician","Sucker Punch"],"picked":"Backflip","floor":3},{"not_picked":["Distraction","Acrobatics","Sucker Punch"],"picked":"SKIP","floor":4},{"not_picked":["Riddle With Holes","Malaise","Dodge and Roll"],"picked":"SKIP","floor":5},{"not_picked":["Unload","Quick Slash","Deflect"],"picked":"SKIP","floor":7},{"not_picked":["Accuracy","Cloak And Dagger","Quick Slash"],"picked":"SKIP","floor":11},{"not_picked":["Riddle With Holes","Bane","Distraction"],"picked":"SKIP","floor":13},{"not_picked":["Doppelganger","Skewer","Poisoned Stab"],"picked":"SKIP","floor":14},{"not_picked":["Storm of Steel","A Thousand Cuts"],"picked":"Adrenaline","floor":16},{"not_picked":["Underhanded Strike+1"],"picked":"SKIP","floor":18},{"not_picked":["Poisoned Stab"],"picked":"SKIP","floor":23},{"not_picked":["Dagger Spray"],"picked":"SKIP","floor":25},{"not_picked":["Dagger Throw"],"picked":"SKIP","floor":27},{"not_picked":["Poisoned Stab+1"],"picked":"SKIP","floor":28},{"not_picked":["Quick Slash"],"picked":"SKIP","floor":29},{"not_picked":["Quick Slash"],"picked":"SKIP","floor":29},{"not_picked":["Acrobatics"],"picked":"SKIP","floor":31},{"not_picked":["Dagger Throw"],"picked":"SKIP","floor":35},{"not_picked":["Accuracy"],"picked":"SKIP","floor":38}],"player_experience":570345,"relics_obtained":[{"floor":7,"key":"Potion Belt"},{"floor":9,"key":"Girya"},{"floor":13,"key":"The Courier"},{"floor":22,"key":"Red Mask"},{"floor":23,"key":"Calipers"},{"floor":27,"key":"War Paint"},{"floor":31,"key":"Bottled Tornado"},{"floor":36,"key":"Peace Pipe"}],"event_choices":[{"damage_healed":0,"gold_gain":75,"player_choice":"Gather Gold","damage_taken":11,"max_hp_gain":0,"max_hp_loss":0,"event_name":"World of Goop","floor":8,"gold_loss":0},{"damage_healed":0,"gold_gain":57,"player_choice":"Gained Gold","damage_taken":0,"max_hp_gain":0,"max_hp_loss":0,"event_name":"Golden Wing","floor":10,"gold_loss":0},{"damage_healed":0,"gold_gain":0,"cards_transformed":["Prepared","Finisher"],"player_choice":"Became Test Subject","damage_taken":0,"max_hp_gain":0,"max_hp_loss":0,"event_name":"Drug Dealer","floor":19,"gold_loss":0,"cards_obtained":["Accuracy","Flechettes"]},{"damage_healed":0,"gold_gain":0,"player_choice":"Shed Blood","damage_taken":18,"max_hp_gain":5,"max_hp_loss":0,"event_name":"Forgotten Altar","floor":21,"gold_loss":0},{"damage_healed":0,"gold_gain":0,"player_choice":"Fought Bandits","damage_taken":0,"max_hp_gain":0,"max_hp_loss":0,"event_name":"Masked Bandits","floor":22,"gold_loss":0},{"damage_healed":0,"gold_gain":0,"player_choice":"Fight","damage_taken":0,"max_hp_gain":0,"max_hp_loss":0,"event_name":"MindBloom","floor":36,"gold_loss":0},{"cards_removed":["Noxious Fumes"],"damage_healed":0,"gold_gain":0,"player_choice":"Removed Power","damage_taken":0,"max_hp_gain":0,"max_hp_loss":0,"event_name":"Falling","floor":37,"gold_loss":0},{"damage_healed":0,"gold_gain":0,"player_choice":"Embrace Madness","damage_taken":10,"max_hp_gain":0,"max_hp_loss":0,"event_name":"Winding Halls","floor":39,"gold_loss":0,"cards_obtained":["Madness","Madness"]}],"is_beta":false,"boss_relics":[{"not_picked":["Calling Bell","Empty Cage"],"picked":"Busted Crown"},{"not_picked":["Philosopher\u0027s Stone","Sozu"],"picked":"Fusion Hammer"}],"items_purged_floors":[20],"is_endless":false,"potions_floor_spawned":[4,5,13,14,16,22,25,28,29,31,35],"killed_by":"Giant Head","ascension_level":3}}