{"host":"df48i9djcn92c5sx","time":1613633458,"event":{"mods":["Act Like it!","Arknights","BaseMod","Decade(王小明)","Downfall","Gensokyo","Marisa（F雨　魔理沙）","Minty Spire (QoL Compilation)","READ ME - Guardian Mod","READ ME - Snecko Mod","Reimu（博丽灵梦）","Remilia（蕾米莉亚）","Shop Mod","StSLib","The Jungle","The Servant 0.9.4"],"gold_per_floor":[99,99,31,31,31,31,31,62,82,82,92,126,139,203,216,313,313,313,325,341,357,357,357,357,357,387,404,421,421,437,278,295,295,295,295],"floor_reached":33,"language":"ZHS","playtime":1469,"items_purged":[],"score":305,"play_id":"5bdbe471-8862-44de-afc3-a69332c04d1b","local_time":"20210218153058","is_ascension_mode":true,"campfire_choices":[{"data":"champ:Taunt","floor":1,"key":"SMITH"},{"data":"champ:StanceDance","floor":6,"key":"SMITH"},{"data":"champ:EnchantShield","floor":10,"key":"SMITH"},{"data":"champ:TripleStrike","floor":18,"key":"SMITH"},{"data":"champ:EndlessRage","floor":23,"key":"SMITH"},{"data":"champ:EnchantShield","floor":25,"key":"SMITH"},{"data":"champ:ShieldThrow","floor":29,"key":"SMITH"}],"circlet_count":0,"master_deck":["champ:Strike","champ:Strike","champ:Strike","champ:Defend","champ:Defend","champ:Defend","champ:Defend","champ:Execute","champ:Taunt+1","champ:ShieldThrow+1","champ:StanceDance+1","champ:EnragedBash","champ:EnchantShield+1","champ:BerserkerStyle","champ:Encircle","champ:EnchantShield+1","champ:AdrenalArmor","champ:TripleStrike+1","champ:ViciousMockery","champ:Parry","champ:EndlessRage+1","champ:RisingSlash","champ:BladeFlurry+1","champ:Improvising","champ:BringItOn+1"],"relics":["champ:ChampionCrownUpgraded","downfall:HeartsMalice","Bag of Marbles","CrazyTorch:ReiMu","Matryoshka","Guardian:PocketSentry","White Beast Statue","Orichalcum","FossilizedHelix","Strawberry"],"acts_visited":["Exordium","TheCity"],"potions_floor_usage":[12,12,16,16,21,21,27,27,28,30,30,30,31,32],"damage_taken":[{"damage":0,"enemies":"2 Louse","floor":2,"turns":1},{"damage":0,"enemies":"downfall:FleeingMerchant","floor":3,"turns":1},{"damage":0,"enemies":"ats:Genji","floor":4,"turns":1},{"damage":33,"enemies":"Gremlin Nob","floor":8,"turns":5},{"damage":15,"enemies":"Cultist","floor":9,"turns":2},{"damage":10,"enemies":"Blue Slaver","floor":11,"turns":3},{"damage":41,"enemies":"Lagavulin","floor":12,"turns":8},{"damage":10,"enemies":"2 Fungi Beasts","floor":13,"turns":3},{"damage":17,"enemies":"Lagavulin Event","floor":14,"turns":4},{"damage":36,"enemies":"Exordium Thugs","floor":15,"turns":4},{"damage":58,"enemies":"SI_SHIV_ARCHETYPE","floor":16,"turns":11},{"damage":25,"enemies":"Chosen","floor":19,"turns":3},{"damage":37,"enemies":"downfall:LooterAlt2","floor":20,"turns":3},{"damage":15,"enemies":"Snake Plant","floor":21,"turns":2},{"damage":47,"enemies":"Gremlin Leader","floor":26,"turns":4},{"damage":50,"enemies":"Cultist and Chosen","floor":27,"turns":4},{"damage":11,"enemies":"Snecko","floor":28,"turns":3},{"damage":37,"enemies":"3 Cultists","floor":30,"turns":5},{"damage":46,"enemies":"downfall:FleeingMerchant","floor":31,"turns":4},{"damage":47,"enemies":"Sentry and Sphere","floor":32,"turns":4},{"damage":109,"enemies":"DF_ARCHETYPE_CLAW","floor":33,"turns":9}],"seed_played":"6937815182186868462","potions_obtained":[{"floor":8,"key":"Regen Potion"},{"floor":9,"key":"ColorlessPotion"},{"floor":13,"key":"BlessingOfTheForge"},{"floor":14,"key":"GamblersBrew"},{"floor":15,"key":"Swift Potion"},{"floor":16,"key":"champ:CounterPotion"},{"floor":19,"key":"FairyPotion"},{"floor":20,"key":"Fire Potion"},{"floor":21,"key":"Fire Potion"},{"floor":26,"key":"Strength Potion"},{"floor":27,"key":"AttackPotion"},{"floor":28,"key":"EntropicBrew"},{"floor":30,"key":"Energy Potion"},{"floor":31,"key":"MagicPotion:ReiMu"},{"floor":32,"key":"SteroidPotion"}],"is_trial":false,"path_per_floor":["R","M","$","M","?","R","T","E","M","R","M","E","M","?","M","B",null,"R","M","M","M","?","R","T","R","E","M","M","R","M","$","M","B"],"character_chosen":"THE_CHAMP","items_purchased":["champ:ShieldThrow","Strawberry"],"campfire_rested":0,"item_purchase_floors":[3,31],"current_hp_per_floor":[90,90,90,90,90,90,90,82,82,82,82,80,80,78,64,52,90,90,90,79,79,79,79,79,79,62,46,50,50,47,59,50,0,0,0],"gold":295,"neow_bonus":"THREE_ENEMY_KILL","is_daily":false,"chose_seed":false,"campfire_upgraded":7,"win_rate":0.0,"timestamp":1613633458,"path_taken":["R","M","$","M","?","R","T","E","M","R","?","E","?","?","M","BOSS","R","M","M","M","?","R","T","R","E","M","M","R","M","$","M","BOSS"],"items_purchased_type":["Card","Relic"],"build_version":"2020-12-22","purchased_purges":0,"victory":false,"max_hp_per_floor":[90,90,90,90,90,90,90,90,90,90,90,90,90,90,90,90,90,90,90,90,90,90,90,90,90,90,90,90,90,90,97,97,97,97,97],"card_choices":[{"not_picked":["champ:Backstep","champ:AdrenalArmor","champ:Shatter"],"picked":"SKIP","floor":2},{"not_picked":["champ:TornadoPunch","champ:RapidStrikes","champ:Shatter"],"picked":"SKIP","floor":3},{"not_picked":["champ:DefensiveShout","champ:RecklessLeap"],"picked":"champ:StanceDance","floor":4},{"not_picked":["champ:FalseCounter","champ:GutPunch"],"picked":"champ:EnragedBash","floor":8},{"not_picked":["champ:PreciseThrust","champ:TornadoPunch"],"picked":"champ:EnchantShield","floor":9},{"not_picked":["champ:Haymaker","champ:PreciseThrust"],"picked":"champ:BerserkerStyle","floor":11},{"not_picked":["champ:FancyFootwork","champ:AdrenalArmor"],"picked":"champ:Encircle","floor":12},{"not_picked":["champ:GutPunch","champ:BerserkersShout"],"picked":"champ:EnchantShield","floor":13},{"not_picked":["champ:Haymaker","champ:StanceDance"],"picked":"champ:AdrenalArmor","floor":14},{"not_picked":["champ:Haymaker","champ:Encircle","champ:BerserkersShout"],"picked":"SKIP","floor":15},{"not_picked":["champ:ShieldThrow","champ:Improvising"],"picked":"champ:TripleStrike","floor":16},{"not_picked":["champ:RisingSlash","champ:PreciseThrust"],"picked":"champ:ViciousMockery","floor":19},{"not_picked":["champ:BladeFlurry","champ:AdrenalArmor"],"picked":"champ:Parry","floor":20},{"not_picked":["champ:AdrenalArmor","champ:ArenaPreparation"],"picked":"champ:EndlessRage","floor":21},{"not_picked":["champ:PerfectedStrike","champ:AdrenalArmor","champ:FancyFootwork"],"picked":"SKIP","floor":26},{"not_picked":["champ:CalledShot+1","champ:Shatter"],"picked":"champ:RisingSlash","floor":27},{"not_picked":["champ:Haymaker","champ:CalledShot+1"],"picked":"champ:BladeFlurry+1","floor":28},{"not_picked":["champ:Haymaker","champ:HeartStrike"],"picked":"champ:Improvising","floor":30},{"not_picked":["champ:BerserkersShout","champ:FlashCut","champ:TornadoPunch"],"picked":"SKIP","floor":31},{"not_picked":["champ:StanceDance","champ:ShieldSigil"],"picked":"champ:BringItOn+1","floor":32}],"player_experience":1577957,"relics_obtained":[{"floor":5,"key":"Bag of Marbles"},{"floor":7,"key":"CrazyTorch:ReiMu"},{"floor":8,"key":"Matryoshka"},{"floor":12,"key":"Guardian:PocketSentry"},{"floor":14,"key":"White Beast Statue"},{"floor":24,"key":"Orichalcum"},{"floor":26,"key":"FossilizedHelix"}],"event_choices":[{"damage_healed":0,"gold_gain":0,"player_choice":"Relic","damage_taken":0,"max_hp_gain":0,"max_hp_loss":0,"event_name":"Wheel of Change","floor":5,"gold_loss":0}],"is_beta":false,"boss_relics":[{"not_picked":["Fusion Hammer","Empty Cage"],"picked":"champ:ChampionCrownUpgraded"}],"items_purged_floors":[],"is_endless":false,"potions_floor_spawned":[8,9,13,14,15,16,19,20,21,26,27,28,30,31,32],"killed_by":"DF_ARCHETYPE_CLAW","ascension_level":2}}