{"host":"nomlpa5ttaaqphus","time":1613680314,"event":{"mods":["100% Spire Juice","AchievementEnabler","BaseMod","Colored Powertips","Minty Spire (QoL Compilation)","StSLib"],"gold_per_floor":[115,130,147,122,140,140,173,173,173,173,183,74,89,109,109,109,109],"floor_reached":16,"language":"ENG","playtime":1140,"items_purged":[],"score":104,"play_id":"b6579120-2a06-4dbc-8308-f68a4b223630","local_time":"20210218163154","is_ascension_mode":false,"campfire_choices":[{"data":"Moonworks:Ambush","floor":6,"key":"SMITH"},{"floor":8,"key":"REST"},{"floor":15,"key":"REST"}],"circlet_count":0,"master_deck":["Moonworks:Strike","Moonworks:Strike","Moonworks:Strike","Moonworks:Strike","Moonworks:Defend","Moonworks:Defend","Moonworks:Defend","Moonworks:Defend","Moonworks:Ambush+1","Moonworks:LongDistanceShot","Moonworks:DesperateModification","Moonworks:BeastWitch","Moonworks:GoldenEgg","Moonworks:QuickRestoration","Moonworks:CookingTime","Moonworks:Heat300Percent","Moonworks:BigMagnum","Moonworks:IndiscriminateFireSupport","Moonworks:BindingChains","Moonworks:TacticalRetreat"],"relics":["Moonworks:BrokenBomb","Moonworks:Homemark","Potion Belt","Happy Flower","Regal Pillow","Odd Mushroom"],"acts_visited":["Exordium"],"potions_floor_usage":[16,16,16,16],"damage_taken":[{"damage":3,"enemies":"Small Slimes","floor":1,"turns":4},{"damage":1,"enemies":"Cultist","floor":2,"turns":4},{"damage":2,"enemies":"2 Louse","floor":3,"turns":3},{"damage":3,"enemies":"Blue Slaver","floor":5,"turns":4},{"damage":52,"enemies":"3 Sentries","floor":7,"turns":12},{"damage":8,"enemies":"3 Louse","floor":11,"turns":3},{"damage":5,"enemies":"Looter","floor":12,"turns":3},{"damage":0,"enemies":"Lots of Slimes","floor":13,"turns":4},{"damage":0,"enemies":"The Mushroom Lair","floor":14,"turns":2},{"damage":49,"enemies":"Hexaghost","floor":16,"turns":11}],"seed_played":"-2487948975606720320","potions_obtained":[{"floor":3,"key":"Strength Potion"},{"floor":5,"key":"SkillPotion"},{"floor":7,"key":"LiquidBronze"},{"floor":11,"key":"Strength Potion"}],"is_trial":false,"path_per_floor":["M","M","M","$","M","R","E","R","T","?","M","M","M","?","R","B"],"character_chosen":"THE_STARBREAKER","items_purchased":["Moonworks:QuickRestoration"],"campfire_rested":2,"item_purchase_floors":[4],"current_hp_per_floor":[57,56,54,54,51,51,2,20,20,20,15,10,10,10,43,0,0],"gold":109,"neow_bonus":"RANDOM_COMMON_RELIC","is_daily":false,"chose_seed":false,"campfire_upgraded":1,"win_rate":0.0,"timestamp":1613680314,"path_taken":["M","M","M","$","M","R","E","R","T","?","M","?","M","?","R","BOSS"],"items_purchased_type":["Card"],"build_version":"2020-12-22","purchased_purges":0,"victory":false,"max_hp_per_floor":[60,60,60,60,60,60,60,60,60,60,60,60,60,60,60,60,60],"card_choices":[{"not_picked":["Moonworks:EvilSpyWorkPreparation","Moonworks:ImOnFire"],"picked":"Moonworks:DesperateModification","floor":1},{"not_picked":["Moonworks:CloudOfSeagulls","Moonworks:Dash"],"picked":"Moonworks:BeastWitch","floor":2},{"not_picked":["Moonworks:TacticalRetreat","Moonworks:Gamble"],"picked":"Moonworks:GoldenEgg","floor":3},{"not_picked":["Moonworks:QuickRestoration","Moonworks:ProtagonistsPrivilege"],"picked":"Moonworks:CookingTime","floor":5},{"not_picked":["Moonworks:MixPhenomenon","Moonworks:RainbowColoredCircle"],"picked":"Moonworks:Heat300Percent","floor":7},{"not_picked":["Moonworks:CastOff","Moonworks:WhiteChristsmasher"],"picked":"Moonworks:BigMagnum","floor":11},{"not_picked":["Moonworks:NicePresent","Moonworks:RagingMadness"],"picked":"Moonworks:IndiscriminateFireSupport","floor":12},{"not_picked":["Moonworks:ImmovableObject","Moonworks:QuickRestoration"],"picked":"Moonworks:BindingChains","floor":13},{"not_picked":["Moonworks:NicePresent","Moonworks:BeyondHell"],"picked":"Moonworks:TacticalRetreat","floor":14}],"player_experience":106892,"relics_obtained":[{"floor":7,"key":"Happy Flower"},{"floor":9,"key":"Regal Pillow"},{"floor":14,"key":"Odd Mushroom"}],"event_choices":[{"damage_healed":0,"gold_gain":0,"player_choice":"Leave","damage_taken":0,"max_hp_gain":0,"max_hp_loss":0,"event_name":"FaceTrader","floor":10,"gold_loss":0},{"damage_healed":0,"gold_gain":0,"player_choice":"Fought Mushrooms","damage_taken":0,"max_hp_gain":0,"max_hp_loss":0,"event_name":"Mushrooms","floor":14,"gold_loss":0}],"is_beta":false,"boss_relics":[],"items_purged_floors":[],"is_endless":false,"potions_floor_spawned":[3,5,7,11],"killed_by":"Hexaghost","ascension_level":0}}