{"host":"1ycuxm9gov0tl9zf","time":1613622798,"event":{"mods":["Act Like it!","BaseMod","Colored Powertips","Downfall","Gensokyo","GifTheSpireLib","Hallownest","Marisa£®ÏF”Í°°ƒß¿Ì…≥£©","Minty Spire (QoL Compilation)","Quick Restart","Remilia£®¿Ÿ√◊¿Ú—«£©","Replay The Spire","Shop Mod","StSLib","The Administrix","The Animator","The Bug Knight"],"gold_per_floor":[112,131,149,34,47,82,82,95,95,114,129,129,129,174,174,279,279,299,310,137,171,27,27,67,67,91,147,49,49,49,108,108,108,108],"floor_reached":33,"language":"ZHS","playtime":2409,"items_purged":["Parasite"],"score":347,"play_id":"4d37cdf1-65c3-4620-9456-5250f9ca2cb4","local_time":"20210218123318","is_ascension_mode":false,"campfire_choices":[{"data":"EnergyFlow","floor":7,"key":"SMITH"},{"data":"FinalSpark","floor":12,"key":"SMITH"},{"data":"SuperNova","floor":15,"key":"SMITH"},{"data":"WitchOfGreed","floor":23,"key":"SMITH"},{"data":"OpenUniverse","floor":25,"key":"SMITH"},{"floor":32,"key":"REST"}],"circlet_count":0,"master_deck":["Strike_MRS","Strike_MRS","Strike_MRS","Strike_MRS","Defend_MRS","Defend_MRS","Defend_MRS","Defend_MRS","MasterSpark","UpSweep","WitchLeyline","MysteriousBeam","ChargeUpSpray","DoubleSpark+1","EnergyFlow+1","StarBarrage","ShootingEcho","Orbital","AsteroidBelt","FinalSpark+1","SuperNova+1","SatelliteIllusion","NonDirectionalLaser+1","Acceleration+1","ShootingEcho","WitchOfGreed+1","OpenUniverse+1","BlazeAway","Parasite","SporeBomb+1","OneTimeOff+1","WitchLeyline","Slimebound:CheckThePlaybook","downfall:Icky","OortCloud"],"relics":["MiniHakkero","Meat on the Bone","Bird Faced Urn","Ring of Searing","ReplayTheSpireMod:Ring of Challenge","Quantum Egg","Sozu","ShroomBag","Mango","Bag of Preparation"],"acts_visited":["Exordium","TheCity"],"potions_floor_usage":[6,6,14,14],"damage_taken":[{"damage":2,"enemies":"Jaw Worm","floor":1,"turns":4},{"damage":1,"enemies":"2 Louse","floor":2,"turns":2},{"damage":2,"enemies":"Small Slimes","floor":3,"turns":3},{"damage":0,"enemies":"2 Fungi Beasts","floor":5,"turns":2},{"damage":2,"enemies":"Gremlin Nob","floor":6,"turns":3},{"damage":12,"enemies":"Looter","floor":8,"turns":2},{"damage":16,"enemies":"3 Louse","floor":10,"turns":3},{"damage":2,"enemies":"2 Fungi Beasts","floor":11,"turns":2},{"damage":15,"enemies":"3 Sentries","floor":14,"turns":3},{"damage":14,"enemies":"Fading Forest","floor":16,"turns":11},{"damage":12,"enemies":"Spheric Guardian","floor":18,"turns":3},{"damage":37,"enemies":"Centurion and Healer","floor":19,"turns":4},{"damage":5,"enemies":"Cultist and Chosen","floor":21,"turns":4},{"damage":4,"enemies":"Snecko","floor":24,"turns":4},{"damage":13,"enemies":"Replay:Snechameleon","floor":27,"turns":3},{"damage":44,"enemies":"HollowMod:Nosk","floor":31,"turns":4},{"damage":42,"enemies":"Pondfish","floor":33,"turns":4}],"seed_played":"-5947542384386270509","potions_obtained":[{"floor":1,"key":"Fire Potion"},{"floor":5,"key":"Block Potion"},{"floor":6,"key":"BottledSpark"},{"floor":8,"key":"LiquidMemories"},{"floor":14,"key":"SneckoOil"}],"is_trial":false,"path_per_floor":["M","M","M","$","M","E","R","M","T","M","M","R","?","E","R","B",null,"M","M","$","M","$","R","M","R","T","E","$","?","?","E","R","B"],"character_chosen":"MARISA","items_purchased":["DoubleSpark+1","EnergyFlow","ShootingEcho","WitchOfGreed","OpenUniverse","ShroomBag","WitchLeyline"],"campfire_rested":1,"item_purchase_floors":[4,4,20,20,20,22,28],"current_hp_per_floor":[80,79,77,77,77,75,75,63,63,49,47,47,47,44,44,46,82,70,49,49,48,48,48,46,46,46,61,61,61,43,13,42,4,4],"gold":108,"neow_bonus":"TEN_PERCENT_HP_BONUS","is_daily":false,"chose_seed":false,"campfire_upgraded":5,"win_rate":0.0,"timestamp":1613622798,"path_taken":["M","M","M","$","M","E","R","M","T","M","M","R","?","E","R","BOSS","M","M","$","M","$","R","M","R","T","E","$","?","?","E","R","BOSS"],"items_purchased_type":["Card","Card","Card","Card","Card","Relic","Card"],"build_version":"2020-12-22","purchased_purges":1,"victory":false,"max_hp_per_floor":[82,82,82,82,82,82,82,82,82,82,82,82,82,82,82,82,82,82,82,82,82,82,82,82,82,82,96,93,93,98,98,98,98,98],"card_choices":[{"not_picked":["ChargingUp","DragonMeteor"],"picked":"WitchLeyline","floor":1},{"not_picked":["LuminesStrike","WitchLeyline"],"picked":"MysteriousBeam","floor":2},{"not_picked":["OrrerysSun","BlazeAway"],"picked":"ChargeUpSpray","floor":3},{"not_picked":["IllusionStar","NonDirectionalLaser"],"picked":"StarBarrage","floor":5},{"not_picked":["MachineGunSpark","IllusionStar"],"picked":"ShootingEcho","floor":6},{"not_picked":["MilkyWay","DC"],"picked":"Orbital","floor":8},{"not_picked":["MilkyWay","DC"],"picked":"AsteroidBelt","floor":10},{"not_picked":["MilkyWay","GrandCross"],"picked":"FinalSpark","floor":11},{"not_picked":["DragonMeteor","SporeBomb"],"picked":"SuperNova","floor":14},{"not_picked":["BigCrunch","BlazingStar"],"picked":"SatelliteIllusion","floor":16},{"not_picked":["PulseMagic","GalacticHalo"],"picked":"NonDirectionalLaser+1","floor":18},{"not_picked":["MilkyWay","LuminesStrike"],"picked":"Acceleration+1","floor":19},{"not_picked":["EventHorizon+1","GalacticHalo"],"picked":"BlazeAway","floor":21},{"not_picked":["MaximisePower","GravityBeat+1"],"picked":"SporeBomb+1","floor":24},{"not_picked":["AsteroidBelt","SuperNova"],"picked":"OneTimeOff+1","floor":27},{"not_picked":["Acceleration","LuminesStrike"],"picked":"OortCloud","floor":31}],"player_experience":16112,"relics_obtained":[{"floor":6,"key":"Meat on the Bone"},{"floor":9,"key":"Bird Faced Urn"},{"floor":13,"key":"Ring of Searing"},{"floor":13,"key":"ReplayTheSpireMod:Ring of Challenge"},{"floor":14,"key":"Quantum Egg"},{"floor":27,"key":"Mango"},{"floor":31,"key":"Bag of Preparation"}],"event_choices":[{"damage_healed":0,"gold_gain":0,"player_choice":"Shed Blood","damage_taken":23,"max_hp_gain":5,"max_hp_loss":0,"event_name":"Forgotten Altar","floor":30,"gold_loss":0}],"is_beta":false,"boss_relics":[{"not_picked":["Fusion Hammer","ReplayTheSpireMod:DimensionalGlitch"],"picked":"Sozu"}],"items_purged_floors":[28],"is_endless":false,"potions_floor_spawned":[1,5,6,8,14,19,27,31],"killed_by":"Pondfish","ascension_level":0}}