{"host":"4epvxsx6d4oxmc67","time":1613626367,"event":{"mods":["AchievementEnabler","BaseMod","Colored Map","Highlight Path","Minty Spire (QoL Compilation)"],"gold_per_floor":[112,112,62,76,94,94,125,143,170,26,26,45,45,45,45,143,143,153,153,153,171,182,182,182],"floor_reached":23,"language":"ENG","playtime":737,"items_purged":[],"score":258,"play_id":"e85455a9-a1c7-4687-b9fa-310fb46e9b9d","local_time":"20210218053247","is_ascension_mode":true,"campfire_choices":[{"data":"Bash","floor":6,"key":"SMITH"},{"floor":11,"key":"REST"},{"data":"Armaments","floor":13,"key":"SMITH"},{"data":"Body Slam","floor":15,"key":"SMITH"}],"circlet_count":0,"master_deck":["Strike_R+1","Strike_R+1","Defend_R+1","Defend_R+1","Defend_R+1","Defend_R+1","Bash+1","Inflame","Headbutt","Thunderclap","Uppercut","Armaments+1","Pummel","Flame Barrier","Rampage","Body Slam+1","Sword Boomerang","Fire Breathing","Limit Break","Iron Wave+1","Cleave"],"relics":["Burning Blood","Centennial Puzzle","Ancient Tea Set","Orrery","Lantern","Velvet Choker","MutagenicStrength"],"acts_visited":["Exordium","TheCity"],"potions_floor_usage":[4,7,23],"damage_taken":[{"damage":4.0,"enemies":"2 Louse","floor":1.0,"turns":4.0},{"damage":3,"enemies":"Jaw Worm","floor":4,"turns":4},{"damage":10,"enemies":"Small Slimes","floor":5,"turns":4},{"damage":40,"enemies":"Lagavulin","floor":7,"turns":6},{"damage":16,"enemies":"Exordium Wildlife","floor":8,"turns":5},{"damage":3,"enemies":"2 Fungi Beasts","floor":12,"turns":3},{"damage":36,"enemies":"Hexaghost","floor":16,"turns":9},{"damage":10,"enemies":"Shell Parasite","floor":18,"turns":3},{"damage":0,"enemies":"Chosen","floor":21,"turns":4},{"damage":18,"enemies":"Snecko","floor":22,"turns":3},{"damage":53,"enemies":"Gremlin Leader","floor":23,"turns":5}],"seed_played":"4951265772473418653","potions_obtained":[{"floor":1.0,"key":"SteroidPotion"},{"floor":4,"key":"Swift Potion"},{"floor":12,"key":"BlessingOfTheForge"},{"floor":18,"key":"FearPotion"},{"floor":21,"key":"Weak Potion"}],"is_trial":false,"path_per_floor":["M","?","?","M","M","R","E","M","T","$","R","M","R","?","R","B",null,"M","?","?","M","M","E"],"character_chosen":"IRONCLAD","items_purchased":["Orrery"],"campfire_rested":1,"item_purchase_floors":[10],"current_hp_per_floor":[72,72,72,72,68,68,34,24,24,24,45,48,48,45,45,15,58,54,54,54,60,48,0,0],"gold":182,"neow_bonus":"REMOVE_TWO","is_daily":false,"chose_seed":false,"campfire_upgraded":3,"win_rate":0.0,"timestamp":1613626367,"path_taken":["M","?","?","M","M","R","E","M","T","$","R","M","R","?","R","BOSS","M","?","?","M","M","E"],"items_purchased_type":["Relic"],"build_version":"2020-12-22","purchased_purges":0,"victory":false,"max_hp_per_floor":[72,72,72,72,72,72,72,72,72,72,72,72,72,72,72,72,72,72,72,72,72,72,72,72],"card_choices":[{"not_picked":["Intimidate","Heavy Blade"],"picked":"Inflame","floor":1.0},{"not_picked":["Perfected Strike","Hemokinesis"],"picked":"Headbutt","floor":4},{"not_picked":["Bloodletting","Disarm"],"picked":"Thunderclap","floor":5},{"not_picked":["Reckless Charge","Wild Strike"],"picked":"Uppercut","floor":7},{"not_picked":["Clash","Power Through"],"picked":"Armaments","floor":8},{"not_picked":["Exhume","Uppercut"],"picked":"Pummel","floor":10},{"not_picked":["Body Slam","Ghostly Armor"],"picked":"Flame Barrier","floor":10},{"not_picked":["Power Through","Heavy Blade"],"picked":"Rampage","floor":10},{"not_picked":["Clothesline","Anger"],"picked":"Body Slam","floor":10},{"not_picked":["Headbutt","Perfected Strike"],"picked":"Sword Boomerang","floor":10},{"not_picked":["Searing Blow","Heavy Blade"],"picked":"Fire Breathing","floor":12},{"not_picked":["Brutality","Barricade"],"picked":"Limit Break","floor":16},{"not_picked":["Body Slam","Rampage"],"picked":"Iron Wave+1","floor":18},{"not_picked":["Warcry","Wild Strike"],"picked":"Cleave","floor":21},{"not_picked":["Headbutt","Rage","Sword Boomerang"],"picked":"SKIP","floor":22}],"player_experience":141318,"relics_obtained":[{"floor":7,"key":"Centennial Puzzle"},{"floor":9,"key":"Ancient Tea Set"}],"event_choices":[{"damage_healed":0.0,"max_hp_gain":0.0,"max_hp_loss":0.0,"gold_gain":0.0,"cards_transformed":["Strike_R"],"event_name":"Living Wall","player_choice":"Change","floor":2.0,"gold_loss":0.0,"damage_taken":0.0,"cards_obtained":["Reckless Charge"]},{"cards_removed":["Reckless Charge"],"damage_healed":0.0,"max_hp_gain":0.0,"max_hp_loss":0.0,"gold_gain":0.0,"event_name":"The Cleric","player_choice":"Card Removal","floor":3.0,"gold_loss":50.0,"damage_taken":0.0},{"damage_healed":0,"gold_gain":0,"player_choice":"Success","damage_taken":3,"relics_obtained":["Lantern"],"max_hp_gain":0,"max_hp_loss":0,"event_name":"Scrap Ooze","floor":14,"gold_loss":0},{"damage_healed":0,"gold_gain":0,"player_choice":"Simplicity","damage_taken":0,"max_hp_gain":0,"max_hp_loss":0,"event_name":"Back to Basics","floor":19,"gold_loss":0,"cards_upgraded":["Strike_R","Strike_R","Defend_R","Defend_R","Defend_R","Defend_R"]},{"damage_healed":0,"gold_gain":0,"player_choice":"Inject Mutagens","damage_taken":0,"relics_obtained":["MutagenicStrength"],"max_hp_gain":0,"max_hp_loss":0,"event_name":"Drug Dealer","floor":20,"gold_loss":0}],"is_beta":false,"boss_relics":[{"not_picked":["SacredBark","Black Star"],"picked":"Velvet Choker"}],"items_purged_floors":[],"is_endless":false,"potions_floor_spawned":[1,4,12,18,21,22],"killed_by":"Gremlin Leader","ascension_level":7}}