{"host":"nhhqxetgwwd7qseb","time":1613660761,"event":{"mods":["ATMod(阿瑾Mod)","Act Like it!","BaseMod","Chen","Dota2Spire","Downfall","Energized Spire","Gensokyo","Gremlin Mod","GungeonMod","Hallownest","Hermit","Koishi","LagranYue(拉格朗・月)","Marisa（F雨　魔理沙）","Minty Spire (QoL Compilation)","MostiFishMod","Quick Restart","Rare Cards Sparkle","Reimu（博丽灵梦）","Remilia（蕾米莉亚）","Replay The Spire","SOS（斯巴达之子）","Slay the StarCraft II Mod","Spicy Shops","StSLib","The Alterego","The Bladedancer","The Bug Knight","The Saiyan","The Senshi","The Servant 0.9.4","TheWitcher","UnlockEverythingMod","WarShipGirlsR/战舰少女R mod","Warlord Emblem","Yakumo Yukari mod","Youmu（魂魄妖梦）","【功能Mod】混沌之环修复补丁","【功能Mod】聪明的最终Boss","【遗物卡牌】REMEMod"],"gold_per_floor":[116,126,126,143,143,143,103,103,128,128,148,148,180,198,198,296,296,311,321,376,376,154,154,234,296,323,53,123,594,594,704,704,827,827,920,69,138,138,232,232,232,249,272,272,312,387,387,456,456,481],"floor_reached":51,"language":"ZHS","playtime":2277,"items_purged":[],"score":921,"play_id":"8ed46365-1b8f-4b8b-b61a-0ba2447963d5","local_time":"20210218230601","is_ascension_mode":false,"campfire_choices":[{"data":"Gremlin:IrksomeBlow","floor":6.0,"key":"SMITH"},{"data":"Gremlin:TagTeam","floor":8.0,"key":"SMITH"},{"data":"Gremlin:Patsy","floor":12.0,"key":"SMITH"},{"floor":15.0,"key":"DIG"},{"floor":23.0,"key":"RECALL"},{"data":"Gremlin:Fury","floor":30,"key":"SMITH"},{"data":"Gremlin:PinNeedle","floor":32,"key":"SMITH"},{"floor":40,"key":"REST"},{"data":"Gremlin:Exacerbate","floor":47,"key":"SMITH"},{"data":"Gremlin:ShankStone","floor":49,"key":"SMITH"}],"circlet_count":0,"master_deck":["Gremlin:Strike","Gremlin:Strike","Gremlin:Strike","Gremlin:Strike","Gremlin:Defend+1","Gremlin:Defend","Gremlin:Defend","Gremlin:Defend","Gremlin:TagTeam+1","Gremlin:GremlinDance","Gremlin:Tricksy","Gremlin:PinNeedle+1","Gremlin:IrksomeBlow+1","Gremlin:IrksomeBlow+1","Gremlin:Patsy+1","Gremlin:ShankStone+1","Gremlin:Rhythm+1","Gremlin:Fury+1","Gremlin:Rhythm+1","Gremlin:Exacerbate+1","Gremlin:Pinprick+1","Gremlin:Patsy+1","Gremlin:Pinprick"],"relics":["Gremlin:GremlinKnob","AT_ATBox","DaveBox","NeowsBlessing","BirthdayGift-Tetrahedron","SynthV:TestCard","Gremlin:StolenMerchandise","PaintedHorse:ReiMu","DemoMod:GlassGuonStoneRelic","DemoMod:RingOfEthereal","AT_SunfireAegis","PatriotShield","Hallownest:NailmastersGloryRelic","MostiFishMod:AdaptiveDefenses","AT_MibuBalloonWealth","Frozen Eye","RuthlessExorcism:ReiMu","War Paint","Mummified Hand","Dota2Spire:ShadowBlade","theSenshi:SailorFukuRelic","ChiXiaoBlade","SynthV","Dota2Spire:Vanguard","ClockworkSouvenir","SynthV:C4","Replay:Bottled Flurry","AT_EbonyIvory"],"acts_visited":["Exordium","Hallownest:CityofTears","Hallownest:KingdomsEdge"],"potions_floor_usage":[],"damage_taken":[{"damage":0.0,"enemies":"Cultist","floor":1.0,"turns":1.0},{"damage":0.0,"enemies":"Small Slimes","floor":2.0,"turns":1.0},{"damage":0.0,"enemies":"2 Louse","floor":4.0,"turns":1.0},{"damage":3.0,"enemies":"2 Fungi Beasts","floor":11.0,"turns":2.0},{"damage":5.0,"enemies":"3 Sentries","floor":13.0,"turns":2.0},{"damage":2.0,"enemies":"3 Louse","floor":14.0,"turns":2.0},{"damage":4.0,"enemies":"Hexaghost","floor":16.0,"turns":3.0},{"damage":1.0,"enemies":"Hallownest:3_Youths","floor":18.0,"turns":1.0},{"damage":2.0,"enemies":"Hallownest:2_Mistakes","floor":19.0,"turns":2.0},{"damage":1.0,"enemies":"Hallownest:Glutton_and_Coward","floor":20.0,"turns":1.0},{"damage":11.0,"enemies":"Hallownest:eliteWatcherKnight","floor":24.0,"turns":6.0},{"damage":2,"enemies":"Hallownest:2_Husk_Sentries","floor":25,"turns":2},{"damage":0,"enemies":"Hallownest:Master_and_Novice","floor":28,"turns":1},{"damage":0,"enemies":"Hallownest:Glutton_and_Coward","floor":31,"turns":1},{"damage":0,"enemies":"Hallownest:BossSoulMaster","floor":33,"turns":1},{"damage":0,"enemies":"Hallownest:3_Siblings","floor":35,"turns":1},{"damage":0,"enemies":"Hallownest:Shield_Heavy","floor":37,"turns":1},{"damage":17,"enemies":"Hallownest:2_Wing_and_1_Kings","floor":39,"turns":1},{"damage":0,"enemies":"Hallownest:2_Great","floor":42,"turns":1},{"damage":0,"enemies":"Hallownest:monsterPrimalAspid","floor":45,"turns":1},{"damage":0,"enemies":"Hallownest:2_Soldiers_and_1_Guardian","floor":46,"turns":1},{"damage":0,"enemies":"Hallownest:Shield_Sturdy","floor":48,"turns":1},{"damage":9,"enemies":"Hallownest:BossGreyPrinceZote","floor":50,"turns":1}],"seed_played":"-4783518542904552342","potions_obtained":[{"floor":2.0,"key":"champ:CounterPotion"},{"floor":4.0,"key":"Adrenaline Potion"},{"floor":14.0,"key":"Weak Potion"}],"is_trial":false,"path_per_floor":["M","M","$","M","?","R","?","R","T","?","M","R","E","M","R","B",null,"M","M","M","?","$","R","E","M","T","$","M","?","R","M","R","B",null,"M","$","M","?","M","R","?","M","T","?","M","M","R","M","R","B",null],"character_chosen":"GREMLIN","items_purchased":["Gremlin:StolenMerchandise","MostiFishMod:AdaptiveDefenses","AT_MibuBalloonWealth","Frozen Eye","Mummified Hand","Dota2Spire:ShadowBlade","SynthV","Dota2Spire:Vanguard","ClockworkSouvenir","SynthV:C4","Replay:Bottled Flurry"],"campfire_rested":1,"item_purchase_floors":[3,22,22,22,27,27,36,36,36,36,36],"current_hp_per_floor":[20,20,20,20,20,20,20,20,20,21,19,19,20,20,20,13,21,20,19,20,20,20,20,21,18,18,18,21,21,21,19,19,15,21,21,21,21,21,8,14,21,21,21,21,21,21,21,21,21,21],"gold":481,"neow_bonus":"THREE_ENEMY_KILL","is_daily":false,"chose_seed":false,"campfire_upgraded":7,"win_rate":0.0,"timestamp":1613660761,"path_taken":["M","M","$","M","?","R","?","R","T","?","M","R","E","M","R","BOSS","M","M","M","?","$","R","E","M","T","$","M","?","R","M","R","BOSS","M","$","M","?","M","R","?","M","T","?","M","M","R","?","R","BOSS"],"items_purchased_type":["Relic","Relic","Relic","Relic","Relic","Relic","Relic","Relic","Relic","Relic","Relic"],"build_version":"2020-12-22","purchased_purges":0,"victory":true,"max_hp_per_floor":[20,20,20,20,20,20,20,20,20,21,21,21,21,21,21,21,21,21,21,21,21,21,21,21,21,21,21,21,21,21,21,21,21,21,21,21,21,21,21,21,21,21,21,21,21,21,21,21,21,21],"card_choices":[{"not_picked":["Gremlin:PourSalt","Gremlin:Irritability"],"picked":"Gremlin:Tricksy","floor":1.0},{"not_picked":["Gremlin:ToeStub","Gremlin:Pickpocket","Gremlin:GremlinMeal","Gremlin:MakeshiftArmor"],"picked":"Gremlin:PinNeedle","floor":2.0},{"not_picked":["Gremlin:FollowThrough","Gremlin:Raid","Gremlin:Pickpocket","Gremlin:Changeo"],"picked":"Gremlin:IrksomeBlow","floor":4.0},{"not_picked":["Gremlin:Rhythm","Gremlin:PartyStick","Gremlin:TwistTheKnife","Gremlin:Exacerbate"],"picked":"Gremlin:Patsy","floor":11.0},{"not_picked":["Gremlin:GremlinOffensive","Gremlin:GremlinArms","Gremlin:FanOfKnives","Gremlin:Polish"],"picked":"Gremlin:ShankStone","floor":13.0},{"not_picked":["Gremlin:DaggerDance","Gremlin:Glimmer","Gremlin:ShadowShiv","Gremlin:Wizardry"],"picked":"Gremlin:Rhythm","floor":14.0},{"not_picked":["Gremlin:Unforgiving","Gremlin:FairyDust","Gremlin:Erupt","Gremlin:FlipOut"],"picked":"Gremlin:Fury","floor":16.0},{"not_picked":["Gremlin:GlitterGuard","Gremlin:Pretaliation+1","Gremlin:Presto","Gremlin:Jeer+1","Gremlin:PourSalt"],"picked":"SKIP","floor":18.0},{"not_picked":["Gremlin:Irritability+1","Gremlin:Scatter","Gremlin:Jeer","Gremlin:Pretaliation"],"picked":"Gremlin:Rhythm+1","floor":19.0},{"not_picked":["Gremlin:Heckle","Gremlin:BubbleBarrier","Gremlin:MakeshiftArmor","Gremlin:CounterStrike","Gremlin:Enthusiasm"],"picked":"SKIP","floor":20.0},{"not_picked":["Gremlin:ShankStone","Gremlin:Pickpocket","Gremlin:Astound","Gremlin:FollowThrough"],"picked":"Gremlin:Exacerbate","floor":24},{"not_picked":["Gremlin:Irritability+1","Gremlin:TwistTheKnife","Gremlin:Whiz","Gremlin:Enthusiasm"],"picked":"Gremlin:Pinprick+1","floor":25},{"not_picked":["Gremlin:CatScratch+1","Gremlin:GremlinArms","Gremlin:Pretaliation+1","Gremlin:ToeStub"],"picked":"Gremlin:Patsy+1","floor":28},{"not_picked":["Gremlin:CatScratch","Gremlin:Astound","Gremlin:Tricksy","Gremlin:DaggerDance","Gremlin:Dazzle"],"picked":"SKIP","floor":31},{"not_picked":["Gremlin:Tricksy+1","Gremlin:BulkUp","Gremlin:Presto","Gremlin:GlitterGuard"],"picked":"Gremlin:Pinprick","floor":35},{"not_picked":["Gremlin:TwistTheKnife","Gremlin:Tadah","Gremlin:Heckle","Gremlin:DaggerDance+1","Gremlin:Pinprick+1"],"picked":"SKIP","floor":37},{"not_picked":["Gremlin:GremlinToss","Gremlin:GremlinArms+1","Gremlin:GlitterGuard","Gremlin:Tricksy","Gremlin:CounterStrike"],"picked":"SKIP","floor":39},{"not_picked":["Gremlin:FlipOut","Gremlin:Irritability","Gremlin:Presto+1","Gremlin:Scatter","Gremlin:Patsy"],"picked":"SKIP","floor":42},{"not_picked":["Gremlin:DaggerDance+1","Gremlin:Changeo","Gremlin:Flurry+1","Gremlin:FeelTheAudience+1","Gremlin:SharpenBlades"],"picked":"SKIP","floor":45},{"not_picked":["Gremlin:Pretaliation+1","Gremlin:Patsy","Gremlin:Glimmer","Gremlin:CongaLine","Gremlin:Presto+1"],"picked":"SKIP","floor":46},{"not_picked":["Gremlin:ToeStub+1","Gremlin:Changeo+1","Gremlin:Pretaliation","Gremlin:GremlinArms","Gremlin:Glimmer"],"picked":"SKIP","floor":48}],"player_experience":96135,"relics_obtained":[{"floor":1.0,"key":"SynthV:TestCard"},{"floor":13.0,"key":"DemoMod:RingOfEthereal"},{"floor":15.0,"key":"AT_SunfireAegis"},{"floor":24,"key":"RuthlessExorcism:ReiMu"},{"floor":26,"key":"War Paint"},{"floor":43,"key":"AT_EbonyIvory"}],"event_choices":[{"damage_healed":0.0,"max_hp_gain":0.0,"max_hp_loss":0.0,"gold_gain":0.0,"event_name":"The Cleric","player_choice":"Leave","floor":5.0,"gold_loss":0.0,"damage_taken":0.0},{"damage_healed":0.0,"max_hp_gain":0.0,"max_hp_loss":0.0,"gold_gain":0.0,"event_name":"yidonshenshe","player_choice":"塞钱","floor":7.0,"gold_loss":40.0,"damage_taken":0.0,"relics_obtained":["PaintedHorse:ReiMu"]},{"damage_healed":0.0,"max_hp_gain":5.0,"max_hp_loss":0.0,"gold_gain":0.0,"event_name":"Big Fish","player_choice":"Donut","floor":10.0,"gold_loss":0.0,"damage_taken":0.0}],"is_beta":false,"boss_relics":[{"not_picked":["Black Star","energizedSpire:MagnifyingGlass"],"picked":"PatriotShield"},{"not_picked":["Pandora\u0027s Box","Empty Cage"],"picked":"ChiXiaoBlade"}],"items_purged_floors":[],"is_endless":false,"potions_floor_spawned":[2,4,14,19,20,28,31,39,45,48],"ascension_level":0}}