{"host":"g907ck67u7c3hrs6","time":1613615503,"event":{"mods":["BaseMod","Colored Map","DeckTracker","Force Act Four","Highlight Path","Keyboard Shortcuts","Minty Spire (QoL Compilation)","Permanent Neow","Say the Spire","SuperFastMode"],"gold_per_floor":[109,109,109,127,277,321,109,147,201,201,201,221,171,209,209,298,298,321,321,271,5,5,39,73,112,112,112,62,102,141,175,175,268,268,291,46,46,69,69,109,153,194,220,251,292,335,376,193,193,193,193,193,193,51,95,95],"floor_reached":57,"language":"KOR","playtime":1893,"items_purged":["Doubt","Regret","Regret","Regret","Writhe"],"score":4385,"play_id":"b1fd8005-205f-4016-aa21-e9782f9f2581","local_time":"20210218113142","daily_mods":["SealedDeck","Heirloom","Time Dilation","Flight","DeadlyEvents","Cursed Run","Elite Swarm"],"is_ascension_mode":true,"campfire_choices":[{"data":"Omniscience","floor":10,"key":"SMITH"},{"data":"WindmillStrike","floor":11,"key":"SMITH"},{"data":"Vault","floor":15,"key":"SMITH"},{"data":"Omniscience","floor":27,"key":"SMITH"},{"data":"Devotion","floor":32,"key":"SMITH"},{"floor":49,"key":"RECALL"},{"data":"Devotion","floor":53,"key":"SMITH"}],"circlet_count":0,"master_deck":["AscendersBane","EmptyMind","WindmillStrike+1","ClearTheMind","FearNoEvil+1","Worship","Worship","Worship","DeceiveReality","Tantrum+1","Scrawl","Omniscience+1","Vault+1","BattleHymn","Devotion+1","DevaForm","Omniscience+1","Scrawl","ConjureBlade","Devotion+1","Clumsy","Brilliance+1","Ragnarok+1","Blasphemy+1","Swivel+1","Finesse","Trip","Madness","Pain","Doubt","Scrawl","DeusExMachina","Omniscience","Omniscience","Parasite","Pain","Adaptation","Adaptation","Study","Study","Devotion","Decay"],"relics":["Cursed Key","Darkstone Periapt","Du-Vu Doll","Ice Cream","Golden Idol","Lantern","Smiling Mask","Whetstone","The Courier","Pen Nib","Toy Ornithopter","Runic Dome","Membership Card","Calipers","Enchiridion","Pantograph","Gremlin Horn","Shuriken","Molten Egg 2","Bag of Preparation","Bottled Lightning","Ornamental Fan","Astrolabe","Mummified Hand","TungstenRod","Pear","Lizard Tail","Blood Vial","Meat on the Bone","Art of War","TeardropLocket","Ancient Tea Set","Blue Candle","Vajra","Damaru","Bronze Scales","Letter Opener"],"acts_visited":["Exordium","TheCity","TheBeyond","TheEnding"],"potions_floor_usage":[25,56],"damage_taken":[{"damage":10,"enemies":"Small Slimes","floor":1,"turns":2},{"damage":0,"enemies":"2 Louse","floor":4,"turns":3},{"damage":0,"enemies":"Gremlin Nob","floor":6,"turns":2},{"damage":0,"enemies":"Lagavulin","floor":8,"turns":2},{"damage":0,"enemies":"Cultist","floor":12,"turns":2},{"damage":0,"enemies":"Gremlin Nob","floor":14,"turns":2},{"damage":4,"enemies":"Hexaghost","floor":16,"turns":3},{"damage":0,"enemies":"Shell Parasite","floor":18,"turns":1},{"damage":0,"enemies":"Slavers","floor":23,"turns":3},{"damage":3,"enemies":"Book of Stabbing","floor":24,"turns":4},{"damage":0,"enemies":"Slavers","floor":25,"turns":2},{"damage":0,"enemies":"Gremlin Leader","floor":29,"turns":2},{"damage":1,"enemies":"Book of Stabbing","floor":30,"turns":4},{"damage":0,"enemies":"Gremlin Leader","floor":31,"turns":2},{"damage":0,"enemies":"Collector","floor":33,"turns":3},{"damage":0,"enemies":"3 Darklings","floor":35,"turns":2},{"damage":0,"enemies":"Reptomancer","floor":40,"turns":1},{"damage":8,"enemies":"Giant Head","floor":41,"turns":4},{"damage":0,"enemies":"Reptomancer","floor":42,"turns":2},{"damage":0,"enemies":"Nemesis","floor":44,"turns":2},{"damage":0,"enemies":"Reptomancer","floor":45,"turns":1},{"damage":0,"enemies":"Nemesis","floor":46,"turns":1},{"damage":0,"enemies":"Giant Head","floor":47,"turns":4},{"damage":27,"enemies":"Awakened One","floor":50,"turns":3},{"damage":0,"enemies":"Donu and Deca","floor":51,"turns":2},{"damage":0,"enemies":"Shield and Spear","floor":55,"turns":3},{"damage":117,"enemies":"The Heart","floor":56,"turns":5}],"seed_played":"1253096525690334446","potions_obtained":[{"floor":1,"key":"SteroidPotion"},{"floor":6,"key":"Explosive Potion"},{"floor":8,"key":"Block Potion"},{"floor":30,"key":"Swift Potion"}],"is_trial":true,"path_per_floor":["M","?","?","M","?","E","$","E","T","R","R","M","$","E","R","B",null,"M","?","$","$","?","E","E","E","T","R","$","E","E","E","R","B",null,"M","$","?","T","T","E","E","E","T","E","E","E","E","$","R","B","B",null,"R","$","E","B",null],"character_chosen":"WATCHER","items_purchased":["Whetstone","Membership Card","Calipers","Mummified Hand","TungstenRod","Damaru","Bronze Scales","Adaptation","Adaptation","Study","Study","PowerPotion"],"campfire_rested":0,"item_purchase_floors":[7,21,21,36,36,48,48,54,54,54,54,54],"current_hp_per_floor":[51,28,28,28,34,34,34,34,40,40,40,40,40,40,40,42,75,75,75,75,75,54,54,51,56,62,62,62,62,61,61,61,92,97,97,97,88,94,110,110,102,104,110,112,114,116,118,118,118,105,138,138,138,138,138,44],"gold":95,"neow_bonus":"","is_daily":false,"chose_seed":false,"campfire_upgraded":6,"win_rate":0.0,"timestamp":1613615502,"path_taken":["M","?","?","?","?","E","$","E","T","R","R","?","$","E","R","BOSS","M","?","$","$","?","E","E","?","T","R","$","E","E","?","R","BOSS","M","$","?","?","?","E","E","E","T","E","E","E","E","$","R","BOSS","BOSS","R","$","E","BOSS"],"items_purchased_type":["Relic","Relic","Relic","Relic","Relic","Relic","Relic","Card","Card","Card","Card","Potion"],"build_version":"2020-12-22","purchased_purges":5,"victory":true,"max_hp_per_floor":[68,68,68,68,74,74,74,74,80,80,80,80,80,80,80,86,86,86,86,86,86,86,86,86,86,92,92,92,92,92,92,92,98,98,98,98,98,104,120,120,120,120,126,126,126,126,126,126,126,132,138,138,138,138,138,144],"card_choices":[{"not_picked":["SashWhip","Evaluate"],"picked":"DeceiveReality","floor":1},{"not_picked":["Wireheading","Vengeance"],"picked":"Tantrum","floor":4},{"not_picked":["Establishment","DevaForm"],"picked":"Scrawl","floor":6},{"not_picked":["ConjureBlade","Scrawl"],"picked":"Omniscience","floor":8},{"not_picked":["Indignation","CarveReality","FlurryOfBlows"],"picked":"SKIP","floor":12},{"not_picked":["Judgement","Scrawl"],"picked":"Vault","floor":14},{"not_picked":["EmptyBody+1","Consecrate","Evaluate"],"picked":"SKIP","floor":18},{"not_picked":["SpiritShield","DevaForm"],"picked":"Devotion","floor":23},{"not_picked":["Blasphemy","SpiritShield"],"picked":"DevaForm","floor":24},{"not_picked":["Brilliance","Ragnarok"],"picked":"Omniscience","floor":25},{"not_picked":["DevaForm","SpiritShield"],"picked":"Scrawl","floor":29},{"not_picked":["Blasphemy","Wish"],"picked":"ConjureBlade","floor":30},{"not_picked":["Alpha","Judgement"],"picked":"Devotion","floor":31},{"not_picked":["ConjureBlade","Establishment"],"picked":"Brilliance+1","floor":33},{"not_picked":["EmptyBody","JustLucky+1","CutThroughFate+1"],"picked":"SKIP","floor":35},{"not_picked":["Secret Weapon","Forethought"],"picked":"Finesse","floor":37},{"not_picked":["Enlightenment","Panache"],"picked":"Trip","floor":37},{"not_picked":["PanicButton","Dramatic Entrance+1"],"picked":"Madness","floor":37},{"not_picked":["LessonLearned+1","Judgement"],"picked":"Scrawl","floor":40},{"not_picked":["Establishment","SpiritShield"],"picked":"DeusExMachina","floor":41},{"not_picked":["LessonLearned+1","Ragnarok+1","MasterReality"],"picked":"SKIP","floor":42},{"not_picked":["Blasphemy","MasterReality","Brilliance+1"],"picked":"SKIP","floor":44},{"not_picked":["LessonLearned+1","DeusExMachina"],"picked":"Omniscience","floor":45},{"not_picked":["DeusExMachina","ConjureBlade"],"picked":"Omniscience","floor":46},{"not_picked":["DeusExMachina","Wish","Establishment"],"picked":"SKIP","floor":47},{"not_picked":["SpiritShield","MasterReality"],"picked":"Devotion","floor":55}],"player_experience":317881,"relics_obtained":[{"floor":6,"key":"Smiling Mask"},{"floor":8,"key":"The Courier"},{"floor":9,"key":"Pen Nib"},{"floor":14,"key":"Toy Ornithopter"},{"floor":22,"key":"Enchiridion"},{"floor":23,"key":"Pantograph"},{"floor":24,"key":"Gremlin Horn"},{"floor":25,"key":"Shuriken"},{"floor":26,"key":"Molten Egg 2"},{"floor":29,"key":"Bag of Preparation"},{"floor":30,"key":"Bottled Lightning"},{"floor":31,"key":"Ornamental Fan"},{"floor":39,"key":"Pear"},{"floor":40,"key":"Lizard Tail"},{"floor":41,"key":"Blood Vial"},{"floor":42,"key":"Meat on the Bone"},{"floor":43,"key":"Art of War"},{"floor":44,"key":"TeardropLocket"},{"floor":45,"key":"Ancient Tea Set"},{"floor":46,"key":"Blue Candle"},{"floor":47,"key":"Vajra"},{"floor":55,"key":"Letter Opener"}],"event_choices":[{"damage_healed":0,"gold_gain":0,"player_choice":"Take Damage","damage_taken":23,"relics_obtained":["Golden Idol"],"max_hp_gain":0,"max_hp_loss":0,"event_name":"Golden Idol","floor":2,"gold_loss":0},{"damage_healed":0,"gold_gain":0,"player_choice":"Gave Potion","damage_taken":0,"relics_obtained":["Lantern"],"max_hp_gain":0,"max_hp_loss":0,"event_name":"WeMeetAgain","floor":3,"gold_loss":0},{"damage_healed":0,"gold_gain":150,"player_choice":"AGREE","damage_taken":0,"max_hp_gain":0,"max_hp_loss":0,"event_name":"Liars Game","floor":5,"gold_loss":0,"cards_obtained":["Doubt"]},{"damage_healed":0,"gold_gain":0,"player_choice":"Read","damage_taken":0,"max_hp_gain":0,"max_hp_loss":0,"event_name":"The Library","floor":19,"gold_loss":0,"cards_obtained":["BattleHymn"]},{"damage_healed":0,"gold_gain":0,"player_choice":"Obtained Book","damage_taken":21,"max_hp_gain":0,"max_hp_loss":0,"event_name":"Cursed Tome","floor":22,"gold_loss":0},{"damage_healed":0,"gold_gain":0,"player_choice":"Memory 3","damage_taken":10,"max_hp_gain":0,"max_hp_loss":0,"event_name":"SensoryStone","floor":37,"gold_loss":0}],"is_beta":false,"boss_relics":[{"not_picked":["SlaversCollar","Sozu"],"picked":"Runic Dome"},{"not_picked":["Black Star","Calling Bell"],"picked":"Astrolabe"}],"items_purged_floors":[7,13,20,28,48],"is_endless":false,"potions_floor_spawned":[1,6,8,16,18,24,30,33,41,44,46,55],"ascension_level":20}}