{"host":"tod","time":1613617386,"event":{"mods":["AchievementEnabler","Act Like it!","BaseMod","CapriCore","Energized Spire","Highlight Path","Lobotomy","Marisa£®ÏF”Í°°ƒß¿Ì…≥£©","Minty Spire (QoL Compilation)","Quick Restart","Reimu£®≤©¿ˆ¡È√Œ£©","Relic Filter Mod","Relic Stats","Remilia£®¿Ÿ√◊¿Ú—«£©","Replay The Spire","Shop Mod","StSLib","The Cursed","The Immortal","Yakumo Yukari mod","Youmu£®ªÍ∆«—˝√Œ£©"],"gold_per_floor":[16,36,51,66,66,66,80,91,165,165,165,179,208,225,225,225,225],"floor_reached":16,"language":"ZHS","playtime":718,"items_purged":[],"score":207,"play_id":"712ba345-4b76-4f98-aad6-eb89e7cce59d","local_time":"20210218110306","is_ascension_mode":true,"campfire_choices":[{"data":"True Grit","floor":6,"key":"SMITH"},{"data":"Iron Wave","floor":11,"key":"SMITH"},{"floor":15,"key":"REST"}],"circlet_count":0,"master_deck":["AscendersBane","Strike_R","Strike_R","Strike_R","Strike_R","Defend_R","Defend_R","Defend_R","Bash","Shockwave","Reaper","Body Slam+1","True Grit+1","Iron Wave+1","Shrug It Off","Impervious"],"relics":["Burning Blood","Blue Candle","Pantograph","Dream Catcher"],"acts_visited":["Exordium"],"potions_floor_usage":[13,16,16],"damage_taken":[{"damage":12,"enemies":"Cultist","floor":1,"turns":4},{"damage":11,"enemies":"Jaw Worm","floor":2,"turns":5},{"damage":7,"enemies":"Small Slimes","floor":3,"turns":3},{"damage":32,"enemies":"Exordium Thugs","floor":4,"turns":5},{"damage":4,"enemies":"Blue Slaver","floor":7,"turns":6},{"damage":21,"enemies":"Lots of Slimes","floor":8,"turns":6},{"damage":6,"enemies":"2 Fungi Beasts","floor":12,"turns":3},{"damage":26,"enemies":"Lagavulin","floor":13,"turns":8},{"damage":8,"enemies":"Looter","floor":14,"turns":4},{"damage":79,"enemies":"Hexaghost","floor":16,"turns":10}],"seed_played":"-5613976370310349064","potions_obtained":[{"floor":4,"key":"Dexterity Potion"},{"floor":8,"key":"Adrenaline Potion"},{"floor":13,"key":"Block Potion"}],"is_trial":false,"path_per_floor":["M","M","M","M","?","R","M","M","T","T","R","M","E","M","R","B"],"character_chosen":"IRONCLAD","items_purchased":[],"campfire_rested":1,"item_purchase_floors":[],"current_hp_per_floor":[63,64,63,43,43,43,47,45,45,45,45,57,37,39,61,2,2],"gold":225,"neow_bonus":"TRANSFORM_TWO_CARDS","is_daily":false,"chose_seed":false,"campfire_upgraded":2,"win_rate":0.0,"timestamp":1613617386,"path_taken":["M","?","M","M","?","R","M","M","T","?","R","?","E","M","R","BOSS"],"items_purchased_type":[],"build_version":"2020-12-18","purchased_purges":0,"victory":false,"max_hp_per_floor":[75,75,75,75,75,75,75,75,75,75,75,75,75,75,75,75,75],"relic_stats":{"Dream Catcher":1,"counters":[10,53],"Blue Candle":[0],"Pantograph":14,"obtain_stats":[{"Dream Catcher":13,"Blue Candle":9,"Pantograph":10,"Burning Blood":0},{"Dream Catcher":8,"Blue Candle":6,"Pantograph":6,"Burning Blood":0},{"Dream Catcher":40,"Blue Candle":29,"Pantograph":29,"Burning Blood":0}],"Burning Blood":54},"card_choices":[{"not_picked":["Headbutt","Replay:Undeath\u0027s Touch","Pummel"],"picked":"SKIP","floor":1},{"not_picked":["Sword Boomerang","Clothesline"],"picked":"Body Slam","floor":2},{"not_picked":["Intimidate","Ghostly Armor","Anger"],"picked":"SKIP","floor":3},{"not_picked":["Sword Boomerang","Seeing Red"],"picked":"True Grit","floor":4},{"not_picked":["Armaments","Dark Embrace"],"picked":"Iron Wave","floor":7},{"not_picked":["Shockwave","Run Through","True Grit"],"picked":"SKIP","floor":8},{"not_picked":["Fiend Fire","Headbutt"],"picked":"Shrug It Off","floor":12},{"not_picked":["Wild Strike","Thunderclap","Flex"],"picked":"SKIP","floor":13},{"not_picked":["Perfected Strike","Entrench"],"picked":"Impervious","floor":14}],"player_experience":393160,"relics_obtained":[{"floor":9,"key":"Blue Candle"},{"floor":10,"key":"Pantograph"},{"floor":13,"key":"Dream Catcher"}],"event_choices":[],"is_beta":true,"boss_relics":[],"items_purged_floors":[],"is_endless":false,"potions_floor_spawned":[4,8,12,13,14],"killed_by":"Hexaghost","ascension_level":19}}