{"host":"7tvb1em0d2fx72q7","time":1613691003,"event":{"mods":["BaseMod","Challenge The Spire","Minty Spire (QoL Compilation)","StSLib","everything is the same but u backflip on backflip"],"gold_per_floor":[14,32,47,47,61,61,87,87,87,87,87],"floor_reached":10,"language":"ENG","playtime":688,"items_purged":[],"score":136,"play_id":"1aa52cdc-0640-400d-844e-79804fc2caa8","local_time":"20210218183003","is_ascension_mode":true,"campfire_choices":[{"data":"Skewer","floor":6,"key":"SMITH"},{"floor":8,"key":"REST"}],"circlet_count":0,"master_deck":["AscendersBane","Strike_G","Strike_G","Strike_G","Strike_G","Defend_G","Defend_G","Defend_G","Defend_G","Defend_G","Survivor","Neutralize","Quick Slash","Skewer+1","Venomology","Sucker Punch","Cloak And Dagger"],"relics":["Ring of the Snake","Ginger","Sundial","Singing Bowl"],"acts_visited":["Exordium"],"potions_floor_usage":[5,5,7,7,7,10],"damage_taken":[{"damage":1,"enemies":"Cultist","floor":1,"turns":4},{"damage":0,"enemies":"2 Louse","floor":2,"turns":3},{"damage":2,"enemies":"Small Slimes","floor":3,"turns":3},{"damage":19,"enemies":"Exordium Wildlife","floor":5,"turns":6},{"damage":30,"enemies":"3 Sentries","floor":7,"turns":10},{"damage":48,"enemies":"Lagavulin","floor":10,"turns":8}],"seed_played":"5657954410020989918","potions_obtained":[{"floor":2,"key":"LiquidMemories"},{"floor":3,"key":"Regen Potion"},{"floor":5,"key":"Fire Potion"},{"floor":7,"key":"Strength Potion"}],"is_trial":false,"path_per_floor":["M","M","M","?","M","R","E","R","T","E"],"character_chosen":"THE_SILENT","items_purchased":[],"campfire_rested":1,"item_purchase_floors":[],"current_hp_per_floor":[58,58,56,49,45,45,15,34,34,0,0],"gold":87,"neow_bonus":"ONE_RARE_RELIC","is_daily":false,"chose_seed":false,"campfire_upgraded":1,"win_rate":0.0,"timestamp":1613691003,"path_taken":["M","M","M","?","M","R","E","R","T","E"],"items_purchased_type":[],"build_version":"2020-12-22","purchased_purges":0,"victory":false,"max_hp_per_floor":[66,66,66,66,66,66,66,66,66,66,66],"card_choices":[{"not_picked":["Backflip","Accuracy"],"picked":"Quick Slash","floor":1},{"not_picked":["Prepared","Dodge and Roll"],"picked":"Skewer","floor":2},{"not_picked":["Accuracy","PiercingWail"],"picked":"Venomology","floor":3},{"not_picked":["Escape Plan","Underhanded Strike"],"picked":"Sucker Punch","floor":5},{"not_picked":["Slice","Well Laid Plans"],"picked":"Cloak And Dagger","floor":7}],"player_experience":2054666,"relics_obtained":[{"floor":7,"key":"Sundial"},{"floor":9,"key":"Singing Bowl"}],"event_choices":[{"cards_removed":["Strike_G"],"damage_healed":0,"gold_gain":0,"player_choice":"Card Removal","damage_taken":7,"max_hp_gain":0,"max_hp_loss":0,"event_name":"Golden Wing","floor":4,"gold_loss":0}],"is_beta":false,"boss_relics":[],"items_purged_floors":[],"is_endless":false,"potions_floor_spawned":[2,3,5,7],"killed_by":"Lagavulin","ascension_level":20}}