{"host":"1ycuxm9gov0tl9zf","time":1613644180,"event":{"mods":["Act Like it!","BaseMod","Colored Powertips","Downfall","Gensokyo","GifTheSpireLib","Hallownest","Marisa£®ÏF”Í°°ƒß¿Ì…≥£©","Minty Spire (QoL Compilation)","Quick Restart","Remilia£®¿Ÿ√◊¿Ú—«£©","Replay The Spire","Shop Mod","StSLib","The Administrix","The Animator","The Bug Knight"],"gold_per_floor":[111,128,128,146,158,187,187,187,187,41,41,41,64,83,83,207,207,231,60,76,96,96,96,116,155,206,229,279,305,317,329,341,484,496,523,535,571,583,595,607,117,135,205,230,271,292,292,164,164,164],"floor_reached":51,"language":"ZHS","playtime":4602,"items_purged":["Languid","Injury","Replay:Sluggish","Spreading Infection"],"score":748,"play_id":"3e45a00d-6230-4775-8c03-872096d3883f","local_time":"20210218182940","is_ascension_mode":false,"campfire_choices":[{"data":"Noxious Fumes","floor":7.0,"key":"SMITH"},{"data":"Noxious Fumes","floor":11.0,"key":"SMITH"},{"data":"Noxious Fumes","floor":15.0,"key":"SMITH"},{"data":"After Image","floor":23.0,"key":"SMITH"},{"data":"A Thousand Cuts","floor":30.0,"key":"SMITH"},{"data":"Wraith Form v2","floor":40.0,"key":"SMITH"},{"data":"After Image","floor":47,"key":"SMITH"},{"data":"Infinite Blades","floor":49,"key":"SMITH"}],"circlet_count":0,"master_deck":["Defend_G","Defend_G","Defend_G","Defend_G","Survivor","Neutralize","Underhanded Strike","Prepared","Noxious Fumes+1","Dodge and Roll","Quick Slash","Poisoned Stab","ReplayTheSpireMod:Scrap Shanks","Noxious Fumes+1","Bane","Acrobatics","Noxious Fumes+1","After Image+1","Flying Knee+1","Calculated Gamble","Dagger Throw","Acrobatics","A Thousand Cuts+1","Replay:Poison Smokescreen+1","Toxin Wave","Calculated Gamble","ReplayTheSpireMod:Speed Training+1","Infinite Blades+1","Replay:Bag of Tricks","Dodge and Roll+1","animator:Curse_Dizziness","Prepared+1","Wraith Form v2+1","Underhanded Strike+1","downfall:Aged","animator:Curse_GriefSeed","Backstab+1","Acrobatics","After Image+1","Backstab","ReplayTheSpireMod:Exploit Weakness"],"relics":["Cursed Key","Ice Cream","Replay:PocketPolymizer","Golden Idol","Coffee Dripper","Smiling Mask","Bag of Preparation","Ring of Greed","Replay:Wax Seal","MawBank","ReplayTheSpireMod:Ring of Exchange","Honey Jar","Spirit Poop","Incense Burner","HollowMod:PaleOreRelic","Replay:WaspNest","Nunchaku"],"acts_visited":["Exordium","TheCity","TheBeyond"],"potions_floor_usage":[50,50,50,50],"damage_taken":[{"damage":0.0,"enemies":"Jaw Worm","floor":1.0,"turns":4.0},{"damage":0.0,"enemies":"Cultist","floor":2.0,"turns":4.0},{"damage":0.0,"enemies":"2 Louse","floor":4.0,"turns":3.0},{"damage":4.0,"enemies":"Exordium Thugs","floor":5.0,"turns":5.0},{"damage":6.0,"enemies":"Lagavulin","floor":6.0,"turns":8.0},{"damage":0.0,"enemies":"2 Fungi Beasts","floor":13.0,"turns":3.0},{"damage":13.0,"enemies":"3 Louse","floor":14.0,"turns":3.0},{"damage":19.0,"enemies":"Slime Boss","floor":16.0,"turns":6.0},{"damage":10.0,"enemies":"Spheric Guardian","floor":18.0,"turns":5.0},{"damage":0.0,"enemies":"3 Byrds","floor":20.0,"turns":4.0},{"damage":2.0,"enemies":"Centurion and Healer","floor":21.0,"turns":6.0},{"damage":13.0,"enemies":"Snake Plant","floor":24.0,"turns":4.0},{"damage":6.0,"enemies":"Book of Stabbing","floor":25.0,"turns":5.0},{"damage":18.0,"enemies":"Shelled Parasite and Fungi","floor":27.0,"turns":5.0},{"damage":11.0,"enemies":"Centurion and Healer","floor":29.0,"turns":5.0},{"damage":1.0,"enemies":"Pondfish","floor":33.0,"turns":8.0},{"damage":0.0,"enemies":"Orb Walker","floor":35.0,"turns":4.0},{"damage":4.0,"enemies":"3 Darklings","floor":37.0,"turns":4.0},{"damage":9.0,"enemies":"Writhing Mass","floor":42.0,"turns":5.0},{"damage":4,"enemies":"3 Darklings","floor":44,"turns":5},{"damage":5,"enemies":"Reptomancer","floor":45,"turns":5},{"damage":0,"enemies":"Writhing Mass","floor":46,"turns":6},{"damage":13,"enemies":"Replay:Hell Engine","floor":50,"turns":8}],"seed_played":"6446829463253313733","potions_obtained":[{"floor":1.0,"key":"Block Potion"},{"floor":2.0,"key":"DistilledChaos"},{"floor":6.0,"key":"Dexterity Potion"},{"floor":20.0,"key":"SteroidPotion"},{"floor":24.0,"key":"LiquidBronze"},{"floor":29.0,"key":"Flashbang"},{"floor":33.0,"key":"Reflective Coating"},{"floor":35.0,"key":"DistilledChaos"},{"floor":37.0,"key":"AttackPotion"},{"floor":45,"key":"ColorlessPotion"}],"is_trial":false,"path_per_floor":["M","M","?","M","M","E","R","?","T","$","R","?","M","M","R","B",null,"M","$","M","M","?","R","M","E","T","M","?","M","R","?","R","B",null,"M","?","M","?","?","R","$","M","T","M","E","M","R","$","R","B",null],"character_chosen":"THE_SILENT","items_purchased":["ReplayTheSpireMod:Scrap Shanks","Calculated Gamble","Incense Burner","HollowMod:PaleOreRelic","Backstab"],"campfire_rested":0,"item_purchase_floors":[10,19,41,41,48],"current_hp_per_floor":[70,70,70,70,66,60,60,60,60,60,60,60,60,47,47,28,70,60,60,60,58,58,58,45,39,39,21,21,10,10,10,31,30,70,70,70,66,66,66,66,66,57,57,53,48,48,48,48,48,35],"gold":164,"neow_bonus":"BOSS_RELIC","is_daily":false,"chose_seed":false,"campfire_upgraded":8,"win_rate":0.0,"timestamp":1613644180,"path_taken":["M","M","?","?","?","E","R","?","T","?","R","?","M","M","R","BOSS","M","$","M","M","?","R","M","E","T","M","?","M","R","?","R","BOSS","M","?","?","?","?","R","$","M","T","M","E","?","R","?","R","BOSS"],"items_purchased_type":["Card","Card","Relic","Relic","Card"],"build_version":"2020-12-22","purchased_purges":4,"victory":true,"max_hp_per_floor":[70,70,70,70,70,70,70,70,70,70,70,70,70,70,70,70,70,70,70,70,70,70,70,70,70,70,70,70,70,70,70,70,70,70,70,70,70,66,66,66,66,66,66,66,66,66,66,66,66,66],"card_choices":[{"not_picked":["Skewer","Sucker Punch"],"picked":"Underhanded Strike","floor":1.0},{"not_picked":["Deflect","Dodge and Roll"],"picked":"Prepared","floor":2.0},{"not_picked":["Deadly Poison","Blade Dance"],"picked":"Dodge and Roll","floor":4.0},{"not_picked":["Masterful Stab","Distraction"],"picked":"Quick Slash","floor":5.0},{"not_picked":["Finisher","Leg Sweep"],"picked":"Poisoned Stab","floor":6.0},{"not_picked":["Reflex","Poison Darts"],"picked":"Bane","floor":13.0},{"not_picked":["Backflip","Deflect"],"picked":"Acrobatics","floor":14.0},{"not_picked":["Corpse Explosion","Replay:Bag of Tricks"],"picked":"After Image","floor":16.0},{"not_picked":["Dodge and Roll+1","Replay:Poison Smokescreen"],"picked":"Flying Knee+1","floor":18.0},{"not_picked":["Slice+1","Dagger Spray"],"picked":"Dagger Throw","floor":20.0},{"not_picked":["Deflect","Backflip"],"picked":"Acrobatics","floor":21.0},{"not_picked":["Leg Sweep","Blade Dance"],"picked":"Replay:Poison Smokescreen","floor":24.0},{"not_picked":["Skewer","Leg Sweep"],"picked":"Toxin Wave","floor":25.0},{"not_picked":["Noxious Fumes","Leg Sweep"],"picked":"Calculated Gamble","floor":27.0},{"not_picked":["Backflip","Caltrops+1"],"picked":"ReplayTheSpireMod:Speed Training+1","floor":29.0},{"not_picked":["Doppelganger","Malaise"],"picked":"Replay:Bag of Tricks","floor":33.0},{"not_picked":["Deflect","Prepared","PiercingWail"],"picked":"Dodge and Roll+1","floor":35.0},{"not_picked":["Flying Knee+1","Heel Hook+1","Hidden Blade+1"],"picked":"Prepared+1","floor":37.0},{"not_picked":["ReplayTheSpireMod:Tripwire","Sneak Up","Slice+1"],"picked":"Underhanded Strike+1","floor":42.0},{"not_picked":["Prepared","Hidden Blade+1","Dagger Spray+1"],"picked":"Backstab+1","floor":44},{"not_picked":["Backflip","Dash","Flying Knee+1"],"picked":"Night Terror","floor":45},{"not_picked":["Quick Slash+1","PiercingWail+1","Deflect"],"picked":"Acrobatics","floor":46}],"player_experience":26850,"relics_obtained":[{"floor":6.0,"key":"Ice Cream"},{"floor":25.0,"key":"Smiling Mask"},{"floor":26.0,"key":"Bag of Preparation"},{"floor":28.0,"key":"Ring of Greed"},{"floor":28.0,"key":"Replay:Wax Seal"},{"floor":28.0,"key":"MawBank"},{"floor":28.0,"key":"ReplayTheSpireMod:Ring of Exchange"},{"floor":43,"key":"Replay:WaspNest"},{"floor":45,"key":"Nunchaku"}],"event_choices":[{"damage_healed":0.0,"max_hp_gain":0.0,"max_hp_loss":0.0,"gold_gain":0.0,"cards_transformed":["Defend_G"],"event_name":"Transmorgrifier","player_choice":"Transformed","floor":3.0,"gold_loss":0.0,"damage_taken":0.0,"cards_obtained":["Noxious Fumes"]},{"damage_healed":0.0,"max_hp_gain":0.0,"max_hp_loss":0.0,"gold_gain":0.0,"event_name":"Dead Adventurer","player_choice":"Searched \u00272\u0027 times","floor":8.0,"gold_loss":0.0,"damage_taken":0.0,"relics_obtained":["Replay:PocketPolymizer"]},{"damage_healed":0.0,"max_hp_gain":0.0,"max_hp_loss":0.0,"gold_gain":0.0,"event_name":"Golden Idol","player_choice":"Take Wound","floor":12.0,"gold_loss":0.0,"damage_taken":0.0,"relics_obtained":["Golden Idol"],"cards_obtained":["Injury"]},{"damage_healed":0.0,"max_hp_gain":0.0,"max_hp_loss":0.0,"gold_gain":0.0,"event_name":"The Library","player_choice":"Read","floor":22.0,"gold_loss":0.0,"damage_taken":0.0,"cards_obtained":["A Thousand Cuts"]},{"cards_removed":["downfall:Malfunctioning"],"damage_healed":0.0,"max_hp_gain":0.0,"max_hp_loss":0.0,"gold_gain":0.0,"event_name":"Bonfire Elementals","player_choice":"Offered Curse","floor":36.0,"gold_loss":0.0,"damage_taken":0.0,"relics_obtained":["Spirit Poop"]},{"damage_healed":0.0,"max_hp_gain":0.0,"max_hp_loss":4.0,"gold_gain":0.0,"event_name":"Winding Halls","player_choice":"Max HP","floor":38.0,"gold_loss":0.0,"damage_taken":0.0},{"cards_removed":["Amnesia"],"damage_healed":0.0,"max_hp_gain":0.0,"max_hp_loss":0.0,"gold_gain":0.0,"event_name":"Purifier","player_choice":"Purged","floor":39.0,"gold_loss":0.0,"damage_taken":0.0}],"is_beta":false,"boss_relics":[{"not_picked":["HoveringKite","Philosopher\u0027s Stone"],"picked":"Coffee Dripper"},{"not_picked":["Replay:Ancient Bell","PrismaticShard"],"picked":"Honey Jar"}],"items_purged_floors":[10,19,41,48],"is_endless":false,"potions_floor_spawned":[1,2,6,20,24,29,33,35,37,45],"ascension_level":0}}