{"host":"h7xtspmc2x3i8s2i","time":1613622313,"event":{"mods":["2.2 Compatiblity","AchievementEnabler","Act Like it!","AlwaysNeverKeys","Aspiration","Astrologer","BaseMod","Bestiary","Better Altar","Better Match","Better Note","Better Sensory Stone","Better Skull","Better Third Choice","Better Vampires","Better-Laid Plans","Colored Map","Colored Powertips","Conjunction","Curses Come First","Defuse TimeMaze Blight","Dio Mod","Disable Question Mark Monsters","Dota2Spire","Downfall","EXCEPTION","Emptier Cage","Energized Spire","Evolution","Friendly Minions","GifTheSpireLib","Gold Saver","Gremlin Skip","Halation","Hubris","Hyrulean Relics","Jedi Mod","Key Reminder","Marked Mod","Minty Spire (QoL Compilation)","Permanent Neow","Potion Indicator Mod","Quick Restart","Random Character Button","Random Character Mod","Rare Cards Sparkle","Relic Filter","Relic Stats","Reliquary","Replay The Spire","SacredBarkPlus","Shop Mod","Smile Girya","Somnambulant","Spicy Shops","Spikes Relics","Spire Birthday Party","StSLib","Steal the Spire","Stuff the Spire","SuperFastMode","The Awakened One except there are too many feathers","The Blue Laboratory","The Cursed","The Death Knight","The Edgeheg","The Problem Sleuth","The Runesmith","The Wild Card","Trackpad","Transform Curses","Uncapped","Unceasing Turn Reminder","Virulent Crown","Wide Potions","everything is the same but u backflip on backflip","slay the spire mod where everything is the same but ironclad has a cowboy hat"],"gold_per_floor":[1272,1288,1305,1319,255,280,307,207,235,235,249,349,274,301,314,411,411,211,106,123,140,46,31,31,31,66,135,161,181,181,195,210,310,310,310,320,320,320,69,100,154,171,190,209,225,225,242,84,97,97,97,122,27,27,27,27],"floor_reached":57,"language":"ENG","playtime":2861,"items_purged":["StuffTheSpire:Ambrosia+1"],"score":1679,"play_id":"667775f7-8fff-428c-8240-f35306170c35","local_time":"20210217232513","is_ascension_mode":true,"campfire_choices":[{"floor":1,"key":"DIG"},{"floor":8,"key":"RECALL"},{"data":"Guardian:BronzeOrb","floor":18,"key":"SMITH"},{"data":"Guardian:Repulse","floor":25,"key":"SMITH"},{"data":"Guardian:DecasProtection","floor":30,"key":"SMITH"},{"data":"StuffTheSpire:Ambrosia","floor":35,"key":"SMITH"},{"data":"Replay:SS_hec_1","floor":46,"key":"SMITH"},{"data":"Secret Weapon","floor":54,"key":"SMITH"}],"circlet_count":0,"master_deck":["Guardian:Strike_Guardian","Guardian:Strike_Guardian","Guardian:Strike_Guardian","Guardian:Defend_Guardian","Guardian:Defend_Guardian","Guardian:Defend_Guardian","Guardian:Defend_Guardian","Guardian:CurlUp+1","Guardian:TwinSlam","Guardian:PrismaticBeam","Guardian:BronzeOrb+1","Replay:SS_hec_1+1","Guardian:AncientConstruct","Guardian:FloatingOrbs+1","Guardian:BronzeArmor","Guardian:Repulse+1","Guardian:DecasProtection+1","expansioncontent:Chronoboost","Guardian:CrystalBeam","Guardian:PrismaticBeam","Secret Weapon+1","Madness","Panacea","Guardian:CrystalBeam","Guardian:FloatingOrbs","Guardian:ExploitGems","Guardian:DonusPower","Guardian:PrismaticBarrier","Guardian:CrystalBeam+1","Guardian:CrystalBeam","Guardian:SpikerProtocol"],"relics":["Guardian:ModeShifter","EVO:Axolotl","trackpad:WindUpAutoDealer","MerchantsRug","LugNut","Bronze Scales","downfall:HeartBlessingBlue","Gambling Chip","Runesmith:AutoHammer","Philosopher\u0027s Stone","downfall:HeartBlessingRed","downfall:HeartBlessingGreen","Incense Burner","reliquary:JackalopeAntler","Dota2Spire:DivineRapier","trackpad:DisasterInABottle","halation:PinkSoulGem","jedi:bottledfury","Dota2Spire:ShadowBlade","hubris:EmptyBottle","Dream Catcher","reliquary:ExpiredCoupon","aspiration:Lifesprig"],"acts_visited":["Exordium","TheCity","TheBeyond","TheEnding"],"potions_floor_usage":[5,9,9,22,33,33,40],"damage_taken":[{"damage":6,"enemies":"Cultist","floor":2,"turns":3},{"damage":0,"enemies":"Jaw Worm","floor":3,"turns":7},{"damage":4,"enemies":"Small Slimes","floor":4,"turns":4},{"damage":5,"enemies":"downfall:FleeingMerchant","floor":5,"turns":4},{"damage":0,"enemies":"Replay:BlueRogue","floor":6,"turns":4},{"damage":8,"enemies":"Lagavulin","floor":9,"turns":9},{"damage":0,"enemies":"Gremlin Gang","floor":11,"turns":4},{"damage":0,"enemies":"Large Slime","floor":15,"turns":4},{"damage":14,"enemies":"WA_ARCHETYPE_RETAIN","floor":16,"turns":8},{"damage":0,"enemies":"Chosen","floor":20,"turns":4},{"damage":0,"enemies":"Spheric Guardian","floor":21,"turns":3},{"damage":0,"enemies":"downfall:FleeingMerchant","floor":22,"turns":4},{"damage":0,"enemies":"downfall:FleeingMerchant","floor":23,"turns":4},{"damage":0,"enemies":"Replay:Snechameleon","floor":26,"turns":5},{"damage":0,"enemies":"downfall:FleeingMerchant","floor":27,"turns":2},{"damage":0,"enemies":"Slavers","floor":28,"turns":3},{"damage":0,"enemies":"3 Cultists","floor":29,"turns":3},{"damage":0,"enemies":"Cultist and Chosen","floor":31,"turns":2},{"damage":0,"enemies":"Chosen and Byrds","floor":32,"turns":2},{"damage":0,"enemies":"DF_ARCHETYPE_CLAW","floor":33,"turns":4},{"damage":6,"enemies":"Orb Walker","floor":36,"turns":2},{"damage":4,"enemies":"Giant Head","floor":40,"turns":5},{"damage":0,"enemies":"3 Darklings","floor":42,"turns":1},{"damage":0,"enemies":"Writhing Mass","floor":43,"turns":3},{"damage":0,"enemies":"Transient","floor":44,"turns":5},{"damage":0,"enemies":"Sphere and 2 Shapes","floor":45,"turns":1},{"damage":0,"enemies":"Writhing Mass","floor":47,"turns":1},{"damage":0,"enemies":"Maw","floor":49,"turns":2},{"damage":0,"enemies":"SI_POISON_ARCHETYPE","floor":50,"turns":6},{"damage":0,"enemies":"downfall:CharBossMerchant","floor":52,"turns":3},{"damage":4,"enemies":"downfall:NeowBoss","floor":55,"turns":8},{"damage":61,"enemies":"downfall:NeowBossFinal","floor":56,"turns":7}],"seed_played":"-6177465903362510590","potions_obtained":[{"floor":3,"key":"blueLaboratory:BottledHope"},{"floor":4,"key":"AttackPotion"},{"floor":6,"key":"BlessingOfTheForge"},{"floor":15,"key":"jedi:wingpotion"},{"floor":16,"key":"Weak Potion"},{"floor":28,"key":"blueLaboratory:PyrophylliteBrew"},{"floor":31,"key":"blueLaboratory:LouseDecoction"},{"floor":32,"key":"Fire Potion"},{"floor":33,"key":"blueLaboratory:PolymorphPotion"},{"floor":36,"key":"jedi:hoardpotion"},{"floor":43,"key":"Cursed Concoction"},{"floor":45,"key":"jedi:hoardpotion"},{"floor":47,"key":"bronze:BurnAndBuffPotion"}],"is_trial":false,"path_per_floor":["R_BF","M","M","M","$","E","T","R","E","?","M","?","?","T","M","B",null,"R","?","M","M","$","$","T","R","E","$","E","M","R","M","M","B",null,"R","M","?","?","$","E","T","M","M","M","M","R","M","$","M","B",null,"E","$","R","B","B",null],"character_chosen":"GUARDIAN","items_purchased":["MerchantsRug","Guardian:BronzeOrb","LugNut","Bronze Scales","Lee\u0027s Waffle","Replay:SS_hec_1","expansioncontent:Chronoboost","ReplayTheSpireMod:ShopPack","Dota2Spire:DivineRapier","jedi:bottledfury","Guardian:Gem_Lightblue","hubris:EmptyBottle","Dream Catcher","aspiration:Lifesprig"],"campfire_rested":0,"item_purchase_floors":[5,5,5,5,5,5,22,27,27,39,48,48,48,53],"current_hp_per_floor":[80,74,74,70,87,87,87,97,89,89,89,89,89,89,89,75,97,97,97,98,99,100,101,101,101,102,103,104,105,105,106,107,108,108,108,104,104,104,104,104,104,106,108,110,112,112,114,114,116,118,128,130,130,130,126,65],"gold":27,"neow_bonus":"UPGRADE_CARD","is_daily":false,"chose_seed":false,"campfire_upgraded":6,"win_rate":0.0,"timestamp":1613622313,"path_taken":["R_BF","M","M","M","$","E","T","R","E","?","?","?","?","?","M","BOSS","R","?","M","M","?","$","T","R","E","$","E","?","R","M","M","BOSS","R","M","?","?","$","E","T","?","?","?","M","R","M","$","M","BOSS","E","$","R","BOSS","BOSS"],"items_purchased_type":["Relic","Card","Relic","Relic","Relic","Card","Card","Relic","Relic","Relic","Card","Relic","Relic","Relic"],"build_version":"2020-12-22","purchased_purges":1,"victory":true,"max_hp_per_floor":[80,80,80,80,87,87,87,97,97,97,97,97,97,97,97,97,97,97,97,98,99,100,101,101,101,102,103,104,105,105,106,107,108,108,108,110,110,110,110,114,114,116,118,120,122,122,124,124,126,128,128,130,130,130,130,130],"relic_stats":{"Dream Catcher":0,"counters":[32,127],"Bronze Scales":[198],"Gambling Chip":[19],"obtain_stats":[{"aspiration:Lifesprig":53,"StuffTheSpire:Rhapsscallions":40,"downfall:HeartBlessingGreen":18,"Dota2Spire:ShadowBlade":41,"Incense Burner":24,"EVO:Axolotl":0,"jedi:bottledfury":39,"hubris:EmptyBottle":48,"trackpad:DisasterInABottle":28,"Dream Catcher":48,"downfall:HeartBlessingBlue":8,"Gambling Chip":9,"Philosopher\u0027s Stone":17,"Dota2Spire:DivineRapier":27,"LugNut":5,"Potion Belt":6,"MerchantsRug":5,"Lee\u0027s Waffle":5,"downfall:HeartBlessingRed":18,"Guardian:ModeShifter":0,"keyreminder:keyreminder":7,"reliquary:JackalopeAntler":26,"reliquary:ExpiredCoupon":52,"Bronze Scales":5,"Runesmith:AutoHammer":14,"trackpad:WindUpAutoDealer":1,"halation:PinkSoulGem":37,"ReplayTheSpireMod:ShopPack":27},{"aspiration:Lifesprig":30,"StuffTheSpire:Rhapsscallions":22,"downfall:HeartBlessingGreen":9,"Dota2Spire:ShadowBlade":22,"Incense Burner":13,"EVO:Axolotl":0,"jedi:bottledfury":21,"hubris:EmptyBottle":27,"trackpad:DisasterInABottle":16,"Dream Catcher":27,"downfall:HeartBlessingBlue":5,"Gambling Chip":6,"Philosopher\u0027s Stone":9,"Dota2Spire:DivineRapier":15,"LugNut":4,"Potion Belt":5,"MerchantsRug":4,"Lee\u0027s Waffle":4,"downfall:HeartBlessingRed":9,"Guardian:ModeShifter":0,"keyreminder:keyreminder":5,"reliquary:JackalopeAntler":14,"reliquary:ExpiredCoupon":30,"Bronze Scales":4,"Runesmith:AutoHammer":7,"trackpad:WindUpAutoDealer":0,"halation:PinkSoulGem":21,"ReplayTheSpireMod:ShopPack":15},{"aspiration:Lifesprig":112,"StuffTheSpire:Rhapsscallions":90,"downfall:HeartBlessingGreen":47,"Dota2Spire:ShadowBlade":90,"Incense Burner":62,"EVO:Axolotl":0,"jedi:bottledfury":85,"hubris:EmptyBottle":101,"trackpad:DisasterInABottle":72,"Dream Catcher":101,"downfall:HeartBlessingBlue":22,"Gambling Chip":31,"Philosopher\u0027s Stone":47,"Dota2Spire:DivineRapier":69,"LugNut":18,"Potion Belt":22,"MerchantsRug":18,"Lee\u0027s Waffle":18,"downfall:HeartBlessingRed":47,"Guardian:ModeShifter":0,"keyreminder:keyreminder":22,"reliquary:JackalopeAntler":67,"reliquary:ExpiredCoupon":112,"Bronze Scales":18,"Runesmith:AutoHammer":35,"trackpad:WindUpAutoDealer":0,"halation:PinkSoulGem":85,"ReplayTheSpireMod:ShopPack":69}]},"card_choices":[{"not_picked":["Guardian:Planning","Guardian:VentSteam","Guardian:GuardianWhirl"],"picked":"SKIP","floor":2},{"not_picked":["Guardian:BodySlam","Guardian:ChargeCore"],"picked":"Guardian:PrismaticBeam","floor":3},{"not_picked":["Guardian:FuturePlans","Guardian:Planning"],"picked":"Guardian:Gem_White","floor":4},{"not_picked":["Guardian:BaubleBeam","Guardian:Gem_Cyan"],"picked":"Guardian:Gem_Orange","floor":5},{"not_picked":["Guardian:Gem_Fragmented","Guardian:Recover"],"picked":"Guardian:AncientConstruct","floor":6},{"not_picked":["Guardian:MultiBeam","Guardian:TemporalShield"],"picked":"Guardian:FloatingOrbs","floor":9},{"not_picked":["Guardian:PrimingBeam","Guardian:TemporalShield"],"picked":"Guardian:Gem_Cyan","floor":11},{"not_picked":["Guardian:SentryBeam","Guardian:Emergency"],"picked":"Guardian:BronzeArmor","floor":13},{"not_picked":["Guardian:ChargeUp","Guardian:PrimingBeam"],"picked":"Guardian:Gem_Blue","floor":15},{"not_picked":["Guardian:TimeSifter","Guardian:StasisStrike"],"picked":"Guardian:Gem_Synthetic","floor":16},{"not_picked":["Guardian:Recover","Guardian:RollAttack","Guardian:VentSteam"],"picked":"SKIP","floor":20},{"not_picked":["Guardian:Gem_Lightblue","Guardian:DonusPower"],"picked":"Guardian:Repulse","floor":21},{"not_picked":["Guardian:RollAttack","Guardian:Planning"],"picked":"Guardian:DecasProtection","floor":22},{"not_picked":["Guardian:Suspension+1","Guardian:Reroute"],"picked":"Guardian:Gem_White","floor":23},{"not_picked":["Guardian:Gem_Lightblue","Guardian:Suspension"],"picked":"Guardian:CrystalBeam","floor":26},{"not_picked":["Guardian:Gem_White","Guardian:CrystalBeam"],"picked":"Guardian:PrismaticBeam","floor":27},{"not_picked":["Crow Ritual","HandOfGreed"],"picked":"Secret Weapon","floor":27},{"not_picked":["ReplayTheSpireMod:Trickstab","Mayhem"],"picked":"Madness","floor":27},{"not_picked":["hubris:Ssssneak","theEdgeheg:OkSo8"],"picked":"Panacea","floor":27},{"not_picked":["Guardian:ChargeCore+1","Guardian:VentSteam"],"picked":"Guardian:Gem_Green","floor":28},{"not_picked":["Guardian:Planning","Guardian:PrimingBeam"],"picked":"Guardian:Gem_Blue","floor":29},{"not_picked":["Guardian:AncientConstruct","Guardian:SpikerProtocol+1"],"picked":"Guardian:CrystalBeam","floor":31},{"not_picked":["Guardian:Suspension","Guardian:Harden"],"picked":"Guardian:FloatingOrbs","floor":32},{"not_picked":["Guardian:StasisField","Guardian:ConstructionForm"],"picked":"Guardian:ExploitGems","floor":33},{"not_picked":["Guardian:Incinerate+1","Guardian:ShieldCharger","Guardian:VentSteam"],"picked":"SKIP","floor":36},{"not_picked":["Guardian:Gem_Red","Guardian:Gem_Cyan"],"picked":"Guardian:DonusPower","floor":40},{"not_picked":["Guardian:PrimingBeam","Guardian:TemporalStrike","Guardian:ShieldCharger"],"picked":"SKIP","floor":42},{"not_picked":["Guardian:Recover","Guardian:TimeBomb"],"picked":"Guardian:PrismaticBarrier","floor":43},{"not_picked":["Guardian:RollAttack+1","Guardian:Gem_Fragmented"],"picked":"Guardian:CrystalBeam+1","floor":44},{"not_picked":["Guardian:WalkerClaw+1","Guardian:PrimingBeam+1"],"picked":"Guardian:Gem_Fragmented","floor":45},{"not_picked":["Guardian:PrismaticBeam+1","Guardian:TemporalStrike"],"picked":"Guardian:CrystalBeam","floor":47},{"not_picked":["Guardian:VentSteam","Guardian:RollAttack"],"picked":"Guardian:SpikerProtocol","floor":49},{"not_picked":["Guardian:Recover","Guardian:TemporalShield"],"picked":"Guardian:Gem_Yellow","floor":52}],"player_experience":402914,"relics_obtained":[{"floor":1,"key":"trackpad:WindUpAutoDealer"},{"floor":6,"key":"Potion Belt"},{"floor":9,"key":"Gambling Chip"},{"floor":14,"key":"Runesmith:AutoHammer"},{"floor":24,"key":"Incense Burner"},{"floor":26,"key":"reliquary:JackalopeAntler"},{"floor":28,"key":"trackpad:DisasterInABottle"},{"floor":40,"key":"StuffTheSpire:Rhapsscallions"},{"floor":41,"key":"Dota2Spire:ShadowBlade"},{"floor":52,"key":"reliquary:ExpiredCoupon"}],"event_choices":[{"damage_healed":0,"gold_gain":0,"player_choice":"1","damage_taken":0,"max_hp_gain":0,"max_hp_loss":0,"event_name":"betterMatch:BetterMatch","floor":13,"gold_loss":0,"cards_obtained":["betterMatch:CommonCard","betterMatch:ColorlessUncommonCard","betterMatch:UncommonCard"]}],"is_beta":false,"boss_relics":[{"not_picked":["Kintsugi","halation:Risk"],"picked":"Philosopher\u0027s Stone"},{"not_picked":["StuffTheSpire:Kangaroo","energizedSpire:SpiderWeb","hubris:RunicObelisk"]}],"items_purged_floors":[53],"is_endless":false,"potions_floor_spawned":[3,4,6,15,16,28,31,32,33,36,43,45,47],"ascension_level":3}}