{"host":"0pyv9je0pz1gg9m7","time":1613668573,"event":{"mods":["AchievementEnabler","BaseMod","Colored Map","DeckTracker","Minty Spire (QoL Compilation)","Permanent Neow","StSLib","SuperFastMode","everything is the same but u backflip on backflip"],"gold_per_floor":[111,124,141,121,134,134,160,160,160,179,179,179],"floor_reached":11,"language":"KOR","playtime":391,"items_purged":[],"score":150,"play_id":"311b0377-db94-4342-be5e-518e67bdac55","local_time":"20210219021613","is_ascension_mode":true,"campfire_choices":[{"data":"Neutralize","floor":6.0,"key":"SMITH"},{"floor":8.0,"key":"REST"}],"circlet_count":0,"master_deck":["AscendersBane","Strike_G","Strike_G","Strike_G","Strike_G","Defend_G","Defend_G","Defend_G","Defend_G","Survivor","Neutralize+1","Backflip","Concentrate","Quick Slash","Noxious Fumes","Calculated Gamble","Predator","Dodge and Roll","Masterful Stab"],"relics":["Ring of the Snake","Gremlin Horn","WingedGreaves"],"acts_visited":["Exordium"],"potions_floor_usage":[11],"damage_taken":[{"damage":2.0,"enemies":"2 Louse","floor":1.0,"turns":4.0},{"damage":1.0,"enemies":"Cultist","floor":2.0,"turns":4.0},{"damage":11.0,"enemies":"Jaw Worm","floor":3.0,"turns":6.0},{"damage":4.0,"enemies":"Blue Slaver","floor":5.0,"turns":5.0},{"damage":12.0,"enemies":"Lagavulin","floor":7.0,"turns":5.0},{"damage":9.0,"enemies":"2 Fungi Beasts","floor":10.0,"turns":3.0},{"damage":26,"enemies":"Gremlin Nob","floor":11,"turns":3}],"seed_played":"1241371319521755530","potions_obtained":[{"floor":1.0,"key":"SneckoOil"},{"floor":4.0,"key":"FearPotion"}],"is_trial":false,"path_per_floor":["M","M","M","?","M","R","E","R","T","M","E"],"character_chosen":"THE_SILENT","items_purchased":[],"campfire_rested":1,"item_purchase_floors":[],"current_hp_per_floor":[42,41,30,30,26,26,14,33,33,24,0,0],"gold":179,"neow_bonus":"TRANSFORM_TWO_CARDS","is_daily":false,"chose_seed":false,"campfire_upgraded":1,"win_rate":0.0,"timestamp":1613668573,"path_taken":["M","M","M","?","M","R","E","R","T","M","E"],"items_purchased_type":[],"build_version":"2020-12-22","purchased_purges":0,"victory":false,"max_hp_per_floor":[66,66,66,66,66,66,66,66,66,66,66,66],"card_choices":[{"not_picked":["Concentrate","Calculated Gamble"],"picked":"Quick Slash","floor":1.0},{"not_picked":["Flying Knee","Well Laid Plans"],"picked":"Noxious Fumes","floor":2.0},{"not_picked":["Deflect","Riddle With Holes"],"picked":"Calculated Gamble","floor":3.0},{"not_picked":["Calculated Gamble","Dodge and Roll"],"picked":"Predator","floor":5.0},{"not_picked":["Finisher","Riddle With Holes"],"picked":"Dodge and Roll","floor":7.0},{"not_picked":["Accuracy","Dagger Throw"],"picked":"Masterful Stab","floor":10.0}],"player_experience":452463,"relics_obtained":[{"floor":7.0,"key":"Gremlin Horn"},{"floor":9.0,"key":"WingedGreaves"}],"event_choices":[{"damage_healed":0.0,"max_hp_gain":0.0,"max_hp_loss":0.0,"gold_gain":0.0,"event_name":"The Woman in Blue","player_choice":"Bought 1 Potion","floor":4.0,"gold_loss":0.0,"damage_taken":0.0}],"is_beta":false,"boss_relics":[],"items_purged_floors":[],"is_endless":false,"potions_floor_spawned":[1],"killed_by":"Gremlin Nob","ascension_level":20}}