{"host":"89iuq2p5kwriuwfq","time":1613665219,"event":{"mods":["BaseMod","Curses Come First","Minty Spire (QoL Compilation)","Permanent Neow","StSLib"],"gold_per_floor":[111,111,130,80,91,121,181,181,181,200,235,123,158,172,172,246,246,266,266,280,291,308,308,333,333,333],"floor_reached":25,"language":"ENG","playtime":2204,"items_purged":["Dualcast"],"score":401,"play_id":"57cdf8d1-9dab-4441-9437-b81c70f62ea4","local_time":"20210218162019","is_ascension_mode":true,"campfire_choices":[{"data":"Echo Form","floor":8.0,"key":"SMITH"},{"data":"Heatsinks","floor":15.0,"key":"SMITH"},{"data":"Rainbow","floor":23,"key":"SMITH"}],"circlet_count":0,"master_deck":["AscendersBane","Strike_B","Strike_B","Strike_B","Defend_B","Defend_B","Defend_B","Zap","Force Field","Chaos+1","Coolheaded","Echo Form+1","Self Repair","Reboot","Capacitor","Chill","Heatsinks+1","Rainbow+1","Self Repair","Necronomicurse","Streamline"],"relics":["Cracked Core","Meat on the Bone","Akabeko","Happy Flower","Blood Vial","Juzu Bracelet","Nuclear Battery","Necronomicon","WingedGreaves"],"acts_visited":["Exordium","TheCity"],"potions_floor_usage":[20,24,25],"damage_taken":[{"damage":2.0,"enemies":"2 Louse","floor":1.0,"turns":2.0},{"damage":0.0,"enemies":"Cultist","floor":3.0,"turns":4.0},{"damage":2.0,"enemies":"Jaw Worm","floor":5.0,"turns":3.0},{"damage":16.0,"enemies":"Lagavulin","floor":6.0,"turns":6.0},{"damage":33.0,"enemies":"Lagavulin Event","floor":7.0,"turns":7.0},{"damage":10.0,"enemies":"2 Fungi Beasts","floor":10.0,"turns":3.0},{"damage":23.0,"enemies":"Gremlin Nob","floor":11.0,"turns":5.0},{"damage":26.0,"enemies":"3 Sentries","floor":13.0,"turns":11.0},{"damage":8.0,"enemies":"Looter","floor":14.0,"turns":4.0},{"damage":27.0,"enemies":"The Guardian","floor":16.0,"turns":12.0},{"damage":10.0,"enemies":"3 Byrds","floor":18.0,"turns":5.0},{"damage":16,"enemies":"2 Thieves","floor":20,"turns":4},{"damage":11,"enemies":"Snecko","floor":21,"turns":8},{"damage":11,"enemies":"Sentry and Sphere","floor":22,"turns":7},{"damage":42,"enemies":"Book of Stabbing","floor":24,"turns":7},{"damage":55,"enemies":"Gremlin Leader","floor":25,"turns":7}],"seed_played":"-3337226558925240316","potions_obtained":[{"floor":1.0,"key":"SteroidPotion"},{"floor":3.0,"key":"Swift Potion"},{"floor":6.0,"key":"LiquidBronze"},{"floor":7.0,"key":"DistilledChaos"},{"floor":13.0,"key":"PowerPotion"},{"floor":20,"key":"Fire Potion"},{"floor":21,"key":"GamblersBrew"}],"is_trial":false,"path_per_floor":["M","?","M","?","M","E","?","R","T","M","E","$","E","M","R","B",null,"M","?","M","M","M","R","E","E"],"character_chosen":"DEFECT","items_purchased":["Capacitor"],"campfire_rested":0,"item_purchase_floors":[12],"current_hp_per_floor":[66,66,66,66,64,48,27,27,27,29,25,25,27,40,40,34,65,71,55,55,60,65,65,51,0,0],"gold":333,"neow_bonus":"TRANSFORM_CARD","is_daily":false,"chose_seed":false,"campfire_upgraded":3,"win_rate":0.0,"timestamp":1613665219,"path_taken":["M","?","?","?","M","E","?","R","T","M","E","$","E","M","R","BOSS","M","?","M","M","M","R","E","E"],"items_purchased_type":["Card"],"build_version":"2020-12-22","purchased_purges":1,"victory":false,"max_hp_per_floor":[75,75,75,75,75,75,75,75,75,75,75,75,75,75,75,75,75,75,75,75,75,75,75,75,75,75],"card_choices":[{"not_picked":["Double Energy","Scrape"],"picked":"Chaos","floor":1.0},{"not_picked":["Stack","FTL","Go for the Eyes"],"picked":"SKIP","floor":3.0},{"not_picked":["Go for the Eyes","Rebound"],"picked":"Coolheaded","floor":5.0},{"not_picked":["Aggregate","Skim","Streamline"],"picked":"SKIP","floor":6.0},{"not_picked":["Aggregate","Skim","Streamline"],"picked":"SKIP","floor":6.0},{"not_picked":["Steam Power","Hologram"],"picked":"Echo Form","floor":7.0},{"not_picked":["Ball Lightning","Compile Driver"],"picked":"Self Repair","floor":10.0},{"not_picked":["Blizzard","Melter"],"picked":"Reboot","floor":11.0},{"not_picked":["Go for the Eyes","Aggregate"],"picked":"Chill","floor":13.0},{"not_picked":["Streamline","Ball Lightning"],"picked":"Heatsinks","floor":14.0},{"not_picked":["Amplify","Buffer"],"picked":"Rainbow","floor":16.0},{"not_picked":["FTL","Chill"],"picked":"Self Repair","floor":18.0},{"not_picked":["Sweeping Beam","Rebound","Go for the Eyes"],"picked":"SKIP","floor":20},{"not_picked":["Redo","Cold Snap"],"picked":"Streamline","floor":21},{"not_picked":["Compile Driver","Hologram","Blizzard"],"picked":"SKIP","floor":22},{"not_picked":["Hologram","Stack","Chill"],"picked":"SKIP","floor":24}],"player_experience":723427,"relics_obtained":[{"floor":6.0,"key":"Meat on the Bone"},{"floor":7.0,"key":"Akabeko"},{"floor":9.0,"key":"Happy Flower"},{"floor":11.0,"key":"Blood Vial"},{"floor":13.0,"key":"Juzu Bracelet"},{"floor":19.0,"key":"Necronomicon"},{"floor":24,"key":"WingedGreaves"}],"event_choices":[{"damage_healed":0.0,"max_hp_gain":0.0,"max_hp_loss":0.0,"gold_gain":0.0,"event_name":"Upgrade Shrine","player_choice":"Upgraded","floor":2.0,"gold_loss":0.0,"damage_taken":0.0,"cards_upgraded":["Chaos"]},{"cards_removed":["Defend_B"],"damage_healed":0.0,"max_hp_gain":0.0,"max_hp_loss":0.0,"gold_gain":0.0,"event_name":"The Cleric","player_choice":"Card Removal","floor":4.0,"gold_loss":50.0,"damage_taken":0.0},{"damage_healed":0.0,"max_hp_gain":0.0,"max_hp_loss":0.0,"gold_gain":0.0,"event_name":"Dead Adventurer","player_choice":"Searched \u00271\u0027 times","floor":7.0,"gold_loss":0.0,"damage_taken":0.0},{"damage_healed":0.0,"max_hp_gain":0.0,"max_hp_loss":0.0,"gold_gain":0.0,"event_name":"Cursed Tome","player_choice":"Obtained Book","floor":19.0,"gold_loss":0.0,"damage_taken":16.0}],"is_beta":false,"boss_relics":[{"not_picked":["Astrolabe","SacredBark"],"picked":"Nuclear Battery"}],"items_purged_floors":[12],"is_endless":false,"potions_floor_spawned":[1,3,6,7,13,20,21],"killed_by":"Gremlin Leader","ascension_level":13}}