{"host":"etc34k4ck9qyv0fa","time":1613667336,"event":{"mods":["AchievementEnabler","BaseMod","Colored Map","Colored Powertips","Marisa????????","Minty Spire (QoL Compilation)","Reimu??????","Replay The Spire","StSLib","The Animator","The Servant 0.9.4"],"gold_per_floor":[10,10,34,58,7,41,73,73,73,73,87,104,132,147,147,246,246,256,272,272,286,302,302,349,121,121,121,151,151,161,194,194,289,289,304,374,385,455,455,677,703,731,801,833,379,419,259,259,259,259,259,259,591,641,696,696,696,66,141,221,450,61,156,224,224,11,126,126,126,126],"floor_reached":69,"language":"ENG","playtime":6932,"items_purged":["animator:Strike","animator:Genos"],"score":1098,"play_id":"884bd910-026e-4c8c-bdd9-3a1467d5fee1","local_time":"20210218175536","is_ascension_mode":false,"campfire_choices":[{"data":"animator:Saitama","floor":8.0,"key":"SMITH"},{"floor":10.0,"key":"REST"},{"floor":15.0,"key":"RECALL"},{"data":"animator:MetalKnight","floor":23.0,"key":"SMITH"},{"data":"animator:Geryuganshoop","floor":29.0,"key":"SMITH"},{"data":"animator:FeridBathory","floor":49.0,"key":"SMITH"},{"data":"animator:HomuraAkemi","floor":52.0,"key":"SMITH"},{"data":"animator:Entoma+19","floor":68,"key":"SMITH"}],"circlet_count":0,"master_deck":["animator:Defend_OnePunchMan+1","animator:Defend+1","animator:Defend+1","animator:Entoma+20","animator:Lancer+1","animator:MetalKnight+1","animator:Saitama+1","animator:Melzalgald+1","animator:Shichika+1","animator:Geryuganshoop+1","animator:FeridBathory+1","animator:Togame+1","animator:Saber+1","animator:Sonic+1","animator:Yuuichirou+1","animator:Alexander+1","animator:OrikoMikuni+1","animator:HomuraAkemi+1","animator:HigakiRinne+1","animator:HomuraAkemi+1","animator:HigakiRinne+1","animator:NononJakuzure+1","animator:Kyubey+1"],"relics":["animator:TheEgnaroPiece","animator:AncientMedallion"],"acts_visited":["Exordium","TheCity","TheBeyond","TheEnding","EYB:TheUnnamedReign"],"potions_floor_usage":[55,59,60,60,60,63,63,67,67,69,69],"damage_taken":[{"damage":0.0,"enemies":"Small Slimes","floor":1.0,"turns":3.0},{"damage":0.0,"enemies":"Cultist","floor":3.0,"turns":3.0},{"damage":1.0,"enemies":"Jaw Worm","floor":4.0,"turns":3.0},{"damage":20.0,"enemies":"Gremlin Nob","floor":6.0,"turns":5.0},{"damage":9.0,"enemies":"Looter","floor":7.0,"turns":4.0},{"damage":12.0,"enemies":"Exordium Thugs","floor":11.0,"turns":4.0},{"damage":2.0,"enemies":"3 Louse","floor":12.0,"turns":2.0},{"damage":6.0,"enemies":"3 Sentries","floor":13.0,"turns":10.0},{"damage":9.0,"enemies":"Looter","floor":14.0,"turns":3.0},{"damage":15.0,"enemies":"The Guardian","floor":16.0,"turns":9.0},{"damage":0.0,"enemies":"Spheric Guardian","floor":18.0,"turns":3.0},{"damage":0.0,"enemies":"3 Byrds","floor":19.0,"turns":4.0},{"damage":0.0,"enemies":"Shelled Parasite and Fungi","floor":21.0,"turns":5.0},{"damage":21.0,"enemies":"Centurion and Healer","floor":22.0,"turns":5.0},{"damage":4.0,"enemies":"Masked Bandits","floor":28.0,"turns":4.0},{"damage":0.0,"enemies":"Snake Plant","floor":30.0,"turns":3.0},{"damage":0.0,"enemies":"animator:HornedBat","floor":31.0,"turns":5.0},{"damage":15.0,"enemies":"Collector","floor":33.0,"turns":7.0},{"damage":0.0,"enemies":"3 Shapes","floor":35.0,"turns":3.0},{"damage":13.0,"enemies":"Orin","floor":36.0,"turns":7.0},{"damage":12.0,"enemies":"3 Darklings","floor":37.0,"turns":4.0},{"damage":0.0,"enemies":"Giant Head","floor":41.0,"turns":5.0},{"damage":17.0,"enemies":"Spire Growth","floor":42.0,"turns":4.0},{"damage":0.0,"enemies":"R_Hoarder","floor":44.0,"turns":7.0},{"damage":18.0,"enemies":"Nemesis","floor":46.0,"turns":5.0},{"damage":22.0,"enemies":"Time Eater","floor":50.0,"turns":7.0},{"damage":0,"enemies":"animator:UNNAMED_CULTIST_1","floor":54,"turns":8},{"damage":0,"enemies":"animator:UNNAMED_HAT","floor":55,"turns":7},{"damage":0,"enemies":"animator:TRIPLE_LAGAVULIN","floor":59,"turns":9},{"damage":0,"enemies":"animator:LARGE_CUBE","floor":60,"turns":7},{"damage":0,"enemies":"animator:ULTIMATE_CUBE","floor":63,"turns":10},{"damage":8,"enemies":"animator:ULTIMATE_WISP","floor":67,"turns":6},{"damage":112,"enemies":"animator:TheUnnamed","floor":69,"turns":13}],"seed_played":"-2740579042588243051","potions_obtained":[{"floor":4.0,"key":"SteroidPotion"},{"floor":11.0,"key":"Languid Potion"},{"floor":14.0,"key":"GamblersBrew"},{"floor":19.0,"key":"SteroidPotion"},{"floor":24.0,"key":"animator:GrowthPotion"},{"floor":24.0,"key":"LifebloodPotion"},{"floor":24.0,"key":"BlessingOfTheForge"},{"floor":30.0,"key":"GamblersBrew"},{"floor":31.0,"key":"PowerPotion"},{"floor":41.0,"key":"SkillPotion"},{"floor":44.0,"key":"Energy Potion"},{"floor":54,"key":"animator:FalseLifePotion"},{"floor":55,"key":"animator:FalseLifePotion"},{"floor":59,"key":"animator:FalseLifePotion"},{"floor":60,"key":"animator:FalseLifePotion"},{"floor":63,"key":"animator:FalseLifePotion"},{"floor":67,"key":"animator:FalseLifePotion"}],"is_trial":false,"path_per_floor":["M","?","M","M","$","E","M","R","T","R","M","M","E","M","R","B",null,"M","M","?","M","M","R","?","$","T","?","?","R","M","E","R_BF","B",null,"M","?","M","T","?","?","E","M","T","E","$","E","$","?","R","B",null,"R","??","M","M","T","?","$","M","M","?","$","E","T","?","$","E","R","B"],"character_chosen":"THE_ANIMATOR","items_purchased":["PowerPotion","Sling","animator:BattleDrones","CultistPotion","animator:HomuraAkemi","animator:AncientMedallion","animator:FalseLifePotion","animator:AncientMedallion","animator:FalseLifePotion","animator:AncientMedallion","animator:FalseLifePotion","animator:FalseLifePotion","animator:Kyubey","animator:FalseLifePotion"],"campfire_rested":1,"item_purchase_floors":[5,25,45,45,47,58,58,58,58,62,62,62,66,66],"current_hp_per_floor":[66,66,68,67,67,50,41,41,41,62,52,52,49,40,40,27,80,82,84,84,86,67,67,32,32,32,32,30,30,30,32,32,20,95,97,86,76,76,76,76,76,61,61,61,61,57,57,42,42,20,117,117,98,100,100,100,30,30,54,100,100,100,100,100,100,100,92,92,0,0],"gold":126,"neow_bonus":"REMOVE_TWO","is_daily":false,"chose_seed":false,"campfire_upgraded":6,"win_rate":0.0,"timestamp":1613667336,"path_taken":["M","?","M","M","?","E","M","R","T","R","M","M","E","M","R","BOSS","M","M","?","M","?","R","?","$","T","?","?","R","M","E","R_BF","BOSS","M","?","M","?","?","?","E","?","T","E","$","E","?","?","R","BOSS","R","??","M","M","T","?","$","M","M","?","$","E","T","?","$","E","R","BOSS"],"items_purchased_type":["Potion","Relic","Relic","Potion","Card","Relic","Potion","Relic","Potion","Relic","Potion","Potion","Card","Potion"],"build_version":"2020-12-22","purchased_purges":2,"victory":false,"max_hp_per_floor":[66,66,68,68,68,71,71,71,71,71,73,75,78,78,78,80,80,82,84,84,86,88,88,88,88,88,88,90,90,90,92,92,95,95,97,99,101,101,101,101,101,103,103,103,103,117,117,117,117,117,117,117,98,100,100,100,100,100,100,100,100,100,100,100,100,100,100,100,100,100],"card_choices":[{"not_picked":["animator:Mitsuba","animator:Shichika"],"picked":"animator:Entoma","floor":1.0},{"not_picked":["animator:Bozes","animator:UneriGinkaku"],"picked":"animator:Lancer","floor":3.0},{"not_picked":["animator:Jibril","animator:ChaikaBohdan"],"picked":"animator:MetalKnight","floor":4.0},{"not_picked":["animator:MumenRider","animator:SilverFang"],"picked":"animator:Saitama","floor":6.0},{"not_picked":["animator:Emonzaemon","animator:Tatsumaki"],"picked":"animator:Melzalgald","floor":7.0},{"not_picked":["animator:KyokoSakura","animator:Assassin"],"picked":"animator:Shichika","floor":11.0},{"not_picked":["animator:YachiyoNanami","animator:FielNirvalen","animator:NagisaMomoe"],"picked":"SKIP","floor":12.0},{"not_picked":["animator:Saitama","animator:MumenRider"],"picked":"animator:Geryuganshoop","floor":13.0},{"not_picked":["animator:Rider","animator:Yoichi","animator:IzunaHatsuse"],"picked":"SKIP","floor":14.0},{"not_picked":["animator:AcuraShin","animator:Sora"],"picked":"animator:FeridBathory","floor":16.0},{"not_picked":["animator:UneriGinkaku","animator:Shalltear","animator:HiiragiShinya"],"picked":"SKIP","floor":18.0},{"not_picked":["animator:AcuraAkari","animator:Viivi","animator:KyokoSakura"],"picked":"SKIP","floor":19.0},{"not_picked":["animator:Assassin+1","animator:Lancer+1","animator:IrohaTamaki"],"picked":"SKIP","floor":22.0},{"not_picked":["animator:Sebas","animator:Konayuki+1","animator:CrowleyEusford"],"picked":"SKIP","floor":30.0},{"not_picked":["animator:OrikoMikuni","animator:MamiTomoe"],"picked":"animator:Entoma","floor":31.0},{"not_picked":["animator:Sora","animator:MadokaKaname"],"picked":"animator:Saber","floor":33.0},{"not_picked":["animator:Shichika","animator:Kuribayashi+1"],"picked":"animator:Sonic","floor":36.0},{"not_picked":["animator:TsurugaMeisai+1","animator:Mitsuba+1"],"picked":"animator:Entoma","floor":37.0},{"not_picked":["animator:ChlammyZell","animator:Togame+1"],"picked":"animator:Yuuichirou","floor":41.0},{"not_picked":["animator:Berserker","animator:Archer"],"picked":"animator:Alexander","floor":42.0},{"not_picked":["animator:ChaikaTrabant","animator:DolaSchwi","animator:Alexander"],"picked":"SKIP","floor":44.0},{"not_picked":["animator:Konayuki","animator:PandorasActor+1"],"picked":"animator:OrikoMikuni+1","floor":46.0},{"not_picked":["animator:Mikaela","animator:DolaSchwi","animator:YaoHaDucy"],"picked":"SKIP","floor":54},{"not_picked":["animator:Alexander","animator:Mikaela","animator:MumenRider+1"],"picked":"SKIP","floor":55},{"not_picked":["animator:DolaCouronne","animator:Mikaela+1"],"picked":"animator:HomuraAkemi","floor":59},{"not_picked":["animator:ChaikaBohdan+1","animator:YaoHaDucy+1"],"picked":"animator:Entoma+1","floor":60},{"not_picked":["animator:DolaCouronne+1","animator:Alexander+1"],"picked":"animator:HigakiRinne","floor":63},{"not_picked":["animator:LimeBell","animator:Zero"],"picked":"animator:NononJakuzure","floor":65},{"not_picked":["animator:KyokoSakura","animator:DolaStephanie"],"picked":"animator:Entoma","floor":67}],"player_experience":497272,"relics_obtained":[{"floor":6.0,"key":"Du-Vu Doll"},{"floor":9.0,"key":"ReplayTheSpireMod:Ninjato"},{"floor":13.0,"key":"ReplayTheSpireMod:Shallot"},{"floor":26.0,"key":"animator:EngravedStaff"},{"floor":28.0,"key":"Red Mask"},{"floor":31.0,"key":"animator:WizardHat"},{"floor":36.0,"key":"CatCart"},{"floor":38.0,"key":"Quantum Egg"},{"floor":41.0,"key":"Replay:WaspNest"},{"floor":44.0,"key":"animator:OldCoffin"},{"floor":46.0,"key":"Mango"},{"floor":53.0,"key":"animator:TheEgnaroPiece"},{"floor":53.0,"key":"animator:AncientMedallion"},{"floor":56,"key":"animator:AncientMedallion"},{"floor":63,"key":"animator:AncientMedallion"},{"floor":64,"key":"animator:AncientMedallion"},{"floor":67,"key":"animator:AncientMedallion"}],"event_choices":[{"damage_healed":0.0,"max_hp_gain":0.0,"max_hp_loss":0.0,"gold_gain":0.0,"event_name":"Wheel of Change","player_choice":"Full Heal","floor":2.0,"gold_loss":0.0,"damage_taken":0.0},{"damage_healed":0.0,"max_hp_gain":0.0,"max_hp_loss":0.0,"gold_gain":0.0,"event_name":"N\u0027loth","player_choice":"Ignored","floor":20.0,"gold_loss":0.0,"damage_taken":0.0},{"cards_removed":["animator:Strike_OnePunchMan"],"damage_healed":0.0,"max_hp_gain":0.0,"max_hp_loss":0.0,"gold_gain":0.0,"event_name":"Back to Basics","player_choice":"Elegance","floor":27.0,"gold_loss":0.0,"damage_taken":0.0},{"damage_healed":0.0,"max_hp_gain":0.0,"max_hp_loss":0.0,"gold_gain":0.0,"event_name":"Masked Bandits","player_choice":"Fought Bandits","floor":28.0,"gold_loss":0.0,"damage_taken":0.0},{"damage_healed":0.0,"max_hp_gain":0.0,"max_hp_loss":0.0,"gold_gain":0.0,"event_name":"OrinTheCat","player_choice":"Fight","floor":36.0,"gold_loss":0.0,"damage_taken":0.0},{"cards_removed":["animator:MumenRider"],"damage_healed":0.0,"max_hp_gain":0.0,"max_hp_loss":0.0,"gold_gain":0.0,"event_name":"Falling","player_choice":"Removed Attack","floor":39.0,"gold_loss":0.0,"damage_taken":0.0},{"damage_healed":0.0,"max_hp_gain":0.0,"max_hp_loss":0.0,"gold_gain":222.0,"event_name":"Tomb of Lord Red Mask","player_choice":"Wore Mask","floor":40.0,"gold_loss":0.0,"damage_taken":0.0},{"damage_healed":0.0,"max_hp_gain":0.0,"max_hp_loss":0.0,"gold_gain":0.0,"event_name":"Winding Halls","player_choice":"Embrace Madness","floor":48.0,"gold_loss":0.0,"damage_taken":15.0,"cards_obtained":["animator:HigakiRinne"]},{"damage_healed":0,"gold_gain":0,"player_choice":"Memory 1","damage_taken":0,"max_hp_gain":0,"max_hp_loss":0,"event_name":"SensoryStone","floor":65,"gold_loss":0}],"is_beta":false,"boss_relics":[{"not_picked":["Velvet Choker","RedLine:ReiMu"],"picked":"Coffee Dripper"},{"not_picked":["Tiny House","animator:RacePiece"],"picked":"SlaversCollar"}],"items_purged_floors":[25,45],"is_endless":false,"potions_floor_spawned":[4,11,14,19,28,30,31,41,44,46,55,60,63,67],"killed_by":"animator:TheUnnamed","ascension_level":0}}