{"host":"rs956zbefct9hzhl","time":1613684988,"event":{"mods":["BaseMod","BetterRewards","Downfall","Minty Spire (QoL Compilation)","Replay The Spire","Shop Mod","Spicy Shops","Spikes Relics","StSLib"],"gold_per_floor":[99,114,128,303,303,49,49,75,135,45,59,94,94,94,112,211,211,211,231,334,334,188,188,213,131,142,142,33,63,63,92,105,206,206,6,20,120,108,121,137,137,137,155,203,237,137,137,137,152,152,152,152],"floor_reached":50,"language":"ENG","playtime":2997,"items_purged":["Doubt","Delirium","Pain"],"score":744,"play_id":"0707d3e0-40c4-4cba-8d2e-f158ab61e619","local_time":"20210218224948","is_ascension_mode":true,"campfire_choices":[{"data":"bronze:Library","floor":1,"key":"SMITH"},{"floor":13,"key":"REST"},{"data":"bronze:Assembly","floor":18,"key":"SMITH"},{"floor":30,"key":"REST"},{"floor":35,"key":"RECALL"},{"data":"bronze:Virus","floor":46,"key":"SMITH"}],"circlet_count":0,"master_deck":["bronze:Strike+1","bronze:Strike","bronze:Strike","bronze:Strike","bronze:Defend","bronze:Defend","bronze:Defend","bronze:Defend","bronze:Replicate","bronze:Goto","bronze:Library+1","bronze:Terminator+1","bronze:FineTuning","bronze:Optimize","bronze:ChosenStrike","bronze:GetLatest","bronze:Separator","bronze:Assembly+1","bronze:Safeguard","bronze:ForceShield","bronze:ThunderWave","bronze:Separator+1","bronze:Constructor","bronze:Overload","bronze:Assembly+1","bronze:FindAndReplace","bronze:Terminator+1","bronze:BuggyMess","Injury","bronze:InfiniteBeams+1","bronze:BronzeOrb","Parasite","bronze:Virus+1","Spreading Infection","bronze:MaxOutput+1"],"relics":["bronze:PlatinumCore","Vajra","Gremlin Horn","WingedGreaves","Nunchaku","ReplayTheSpireMod:CursedCoin","Membership Card","SpikesRelics:ToyHorsey","Bag of Preparation","Torii","MerchantsRug","SnailShell","Replay:Towering Pillar of Hats","Bottled Tornado","Ornamental Fan","TungstenRod","downfall:HeartBlessingGreen","downfall:HeartBlessingBlue","StoneCalendar","BargainBundle","BicycleWheel","Ring of Misfortune","Ring of Hypnosis","bronze:SilverBullet","Gremlin Food","downfall:HeartBlessingRed"],"acts_visited":["Exordium","TheCity","TheBeyond"],"potions_floor_usage":[3,12,16,16,20,32,33,40,50],"damage_taken":[{"damage":1,"enemies":"Cultist","floor":2,"turns":3},{"damage":0,"enemies":"Small Slimes","floor":3,"turns":3},{"damage":10,"enemies":"downfall:FleeingMerchant","floor":6,"turns":4},{"damage":17,"enemies":"3 Sentries","floor":8,"turns":5},{"damage":4,"enemies":"3 Sentries","floor":9,"turns":4},{"damage":5,"enemies":"downfall:FleeingMerchant","floor":10,"turns":4},{"damage":6,"enemies":"Jaw Worm","floor":11,"turns":2},{"damage":31,"enemies":"Lagavulin","floor":12,"turns":4},{"damage":10,"enemies":"downfall:LooterAlt","floor":15,"turns":2},{"damage":6,"enemies":"SI_SHIV_ARCHETYPE","floor":16,"turns":5},{"damage":56,"enemies":"3 Byrds","floor":19,"turns":5},{"damage":15,"enemies":"downfall:FleeingMerchant","floor":20,"turns":4},{"damage":0,"enemies":"Spheric Guardian","floor":25,"turns":2},{"damage":0,"enemies":"Centurion and Healer","floor":26,"turns":3},{"damage":1,"enemies":"Slavers","floor":29,"turns":3},{"damage":11,"enemies":"Book of Stabbing","floor":31,"turns":4},{"damage":0,"enemies":"Snecko","floor":32,"turns":2},{"damage":16,"enemies":"IC_MUSHROOM_ARCHETYPE","floor":33,"turns":4},{"damage":6,"enemies":"3 Shapes","floor":36,"turns":3},{"damage":0,"enemies":"3 Darklings","floor":39,"turns":3},{"damage":0,"enemies":"Writhing Mass","floor":40,"turns":6},{"damage":0,"enemies":"Spire Growth","floor":43,"turns":2},{"damage":0,"enemies":"Reptomancer","floor":45,"turns":2},{"damage":0,"enemies":"Jaw Worm Horde","floor":49,"turns":2},{"damage":86,"enemies":"WA_ARCHETYPE_DIVINITY","floor":50,"turns":5}],"seed_played":"8766248922995293596","potions_obtained":[{"floor":2,"key":"Block Potion"},{"floor":9,"key":"Cursed Concoction"},{"floor":12,"key":"Energy Potion"},{"floor":15,"key":"Weak Potion"},{"floor":19,"key":"ColorlessPotion"},{"floor":29,"key":"Swift Potion"},{"floor":31,"key":"sneckomod:MuddlingPotion"},{"floor":36,"key":"Weak Potion"},{"floor":45,"key":"AttackPotion"}],"is_trial":false,"path_per_floor":["R","M","M","?","?","$","T","E","?","$","M","E","R","?","M","B",null,"R","M","$","?","$","T","T","M","M","?","$","E","R","E","M","B",null,"R","M","?","$","M","M","T","?","M","?","E","R","?","?","M","B"],"character_chosen":"THE_AUTOMATON","items_purchased":["bronze:Optimize","Vajra","ReplayTheSpireMod:CursedCoin","Membership Card","SpikesRelics:ToyHorsey","Regal Pillow","bronze:Constructor","Bag of Preparation","DollysMirror","MerchantsRug","SnailShell","StoneCalendar","BargainBundle","bronze:BronzeOrb"],"campfire_rested":2,"item_purchase_floors":[6,6,20,20,20,20,20,22,22,28,28,38,38,38],"current_hp_per_floor":[70,69,69,69,69,59,59,49,45,40,34,3,26,51,41,35,77,77,21,6,6,6,6,6,6,6,6,6,5,43,32,32,16,77,87,81,81,81,81,81,81,81,81,81,81,81,81,81,81,0,0,0],"gold":152,"neow_bonus":"ONE_RANDOM_RARE_CARD","is_daily":false,"chose_seed":false,"campfire_upgraded":3,"win_rate":0.0,"timestamp":1613684988,"path_taken":["R","M","M","?","?","?","T","E","?","$","?","E","R","?","M","BOSS","R","M","$","?","$","?","T","M","?","?","?","E","R","E","M","BOSS","R","M","?","$","M","M","T","?","M","?","E","R","?","?","M","BOSS"],"items_purchased_type":["Card","Relic","Relic","Relic","Relic","Relic","Card","Relic","Relic","Relic","Relic","Relic","Relic","Card"],"build_version":"2020-12-22","purchased_purges":3,"victory":false,"max_hp_per_floor":[70,70,70,70,70,70,70,77,77,77,77,77,77,77,77,77,77,77,77,77,77,77,77,77,77,77,77,77,77,77,77,77,77,77,87,87,87,87,87,87,87,87,87,87,87,87,87,87,87,87,87,87],"card_choices":[{"not_picked":["bronze:ForceShield","bronze:Deprecate"],"picked":"bronze:Terminator","floor":2},{"not_picked":["bronze:BugBarrage","bronze:CloningBeam"],"picked":"bronze:FineTuning","floor":3},{"not_picked":["bronze:Frontload","bronze:Constructor"],"picked":"bronze:ClassDefault","floor":6},{"not_picked":["bronze:BugBarrage","bronze:DelayedSlice"],"picked":"bronze:ChosenStrike","floor":8},{"not_picked":["bronze:Return","bronze:Frontload"],"picked":"bronze:GetLatest","floor":9},{"not_picked":["bronze:Backtrace","bronze:WhirlingStrike"],"picked":"bronze:Separator","floor":10},{"not_picked":["bronze:Turbo","bronze:FineTuning"],"picked":"bronze:Assembly","floor":11},{"not_picked":["bronze:Fortify","bronze:DigitalCarnage"],"picked":"bronze:Safeguard","floor":12},{"not_picked":["bronze:MaxOutput","bronze:Turbo"],"picked":"bronze:ForceShield","floor":15},{"not_picked":["bronze:FindAndReplace","bronze:SpaghettiCode"],"picked":"bronze:ThunderWave","floor":16},{"not_picked":["bronze:Overheat","bronze:ItsAFeature","bronze:Iterate"],"picked":"SKIP","floor":19},{"not_picked":["bronze:Turbo","bronze:DarkDash"],"picked":"bronze:Separator+1","floor":20},{"not_picked":["bronze:Deprecate","bronze:WhirlingStrike+1","bronze:Frontload"],"picked":"SKIP","floor":25},{"not_picked":["bronze:Branch","bronze:Invalidate","bronze:CloningBeam+1"],"picked":"SKIP","floor":26},{"not_picked":["bronze:DelayedGuard+1","bronze:FineTuning"],"picked":"bronze:FindAndReplace","floor":29},{"not_picked":["bronze:Fortify","bronze:BitShift"],"picked":"bronze:Terminator+1","floor":31},{"not_picked":["bronze:Deprecate+1","bronze:Return"],"picked":"bronze:BuggyMess","floor":32},{"not_picked":["Looming Evil","ReplayTheSpireMod:Splinters"],"picked":"Pain","floor":34},{"not_picked":["Hatred","ReplayTheSpireMod:Faulty Equipment"],"picked":"Injury","floor":34},{"not_picked":["AbeCurse","Regret"],"picked":"Delirium","floor":34},{"not_picked":["bronze:NullPointer+1","bronze:DelayedGuard+1"],"picked":"bronze:InfiniteBeams+1","floor":36},{"not_picked":["bronze:Branch+1","bronze:BitShift","bronze:CloningBeam"],"picked":"SKIP","floor":39},{"not_picked":["bronze:Frontload+1","bronze:Invalidate"],"picked":"bronze:Virus","floor":40},{"not_picked":["bronze:Overload+1","bronze:Constructor+1","bronze:BugBarrage+1"],"picked":"SKIP","floor":43},{"not_picked":["bronze:Iterate","bronze:Allocate+1"],"picked":"bronze:MaxOutput+1","floor":45},{"not_picked":["bronze:Deprecate+1","bronze:Overload","bronze:DelayedGuard+1"],"picked":"SKIP","floor":49}],"player_experience":534385,"relics_obtained":[{"floor":7,"key":"Gremlin Horn"},{"floor":8,"key":"Strawberry"},{"floor":9,"key":"WingedGreaves"},{"floor":12,"key":"Nunchaku"},{"floor":23,"key":"Torii"},{"floor":29,"key":"Replay:Towering Pillar of Hats"},{"floor":31,"key":"Bottled Tornado"},{"floor":41,"key":"BicycleWheel"},{"floor":42,"key":"Ring of Misfortune"},{"floor":42,"key":"Ring of Hypnosis"},{"floor":44,"key":"bronze:SilverBullet"},{"floor":45,"key":"Gremlin Food"}],"event_choices":[{"damage_healed":25,"gold_gain":0,"player_choice":"Banana","damage_taken":0,"max_hp_gain":0,"max_hp_loss":0,"event_name":"Big Fish","floor":14,"gold_loss":0},{"cards_removed":["bronze:ClassDefault"],"damage_healed":0,"gold_gain":0,"player_choice":"Removed Power","damage_taken":0,"max_hp_gain":0,"max_hp_loss":0,"event_name":"Falling","floor":48,"gold_loss":0}],"is_beta":false,"boss_relics":[{"not_picked":["Ring of Chaos","SlaversCollar"],"picked":"bronze:PlatinumCore"},{"not_picked":["Replay:Wanted Poster","Tiny House"],"picked":"Replay:Ancient Bell"},{"not_picked":["bronze:ProtectiveGoggles","Pet Ghost"],"picked":"Juzu Bracelet"},{"not_picked":["RetroEgg","Onion Ring"],"picked":"Ornamental Fan"},{"not_picked":["SuspiciousGoo","Prayer Wheel"],"picked":"TungstenRod"}],"items_purged_floors":[10,38,38],"is_endless":false,"potions_floor_spawned":[2,9,12,15,19,29,31,36,45],"killed_by":"WA_ARCHETYPE_DIVINITY","ascension_level":1}}