{"host":"8tgyo6jwzgmjsiz5","time":1613627320,"event":{"mods":["AchievementEnabler","BaseMod","Best Route Mod","Highlight Path","Minty Spire (QoL Compilation)","Permanent Neow","Quick Restart","StSLib","SuperFastMode"],"gold_per_floor":[114,129,145,145,162,162,16,16,16,45,64,84,84,95,95,173,173,187,205,217,145,157,190,190,216,240,266,266,280,309,324,324,396,396,410,426,451,451,478,513,158,158,158],"floor_reached":42,"language":"ENG","playtime":3146,"items_purged":["Strike_R"],"score":918,"play_id":"a657bbcd-2fe4-432e-b98b-eb81e8210900","local_time":"20210218024840","is_ascension_mode":true,"campfire_choices":[{"data":"Apotheosis","floor":6.0,"key":"SMITH"},{"data":"True Grit","floor":13.0,"key":"SMITH"},{"data":"Carnage","floor":15.0,"key":"SMITH"},{"floor":24.0,"key":"REST"},{"floor":32.0,"key":"REST"}],"circlet_count":0,"master_deck":["AscendersBane","Strike_R","Strike_R","Strike_R","Defend_R","Defend_R","Defend_R","Bash","Apotheosis+1","Pommel Strike","Carnage+1","True Grit+1","Shrug It Off","Rampage","Impervious","Pummel","Feed","Whirlwind","Rupture","Headbutt","Inflame","Combust+1","Impervious","Disarm","Shrug It Off","Decay","Shrug It Off+1","Limit Break","Uppercut","True Grit+1","Rupture","Disarm","Battle Trance"],"relics":["Burning Blood","Red Skull","Fusion Hammer","Happy Flower","Tiny Chest","Art of War","Letter Opener","Regal Pillow","Philosopher\u0027s Stone","TungstenRod","The Courier","FossilizedHelix"],"acts_visited":["TheCity","TheBeyond"],"potions_floor_usage":[42],"damage_taken":[{"damage":16.0,"enemies":"Small Slimes","floor":1.0,"turns":4.0},{"damage":6.0,"enemies":"2 Louse","floor":2.0,"turns":3.0},{"damage":0.0,"enemies":"Cultist","floor":3.0,"turns":3.0},{"damage":10.0,"enemies":"Gremlin Gang","floor":5.0,"turns":8.0},{"damage":23.0,"enemies":"3 Sentries","floor":10.0,"turns":7.0},{"damage":0.0,"enemies":"Blue Slaver","floor":11.0,"turns":3.0},{"damage":0.0,"enemies":"Looter","floor":12.0,"turns":3.0},{"damage":1.0,"enemies":"Exordium Wildlife","floor":14.0,"turns":4.0},{"damage":26.0,"enemies":"The Guardian","floor":16.0,"turns":8.0},{"damage":18.0,"enemies":"2 Thieves","floor":18.0,"turns":4.0},{"damage":13.0,"enemies":"Shell Parasite","floor":19.0,"turns":7.0},{"damage":21.0,"enemies":"Snecko","floor":20.0,"turns":4.0},{"damage":2.0,"enemies":"Sentry and Sphere","floor":22.0,"turns":5.0},{"damage":36.0,"enemies":"Book of Stabbing","floor":23.0,"turns":5.0},{"damage":8.0,"enemies":"Gremlin Leader","floor":25.0,"turns":6.0},{"damage":29.0,"enemies":"Book of Stabbing","floor":27.0,"turns":4.0},{"damage":16.0,"enemies":"3 Cultists","floor":29.0,"turns":5.0},{"damage":8.0,"enemies":"Gremlin Leader","floor":30.0,"turns":6.0},{"damage":0.0,"enemies":"Snake Plant","floor":31.0,"turns":4.0},{"damage":30.0,"enemies":"Collector","floor":33.0,"turns":8.0},{"damage":20.0,"enemies":"3 Darklings","floor":35.0,"turns":9.0},{"damage":5.0,"enemies":"Orb Walker","floor":36.0,"turns":5.0},{"damage":44.0,"enemies":"Mind Bloom Boss Battle","floor":37.0,"turns":6.0},{"damage":36.0,"enemies":"Nemesis","floor":40.0,"turns":5.0},{"damage":62,"enemies":"Transient","floor":42,"turns":5}],"seed_played":"2864477980248116102","potions_obtained":[{"floor":2.0,"key":"LiquidBronze"},{"floor":3.0,"key":"AttackPotion"},{"floor":10.0,"key":"ColorlessPotion"},{"floor":12.0,"key":"Swift Potion"},{"floor":14.0,"key":"PowerPotion"},{"floor":18.0,"key":"GamblersBrew"},{"floor":23.0,"key":"LiquidMemories"},{"floor":25.0,"key":"SpeedPotion"},{"floor":27.0,"key":"Ancient Potion"},{"floor":30.0,"key":"Energy Potion"},{"floor":33.0,"key":"FearPotion"},{"floor":40.0,"key":"BloodPotion"}],"is_trial":false,"path_per_floor":["M","M","M","?","M","R","$","?","T","E","M","M","R","M","R","B",null,"M","M","M","$","M","E","R","E","T","E","?","M","E","M","R","B",null,"M","M","?","?","T","E","$","M"],"character_chosen":"IRONCLAD","items_purchased":["Shrug It Off","FearPotion","Inflame","Disarm","Battle Trance","FossilizedHelix"],"campfire_rested":2,"item_purchase_floors":[7,7,21,41,41,41],"current_hp_per_floor":[40,40,46,46,42,42,42,42,42,25,31,37,37,42,42,22,62,50,47,36,36,40,14,40,42,42,19,19,9,11,17,60,36,80,70,75,41,41,41,11,11,0,0],"gold":158,"neow_bonus":"RANDOM_COLORLESS_2","is_daily":false,"chose_seed":false,"campfire_upgraded":3,"win_rate":0.0,"timestamp":1613627320,"path_taken":["M","M","M","?","M","R","$","?","T","E","M","?","R","M","R","BOSS","M","?","M","$","M","E","R","E","T","E","?","M","E","M","R","BOSS","M","M","?","?","?","E","$","M"],"items_purchased_type":["Card","Potion","Card","Card","Card","Relic"],"build_version":"2020-12-22","purchased_purges":1,"victory":false,"max_hp_per_floor":[75,75,75,75,75,75,75,75,75,75,75,75,75,75,75,75,75,75,79,83,83,83,87,87,91,91,91,91,91,95,95,95,95,95,99,103,107,107,107,107,107,107,107],"card_choices":[{"not_picked":["Panache","HandOfGreed"],"picked":"Apotheosis","floor":0.0},{"not_picked":["Infernal Blade","Feel No Pain"],"picked":"Pommel Strike","floor":1.0},{"not_picked":["Armaments","Wild Strike"],"picked":"Carnage","floor":2.0},{"not_picked":["Seeing Red","Twin Strike","Carnage"],"picked":"SKIP","floor":3.0},{"not_picked":["Sword Boomerang","Headbutt"],"picked":"True Grit","floor":5.0},{"not_picked":["Clothesline","Clash","Havoc"],"picked":"SKIP","floor":10.0},{"not_picked":["Thunderclap","Cleave"],"picked":"Rampage","floor":11.0},{"not_picked":["Headbutt","Sword Boomerang"],"picked":"Impervious","floor":12.0},{"not_picked":["Cleave","Entrench"],"picked":"Pummel","floor":14.0},{"not_picked":["Double Tap","Berserk"],"picked":"Feed","floor":16.0},{"not_picked":["Burning Pact","Perfected Strike"],"picked":"Whirlwind","floor":18.0},{"not_picked":["Armaments","Twin Strike"],"picked":"Rupture","floor":19.0},{"not_picked":["Blood for Blood","Rampage"],"picked":"Headbutt","floor":20.0},{"not_picked":["Rampage","Body Slam"],"picked":"Combust+1","floor":22.0},{"not_picked":["Clash","Sever Soul+1"],"picked":"Impervious","floor":23.0},{"not_picked":["Metallicize","Feel No Pain"],"picked":"Disarm","floor":25.0},{"not_picked":["Heavy Blade","Body Slam"],"picked":"Shrug It Off","floor":27.0},{"not_picked":["Rupture","Sentinel","Iron Wave"],"picked":"SKIP","floor":29.0},{"not_picked":["Sword Boomerang","Sentinel"],"picked":"Shrug It Off+1","floor":30.0},{"not_picked":["Cleave","Feel No Pain","Intimidate"],"picked":"SKIP","floor":31.0},{"not_picked":["Immolate","Demon Form"],"picked":"Limit Break","floor":33.0},{"not_picked":["Clothesline","Whirlwind"],"picked":"Uppercut","floor":35.0},{"not_picked":["Rampage","Rage","Whirlwind+1"],"picked":"SKIP","floor":36.0},{"not_picked":["Spot Weakness","Thunderclap"],"picked":"True Grit+1","floor":37.0},{"not_picked":["Pommel Strike","Anger"],"picked":"Rupture","floor":40.0}],"player_experience":1973686,"relics_obtained":[{"floor":9.0,"key":"Red Skull"},{"floor":23.0,"key":"Happy Flower"},{"floor":25.0,"key":"Tiny Chest"},{"floor":26.0,"key":"Art of War"},{"floor":27.0,"key":"Letter Opener"},{"floor":30.0,"key":"Regal Pillow"},{"floor":37.0,"key":"TungstenRod"},{"floor":40.0,"key":"The Courier"}],"event_choices":[{"cards_removed":["Strike_R"],"damage_healed":0.0,"max_hp_gain":0.0,"max_hp_loss":0.0,"gold_gain":0.0,"event_name":"Living Wall","player_choice":"Forget","floor":4.0,"gold_loss":0.0,"damage_taken":0.0},{"cards_removed":["Defend_R"],"damage_healed":0.0,"max_hp_gain":0.0,"max_hp_loss":0.0,"gold_gain":0.0,"event_name":"Bonfire Elementals","player_choice":"Offered Basic","floor":8.0,"gold_loss":0.0,"damage_taken":0.0},{"damage_healed":0.0,"max_hp_gain":0.0,"max_hp_loss":0.0,"gold_gain":0.0,"event_name":"Forgotten Altar","player_choice":"Smashed Altar","floor":28.0,"gold_loss":0.0,"damage_taken":0.0,"cards_obtained":["Decay"]},{"damage_healed":0.0,"max_hp_gain":0.0,"max_hp_loss":0.0,"gold_gain":0.0,"event_name":"MindBloom","player_choice":"Fight","floor":37.0,"gold_loss":0.0,"damage_taken":0.0},{"damage_healed":0.0,"max_hp_gain":0.0,"max_hp_loss":0.0,"gold_gain":0.0,"event_name":"SensoryStone","player_choice":"Memory 1","floor":38.0,"gold_loss":0.0,"damage_taken":0.0}],"is_beta":false,"boss_relics":[{"not_picked":["Snecko Eye","Mark of Pain"],"picked":"Fusion Hammer"},{"not_picked":["Busted Crown","Calling Bell"],"picked":"Philosopher\u0027s Stone"}],"items_purged_floors":[7],"is_endless":false,"potions_floor_spawned":[2,3,10,12,14,18,23,25,27,30,31,33,40],"killed_by":"Transient","ascension_level":15}}