{"host":"6pietnjer90du4bs","time":1613646883,"event":{"mods":["Aspiration","BaseMod","Bossed Relics","Colored Map","Infinite Spire","Minty Spire (QoL Compilation)","Replay The Spire","StSLib"],"gold_per_floor":[117,117,128,147,147,147,161,161,212,212,212,212,212,224,224,300,300,316,332,352,452,464,464,464],"floor_reached":23,"language":"ENG","playtime":762,"items_purged":[],"score":357,"play_id":"daa1f1e5-4e61-4f7e-a31a-1256040ab507","local_time":"20210218121443","is_ascension_mode":true,"campfire_choices":[{"data":"Amnesia","floor":6,"key":"PURGE"},{"data":"Defend_R","floor":8,"key":"PURGE"},{"floor":12,"key":"REST"},{"floor":15,"key":"REST"}],"circlet_count":0,"master_deck":["AscendersBane","Strike_R","Strike_R","Strike_R","Strike_R","Strike_R","Defend_R","Bash","Cleave","Flex","Flex","infinitespire:DeathsTouch","ReplayTheSpireMod:Stacked","Flex","Immolate","Inflame","Thunderclap"],"relics":["Burning Blood","Peace Pipe","Lizard Tail","Art of War","Pondfish Scales","Astrolabe"],"acts_visited":["Exordium","TheCity"],"potions_floor_usage":[23],"damage_taken":[{"damage":2,"enemies":"Cultist","floor":1,"turns":4},{"damage":7,"enemies":"Small Slimes","floor":3,"turns":4},{"damage":19,"enemies":"Jaw Worm","floor":4,"turns":5},{"damage":11,"enemies":"2 Fungi Beasts","floor":7,"turns":3},{"damage":12,"enemies":"Lots of Slimes","floor":14,"turns":2},{"damage":94,"enemies":"Fading Forest","floor":16,"turns":13},{"damage":29,"enemies":"Shell Parasite","floor":18,"turns":3},{"damage":9,"enemies":"Spheric Guardian","floor":19,"turns":3},{"damage":0,"enemies":"3 Cultists","floor":20,"turns":2},{"damage":24,"enemies":"Centurion and Healer","floor":22,"turns":4},{"damage":31,"enemies":"Slavers","floor":23,"turns":3}],"seed_played":"-1397877082219829971","potions_obtained":[{"floor":1,"key":"Elixir"},{"floor":7,"key":"FearPotion"},{"floor":18,"key":"Flashbang"}],"is_trial":false,"path_per_floor":["M","?","M","M","?","R","M","R","T","T","?","R","?","M","R","B",null,"M","M","M","?","M","E"],"character_chosen":"IRONCLAD","items_purchased":[],"campfire_rested":2,"item_purchase_floors":[],"current_hp_per_floor":[72,72,71,58,58,58,53,53,53,53,35,57,57,51,73,43,67,44,41,47,47,29,0,0],"gold":464,"neow_bonus":"ONE_RARE_RELIC","is_daily":false,"chose_seed":false,"campfire_upgraded":0,"win_rate":0.0,"timestamp":1613646883,"path_taken":["M","?","M","M","?","R","M","R","T","?","?","R","?","M","R","BOSS","M","?","M","?","?","E"],"items_purchased_type":[],"build_version":"2020-12-22","purchased_purges":0,"victory":false,"max_hp_per_floor":[75,75,75,75,75,75,75,75,75,75,75,75,75,75,75,75,75,75,75,75,75,75,75,75],"card_choices":[{"not_picked":["Armaments","infinitespire:OneForAll","Havoc"],"picked":"SKIP","floor":1},{"not_picked":["Disarm","Iron Wave"],"picked":"Cleave","floor":3},{"not_picked":["Dual Wield","Burning Pact"],"picked":"Flex","floor":4},{"not_picked":["Cleave","Reckless Charge"],"picked":"Flex","floor":7},{"not_picked":["ReplayTheSpireMod:Haul","infinitespire:Fortify"],"picked":"infinitespire:DeathsTouch","floor":11},{"not_picked":["Wild Strike","Body Slam"],"picked":"Flex","floor":14},{"not_picked":["Demon Form","Feed"],"picked":"Immolate","floor":16},{"not_picked":["Blood for Blood","Thunderclap"],"picked":"Inflame","floor":18},{"not_picked":["Cleave","Carnage+1","Wild Strike"],"picked":"SKIP","floor":19},{"not_picked":["Sword Boomerang","Entrench","Reckless Charge"],"picked":"SKIP","floor":20},{"not_picked":["Warcry","Wild Strike"],"picked":"Thunderclap","floor":21},{"not_picked":["Life Link","Anger","True Grit"],"picked":"SKIP","floor":22}],"player_experience":732389,"relics_obtained":[{"floor":2,"key":"Lizard Tail"},{"floor":9,"key":"Art of War"},{"floor":10,"key":"Pondfish Scales"}],"event_choices":[{"damage_healed":0,"gold_gain":0,"cards_transformed":["Defend_R"],"player_choice":"Transformed","damage_taken":0,"max_hp_gain":0,"max_hp_loss":0,"event_name":"Transmorgrifier","floor":13,"gold_loss":0,"cards_obtained":["ReplayTheSpireMod:Stacked"]}],"is_beta":false,"boss_relics":[{"not_picked":["Cursed Key","Replay:Wanted Poster"],"picked":"Astrolabe"}],"items_purged_floors":[],"is_endless":false,"potions_floor_spawned":[1,7,14,18,19,20],"killed_by":"Slavers","ascension_level":19}}