{"host":"sphpv8i47evyqkcv","time":1613608178,"event":{"mods":["AchievementEnabler","Act Like it!","Aspiration","BaseMod","Colored Powertips","Custom Start","Downfall","Minty Spire (QoL Compilation)","Quick Restart","Remove Card Discount Mod","Replay The Spire","Shop Mod","Spicy Shops","StSLib","Transform Curses"],"gold_per_floor":[114,114,114,132,132,132,165,178,204,55,55,68,85,104,104,207,207,227,239,259,219,232,232,263,263,263,263,3,3,23,23,23,120,120,140,187,197,224,239,259,259,272,272,284,103,103,153,163,163,163],"floor_reached":51,"language":"ZHS","playtime":3255,"items_purged":["Normality"],"score":696,"play_id":"4c63d02d-2d0d-4238-855f-4404db4891f5","local_time":"20210217202938","is_ascension_mode":false,"campfire_choices":[{"data":"Zap","floor":6.0,"key":"SMITH"},{"data":"Amplify","floor":11.0,"key":"SMITH"},{"data":"Chaos","floor":15.0,"key":"SMITH"},{"floor":23.0,"key":"REST"},{"floor":25.0,"key":"REST"},{"floor":29.0,"key":"REST"},{"floor":32.0,"key":"REST"},{"floor":41.0,"key":"REST"},{"data":"Heatsinks","floor":49,"key":"SMITH"}],"circlet_count":0,"master_deck":["Strike_B+1","Defend_B+1","Defend_B","Zap+1","Dualcast","Static Discharge+1","Sweeping Beam","Poisoned Stab","Flying Knee","Cold Snap","Redo","Amplify+1","Conserve Battery","Chaos+1","Echo Form+1","Redo+1","Heatsinks+1","Go for the Eyes+1","Beam Cell+1","Turbo","Buffer+1","Blizzard+1","Electrodynamics+1","Crystallizer+1","Melter+1","sneckomod:UnknownDraw+1","Rage+1","Headbutt+1","bronze:Repulsor+1","Disarm+1","Anger+1","Self Repair+1","Self Repair+1","Heatsinks+1","Seeing Red","Parasite"],"relics":["Cracked Core","Incense Burner","Shuriken","Philosopher\u0027s Stone","Frozen Egg 2","PrismaticShard","Meat on the Bone","Prayer Wheel","Gambling Chip","Dream Catcher","Ice Cream","Lee\u0027s Waffle","MerchantsRug","Oddly Smooth Stone","Counterbalance"],"acts_visited":["Exordium","TheCity","TheBeyond"],"potions_floor_usage":[48],"damage_taken":[{"damage":6.0,"enemies":"Jaw Worm","floor":1.0,"turns":3.0},{"damage":0.0,"enemies":"Small Slimes","floor":4.0,"turns":2.0},{"damage":12.0,"enemies":"Gremlin Nob","floor":7.0,"turns":3.0},{"damage":0.0,"enemies":"Cultist","floor":8.0,"turns":3.0},{"damage":3.0,"enemies":"Exordium Thugs","floor":12.0,"turns":3.0},{"damage":0.0,"enemies":"Gremlin Gang","floor":13.0,"turns":5.0},{"damage":0.0,"enemies":"Large Slime","floor":14.0,"turns":3.0},{"damage":1.0,"enemies":"Fading Forest","floor":16.0,"turns":11.0},{"damage":3.0,"enemies":"2 Thieves","floor":18.0,"turns":3.0},{"damage":20.0,"enemies":"Shell Parasite","floor":19.0,"turns":3.0},{"damage":19.0,"enemies":"Snake Plant","floor":20.0,"turns":3.0},{"damage":29.0,"enemies":"Sentry and Sphere","floor":22.0,"turns":5.0},{"damage":10.0,"enemies":"Book of Stabbing","floor":24.0,"turns":4.0},{"damage":16.0,"enemies":"Chosen and Byrds","floor":30.0,"turns":3.0},{"damage":69.0,"enemies":"Champ","floor":33.0,"turns":11.0},{"damage":5.0,"enemies":"3 Shapes","floor":35.0,"turns":4.0},{"damage":24.0,"enemies":"2 Orb Walkers","floor":36.0,"turns":4.0},{"damage":15.0,"enemies":"Orb Walker","floor":37.0,"turns":6.0},{"damage":1.0,"enemies":"Maw","floor":39.0,"turns":6.0},{"damage":35.0,"enemies":"3 Darklings","floor":40.0,"turns":4.0},{"damage":21.0,"enemies":"Jaw Worm Horde","floor":42.0,"turns":3.0},{"damage":21.0,"enemies":"Spire Growth","floor":44.0,"turns":6.0},{"damage":4.0,"enemies":"Mind Bloom Boss Battle","floor":47.0,"turns":7.0},{"damage":6,"enemies":"Writhing Mass","floor":48,"turns":5},{"damage":48,"enemies":"Donu and Deca","floor":50,"turns":8}],"seed_played":"-3274903470432513010","potions_obtained":[{"floor":1.0,"key":"Dexterity Potion"},{"floor":4.0,"key":"LifebloodPotion"},{"floor":8.0,"key":"Guardian:BlockOnCardUsePotion"},{"floor":22.0,"key":"PotionOfCapacity"},{"floor":24.0,"key":"Regen Potion"},{"floor":35.0,"key":"Adrenaline Potion"},{"floor":37.0,"key":"FocusPotion"},{"floor":39.0,"key":"Explosive Potion"},{"floor":47.0,"key":"ColorlessPotion"}],"is_trial":false,"path_per_floor":["M","?","?","M","?","R","E","M","T","$","R","M","M","M","R","B",null,"M","M","M","?","M","R","E","R","T","?","$","R","M","?","R","B",null,"M","?","M","T","M","M","R","M","T","M","$","?","?","M","R","B",null],"character_chosen":"DEFECT","items_purchased":["Amplify","Meat on the Bone","Lee\u0027s Waffle","MerchantsRug","Oddly Smooth Stone"],"campfire_rested":5,"item_purchase_floors":[10,28,45,45,45],"current_hp_per_floor":[69,69,69,69,69,69,57,57,57,57,57,54,54,54,54,53,75,72,52,33,33,4,26,16,38,38,30,30,52,48,48,70,28,75,70,46,43,43,42,19,41,32,32,43,82,82,82,82,82,56],"gold":163,"neow_bonus":"ONE_RARE_RELIC","is_daily":false,"chose_seed":false,"campfire_upgraded":4,"win_rate":0.0,"timestamp":1613608178,"path_taken":["M","?","?","M","?","R","E","?","T","?","R","M","M","M","R","BOSS","M","M","?","?","?","R","E","R","T","?","$","R","M","?","R","BOSS","M","?","M","?","M","M","R","M","T","?","$","?","?","M","R","BOSS"],"items_purchased_type":["Card","Relic","Relic","Relic","Relic"],"build_version":"2020-12-22","purchased_purges":1,"victory":true,"max_hp_per_floor":[75,75,75,75,75,75,75,75,75,75,75,75,75,75,75,75,75,75,75,75,75,75,75,75,75,75,75,75,75,75,75,75,75,75,75,75,75,75,75,75,75,75,75,75,82,82,82,82,82,82],"card_choices":[{"not_picked":["Rebound","Rip and Tear"],"picked":"Static Discharge","floor":1.0},{"not_picked":["Beam Cell","Streamline"],"picked":"Sweeping Beam","floor":4.0},{"not_picked":["Steam","BasicCrystalCard"],"picked":"Cold Snap","floor":7.0},{"not_picked":["Leap","Doom and Gloom"],"picked":"Redo","floor":8.0},{"not_picked":["Consume","ReplaySort","Undo"],"picked":"SKIP","floor":12.0},{"not_picked":["Sweeping Beam","Hologram"],"picked":"Conserve Battery","floor":13.0},{"not_picked":["Barrage","Leap"],"picked":"Chaos","floor":14.0},{"not_picked":["All For One","Buffer"],"picked":"Echo Form","floor":16.0},{"not_picked":["Crystallizer","Sweeping Beam"],"picked":"Redo+1","floor":18.0},{"not_picked":["Glacier","Compile Driver"],"picked":"Heatsinks","floor":19.0},{"not_picked":["Cold Snap","ReplayTheSpireMod:Repulse","Gash+1"],"picked":"SKIP","floor":20.0},{"not_picked":["Redo","Rebound"],"picked":"Go for the Eyes+1","floor":22.0},{"not_picked":["ReplayTheSpireMod:Omega Cannon","Chill"],"picked":"Beam Cell+1","floor":24.0},{"not_picked":["Cold Snap","Chill"],"picked":"Turbo","floor":27.0},{"not_picked":["Guardian:Reroute","Replay:Anticipation","champ:RisingSlash+1"],"picked":"SKIP","floor":30.0},{"not_picked":["Atom Bomb","All For One"],"picked":"Buffer+1","floor":33.0},{"not_picked":["Clash","sneckomod:UnknownClassPURPLE"],"picked":"Melter+1","floor":35.0},{"not_picked":["Gash+1","BasicCrystalCard","champ:Haymaker+1"],"picked":"SKIP","floor":35.0},{"not_picked":["Go for the Eyes","Terror+1"],"picked":"sneckomod:UnknownDraw+1","floor":36.0},{"not_picked":["Steam Power+1","Study+1"],"picked":"Rage+1","floor":37.0},{"not_picked":["Twin Strike","champ:FanOfKnives+1"],"picked":"Headbutt+1","floor":37.0},{"not_picked":["bronze:WildBeam+1","sneckomod:SerpentMind+1"],"picked":"bronze:Repulsor+1","floor":39.0},{"not_picked":["Steam","bronze:BuggyMess"],"picked":"Disarm+1","floor":39.0},{"not_picked":["Turbo","bronze:Return","Havoc+1"],"picked":"SKIP","floor":40.0},{"not_picked":["Sweeping Beam+1","sneckomod:SoulRoll+1","bronze:ForLoop"],"picked":"SKIP","floor":40.0},{"not_picked":["Catalyst+1","Slimebound:Prepare+1"],"picked":"Anger+1","floor":41.0},{"not_picked":["hexamod:NightmareStrike","Madness+1"],"picked":"Self Repair+1","floor":42.0},{"not_picked":["Ghostly Armor+1","Draining Mist"],"picked":"Self Repair+1","floor":42.0},{"not_picked":["Gash","Force Field"],"picked":"Heatsinks+1","floor":44.0},{"not_picked":["bronze:Iterate+1","hexamod:InspiringFlames","hexamod:SpectersWail"],"picked":"SKIP","floor":44.0},{"not_picked":["Flying Knee","Slimebound:SplitLeeching"],"picked":"Seeing Red","floor":47.0},{"not_picked":["Cold Snap+1","sneckomod:UnknownClassRED","Guardian:SphericShield"],"picked":"SKIP","floor":48},{"not_picked":["Thunderclap+1","champ:AdrenalArmor+1","Slimebound:SplitLeeching+1"],"picked":"SKIP","floor":48}],"player_experience":25142,"relics_obtained":[{"floor":7.0,"key":"Shuriken"},{"floor":9.0,"key":"PreservedInsect"},{"floor":24.0,"key":"Simple Rune"},{"floor":26.0,"key":"Frozen Egg 2"},{"floor":27.0,"key":"PrismaticShard"},{"floor":31.0,"key":"Prayer Wheel"},{"floor":36.0,"key":"Gambling Chip"},{"floor":38.0,"key":"Dream Catcher"},{"floor":43.0,"key":"Ice Cream"},{"floor":47.0,"key":"Counterbalance"}],"event_choices":[{"cards_removed":["downfall:Malfunctioning"],"damage_healed":0.0,"max_hp_gain":0.0,"max_hp_loss":0.0,"gold_gain":0.0,"event_name":"Living Wall","player_choice":"Forget","floor":3.0,"gold_loss":0.0,"damage_taken":0.0},{"damage_healed":0.0,"max_hp_gain":0.0,"max_hp_loss":0.0,"gold_gain":0.0,"event_name":"Designer","player_choice":"Upgrade","floor":21.0,"gold_loss":40.0,"damage_taken":0.0,"cards_upgraded":["Echo Form"]},{"damage_healed":0.0,"max_hp_gain":0.0,"max_hp_loss":0.0,"gold_gain":0.0,"event_name":"Wheel of Change","player_choice":"Relic","floor":31.0,"gold_loss":0.0,"damage_taken":0.0},{"damage_healed":0.0,"max_hp_gain":0.0,"max_hp_loss":0.0,"gold_gain":0.0,"event_name":"Mysterious Sphere","player_choice":"Fight","floor":36.0,"gold_loss":0.0,"damage_taken":0.0},{"damage_healed":0.0,"max_hp_gain":0.0,"max_hp_loss":0.0,"gold_gain":0.0,"event_name":"MindBloom","player_choice":"Fight","floor":47.0,"gold_loss":0.0,"damage_taken":0.0}],"is_beta":false,"boss_relics":[{"not_picked":["Replay:Drink Me","aspiration:WatcherSkillbook"],"picked":"Philosopher\u0027s Stone"},{"not_picked":["Snecko Eye","Black Star"],"picked":"Astrolabe"}],"items_purged_floors":[45],"is_endless":false,"potions_floor_spawned":[1,4,8,22,24,35,37,39,47],"ascension_level":0}}