{"host":"to2s10i0cynxbiqz","time":1613621429,"event":{"mods":["BaseMod","Colored Powertips","Minty Spire (QoL Compilation)","Quick Restart","Replay The Spire","StSLib"],"gold_per_floor":[113,130,130,130,143,157,171,171,198,198,198,198,49,60,85,102,102,102,102],"floor_reached":18,"language":"ZHS","playtime":599,"items_purged":[],"score":161,"play_id":"7af09b2d-b711-4c0c-b0bf-8a6684f3b342","local_time":"20210218121029","is_ascension_mode":true,"campfire_choices":[{"data":"Spot Weakness","floor":8,"key":"SMITH"},{"floor":10,"key":"REST"},{"floor":17,"key":"REST"}],"circlet_count":0,"master_deck":["Strike_R","Strike_R","Strike_R","Strike_R","Strike_R","Defend_R","Defend_R","Defend_R","Defend_R","Bash","Dark Embrace","ReplayTheSpireMod:Strike From Hell","Spot Weakness+1","Iron Wave","Bludgeon","True Grit","Inflame","Clash"],"relics":["Burning Blood","TungstenRod","Blue Candle","Kunai","Chemical X","Gremlin Horn"],"acts_visited":[],"potions_floor_usage":[2],"damage_taken":[{"damage":3,"enemies":"2 Louse","floor":1,"turns":2},{"damage":6,"enemies":"Cultist","floor":2,"turns":4},{"damage":0,"enemies":"Small Slimes","floor":5,"turns":3},{"damage":11,"enemies":"Exordium Wildlife","floor":6,"turns":3},{"damage":16,"enemies":"2 Fungi Beasts","floor":7,"turns":3},{"damage":45,"enemies":"3 Sentries","floor":9,"turns":7},{"damage":19,"enemies":"Exordium Thugs","floor":14,"turns":4},{"damage":38,"enemies":"Lagavulin","floor":15,"turns":7},{"damage":9,"enemies":"Blue Slaver","floor":16,"turns":4},{"damage":0,"enemies":"Slime Boss","floor":18,"turns":1}],"seed_played":"6228309342035105050","potions_obtained":[{"floor":1,"key":"Explosive Potion"},{"floor":2,"key":"Doom Potion"},{"floor":9,"key":"SteroidPotion"},{"floor":16,"key":"FairyPotion"}],"is_trial":false,"path_per_floor":["M","M","PTL","PTL","M","M","M","R","E","R","T","?","$","M","E","M","R","B"],"character_chosen":"IRONCLAD","items_purchased":["Chemical X"],"campfire_rested":2,"item_purchase_floors":[13],"current_hp_per_floor":[83,83,83,83,88,83,73,73,34,60,60,60,60,47,15,12,38,38,38],"gold":102,"neow_bonus":"TEN_PERCENT_HP_BONUS","is_daily":false,"chose_seed":false,"campfire_upgraded":1,"win_rate":0.0,"timestamp":1613621429,"path_taken":["M","M","PTL","PTL","M","M","M","R","E","R","T","?","?","?","E","M","R","BOSS"],"items_purchased_type":["Relic"],"build_version":"2020-12-22","purchased_purges":0,"victory":false,"max_hp_per_floor":[88,88,88,88,88,88,88,88,88,88,88,88,88,88,88,88,88,88,88],"card_choices":[{"not_picked":["Headbutt","Sentinel"],"picked":"Dark Embrace","floor":1},{"not_picked":["Pommel Strike","ReplayTheSpireMod:Muscle Training"],"picked":"ReplayTheSpireMod:Strike From Hell","floor":2},{"not_picked":["Clothesline","Rampage"],"picked":"Spot Weakness","floor":5},{"not_picked":["Clothesline","Thunderclap","Wild Strike"],"picked":"SKIP","floor":6},{"not_picked":["Blood for Blood","Pommel Strike"],"picked":"Iron Wave","floor":7},{"not_picked":["Shrug It Off","Wild Strike"],"picked":"Bludgeon","floor":9},{"not_picked":["Headbutt","Carnage"],"picked":"True Grit","floor":14},{"not_picked":["Warcry","Hemokinesis"],"picked":"Inflame","floor":15},{"not_picked":["Power Through","Iron Wave"],"picked":"Clash","floor":16}],"player_experience":245396,"relics_obtained":[{"floor":9,"key":"TungstenRod"},{"floor":11,"key":"Blue Candle"},{"floor":15,"key":"Gremlin Horn"}],"event_choices":[{"damage_healed":0,"gold_gain":0,"player_choice":"Gave Potion","damage_taken":0,"relics_obtained":["Kunai"],"max_hp_gain":0,"max_hp_loss":0,"event_name":"WeMeetAgain","floor":12,"gold_loss":0}],"is_beta":false,"boss_relics":[],"items_purged_floors":[],"is_endless":false,"potions_floor_spawned":[1,2,9,16],"killed_by":"Slime Boss","ascension_level":6}}