{"host":"Lrdox","time":1613637634,"event":{"mods":["BaseMod","Colored Map","Minty Spire (QoL Compilation)","Relic Stats"],"gold_per_floor":[111,122,138,313,3,33,33,61,61,61,73,73,4,42,42,138,201,214,232,46,60,60,93,93,107,107,107,107,107,107],"floor_reached":29,"language":"ENG","playtime":1194,"items_purged":["Doubt","Strike_R"],"score":431,"play_id":"50f5b3da-567f-439d-be64-1b2a53dd502d","local_time":"20210218094034","is_ascension_mode":true,"campfire_choices":[{"data":"True Grit","floor":7,"key":"SMITH"},{"floor":10,"key":"REST"},{"data":"Inflame","floor":15,"key":"SMITH"},{"floor":24,"key":"REST"},{"data":"Shockwave","floor":27,"key":"SMITH"}],"circlet_count":0,"master_deck":["AscendersBane","Strike_R","Strike_R","Strike_R+1","Strike_R+1","Defend_R","Defend_R","Defend_R+1","Defend_R","Bash","Headbutt","Cleave","True Grit+1","Feel No Pain","Shockwave+1","Inflame+1","Flame Barrier","Barricade","Feed","Thunderclap","Body Slam","Limit Break+1","Twin Strike+1","Fiend Fire"],"relics":["Velvet Choker","Frozen Eye","Art of War","InkBottle","MealTicket","Golden Idol","Smiling Mask","Tiny House","Whetstone","Question Card"],"acts_visited":["Exordium","TheCity"],"potions_floor_usage":[8,17,21,29],"damage_taken":[{"damage":2,"enemies":"Jaw Worm","floor":1,"turns":3},{"damage":0,"enemies":"2 Louse","floor":2,"turns":3},{"damage":0,"enemies":"Small Slimes","floor":3,"turns":2},{"damage":32,"enemies":"Gremlin Nob","floor":6,"turns":4},{"damage":16,"enemies":"3 Sentries","floor":8,"turns":8},{"damage":0,"enemies":"Blue Slaver","floor":11,"turns":4},{"damage":19,"enemies":"Gremlin Nob","floor":14,"turns":4},{"damage":23,"enemies":"Slime Boss","floor":16,"turns":9},{"damage":8,"enemies":"3 Byrds","floor":18,"turns":5},{"damage":9,"enemies":"Shell Parasite","floor":19,"turns":6},{"damage":42,"enemies":"Shelled Parasite and Fungi","floor":21,"turns":8},{"damage":12,"enemies":"Gremlin Leader","floor":23,"turns":7},{"damage":11,"enemies":"3 Cultists","floor":25,"turns":4},{"damage":55,"enemies":"Sentry and Sphere","floor":29,"turns":5}],"seed_played":"-4649170246489190879","potions_obtained":[{"floor":1,"key":"SpeedPotion"},{"floor":3,"key":"Energy Potion"},{"floor":8,"key":"Fruit Juice"},{"floor":17,"key":"DuplicationPotion"},{"floor":21,"key":"PowerPotion"},{"floor":23,"key":"Strength Potion"},{"floor":25,"key":"BloodPotion"}],"is_trial":false,"path_per_floor":["M","M","M","?","$","E","R","E","T","R","M","?","$","E","R","B",null,"M","M","$","M","?","E","R","M","T","R","?","M"],"character_chosen":"IRONCLAD","items_purchased":["Feel No Pain","Frozen Eye","Flame Barrier","Limit Break"],"campfire_rested":2,"item_purchase_floors":[5,5,13,20],"current_hp_per_floor":[70,70,70,70,70,38,38,22,22,46,46,46,61,42,42,19,70,65,56,71,32,32,20,47,36,36,36,36,0,0],"gold":107,"neow_bonus":"BOSS_RELIC","is_daily":false,"chose_seed":false,"campfire_upgraded":3,"win_rate":0.0,"timestamp":1613637634,"path_taken":["M","M","M","?","$","E","R","E","T","R","M","?","?","E","R","BOSS","M","M","$","M","?","E","R","M","T","R","?","?"],"items_purchased_type":["Card","Relic","Card","Card"],"build_version":"2020-12-18","purchased_purges":2,"victory":false,"max_hp_per_floor":[80,80,80,80,80,80,80,80,80,80,80,74,74,74,74,74,84,87,87,87,90,90,90,90,90,90,90,90,90,90],"relic_stats":{"counters":[14,72],"Golden Idol":60,"MealTicket":30,"Art of War":[7],"Whetstone":["Strike_R","Strike_R"],"Smiling Mask":50,"Question Card":0,"obtain_stats":[{"Frozen Eye":5,"Tiny House":17,"Golden Idol":12,"Velvet Choker":0,"MealTicket":9,"Art of War":6,"Whetstone":23,"Smiling Mask":14,"Question Card":26,"Burning Blood":0,"InkBottle":8},{"Frozen Eye":3,"Tiny House":8,"Golden Idol":6,"Velvet Choker":0,"MealTicket":5,"Art of War":4,"Whetstone":12,"Smiling Mask":7,"Question Card":13,"Burning Blood":0,"InkBottle":5},{"Frozen Eye":8,"Tiny House":37,"Golden Idol":24,"Velvet Choker":0,"MealTicket":20,"Art of War":12,"Whetstone":63,"Smiling Mask":28,"Question Card":67,"Burning Blood":0,"InkBottle":20}],"InkBottle":[17]},"card_choices":[{"not_picked":["Armaments","Sever Soul"],"picked":"Headbutt","floor":1},{"not_picked":["Battle Trance","Perfected Strike"],"picked":"Cleave","floor":2},{"not_picked":["Infernal Blade","Perfected Strike"],"picked":"True Grit","floor":3},{"not_picked":["Headbutt","True Grit","Sever Soul"],"picked":"SKIP","floor":6},{"not_picked":["True Grit","Fiend Fire"],"picked":"Shockwave","floor":8},{"not_picked":["Infernal Blade","Reckless Charge"],"picked":"Inflame","floor":11},{"not_picked":["Searing Blow","Body Slam"],"picked":"Barricade","floor":14},{"not_picked":["Offering","Berserk"],"picked":"Feed","floor":16},{"not_picked":["Flex","Twin Strike"],"picked":"Thunderclap","floor":17},{"not_picked":["Combust","Clash"],"picked":"Body Slam","floor":18},{"not_picked":["Burning Pact","Bloodletting","Body Slam"],"picked":"SKIP","floor":19},{"not_picked":["Headbutt","Clash"],"picked":"Twin Strike+1","floor":21},{"not_picked":["Sever Soul","Sentinel","Havoc"],"picked":"SKIP","floor":23},{"not_picked":["Cleave","Armaments"],"picked":"Fiend Fire","floor":25}],"player_experience":271840,"relics_obtained":[{"floor":6,"key":"Art of War"},{"floor":8,"key":"InkBottle"},{"floor":9,"key":"MealTicket"},{"floor":14,"key":"Smiling Mask"},{"floor":23,"key":"Whetstone"},{"floor":26,"key":"Question Card"}],"event_choices":[{"damage_healed":0,"gold_gain":175,"player_choice":"AGREE","damage_taken":0,"max_hp_gain":0,"max_hp_loss":0,"event_name":"Liars Game","floor":4,"gold_loss":0,"cards_obtained":["Doubt"]},{"damage_healed":0,"gold_gain":0,"player_choice":"Lose Max HP","damage_taken":0,"relics_obtained":["Golden Idol"],"max_hp_gain":0,"max_hp_loss":6,"event_name":"Golden Idol","floor":12,"gold_loss":0},{"damage_healed":0,"gold_gain":0,"player_choice":"Upgraded","damage_taken":0,"max_hp_gain":0,"max_hp_loss":0,"event_name":"Upgrade Shrine","floor":28,"gold_loss":0,"cards_upgraded":["Limit Break"]}],"is_beta":true,"boss_relics":[{"not_picked":["Sozu","Ectoplasm"],"picked":"Tiny House"}],"items_purged_floors":[5,20],"is_endless":false,"potions_floor_spawned":[1,3,8,14,21,23,25],"killed_by":"Sentry and Sphere","ascension_level":13}}