{"host":"t7mx8yfj1no5p62f","time":1613673315,"event":{"mods":["BaseMod","Bestiary","Colored Map","Colored Powertips","Curses Come First","Minty Spire (QoL Compilation)","Relic Stats","StSLib"],"gold_per_floor":[117,117,132,147,160,160,192,192,272,307,307,44,55,67,67,141,141,159,170,181,196,196,196,226,246,273,304,23,56,73,92,92,169,169,185,203,31,31,49,76,76,101,181,262,262,280,313,324,324,324,324,324],"floor_reached":51,"language":"ENG","playtime":2620,"items_purged":["Strike_R"],"score":1747,"play_id":"eddf5169-8255-48a4-aa77-dc39eac7d544","local_time":"20210218133515","is_ascension_mode":true,"campfire_choices":[{"data":"Inflame","floor":6.0,"key":"SMITH"},{"data":"Carnage","floor":8.0,"key":"SMITH"},{"data":"Anger","floor":11.0,"key":"SMITH"},{"data":"Fire Breathing","floor":15.0,"key":"SMITH"},{"data":"Immolate","floor":23.0,"key":"SMITH"},{"data":"Spot Weakness","floor":32.0,"key":"SMITH"},{"data":"1","floor":45.0,"key":"LIFT"},{"floor":49.0,"key":"RECALL"}],"circlet_count":0,"master_deck":["AscendersBane","Strike_R","Defend_R","Defend_R","Defend_R+1","Bash","Inflame+1","Fire Breathing+1","Anger+1","Thunderclap","Carnage+1","Shrug It Off","Rage","Immolate+1","Shrug It Off+1","Power Through","Corruption","Feel No Pain","Feel No Pain","Spot Weakness+1","Evolve","Burning Pact+1","Inflame","Flame Barrier+1","Dark Embrace","Shockwave","Reaper","Spot Weakness","Spot Weakness"],"relics":["Burning Blood","MealTicket","FossilizedHelix","Blood Vial","Sundial","Bag of Marbles","Coffee Dripper","Meat on the Bone","Boot","Bag of Preparation","Lantern","Orichalcum","Empty Cage","TheAbacus","Thread and Needle","Girya","Pen Nib","Kunai","Self Forming Clay","War Paint"],"acts_visited":["Exordium","TheCity","TheBeyond"],"potions_floor_usage":[51,51],"damage_taken":[{"damage":8.0,"enemies":"2 Louse","floor":1.0,"turns":3.0},{"damage":0.0,"enemies":"Small Slimes","floor":3.0,"turns":3.0},{"damage":0.0,"enemies":"Cultist","floor":4.0,"turns":3.0},{"damage":6.0,"enemies":"Looter","floor":5.0,"turns":3.0},{"damage":10.0,"enemies":"Lagavulin","floor":7.0,"turns":6.0},{"damage":30.0,"enemies":"3 Sentries","floor":10.0,"turns":6.0},{"damage":4.0,"enemies":"Lots of Slimes","floor":13.0,"turns":4.0},{"damage":0.0,"enemies":"Blue Slaver","floor":14.0,"turns":2.0},{"damage":0.0,"enemies":"Slime Boss","floor":16.0,"turns":6.0},{"damage":0.0,"enemies":"2 Thieves","floor":18.0,"turns":2.0},{"damage":11.0,"enemies":"Spheric Guardian","floor":19.0,"turns":4.0},{"damage":0.0,"enemies":"Snake Plant","floor":20.0,"turns":3.0},{"damage":0.0,"enemies":"Centurion and Healer","floor":21.0,"turns":5.0},{"damage":28.0,"enemies":"Slavers","floor":24.0,"turns":5.0},{"damage":0.0,"enemies":"Snecko","floor":25.0,"turns":4.0},{"damage":27.0,"enemies":"Book of Stabbing","floor":27.0,"turns":5.0},{"damage":11.0,"enemies":"Slavers","floor":29.0,"turns":4.0},{"damage":11.0,"enemies":"3 Cultists","floor":30.0,"turns":4.0},{"damage":0.0,"enemies":"Shelled Parasite and Fungi","floor":31.0,"turns":4.0},{"damage":72.0,"enemies":"Automaton","floor":33.0,"turns":10.0},{"damage":0.0,"enemies":"3 Darklings","floor":35.0,"turns":2.0},{"damage":16.0,"enemies":"Orb Walker","floor":36.0,"turns":4.0},{"damage":0.0,"enemies":"Transient","floor":39.0,"turns":6.0},{"damage":0.0,"enemies":"Nemesis","floor":40.0,"turns":7.0},{"damage":33.0,"enemies":"Reptomancer","floor":42.0,"turns":8.0},{"damage":0.0,"enemies":"4 Shapes","floor":46.0,"turns":7.0},{"damage":0.0,"enemies":"Nemesis","floor":47.0,"turns":7.0},{"damage":17.0,"enemies":"Writhing Mass","floor":48.0,"turns":8.0},{"damage":36,"enemies":"Donu and Deca","floor":50,"turns":11},{"damage":97,"enemies":"Awakened One","floor":51,"turns":9}],"seed_played":"-8687674953322113643","potions_obtained":[{"floor":1.0,"key":"SteroidPotion"},{"floor":3.0,"key":"Weak Potion"},{"floor":13.0,"key":"Regen Potion"},{"floor":21.0,"key":"BloodPotion"},{"floor":31.0,"key":"Block Potion"},{"floor":40.0,"key":"Fire Potion"},{"floor":42.0,"key":"FearPotion"},{"floor":48.0,"key":"Swift Potion"}],"is_trial":false,"path_per_floor":["M","?","M","M","M","R","E","R","T","E","R","$","M","M","R","B",null,"M","M","M","M","?","R","E","M","T","E","$","E","M","M","R","B",null,"M","M","$","?","M","E","?","E","T","T","R","M","E","M","R","B","B"],"character_chosen":"IRONCLAD","items_purchased":["Bag of Marbles","Shrug It Off","Spot Weakness","Lantern","Evolve","TheAbacus"],"campfire_rested":0,"item_purchase_floors":[12,12,28,28,28,37],"current_hp_per_floor":[66,55,61,67,67,67,63,63,63,41,41,56,60,68,68,75,75,75,70,75,75,75,75,53,61,61,54,69,66,63,71,71,34,65,73,65,75,75,75,75,75,65,65,65,65,75,75,75,75,75,0,0],"gold":324,"neow_bonus":"RANDOM_COMMON_RELIC","is_daily":false,"chose_seed":false,"campfire_upgraded":6,"win_rate":0.0,"timestamp":1613673315,"path_taken":["M","?","M","M","M","R","E","R","T","E","R","$","M","M","R","BOSS","M","M","M","M","?","R","E","M","T","E","$","E","M","?","R","BOSS","M","M","$","?","?","E","?","E","T","?","R","M","E","M","R","BOSS","BOSS"],"items_purchased_type":["Relic","Card","Card","Relic","Card","Relic"],"build_version":"2020-12-22","purchased_purges":1,"victory":false,"max_hp_per_floor":[75,75,75,75,75,75,75,75,75,75,75,75,75,75,75,75,75,75,75,75,75,75,75,75,75,75,75,75,75,75,75,75,75,75,75,75,75,75,75,75,75,75,75,75,75,75,75,75,75,75,75,75],"relic_stats":{"counters":[30,155],"Self Forming Clay":[48],"Pen Nib":[3],"Bag of Preparation":[28],"Orichalcum":[54],"War Paint":["Defend_R","Shrug It Off"],"Boot":[39],"Burning Blood":123,"Blood Vial":28,"TheAbacus":[138],"Sundial":[22],"MealTicket":40,"Kunai":[4],"obtain_stats":[{"Girya":40,"Lantern":28,"Self Forming Clay":44,"Thread and Needle":38,"Pen Nib":42,"Bag of Preparation":27,"Orichalcum":29,"War Paint":47,"Boot":26,"Empty Cage":34,"Burning Blood":0,"Blood Vial":7,"TheAbacus":37,"Sundial":10,"MealTicket":0,"Bag of Marbles":12,"Coffee Dripper":17,"Kunai":43,"FossilizedHelix":2,"Meat on the Bone":24},{"Girya":24,"Lantern":16,"Self Forming Clay":25,"Thread and Needle":22,"Pen Nib":25,"Bag of Preparation":16,"Orichalcum":17,"War Paint":27,"Boot":15,"Empty Cage":20,"Burning Blood":0,"Blood Vial":5,"TheAbacus":22,"Sundial":6,"MealTicket":0,"Bag of Marbles":6,"Coffee Dripper":9,"Kunai":25,"FossilizedHelix":1,"Meat on the Bone":14},{"Girya":105,"Lantern":64,"Self Forming Clay":113,"Thread and Needle":92,"Pen Nib":113,"Bag of Preparation":64,"Orichalcum":68,"War Paint":127,"Boot":59,"Empty Cage":86,"Burning Blood":0,"Blood Vial":18,"TheAbacus":92,"Sundial":24,"MealTicket":0,"Bag of Marbles":24,"Coffee Dripper":36,"Kunai":113,"FossilizedHelix":3,"Meat on the Bone":55}],"Meat on the Bone":24},"card_choices":[{"not_picked":["Metallicize","Perfected Strike"],"picked":"Inflame","floor":1.0},{"not_picked":["Armaments","Clothesline"],"picked":"Fire Breathing","floor":3.0},{"not_picked":["Warcry","Heavy Blade"],"picked":"Anger","floor":4.0},{"not_picked":["Disarm","Clash"],"picked":"Thunderclap","floor":5.0},{"not_picked":["Anger","Warcry"],"picked":"Carnage","floor":7.0},{"not_picked":["Headbutt","Twin Strike","Iron Wave"],"picked":"SKIP","floor":10.0},{"not_picked":["Bludgeon","Thunderclap","Iron Wave"],"picked":"SKIP","floor":13.0},{"not_picked":["Iron Wave","Cleave"],"picked":"Rage","floor":14.0},{"not_picked":["Juggernaut","Exhume"],"picked":"Immolate","floor":16.0},{"not_picked":["Havoc","Pommel Strike"],"picked":"Shrug It Off","floor":18.0},{"not_picked":["Feel No Pain","Blood for Blood"],"picked":"Power Through","floor":19.0},{"not_picked":["Heavy Blade","Pummel","Havoc"],"picked":"SKIP","floor":20.0},{"not_picked":["Heavy Blade","Iron Wave","Cleave"],"picked":"SKIP","floor":21.0},{"not_picked":["Battle Trance","Heavy Blade"],"picked":"Feel No Pain","floor":24.0},{"not_picked":["Hemokinesis","Warcry"],"picked":"Feel No Pain","floor":25.0},{"not_picked":["Havoc","Juggernaut","Seeing Red"],"picked":"SKIP","floor":27.0},{"not_picked":["Flex","Seeing Red","Dual Wield"],"picked":"SKIP","floor":29.0},{"not_picked":["Blood for Blood","Pommel Strike"],"picked":"Burning Pact+1","floor":30.0},{"not_picked":["Iron Wave","Ghostly Armor"],"picked":"Inflame","floor":31.0},{"not_picked":["Pommel Strike+1","Spot Weakness"],"picked":"Flame Barrier+1","floor":35.0},{"not_picked":["Blood for Blood","Twin Strike"],"picked":"Dark Embrace","floor":36.0},{"not_picked":["Clash+1","Flex"],"picked":"Shockwave","floor":39.0},{"not_picked":["Uppercut","Warcry"],"picked":"Reaper","floor":40.0},{"not_picked":["Headbutt","Pommel Strike+1","Ghostly Armor"],"picked":"SKIP","floor":42.0},{"not_picked":["Anger","Warcry","Twin Strike"],"picked":"SKIP","floor":46.0},{"not_picked":["Pommel Strike","Anger"],"picked":"Spot Weakness","floor":47.0},{"not_picked":["Entrench","Metallicize"],"picked":"Spot Weakness","floor":48.0}],"player_experience":1980040,"relics_obtained":[{"floor":7.0,"key":"Blood Vial"},{"floor":10.0,"key":"Sundial"},{"floor":24.0,"key":"Meat on the Bone"},{"floor":26.0,"key":"Boot"},{"floor":27.0,"key":"Bag of Preparation"},{"floor":29.0,"key":"Orichalcum"},{"floor":38.0,"key":"Thread and Needle"},{"floor":40.0,"key":"Girya"},{"floor":42.0,"key":"Pen Nib"},{"floor":43.0,"key":"Kunai"},{"floor":44.0,"key":"Self Forming Clay"},{"floor":47.0,"key":"War Paint"}],"event_choices":[{"damage_healed":0.0,"max_hp_gain":0.0,"max_hp_loss":0.0,"gold_gain":0.0,"event_name":"Scrap Ooze","player_choice":"Success","floor":2.0,"gold_loss":0.0,"damage_taken":11.0,"relics_obtained":["FossilizedHelix"]},{"damage_healed":0.0,"max_hp_gain":0.0,"max_hp_loss":0.0,"gold_gain":0.0,"cards_transformed":["Strike_R"],"event_name":"Transmorgrifier","player_choice":"Transformed","floor":22.0,"gold_loss":0.0,"damage_taken":0.0,"cards_obtained":["Corruption"]},{"damage_healed":0.0,"max_hp_gain":0.0,"max_hp_loss":0.0,"gold_gain":0.0,"event_name":"Wheel of Change","player_choice":"Relic","floor":38.0,"gold_loss":0.0,"damage_taken":0.0},{"cards_removed":["Defend_R"],"damage_healed":0.0,"max_hp_gain":0.0,"max_hp_loss":0.0,"gold_gain":0.0,"event_name":"Falling","player_choice":"Removed Skill","floor":41.0,"gold_loss":0.0,"damage_taken":0.0}],"is_beta":false,"boss_relics":[{"not_picked":["Runic Cube","Calling Bell"],"picked":"Coffee Dripper"},{"not_picked":["Black Blood","SacredBark"],"picked":"Empty Cage"}],"items_purged_floors":[12],"is_endless":false,"potions_floor_spawned":[1,3,13,14,16,18,19,21,31,40,42,48],"killed_by":"Awakened One","ascension_level":20}}