{"host":"en4narc5947t7k9n","time":1613673157,"event":{"mods":["AchievementEnabler","BaseMod","Colored Map","Minty Spire (QoL Compilation)","SuperFastMode"],"gold_per_floor":[113,188,188,202,152,152,184,184,184,210,221,221,234,251,251,251,251],"floor_reached":16,"language":"KOR","playtime":549,"items_purged":[],"score":135,"play_id":"5eef49a9-7803-4f8b-a89a-4b353ee926eb","local_time":"20210219033237","is_ascension_mode":false,"campfire_choices":[{"data":"Noxious Fumes","floor":6,"key":"SMITH"},{"data":"Crippling Poison","floor":8,"key":"SMITH"},{"data":"Concentrate","floor":12,"key":"SMITH"},{"data":"Doppelganger","floor":15,"key":"SMITH"}],"circlet_count":0,"master_deck":["Strike_G","Strike_G","Strike_G","Strike_G","Defend_G","Defend_G","Defend_G","Defend_G","Survivor","Neutralize","Slice","Noxious Fumes+1","Crippling Poison+1","Prepared","Concentrate+1","Doppelganger+1","Infinite Blades"],"relics":["Ring of the Snake","NeowsBlessing","Meat on the Bone","Kunai","Question Card"],"acts_visited":["Exordium"],"potions_floor_usage":[10,16,16],"damage_taken":[{"damage":0,"enemies":"2 Louse","floor":1,"turns":1},{"damage":0,"enemies":"Cultist","floor":4,"turns":1},{"damage":0,"enemies":"3 Sentries","floor":7,"turns":1},{"damage":8,"enemies":"Lagavulin","floor":10,"turns":6},{"damage":10,"enemies":"Jaw Worm","floor":11,"turns":4},{"damage":1,"enemies":"Blue Slaver","floor":13,"turns":4},{"damage":3,"enemies":"Exordium Thugs","floor":14,"turns":5},{"damage":42,"enemies":"Slime Boss","floor":16,"turns":7}],"seed_played":"-1128855428163615981","potions_obtained":[{"floor":4,"key":"FearPotion"},{"floor":13,"key":"SteroidPotion"},{"floor":14,"key":"SpeedPotion"}],"is_trial":false,"path_per_floor":["M","?","?","M","?","R","E","R","T","E","M","R","M","M","R","B"],"character_chosen":"THE_SILENT","items_purchased":[],"campfire_rested":0,"item_purchase_floors":[],"current_hp_per_floor":[70,59,59,59,59,59,59,59,59,51,41,41,40,37,37,0,0],"gold":251,"neow_bonus":"THREE_ENEMY_KILL","is_daily":false,"chose_seed":false,"campfire_upgraded":4,"win_rate":0.0,"timestamp":1613673157,"path_taken":["M","?","?","?","?","R","E","R","T","E","M","R","M","M","R","BOSS"],"items_purchased_type":[],"build_version":"2020-12-22","purchased_purges":0,"victory":false,"max_hp_per_floor":[70,70,70,70,70,70,70,70,70,70,70,70,70,70,70,70,70],"card_choices":[{"not_picked":["Dagger Spray","Skewer"],"picked":"Slice","floor":1},{"not_picked":["Quick Slash","Endless Agony"],"picked":"Noxious Fumes","floor":4},{"not_picked":["Blade Dance","Terror"],"picked":"Crippling Poison","floor":7},{"not_picked":["Flechettes","Quick Slash"],"picked":"Prepared","floor":10},{"not_picked":["Dodge and Roll","Acrobatics","Heel Hook"],"picked":"Concentrate","floor":11},{"not_picked":["Blade Dance","Underhanded Strike","Dagger Spray"],"picked":"Doppelganger","floor":13},{"not_picked":["Quick Slash","Sucker Punch","Dodge and Roll"],"picked":"Infinite Blades","floor":14}],"player_experience":69347,"relics_obtained":[{"floor":7,"key":"Meat on the Bone"},{"floor":9,"key":"Kunai"},{"floor":10,"key":"Question Card"}],"event_choices":[{"damage_healed":0,"gold_gain":75,"player_choice":"Gather Gold","damage_taken":11,"max_hp_gain":0,"max_hp_loss":0,"event_name":"World of Goop","floor":2,"gold_loss":0},{"cards_removed":["Strike_G"],"damage_healed":0,"gold_gain":0,"player_choice":"Purged","damage_taken":0,"max_hp_gain":0,"max_hp_loss":0,"event_name":"Purifier","floor":3,"gold_loss":0},{"cards_removed":["Defend_G"],"damage_healed":0,"gold_gain":0,"player_choice":"Card Removal","damage_taken":0,"max_hp_gain":0,"max_hp_loss":0,"event_name":"The Cleric","floor":5,"gold_loss":50}],"is_beta":false,"boss_relics":[],"items_purged_floors":[],"is_endless":false,"potions_floor_spawned":[4,13,14],"killed_by":"Slime Boss","ascension_level":0}}