{"host":"17hbxmotjlknbpr0","time":1613640013,"event":{"mods":["Act Like it!","BaseMod","BetterRewards","Chat Monstrosity","Colored Powertips","Conspire","Downfall","Friendly Minions","FruityMod","Googly Eyes","GungeonMod","Hallownest","Hermit","Hero for Fun","HololiveMod","Hubris","Infinite Spire","Jorbs\u0027s Wanderer Trilogy","Lobotomy","Marisa????????","Mimic Mod","Minty Spire (QoL Compilation)","Pikachu Mod","READ ME - Snecko Mod","Random Character Button","Rare Cards Sparkle","RatMod","Shop Mod","Small Relic Pack","Somnambulant","StSLib","SuperFastMode","Td1madao Mod","The Bladedancer","The Blue Laboratory","The Bug Knight","The Clintock","The Construct","The Cursed","The Disciple","The Forsaken","The Hierophant","The IronCluck","The Mystic","The Necromancer","The Poker Player","The Problem Sleuth","The Runesmith","The Sage","The Saiyan","The Senshi","The Wild Card","Trackpad","Yuri Mod","egg","thorton"],"gold_per_floor":[115,115,126,140,25,59,59,59,59,73,91,91,104,120,120,216,216,227,27,45,45,45,77,77,102,102,118,118,145,145,91,91,91,91,91],"floor_reached":33,"language":"ENG","playtime":1789,"items_purged":[],"score":393,"play_id":"6837a7b1-46f1-4ffa-9798-041d17115a66","local_time":"20210218042013","is_ascension_mode":true,"campfire_choices":[{"floor":7,"key":"RECALL"},{"data":"theSleuth:RetrieveArms","floor":12,"key":"SMITH"},{"floor":15,"key":"REST"},{"data":"theSleuth:Parry","floor":24,"key":"SMITH"},{"floor":32,"key":"REST"}],"circlet_count":0,"master_deck":["theSleuth:Strike","theSleuth:Strike","theSleuth:Strike","theSleuth:Strike","theSleuth:Defend","theSleuth:Defend","theSleuth:Defend","theSleuth:KeyHandgun","theSleuth:TakeInventory","theSleuth:Diplomacy","theSleuth:Parry+1","theSleuth:KeyringTommygun","theSleuth:WilsonBust","theSleuth:Parry","theSleuth:BiteHardly","theSleuth:RetainReturn","theSleuth:TruffleShuffle","theSleuth:Tootshotgun","theSleuth:RetrieveArms+1","theSleuth:HitTheMattresses","theSleuth:CharismaBlast","theSleuth:Supermassive","theSleuth:TruffleShuffle","conspire:SpireCoStock","conspire:SpireCoStock","conspire:SpireCoStock","conspire:SpireCoStock","theSleuth:Ignore+1","hubris:Fate","theSleuth:Ignore+1","theSleuth:Ogle","theSleuth:Parry","theSleuth:Pepperminthryl+1","theSleuth:TruffleShuffle+1","theSleuth:PezUzi","theSleuth:Pepperminthryl+1"],"relics":["theSleuth:Typewriter","Bronze Scales","Hallownest:DreamNailRelic","Pantograph","hubris:HollowSoul","relicPack:AllForOne","conspire:InfiniteJournal","Toxic Egg 2","Matryoshka","Strawberry","hubris:Reverence","hubris:TinFlute","hubris:Icosahedron"],"acts_visited":["Hallownest:Greenpath","Hallownest:CityofTears"],"potions_floor_usage":[16,16,25,29],"damage_taken":[{"damage":1,"enemies":"Hallownest:2_MossCreeps","floor":1,"turns":5},{"damage":0,"enemies":"Hallownest:2_Baldur","floor":3,"turns":4},{"damage":8,"enemies":"Hallownest:monsterHuskGuard","floor":4,"turns":4},{"damage":2,"enemies":"Hallownest:eliteVengeflyKing","floor":6,"turns":10},{"damage":10,"enemies":"Hallownest:1_Baldur_1_Crawlid_1_Warrior","floor":10,"turns":4},{"damage":3,"enemies":"Hallownest:monsterFoolEater","floor":11,"turns":3},{"damage":19,"enemies":"Hallownest:1_Ooma_and_2_Uuma","floor":13,"turns":5},{"damage":8,"enemies":"Hallownest:1_Baldur_1_Crawlid_1_Warrior","floor":14,"turns":4},{"damage":37,"enemies":"Hallownest:BossBrokenVessel","floor":16,"turns":9},{"damage":14,"enemies":"Hallownest:Guard_and_Sentry","floor":18,"turns":4},{"damage":8,"enemies":"Hallownest:2_Mistakes","floor":20,"turns":10},{"damage":0,"enemies":"Hallownest:eliteSoulWarrior","floor":23,"turns":1},{"damage":33,"enemies":"Hallownest:Nosk","floor":25,"turns":17},{"damage":10,"enemies":"Hallownest:Master_and_Novice","floor":27,"turns":3},{"damage":11,"enemies":"Hallownest:eliteSoulWarrior","floor":29,"turns":7},{"damage":22,"enemies":"Hallownest:BossMantisLord","floor":33,"turns":1}],"seed_played":"6193786149225061729","potions_obtained":[{"floor":3,"key":"FearPotion"},{"floor":11,"key":"SkillPotion"},{"floor":14,"key":"blueLaboratory:CorrosionFlask"},{"floor":16,"key":"DuplicationPotion"},{"floor":23,"key":"Energy Potion"},{"floor":27,"key":"Guardian:BlockOnCardUsePotion"}],"is_trial":false,"path_per_floor":["M","?","M","M","$","E","R","?","T","M","M","R","M","M","R","B",null,"M","?","M","?","AVR","E","R","E","T","M","?","E","?","$","R","B"],"character_chosen":"THE_sleuth","items_purchased":["theSleuth:Parry","theSleuth:BiteHardly","theSleuth:Pepperminthryl+1"],"campfire_rested":2,"item_purchase_floors":[5,5,31],"current_hp_per_floor":[72,72,72,64,64,62,62,62,62,52,49,49,30,22,43,31,73,59,59,51,51,51,51,51,33,40,30,30,19,19,19,43,0,0,0],"gold":91,"neow_bonus":"RANDOM_COMMON_RELIC","is_daily":false,"chose_seed":false,"campfire_upgraded":2,"win_rate":0.0,"timestamp":1613640013,"path_taken":["M","?","M","M","$","E","R","?","T","M","M","R","M","M","R","BOSS","M","?","M","?","AVR","E","R","E","T","M","?","E","?","$","R","BOSS"],"items_purchased_type":["Card","Card","Card"],"build_version":"2020-12-22","purchased_purges":0,"victory":false,"max_hp_per_floor":[73,73,73,73,73,73,73,73,73,73,73,73,73,73,73,73,73,73,73,73,73,73,73,73,73,80,80,80,80,80,80,80,80,80,80],"card_choices":[{"not_picked":["theSleuth:BellyOTheWhale","theSleuth:Embarrass"],"picked":"theSleuth:Parry","floor":1},{"not_picked":["theSleuth:WizardSudoku","theSleuth:Deprogram"],"picked":"theSleuth:KeyringTommygun","floor":3},{"not_picked":["theSleuth:Leer","theSleuth:VictoryPose"],"picked":"theSleuth:WilsonBust","floor":4},{"not_picked":["theSleuth:ThinkAhead","theSleuth:Taze"],"picked":"theSleuth:RetainReturn","floor":6},{"not_picked":["theSleuth:Unscale","theSleuth:Fortify"],"picked":"theSleuth:Tootshotgun","floor":10},{"not_picked":["theSleuth:Tootshotgun","theSleuth:ClubClubClub"],"picked":"theSleuth:RetrieveArms","floor":11},{"not_picked":["theSleuth:FlaskOfWhiskey","theSleuth:Fortify"],"picked":"theSleuth:HitTheMattresses","floor":13},{"not_picked":["theSleuth:SnoopDoggBust","theSleuth:Distill"],"picked":"theSleuth:CharismaBlast","floor":14},{"not_picked":["theSleuth:LeverageHeight","theSleuth:WeirdPuzzleShit"],"picked":"theSleuth:Supermassive","floor":16},{"not_picked":["theSleuth:Fortify","theSleuth:Unscale"],"picked":"theSleuth:TruffleShuffle","floor":18},{"not_picked":["theSleuth:Unscale","theSleuth:WilsonBust"],"picked":"theSleuth:Ignore+1","floor":20},{"not_picked":["theSleuth:CandyCane","theSleuth:TootsieRollFrankenstein"],"picked":"theSleuth:Ignore+1","floor":23},{"not_picked":["theSleuth:TruffleShuffle","theSleuth:WilsonBust+1"],"picked":"theSleuth:Ogle","floor":25},{"not_picked":["theSleuth:CandyCorn+1","theSleuth:ThrowHat+1"],"picked":"theSleuth:Parry","floor":27},{"not_picked":["theSleuth:KeyringTommygun","theSleuth:FudgeDeck"],"picked":"theSleuth:Pepperminthryl+1","floor":28},{"not_picked":["theSleuth:HeartStab","theSleuth:KingpinBust+1"],"picked":"theSleuth:TruffleShuffle+1","floor":28},{"not_picked":["theSleuth:TruffleShuffle+1","theSleuth:Unscale+1"],"picked":"theSleuth:PezUzi","floor":29}],"player_experience":143056,"relics_obtained":[{"floor":6,"key":"Pantograph"},{"floor":23,"key":"Toxic Egg 2"},{"floor":25,"key":"Matryoshka"},{"floor":26,"key":"Strawberry"},{"floor":26,"key":"hubris:Reverence"},{"floor":29,"key":"hubris:TinFlute"}],"event_choices":[{"damage_healed":0,"gold_gain":0,"player_choice":"Invest 4","damage_taken":0,"max_hp_gain":0,"max_hp_loss":0,"event_name":"conspire:Investor","floor":19,"gold_loss":0}],"is_beta":false,"boss_relics":[{"not_picked":["hubris:Backtick","Tiny House"],"picked":"hubris:HollowSoul"}],"items_purged_floors":[],"is_endless":false,"potions_floor_spawned":[3,11,14,16,23,27],"killed_by":"Hallownest:BossMantisLord","ascension_level":1}}