{"host":"dyzdf8svqmiivg97","time":1613644245,"event":{"mods":["AchievementEnabler","BaseMod","Colored Map","DeckTracker","Minty Spire (QoL Compilation)","Quick Restart","Rare Cards Sparkle","SuperFastMode"],"gold_per_floor":[115,129,129,149,149,149,164,164,190,190,190,46,46,56,56,156,156,172,72,72,89,101,119,119,148,220,246,246,264,274,292,292,388,388,399,274,288,301,523,523,543,576,628,628,171,184,195,226,226,226],"floor_reached":51,"language":"KOR","playtime":1140,"items_purged":["Worship","Strike_P","Strike_P","Defend_P"],"score":1304,"play_id":"65f5c9e5-76cd-49f0-87f0-153b8c65d953","local_time":"20210218193045","is_ascension_mode":true,"campfire_choices":[{"data":"1","floor":6,"key":"LIFT"},{"data":"2","floor":10,"key":"LIFT"},{"data":"3","floor":13,"key":"LIFT"},{"floor":15,"key":"REST"},{"data":"MentalFortress","floor":24,"key":"SMITH"},{"data":"Scrawl","floor":28,"key":"SMITH"},{"floor":32,"key":"REST"},{"data":"InnerPeace","floor":40,"key":"SMITH"},{"data":"Meditate","floor":44,"key":"SMITH"},{"data":"Tantrum","floor":49,"key":"SMITH"}],"circlet_count":0,"master_deck":["Defend_P","Defend_P","Eruption+1","Vigilance","MentalFortress+1","Meditate+1","InnerPeace+1","Tantrum+1","Scrawl+1","FollowUp+1","CrushJoints+1","DeusExMachina"],"relics":["PureWater","Girya","Bag of Preparation","Happy Flower","Philosopher\u0027s Stone","Red Mask","Question Card","TeardropLocket","Empty Cage","Shuriken","Oddly Smooth Stone","HandDrill","Anchor","PreservedInsect"],"acts_visited":["Exordium","TheCity","TheBeyond"],"potions_floor_usage":[16,16,23,38,50],"damage_taken":[{"damage":4,"enemies":"Jaw Worm","floor":1,"turns":3},{"damage":3,"enemies":"Cultist","floor":2,"turns":4},{"damage":2,"enemies":"2 Louse","floor":4,"turns":4},{"damage":4,"enemies":"Red Slaver","floor":7,"turns":3},{"damage":6,"enemies":"Looter","floor":14,"turns":3},{"damage":17,"enemies":"The Guardian","floor":16,"turns":10},{"damage":3,"enemies":"3 Byrds","floor":18,"turns":3},{"damage":0,"enemies":"Spheric Guardian","floor":21,"turns":1},{"damage":0,"enemies":"Centurion and Healer","floor":22,"turns":1},{"damage":26,"enemies":"Snake Plant","floor":23,"turns":2},{"damage":0,"enemies":"Masked Bandits","floor":25,"turns":2},{"damage":0,"enemies":"Slavers","floor":27,"turns":4},{"damage":0,"enemies":"Snecko","floor":29,"turns":1},{"damage":0,"enemies":"Centurion and Healer","floor":30,"turns":2},{"damage":0,"enemies":"Cultist and Chosen","floor":31,"turns":2},{"damage":0,"enemies":"Collector","floor":33,"turns":2},{"damage":0,"enemies":"3 Shapes","floor":35,"turns":2},{"damage":0,"enemies":"Orb Walker","floor":37,"turns":1},{"damage":0,"enemies":"Maw","floor":38,"turns":2},{"damage":0,"enemies":"Sphere and 2 Shapes","floor":41,"turns":1},{"damage":0,"enemies":"Reptomancer","floor":42,"turns":2},{"damage":0,"enemies":"4 Shapes","floor":46,"turns":2},{"damage":0,"enemies":"3 Darklings","floor":47,"turns":1},{"damage":0,"enemies":"Nemesis","floor":48,"turns":1},{"damage":24,"enemies":"Donu and Deca","floor":50,"turns":5}],"seed_played":"9177263476162360581","potions_obtained":[{"floor":1,"key":"Swift Potion"},{"floor":2,"key":"Regen Potion"},{"floor":5,"key":"AttackPotion"},{"floor":21,"key":"SpeedPotion"},{"floor":23,"key":"PowerPotion"},{"floor":25,"key":"GamblersBrew"},{"floor":38,"key":"SneckoOil"},{"floor":42,"key":"LiquidMemories"},{"floor":48,"key":"Strength Potion"}],"is_trial":false,"path_per_floor":["M","M","?","M","?","R","M","?","T","R","?","$","R","M","R","B",null,"M","$","?","M","M","M","R","?","T","E","R","M","M","M","R","B",null,"M","$","M","M","?","R","M","E","T","R","$","M","M","E","R","B",null],"character_chosen":"WATCHER","items_purchased":["InnerPeace","HandDrill","Anchor"],"campfire_rested":2,"item_purchase_floors":[12,45,45],"current_hp_per_floor":[43,40,40,38,38,38,34,27,27,27,27,27,27,21,42,25,60,57,57,57,57,57,31,31,31,31,31,31,31,31,31,52,52,67,67,67,67,67,67,67,67,67,67,67,67,67,67,67,67,43],"gold":226,"neow_bonus":"ONE_RARE_RELIC","is_daily":false,"chose_seed":false,"campfire_upgraded":5,"win_rate":0.0,"timestamp":1613644245,"path_taken":["M","M","?","M","?","R","?","?","T","R","?","$","R","M","R","BOSS","M","$","?","M","M","M","R","?","T","E","R","M","M","M","R","BOSS","M","$","M","M","?","R","M","E","T","R","$","M","M","E","R","BOSS"],"items_purchased_type":["Card","Relic","Relic"],"build_version":"2020-12-22","purchased_purges":4,"victory":true,"max_hp_per_floor":[72,72,72,72,72,72,72,72,72,72,72,72,72,72,72,72,72,72,72,72,72,72,72,72,72,72,72,72,72,72,72,72,72,72,72,72,72,72,72,72,72,72,72,72,72,72,72,72,72,72],"card_choices":[{"not_picked":["SandsOfTime","LikeWater"],"picked":"MentalFortress","floor":1},{"not_picked":["WindmillStrike","CutThroughFate","Worship"],"picked":"SKIP","floor":2},{"not_picked":["Worship","Sanctity","FlurryOfBlows"],"picked":"SKIP","floor":4},{"not_picked":["ForeignInfluence","SashWhip"],"picked":"Meditate","floor":7},{"not_picked":["DeceiveReality","Worship"],"picked":"Tantrum","floor":14},{"not_picked":["SpiritShield","Alpha"],"picked":"Scrawl","floor":16},{"not_picked":["Indignation","CutThroughFate"],"picked":"FollowUp+1","floor":18},{"not_picked":["Halt","CutThroughFate"],"picked":"CrushJoints+1","floor":21},{"not_picked":["Conclude+1","Swivel","Sanctity+1"],"picked":"SKIP","floor":22},{"not_picked":["Conclude+1","Swivel","Sanctity+1"],"picked":"SKIP","floor":22},{"not_picked":["Weave","Crescendo+1","FlurryOfBlows"],"picked":"SKIP","floor":23},{"not_picked":["ThirdEye","Halt","Judgement","Crescendo"],"picked":"SKIP","floor":27},{"not_picked":["Consecrate","Indignation","SandsOfTime+1","CrushJoints+1"],"picked":"SKIP","floor":29},{"not_picked":["WaveOfTheHand","SandsOfTime","Halt","InnerPeace"],"picked":"SKIP","floor":30},{"not_picked":["Evaluate","ForeignInfluence+1","FlyingSleeves","Sanctity"],"picked":"SKIP","floor":31},{"not_picked":["SpiritShield","Brilliance","Blasphemy"],"picked":"DeusExMachina","floor":33},{"not_picked":["ThirdEye","BattleHymn+1","Prostrate+1","PathToVictory"],"picked":"SKIP","floor":35},{"not_picked":["Study+1","Sanctity+1","ThirdEye","Nirvana+1"],"picked":"SKIP","floor":37},{"not_picked":["Evaluate","Crescendo+1","ThirdEye","FlyingSleeves+1"],"picked":"SKIP","floor":38},{"not_picked":["BowlingBash+1","Protect+1","SashWhip","LikeWater+1"],"picked":"SKIP","floor":41},{"not_picked":["PathToVictory+1","Establishment","Consecrate+1","Protect+1"],"picked":"SKIP","floor":42},{"not_picked":["PathToVictory+1","SignatureMove","Protect+1","EmptyMind+1"],"picked":"SKIP","floor":46},{"not_picked":["CrushJoints+1","ThirdEye","Conclude","FlyingSleeves"],"picked":"SKIP","floor":47},{"not_picked":["Halt","JustLucky+1","Evaluate+1","Sanctity+1"],"picked":"SKIP","floor":48}],"player_experience":576821,"relics_obtained":[{"floor":9,"key":"Happy Flower"},{"floor":25,"key":"Red Mask"},{"floor":26,"key":"Question Card"},{"floor":27,"key":"TeardropLocket"},{"floor":42,"key":"Shuriken"},{"floor":43,"key":"Oddly Smooth Stone"},{"floor":48,"key":"PreservedInsect"}],"event_choices":[{"damage_healed":0,"gold_gain":0,"player_choice":"Grow","damage_taken":0,"max_hp_gain":0,"max_hp_loss":0,"event_name":"Living Wall","floor":3,"gold_loss":0,"cards_upgraded":["Eruption"]},{"damage_healed":0,"gold_gain":0,"player_choice":"Got Potions","damage_taken":0,"max_hp_gain":0,"max_hp_loss":0,"event_name":"Lab","floor":5,"gold_loss":0},{"damage_healed":0,"gold_gain":0,"player_choice":"Success","damage_taken":7,"relics_obtained":["Bag of Preparation"],"max_hp_gain":0,"max_hp_loss":0,"event_name":"Scrap Ooze","floor":8,"gold_loss":0},{"damage_healed":0,"gold_gain":0,"cards_transformed":["Strike_P"],"player_choice":"Transformed","damage_taken":0,"max_hp_gain":0,"max_hp_loss":0,"event_name":"Transmorgrifier","floor":11,"gold_loss":0,"cards_obtained":["Worship"]},{"damage_healed":0,"gold_gain":0,"player_choice":"Fought Bandits","damage_taken":0,"max_hp_gain":0,"max_hp_loss":0,"event_name":"Masked Bandits","floor":25,"gold_loss":0},{"damage_healed":0,"gold_gain":222,"player_choice":"Wore Mask","damage_taken":0,"max_hp_gain":0,"max_hp_loss":0,"event_name":"Tomb of Lord Red Mask","floor":39,"gold_loss":0}],"is_beta":false,"boss_relics":[{"not_picked":["Coffee Dripper","Busted Crown"],"picked":"Philosopher\u0027s Stone"},{"not_picked":["Fusion Hammer","SacredBark"],"picked":"Empty Cage"}],"items_purged_floors":[12,19,36,45],"is_endless":false,"potions_floor_spawned":[1,2,21,23,25,30,38,41,42,48],"ascension_level":9}}