{"host":"6bsan6hkua32tfq7","time":1613687084,"event":{"mods":["BaseMod","Better Third Choice","Colored Map","Highlight Path","Minty Spire (QoL Compilation)","StSLib"],"gold_per_floor":[117,80,80,96,96,96,115,115,141,24,24,24,35,47,47,47,47],"floor_reached":16,"language":"ENG","playtime":310,"items_purged":["Defend_B"],"score":180,"play_id":"ae8ea546-ca1e-40e0-8117-0007bc81ea42","local_time":"20210218232444","is_ascension_mode":true,"campfire_choices":[{"data":"Zap","floor":6,"key":"SMITH"},{"data":"Go for the Eyes","floor":8,"key":"SMITH"},{"floor":15,"key":"REST"}],"circlet_count":0,"master_deck":["AscendersBane","Strike_B","Strike_B","Strike_B+1","Strike_B","Defend_B","Defend_B","Defend_B","Zap+1","Dualcast+1","Go for the Eyes+1","Steam+1","Defragment","Doom and Gloom","Steam"],"relics":["Cracked Core","betterThird:SlimedRelic","Bronze Scales"],"acts_visited":["Exordium"],"potions_floor_usage":[16,16],"damage_taken":[{"damage":1,"enemies":"Cultist","floor":1,"turns":3},{"damage":4,"enemies":"Jaw Worm","floor":4,"turns":2},{"damage":0,"enemies":"2 Louse","floor":7,"turns":2},{"damage":4,"enemies":"Blue Slaver","floor":13,"turns":2},{"damage":0,"enemies":"Large Slime","floor":14,"turns":5},{"damage":55,"enemies":"Slime Boss","floor":16,"turns":6}],"seed_played":"1858452580071109193","potions_obtained":[{"floor":1,"key":"SkillPotion"},{"floor":13,"key":"LiquidMemories"}],"is_trial":false,"path_per_floor":["M","?","?","M","?","R","M","R","T","$","?","$","M","M","R","B"],"character_chosen":"DEFECT","items_purchased":["Defragment"],"campfire_rested":1,"item_purchase_floors":[10],"current_hp_per_floor":[63,52,57,53,30,30,30,30,30,30,30,30,26,26,48,0,0],"gold":47,"neow_bonus":"UPGRADE_CARD","is_daily":false,"chose_seed":false,"campfire_upgraded":2,"win_rate":0.0,"timestamp":1613687084,"path_taken":["M","?","?","M","?","R","M","R","T","?","?","?","?","M","R","BOSS"],"items_purchased_type":["Card"],"build_version":"2020-12-22","purchased_purges":1,"victory":false,"max_hp_per_floor":[71,71,76,76,76,76,76,76,76,76,76,76,76,76,76,76,76],"card_choices":[{"not_picked":["Double Energy","Cold Snap"],"picked":"Go for the Eyes","floor":1},{"not_picked":["Ball Lightning","Leap"],"picked":"Steam","floor":4},{"not_picked":["Beam Cell","Go for the Eyes","Force Field"],"picked":"SKIP","floor":7},{"not_picked":["Turbo","Cold Snap"],"picked":"Doom and Gloom","floor":13},{"not_picked":["Compile Driver","Fusion"],"picked":"Steam","floor":14}],"player_experience":5438691,"relics_obtained":[{"floor":9,"key":"Bronze Scales"}],"event_choices":[{"damage_healed":0,"gold_gain":0,"player_choice":"Slimed","damage_taken":11,"max_hp_gain":0,"max_hp_loss":0,"event_name":"betterThird:BetterGoop","floor":2,"gold_loss":37},{"damage_healed":0,"gold_gain":0,"player_choice":"Donut","damage_taken":0,"max_hp_gain":5,"max_hp_loss":0,"event_name":"Big Fish","floor":3,"gold_loss":0},{"damage_healed":53,"gold_gain":0,"player_choice":"Upgrade","damage_taken":23,"max_hp_gain":0,"max_hp_loss":76,"event_name":"betterThird:BetterShining","floor":5,"gold_loss":0,"cards_upgraded":["Strike_B","Steam"]},{"damage_healed":0,"gold_gain":0,"player_choice":"Ignored","damage_taken":24,"max_hp_gain":0,"max_hp_loss":0,"event_name":"betterThird:BetterSerpent","floor":11,"gold_loss":0}],"is_beta":false,"boss_relics":[],"items_purged_floors":[10],"is_endless":false,"potions_floor_spawned":[1,13,14],"killed_by":"Slime Boss","ascension_level":20}}