{"host":"a3gu5zu37ht99mpa","time":1613630420,"event":{"mods":["100% Spire Juice","Act Like it!","BaseMod","Better Silent Start","Better Third Choice","BetterRewards","Conspire","Downfall","Energized Spire","Friendly Minions","GifTheSpireLib","Gold Saver","Gremlin Mod","Halation","Hallownest","Hermit","HololiveMod","JesterMod","Koishi","Lobotomy","LobotomyExtend","Luminous","Minty Spire (QoL Compilation)","Reliquary","Shade Mod","StSLib","Stuff the Spire","The Administrix","The Animator","The Bug Knight","The Hayseed","The Necromancer","The Runesmith","The Saiyan","The Senshi","The Showman","The Wild Card","Virulent Crown","Wandering Minibosses","WarShipGirlsR/????R mod","Yohane!","Yuyuko","yUi","??????REMEMod"],"gold_per_floor":[852,871,573,624,549,559,587,587,635,635,646,646,663,674,674,674,674],"floor_reached":16,"language":"ENG","playtime":847,"items_purged":["sneckomod:UnknownRareSkill"],"score":152,"play_id":"2f0e636f-8bad-4695-bad5-f1da40240763","local_time":"20210218014020","is_ascension_mode":false,"campfire_choices":[{"data":"Hololive_SummonFox","floor":8.0,"key":"SMITH"},{"data":"Hololive_CallOzoraSubaru","floor":12.0,"key":"SMITH"},{"data":"Hololive_SummonFox","floor":15.0,"key":"SMITH"}],"circlet_count":0,"master_deck":["Hololive_CallHoushouMarine","Hololive_CallShiroganeNoel","Hololive_CallUruhaRushia","Hololive_CallShiranuiFlare","Hololive_CallUsadaPekora","Hololive_StrengthChampion","Hololive_Strike","Hololive_Strike","Hololive_FlyingPonyTail","Hololive_CallCivia","Hallownest:skillGreenpathMap","Hololive_ThreeCombinationOption","DreamingCurrent","Hololive_CallCivia","Hololive_CallOzoraSubaru+1","Hallownest:skillLeafShield","Hallownest:skillLeafShield","Hallownest:skillLeafShield","Hallownest:skillLeafShield","Hallownest:skillLeafShield","LaLuna","Hololive_SummonFox+1","Hololive_CallShirakamiFubuki","Hololive_SummonFox+1"],"relics":["Hololive_TheStar","REME_ComplimentaryCards","CogitoBucket","LetterFromLob","halation:PrussianBluePaint","StuffTheSpire:Mouthbags","Pantograph"],"acts_visited":["Hallownest:Greenpath"],"potions_floor_usage":[],"damage_taken":[{"damage":0.0,"enemies":"Hallownest:monsterHuskWarrior","floor":1.0,"turns":3.0},{"damage":0.0,"enemies":"Hallownest:monsterHuskGuard","floor":2.0,"turns":3.0},{"damage":0.0,"enemies":"2_ Uuma","floor":6.0,"turns":3.0},{"damage":8.0,"enemies":"Hallownest:eliteMossKnight","floor":7.0,"turns":13.0},{"damage":0.0,"enemies":"Hallownest:Wandering_and_Horned","floor":11.0,"turns":5.0},{"damage":4.0,"enemies":"Hallownest:monsterAspidMother","floor":13.0,"turns":5.0},{"damage":0.0,"enemies":"Hallownest:monsterMossCharger","floor":14.0,"turns":1.0},{"damage":70,"enemies":"Hallownest:BossHornet","floor":16,"turns":12}],"seed_played":"3777012359013276003","potions_obtained":[{"floor":1.0,"key":"Strength Potion"},{"floor":7.0,"key":"Fire Potion"},{"floor":11.0,"key":"REME_GoldPotion"}],"is_trial":false,"path_per_floor":["M","M","$","T","?","M","E","R","T","?","M","R","M","M","R","B"],"character_chosen":"Hololive_HololiveCharacter","items_purchased":["halation:PrussianBluePaint","Hololive_CallCivia"],"campfire_rested":0,"item_purchase_floors":[3,3],"current_hp_per_floor":[35,35,35,35,35,35,27,27,27,27,35,35,35,35,35,0,0],"gold":674,"neow_bonus":"","is_daily":false,"chose_seed":false,"campfire_upgraded":3,"win_rate":0.0,"timestamp":1613630420,"path_taken":["M","M","$","?","?","M","E","R","T","?","M","R","M","M","R","BOSS"],"items_purchased_type":["Relic","Card"],"build_version":"2020-12-22","purchased_purges":1,"victory":false,"max_hp_per_floor":[35,35,35,35,35,35,35,35,35,35,35,35,35,35,35,35,35],"card_choices":[{"not_picked":["Hololive_CallYukihanaLamy","Hololive_LuckPotion","Hololive_Watashimo"],"picked":"Hololive_FlyingPonyTail","floor":1.0},{"not_picked":["Hololive_Sequa","Hololive_CallNekomataOkayu","Hololive_OpenUp"],"picked":"Hololive_SummonFox","floor":2.0},{"not_picked":["CherryBlossoms","OldLady"],"picked":"DreamingCurrent","floor":6.0},{"not_picked":["Hololive_Sequa","Hololive_Breathe","Hololive_Rebound"],"picked":"Hololive_CallCivia","floor":6.0},{"not_picked":["Hololive_Rebound","Hololive_CallShirakamiFubuki","Hololive_BringToTrial"],"picked":"Hololive_CallOzoraSubaru","floor":7.0},{"not_picked":["Hololive_ScarfAndHalo","Hololive_Sequa","Hololive_CocoNews","Hololive_Trident"],"picked":"SKIP","floor":11.0},{"not_picked":["CrumblingArmor","Laetitia"],"picked":"LaLuna","floor":13.0},{"not_picked":["Hololive_RevenueBasedLive","Hololive_CallAZKi","Hololive_LuckPotion"],"picked":"Hololive_SummonFox","floor":13.0},{"not_picked":["Hololive_Psychosis","Hololive_Rebound","Hololive_SoulCatcher"],"picked":"Hololive_CallShirakamiFubuki","floor":14.0}],"player_experience":127736,"relics_obtained":[{"floor":1.0,"key":"LetterFromLob"},{"floor":4.0,"key":"StuffTheSpire:Mouthbags"},{"floor":7.0,"key":"Pantograph"}],"event_choices":[],"is_beta":false,"boss_relics":[],"items_purged_floors":[3],"is_endless":false,"potions_floor_spawned":[1,7,11],"killed_by":"Hallownest:BossHornet","ascension_level":0}}