{"host":"5jdby9iqu3ct6557","time":1613679372,"event":{"mods":["BaseMod","DeckTracker","Highlight Path","Minty Spire (QoL Compilation)","Relic Stats","StSLib","ojb\u0027s Info Mod"],"gold_per_floor":[118,43,63,63,81,81,110,110,110,139,139,149,162,174,174,174,174],"floor_reached":16,"language":"ENG","playtime":2991,"items_purged":[],"score":224,"play_id":"d1d28077-76d2-4bd0-8d6a-c5caae6c931d","local_time":"20210218151612","is_ascension_mode":true,"campfire_choices":[{"data":"Neutralize","floor":6,"key":"SMITH"},{"data":"Wraith Form v2","floor":11,"key":"SMITH"},{"data":"Blade Dance","floor":15,"key":"SMITH"}],"circlet_count":0,"master_deck":["AscendersBane","Strike_G","Strike_G","Strike_G","Strike_G","Defend_G","Defend_G","Defend_G","Defend_G","Defend_G","Survivor","Neutralize+1","Poisoned Stab","Bouncing Flask","Blade Dance+1","Wraith Form v2+1","PiercingWail"],"relics":["Ring of the Snake","Snake Skull","Shuriken","Meat on the Bone","Pear"],"acts_visited":["Exordium"],"potions_floor_usage":[16],"damage_taken":[{"damage":0,"enemies":"Small Slimes","floor":1,"turns":5},{"damage":5,"enemies":"Jaw Worm","floor":3,"turns":7},{"damage":1,"enemies":"2 Louse","floor":5,"turns":3},{"damage":27,"enemies":"Gremlin Nob","floor":7,"turns":4},{"damage":17,"enemies":"Lagavulin","floor":10,"turns":5},{"damage":3,"enemies":"Exordium Wildlife","floor":12,"turns":4},{"damage":5,"enemies":"3 Louse","floor":13,"turns":5},{"damage":11,"enemies":"Looter","floor":14,"turns":3},{"damage":41,"enemies":"Slime Boss","floor":16,"turns":9}],"seed_played":"311953808705275133","potions_obtained":[{"floor":5,"key":"SmokeBomb"},{"floor":13,"key":"DuplicationPotion"},{"floor":14,"key":"SpeedPotion"}],"is_trial":false,"path_per_floor":["M","?","M","?","M","R","E","?","T","E","R","M","M","M","R","B"],"character_chosen":"THE_SILENT","items_purchased":[],"campfire_rested":0,"item_purchase_floors":[],"current_hp_per_floor":[59,59,54,59,58,58,31,31,31,36,36,45,52,41,41,0,0],"gold":174,"neow_bonus":"RANDOM_COMMON_RELIC","is_daily":false,"chose_seed":false,"campfire_upgraded":3,"win_rate":0.0,"timestamp":1613679372,"path_taken":["M","?","M","?","M","R","E","?","T","E","R","M","M","M","R","BOSS"],"items_purchased_type":[],"build_version":"2020-12-22","purchased_purges":0,"victory":false,"max_hp_per_floor":[66,66,66,71,71,71,71,71,71,81,81,81,81,81,81,81,81],"relic_stats":{"counters":[9,45],"Shuriken":[8],"Snake Skull":[36],"obtain_stats":[{"Pear":10,"Shuriken":7,"Snake Skull":0,"Ring of the Snake":0,"Meat on the Bone":9},{"Pear":5,"Shuriken":4,"Snake Skull":0,"Ring of the Snake":0,"Meat on the Bone":4},{"Pear":24,"Shuriken":19,"Snake Skull":0,"Ring of the Snake":0,"Meat on the Bone":19}],"Ring of the Snake":[18],"Meat on the Bone":36},"card_choices":[{"not_picked":["Dagger Throw","Dagger Spray"],"picked":"Poisoned Stab","floor":3},{"not_picked":["Caltrops","Deadly Poison"],"picked":"Bouncing Flask","floor":5},{"not_picked":["Slice","Quick Slash"],"picked":"Blade Dance","floor":7},{"not_picked":["Setup","Slice"],"picked":"Wraith Form v2","floor":10},{"not_picked":["Backflip","Expertise"],"picked":"PiercingWail","floor":13}],"player_experience":2798791,"relics_obtained":[{"floor":7,"key":"Shuriken"},{"floor":9,"key":"Meat on the Bone"},{"floor":10,"key":"Pear"}],"event_choices":[{"cards_removed":["Strike_G"],"damage_healed":0,"gold_gain":0,"player_choice":"Card Removal","damage_taken":0,"max_hp_gain":0,"max_hp_loss":0,"event_name":"The Cleric","floor":2,"gold_loss":75},{"damage_healed":0,"gold_gain":0,"player_choice":"Donut","damage_taken":0,"max_hp_gain":5,"max_hp_loss":0,"event_name":"Big Fish","floor":4,"gold_loss":0},{"damage_healed":0,"gold_gain":0,"player_choice":"Ignored","damage_taken":0,"max_hp_gain":0,"max_hp_loss":0,"event_name":"Liars Game","floor":8,"gold_loss":0}],"is_beta":false,"boss_relics":[],"items_purged_floors":[],"is_endless":false,"potions_floor_spawned":[5,13,14],"killed_by":"Slime Boss","ascension_level":20}}