{"host":"z37g2hkgkh2zjyzk","time":1613679452,"event":{"mods":["2.2 Compatiblity","AchievementEnabler","BaseMod","Bestiary","Colored Map","Colored Powertips","Curses Come First","Keyboard Shortcuts","Minty Spire (QoL Compilation)","Relic Stats","StSLib","SuperFastMode"],"gold_per_floor":[117,117,117,136,151,180,191,191,242,261,261,36,65,84,84,183,183,195,195,195,213,232,258,258,287,333,345,345,24,24,24,24,126,126,138,138,138,150,162,162,189,200,200,211,246,246,258,283,283,283,283,283,66,95,95],"floor_reached":56,"language":"ENG","playtime":7334,"items_purged":["Regret","Strike_G","Decay"],"score":1464,"play_id":"e317fb99-0d2a-44f7-b493-0583e4b5b1d0","local_time":"20210218211732","is_ascension_mode":true,"campfire_choices":[{"data":"Neutralize","floor":8.0,"key":"SMITH"},{"floor":11.0,"key":"REST"},{"data":"Catalyst","floor":15.0,"key":"SMITH"},{"data":"Footwork","floor":24.0,"key":"SMITH"},{"floor":28.0,"key":"REST"},{"floor":32.0,"key":"REST"},{"data":"Deadly Poison","floor":40.0,"key":"SMITH"},{"floor":49,"key":"RECALL"},{"data":"Night Terror","floor":52,"key":"SMITH"}],"circlet_count":0,"master_deck":["Strike_G","Defend_G","Defend_G","Defend_G","Defend_G","Defend_G","Survivor","Neutralize+1","Footwork+1","Noxious Fumes+1","Deadly Poison+1","Deadly Poison","Acrobatics","Outmaneuver","Catalyst+1","Corpse Explosion","Crippling Poison","Eviscerate","Bane+1","Tools of the Trade+1","Tactician+1","Footwork+1","Night Terror+1","Blur+1","Well Laid Plans+1","PiercingWail+1","Catalyst+1","Backflip+1","Caltrops+1"],"relics":["Ring of the Snake","Singing Bowl","Tiny Chest","Dream Catcher","TwistedFunnel","White Beast Statue","SacredBark","Anchor","Kunai","Frozen Egg 2","MealTicket","Toolbox","Nilry\u0027s Codex","Question Card","Velvet Choker","Shuriken","Bag of Marbles","Gremlin Horn","CaptainsWheel","Bottled Tornado"],"acts_visited":["Exordium","TheCity","TheBeyond","TheEnding"],"potions_floor_usage":[48,54,54,55],"damage_taken":[{"damage":0.0,"enemies":"2 Louse","floor":1.0,"turns":4.0},{"damage":4.0,"enemies":"Small Slimes","floor":4.0,"turns":4.0},{"damage":5.0,"enemies":"Jaw Worm","floor":5.0,"turns":5.0},{"damage":24.0,"enemies":"Lagavulin","floor":6.0,"turns":9.0},{"damage":7.0,"enemies":"Looter","floor":7.0,"turns":4.0},{"damage":15.0,"enemies":"Large Slime","floor":10.0,"turns":7.0},{"damage":8.0,"enemies":"3 Sentries","floor":13.0,"turns":6.0},{"damage":0.0,"enemies":"3 Louse","floor":14.0,"turns":2.0},{"damage":3.0,"enemies":"The Guardian","floor":16.0,"turns":6.0},{"damage":0.0,"enemies":"2 Thieves","floor":18.0,"turns":1.0},{"damage":2.0,"enemies":"Chosen","floor":21.0,"turns":3.0},{"damage":0.0,"enemies":"Snecko","floor":22.0,"turns":4.0},{"damage":8.0,"enemies":"Slavers","floor":23.0,"turns":5.0},{"damage":29.0,"enemies":"Book of Stabbing","floor":25.0,"turns":6.0},{"damage":22.0,"enemies":"Snake Plant","floor":27.0,"turns":3.0},{"damage":10.0,"enemies":"Champ","floor":33.0,"turns":5.0},{"damage":1.0,"enemies":"3 Shapes","floor":35.0,"turns":4.0},{"damage":22.0,"enemies":"3 Darklings","floor":38.0,"turns":4.0},{"damage":10.0,"enemies":"Spire Growth","floor":39.0,"turns":5.0},{"damage":10.0,"enemies":"Reptomancer","floor":41.0,"turns":5.0},{"damage":1.0,"enemies":"Jaw Worm Horde","floor":42.0,"turns":3.0},{"damage":4.0,"enemies":"Transient","floor":44.0,"turns":5.0},{"damage":3.0,"enemies":"Giant Head","floor":45.0,"turns":5.0},{"damage":0.0,"enemies":"3 Darklings","floor":47.0,"turns":4.0},{"damage":0,"enemies":"Nemesis","floor":48,"turns":5},{"damage":27,"enemies":"Donu and Deca","floor":50,"turns":6},{"damage":38,"enemies":"Shield and Spear","floor":54,"turns":6},{"damage":44,"enemies":"The Heart","floor":55,"turns":7}],"seed_played":"-2076147294597630342","potions_obtained":[{"floor":1.0,"key":"SteroidPotion"},{"floor":4.0,"key":"Ancient Potion"},{"floor":14.0,"key":"DuplicationPotion"},{"floor":16.0,"key":"CunningPotion"},{"floor":18.0,"key":"EssenceOfSteel"},{"floor":21.0,"key":"Poison Potion"},{"floor":22.0,"key":"CultistPotion"},{"floor":23.0,"key":"AttackPotion"},{"floor":25.0,"key":"Strength Potion"},{"floor":27.0,"key":"SpeedPotion"},{"floor":33.0,"key":"Poison Potion"},{"floor":35.0,"key":"FearPotion"},{"floor":38.0,"key":"GhostInAJar"},{"floor":41.0,"key":"Swift Potion"},{"floor":42.0,"key":"Explosive Potion"},{"floor":44.0,"key":"SmokeBomb"},{"floor":45.0,"key":"Fruit Juice"},{"floor":47.0,"key":"Energy Potion"},{"floor":48,"key":"ColorlessPotion"},{"floor":54,"key":"CunningPotion"}],"is_trial":false,"path_per_floor":["M","?","?","M","M","E","M","R","T","M","R","$","E","M","R","B",null,"M","?","?","M","M","E","R","E","T","M","R","$","?","T","R","B",null,"M","?","?","M","M","R","E","M","T","M","E","T","M","E","R","B",null,"R","$","E","B",null],"character_chosen":"THE_SILENT","items_purchased":["TwistedFunnel","Footwork+1","Toolbox","Caltrops+1","Weak Potion"],"campfire_rested":3,"item_purchase_floors":[12,29,29,53,53],"current_hp_per_floor":[70,70,70,68,63,41,34,34,34,19,41,41,35,35,35,32,76,78,78,78,78,80,72,72,43,43,23,48,63,47,47,74,64,86,85,82,82,62,52,52,44,43,43,41,48,48,50,50,50,23,100,100,100,64,20],"gold":95,"neow_bonus":"TRANSFORM_CARD","is_daily":false,"chose_seed":false,"campfire_upgraded":5,"win_rate":0.0,"timestamp":1613679452,"path_taken":["M","?","?","M","M","E","M","R","T","M","R","$","E","M","R","BOSS","M","?","?","M","M","E","R","E","T","M","R","$","?","?","R","BOSS","M","?","?","M","?","R","E","M","T","M","E","?","M","E","R","BOSS","R","$","E","BOSS"],"items_purchased_type":["Relic","Card","Relic","Card","Potion"],"build_version":"2020-12-22","purchased_purges":3,"victory":true,"max_hp_per_floor":[70,70,70,72,72,74,74,74,74,74,74,74,76,76,76,76,76,78,78,78,80,82,82,82,82,82,84,84,84,84,84,86,86,86,86,82,82,84,84,84,86,86,86,88,98,98,100,100,100,100,100,100,100,102,102],"relic_stats":{"Dream Catcher":3,"Singing Bowl":26,"Gremlin Horn":[0,0],"counters":[28,133],"Shuriken":[0],"Tiny Chest":2,"MealTicket":15,"Kunai":[1],"Question Card":12,"obtain_stats":[{"TwistedFunnel":12,"Singing Bowl":3,"Gremlin Horn":46,"Nilry\u0027s Codex":30,"SacredBark":17,"Velvet Choker":34,"Frozen Egg 2":25,"Bottled Tornado":54,"Question Card":31,"White Beast Statue":13,"Dream Catcher":9,"Anchor":20,"CaptainsWheel":48,"Shuriken":41,"Toolbox":29,"Tiny Chest":6,"MealTicket":26,"Bag of Marbles":45,"Kunai":23,"Ring of the Snake":0},{"TwistedFunnel":6,"Singing Bowl":1,"Gremlin Horn":23,"Nilry\u0027s Codex":15,"SacredBark":9,"Velvet Choker":16,"Frozen Egg 2":14,"Bottled Tornado":27,"Question Card":15,"White Beast Statue":7,"Dream Catcher":5,"Anchor":10,"CaptainsWheel":25,"Shuriken":20,"Toolbox":15,"Tiny Chest":4,"MealTicket":14,"Bag of Marbles":23,"Kunai":13,"Ring of the Snake":0},{"TwistedFunnel":33,"Singing Bowl":4,"Gremlin Horn":105,"Nilry\u0027s Codex":69,"SacredBark":47,"Velvet Choker":74,"Frozen Egg 2":66,"Bottled Tornado":126,"Question Card":69,"White Beast Statue":39,"Dream Catcher":26,"Anchor":48,"CaptainsWheel":114,"Shuriken":92,"Toolbox":69,"Tiny Chest":22,"MealTicket":66,"Bag of Marbles":105,"Kunai":60,"Ring of the Snake":0}],"Ring of the Snake":[56]},"card_choices":[{"not_picked":["Well Laid Plans","Quick Slash"],"picked":"Noxious Fumes","floor":1.0},{"not_picked":["Flying Knee","Sucker Punch","Poisoned Stab"],"picked":"Singing Bowl","floor":4.0},{"not_picked":["Blade Dance","Quick Slash"],"picked":"Deadly Poison","floor":5.0},{"not_picked":["Blade Dance","Eviscerate","Dagger Throw"],"picked":"Singing Bowl","floor":6.0},{"not_picked":["Calculated Gamble","Sucker Punch"],"picked":"Deadly Poison","floor":7.0},{"not_picked":["Endless Agony","Bane"],"picked":"Acrobatics","floor":10.0},{"not_picked":["Accuracy","Bane"],"picked":"Outmaneuver","floor":11.0},{"not_picked":["Slice","Riddle With Holes","Outmaneuver"],"picked":"Singing Bowl","floor":13.0},{"not_picked":["Dagger Throw","Bane"],"picked":"Catalyst","floor":14.0},{"not_picked":["Wraith Form v2","Unload"],"picked":"Corpse Explosion","floor":16.0},{"not_picked":["Quick Slash+1","Bane","Eviscerate"],"picked":"Singing Bowl","floor":18.0},{"not_picked":["Underhanded Strike","Bane","Sucker Punch"],"picked":"Singing Bowl","floor":21.0},{"not_picked":["Underhanded Strike+1","Slice+1","Reflex"],"picked":"Singing Bowl","floor":22.0},{"not_picked":["Dodge and Roll","Choke"],"picked":"Bane+1","floor":23.0},{"not_picked":["Endless Agony","Distraction"],"picked":"Tools of the Trade+1","floor":25.0},{"not_picked":["Poisoned Stab","Dagger Spray","Prepared"],"picked":"Singing Bowl","floor":27.0},{"not_picked":["Poisoned Stab","Caltrops+1"],"picked":"Tactician+1","floor":28.0},{"not_picked":["Prepared","Blade Dance","Accuracy+1","Predator"],"picked":"Singing Bowl","floor":32.0},{"not_picked":["Glass Knife","A Thousand Cuts+1","Bullet Time"],"picked":"Night Terror","floor":33.0},{"not_picked":["Endless Agony+1","Deadly Poison+1","Bane"],"picked":"Blur+1","floor":35.0},{"not_picked":["Predator","Prepared","Bane+1","Quick Slash"],"picked":"Singing Bowl","floor":38.0},{"not_picked":["Choke+1","Deadly Poison","Cloak And Dagger+1"],"picked":"Well Laid Plans+1","floor":39.0},{"not_picked":["Bouncing Flask+1","Cloak And Dagger","Acrobatics","Bane+1"],"picked":"Singing Bowl","floor":41.0},{"not_picked":["Terror+1","Dagger Spray","Die Die Die"],"picked":"PiercingWail+1","floor":42.0},{"not_picked":["Backflip","PiercingWail+1","Dodge and Roll","Endless Agony"],"picked":"Singing Bowl","floor":44.0},{"not_picked":["Outmaneuver+1","Cloak And Dagger","Quick Slash+1"],"picked":"Catalyst+1","floor":45.0},{"not_picked":["Bane","Blade Dance","Slice+1","Underhanded Strike"],"picked":"Singing Bowl","floor":47.0},{"not_picked":["Flechettes","Storm of Steel","Cloak And Dagger"],"picked":"Backflip+1","floor":48},{"not_picked":["Skewer+1","Cloak And Dagger+1","Phantasmal Killer","Expertise+1"],"picked":"Singing Bowl","floor":54}],"player_experience":97361,"relics_obtained":[{"floor":6.0,"key":"Tiny Chest"},{"floor":9.0,"key":"Dream Catcher"},{"floor":13.0,"key":"White Beast Statue"},{"floor":23.0,"key":"Kunai"},{"floor":25.0,"key":"Frozen Egg 2"},{"floor":26.0,"key":"MealTicket"},{"floor":30.0,"key":"Nilry\u0027s Codex"},{"floor":31.0,"key":"Question Card"},{"floor":41.0,"key":"Shuriken"},{"floor":45.0,"key":"Bag of Marbles"},{"floor":46.0,"key":"Gremlin Horn"},{"floor":48,"key":"CaptainsWheel"},{"floor":54,"key":"Bottled Tornado"}],"event_choices":[{"damage_healed":0.0,"max_hp_gain":0.0,"max_hp_loss":0.0,"gold_gain":0.0,"event_name":"Living Wall","player_choice":"Grow","floor":2.0,"gold_loss":0.0,"damage_taken":0.0,"cards_upgraded":["Noxious Fumes"]},{"damage_healed":0.0,"max_hp_gain":0.0,"max_hp_loss":0.0,"gold_gain":0.0,"event_name":"Big Fish","player_choice":"Box","floor":3.0,"gold_loss":0.0,"damage_taken":0.0,"relics_obtained":["Singing Bowl"],"cards_obtained":["Regret"]},{"damage_healed":0.0,"max_hp_gain":0.0,"max_hp_loss":0.0,"gold_gain":0.0,"cards_transformed":["Strike_G","Strike_G"],"event_name":"Drug Dealer","player_choice":"Became Test Subject","floor":19.0,"gold_loss":0.0,"damage_taken":0.0,"cards_obtained":["Crippling Poison","Eviscerate"]},{"damage_healed":0.0,"max_hp_gain":0.0,"max_hp_loss":0.0,"gold_gain":0.0,"event_name":"The Mausoleum","player_choice":"Opened","floor":20.0,"gold_loss":0.0,"damage_taken":0.0,"relics_obtained":["Anchor"]},{"damage_healed":0.0,"max_hp_gain":0.0,"max_hp_loss":0.0,"gold_gain":0.0,"event_name":"Cursed Tome","player_choice":"Obtained Book","floor":30.0,"gold_loss":0.0,"damage_taken":16.0},{"damage_healed":0.0,"max_hp_gain":0.0,"max_hp_loss":4.0,"gold_gain":0.0,"event_name":"Winding Halls","player_choice":"Max HP","floor":36.0,"gold_loss":0.0,"damage_taken":0.0},{"damage_healed":0.0,"max_hp_gain":0.0,"max_hp_loss":0.0,"gold_gain":0.0,"event_name":"Wheel of Change","player_choice":"Cursed","floor":37.0,"gold_loss":0.0,"damage_taken":0.0,"cards_obtained":["Decay"]}],"is_beta":false,"boss_relics":[{"not_picked":["Ring of the Serpent","Sozu"],"picked":"SacredBark"},{"not_picked":["Calling Bell","Tiny House"],"picked":"Velvet Choker"}],"items_purged_floors":[12,29,53],"is_endless":false,"potions_floor_spawned":[1,4,14,16,18,21,22,23,25,27,33,35,38,39,41,42,44,45,47,48,54],"ascension_level":3}}