{"host":"w4ub8crw9ou4a5am","time":1613666566,"event":{"mods":["2.2 Compatiblity","BaseMod","Challenge The Spire","Colored Powertips","Hermit","Hubris","Jorbs\u0027s Wanderer Trilogy","KinomotoSakuraMod(????)","Koishi","Marisa????????","Minty Spire (QoL Compilation)","Quick Restart","Rare Cards Sparkle","Remilia??????","StSLib","The Administrix","The Animator","The Bug Knight","The Cursed","The Disciple","The Hierophant","The Jungle","The Marked","The Necromancer","The Senshi","The Servant 0.9.4","WarShipGirlsR/????R mod"],"gold_per_floor":[109,62,137,149,165,190,208,183,208,221,221,234,234,252,252,349,349,362,362,133,133,144,144,178,178,178,178,208,227,227,267,267,267,267],"floor_reached":33,"language":"ENG","playtime":1647,"items_purged":[],"score":355,"play_id":"d5874219-a49c-4746-bd1f-02ce1627300a","local_time":"20210218114246","is_ascension_mode":false,"campfire_choices":[{"floor":11,"key":"REST"},{"floor":13,"key":"REST"},{"floor":15,"key":"REST"},{"floor":23,"key":"REST"},{"floor":27,"key":"REST"},{"floor":30,"key":"REST"},{"floor":32,"key":"RECALL"}],"circlet_count":0,"master_deck":["stsjorbsmod:ForbiddenGrimoire+1","stsjorbsmod:Strike_Wanderer+1","stsjorbsmod:Strike_Wanderer+1","stsjorbsmod:Strike_Wanderer+1","stsjorbsmod:Strike_Wanderer+1","stsjorbsmod:Defend_Wanderer+1","stsjorbsmod:Defend_Wanderer+1","stsjorbsmod:Defend_Wanderer+1","stsjorbsmod:Defend_Wanderer+1","stsjorbsmod:FreshAdventure","stsjorbsmod:EyeOfTheStorm","stsjorbsmod:Introspection","stsjorbsmod:ArcaneWeapon","stsjorbsmod:BlackTentacles","stsjorbsmod:Prepare","stsjorbsmod:FaerieFire","stsjorbsmod:WeightOfMemory","stsjorbsmod:Channel","stsjorbsmod:Prepare","stsjorbsmod:ParryingBlow","stsjorbsmod:Trauma","stsjorbsmod:Thorns","Necronomicurse","stsjorbsmod:FindFamiliar","stsjorbsmod:OldPocket","stsjorbsmod:TollTheDead+1","stsjorbsmod:ArcaneWeapon","stsjorbsmod:Aid+1","stsjorbsmod:Hibernate","stsjorbsmod:Firebolt","stsjorbsmod:Patron","Writhe","stsjorbsmod:Fireball","stsjorbsmod:Stalwart+1","stsjorbsmod:DoubleCheck+1"],"relics":["stsjorbsmod:GrimoireRelic","stsjorbsmod:MindGlassRelic","Philosopher\u0027s Stone","Necronomicon","Orrery","Dead Branch","WingedGreaves","Shuriken","Ice Cream","Kunai"],"acts_visited":["Exordium","TheCity"],"potions_floor_usage":[10,16,16,24,24,28,33],"damage_taken":[{"damage":1,"enemies":"Cultist","floor":1,"turns":4},{"damage":6,"enemies":"Jaw Worm","floor":4,"turns":4},{"damage":0,"enemies":"2 Louse","floor":5,"turns":2},{"damage":48,"enemies":"3 Sentries","floor":6,"turns":6},{"damage":5,"enemies":"Looter","floor":7,"turns":3},{"damage":8,"enemies":"Exordium Thugs","floor":10,"turns":4},{"damage":15,"enemies":"3 Louse","floor":12,"turns":3},{"damage":4,"enemies":"Large Slime","floor":14,"turns":6},{"damage":47,"enemies":"Slime Boss","floor":16,"turns":7},{"damage":3,"enemies":"Shell Parasite","floor":18,"turns":4},{"damage":6,"enemies":"Chosen","floor":22,"turns":2},{"damage":31,"enemies":"Gremlin Leader","floor":24,"turns":5},{"damage":45,"enemies":"Slavers","floor":28,"turns":5},{"damage":0,"enemies":"Snake Plant","floor":29,"turns":2},{"damage":16,"enemies":"Gremlin Leader","floor":31,"turns":4},{"damage":53,"enemies":"Collector","floor":33,"turns":3}],"seed_played":"7531087764467747185","potions_obtained":[{"floor":1,"key":"stsjorbsmod:BurningPotion"},{"floor":10,"key":"Fruit Juice"},{"floor":14,"key":"Block Potion"},{"floor":16,"key":"Fruit Juice"},{"floor":18,"key":"SteroidPotion"},{"floor":22,"key":"Weak Potion"},{"floor":28,"key":"BlessingOfTheForge"}],"is_trial":false,"path_per_floor":["M","$","?","M","M","E","M","?","T","M","R","M","R","M","R","B",null,"M","?","$","?","M","R","E","?","T","R","E","M","R","E","R","B"],"character_chosen":"WANDERER","items_purchased":["stsjorbsmod:ArcaneWeapon","stsjorbsmod:FindFamiliar","Orrery"],"campfire_rested":6,"item_purchase_floors":[2,20,20],"current_hp_per_floor":[74,74,74,69,70,23,19,19,19,17,40,26,49,46,69,27,84,81,65,65,65,60,84,56,56,56,81,39,39,64,51,51,0,0],"gold":267,"neow_bonus":"TEN_PERCENT_HP_BONUS","is_daily":false,"chose_seed":false,"campfire_upgraded":0,"win_rate":0.0,"timestamp":1613666566,"path_taken":["M","$","?","M","M","E","M","?","T","M","R","M","R","M","R","BOSS","M","?","$","?","?","R","E","?","T","R","E","M","R","E","R","BOSS"],"items_purchased_type":["Card","Card","Relic"],"build_version":"2020-12-22","purchased_purges":0,"victory":false,"max_hp_per_floor":[74,74,74,74,74,74,74,74,74,79,79,79,79,79,79,84,84,84,84,84,84,84,84,84,84,84,84,84,84,84,84,84,84,84],"card_choices":[{"not_picked":["stsjorbsmod:Hibernate","stsjorbsmod:Hurt"],"picked":"stsjorbsmod:Introspection","floor":1},{"not_picked":["stsjorbsmod:ArcaneWeapon","stsjorbsmod:Firebolt"],"picked":"stsjorbsmod:BlackTentacles","floor":4},{"not_picked":["stsjorbsmod:Thorns","stsjorbsmod:DoubleCheck"],"picked":"stsjorbsmod:Prepare","floor":5},{"not_picked":["stsjorbsmod:RayOfFrost","stsjorbsmod:DoubleCheck"],"picked":"stsjorbsmod:FaerieFire","floor":6},{"not_picked":["stsjorbsmod:Hurt","stsjorbsmod:BlackTentacles"],"picked":"stsjorbsmod:WeightOfMemory","floor":7},{"not_picked":["stsjorbsmod:RefuseToForget","stsjorbsmod:DisguiseSelf"],"picked":"stsjorbsmod:Channel","floor":10},{"not_picked":["stsjorbsmod:ParryingBlow","stsjorbsmod:MagicMirror"],"picked":"stsjorbsmod:Prepare","floor":12},{"not_picked":["stsjorbsmod:Message","stsjorbsmod:Firebolt"],"picked":"stsjorbsmod:ParryingBlow","floor":14},{"not_picked":["stsjorbsmod:IvoryTower","stsjorbsmod:CorrodingBarrier"],"picked":"stsjorbsmod:Trauma","floor":16},{"not_picked":["stsjorbsmod:Index","stsjorbsmod:Prestidigitation"],"picked":"stsjorbsmod:Thorns","floor":18},{"not_picked":["stsjorbsmod:Message","stsjorbsmod:Prepare"],"picked":"stsjorbsmod:OldPocket","floor":20},{"not_picked":["stsjorbsmod:Fear","stsjorbsmod:ChainLightning"],"picked":"stsjorbsmod:TollTheDead+1","floor":20},{"not_picked":["stsjorbsmod:UnseenServant+1","stsjorbsmod:Will"],"picked":"stsjorbsmod:ArcaneWeapon","floor":20},{"not_picked":["stsjorbsmod:ChatteringStrike","stsjorbsmod:Materialize"],"picked":"stsjorbsmod:Aid+1","floor":20},{"not_picked":["stsjorbsmod:Counterspell","stsjorbsmod:Prepare"],"picked":"stsjorbsmod:Hibernate","floor":20},{"not_picked":["stsjorbsmod:OldPocket","stsjorbsmod:Channel"],"picked":"stsjorbsmod:Firebolt","floor":22},{"not_picked":["stsjorbsmod:Introspection","stsjorbsmod:MistyStep"],"picked":"stsjorbsmod:Patron","floor":24},{"not_picked":["stsjorbsmod:RayOfFrost","stsjorbsmod:MageArmor"],"picked":"stsjorbsmod:Fireball","floor":28},{"not_picked":["stsjorbsmod:ChainLightning+1","stsjorbsmod:Mania"],"picked":"stsjorbsmod:Stalwart+1","floor":29},{"not_picked":["stsjorbsmod:ScorchingRay","stsjorbsmod:ArcaneWeapon+1"],"picked":"stsjorbsmod:DoubleCheck+1","floor":31}],"player_experience":1737278,"relics_obtained":[{"floor":6,"key":"stsjorbsmod:MindGlassRelic"},{"floor":19,"key":"Necronomicon"},{"floor":24,"key":"Dead Branch"},{"floor":26,"key":"Shuriken"},{"floor":28,"key":"Ice Cream"},{"floor":31,"key":"Kunai"}],"event_choices":[{"damage_healed":0,"gold_gain":75,"player_choice":"Gained Gold","damage_taken":0,"max_hp_gain":0,"max_hp_loss":0,"event_name":"Golden Wing","floor":3,"gold_loss":0},{"damage_healed":0,"gold_gain":0,"player_choice":"Left Gold","damage_taken":0,"max_hp_gain":0,"max_hp_loss":0,"event_name":"World of Goop","floor":8,"gold_loss":25},{"damage_healed":0,"gold_gain":0,"player_choice":"Obtained Book","damage_taken":16,"max_hp_gain":0,"max_hp_loss":0,"event_name":"Cursed Tome","floor":19,"gold_loss":0},{"damage_healed":0,"gold_gain":0,"player_choice":"Simplicity","damage_taken":0,"max_hp_gain":0,"max_hp_loss":0,"event_name":"Back to Basics","floor":21,"gold_loss":0,"cards_upgraded":["stsjorbsmod:Strike_Wanderer","stsjorbsmod:Strike_Wanderer","stsjorbsmod:Strike_Wanderer","stsjorbsmod:Strike_Wanderer","stsjorbsmod:Defend_Wanderer","stsjorbsmod:Defend_Wanderer","stsjorbsmod:Defend_Wanderer","stsjorbsmod:Defend_Wanderer"]},{"damage_healed":0,"gold_gain":0,"player_choice":"Opened","damage_taken":0,"relics_obtained":["WingedGreaves"],"max_hp_gain":0,"max_hp_loss":0,"event_name":"The Mausoleum","floor":25,"gold_loss":0,"cards_obtained":["Writhe"]}],"is_beta":false,"boss_relics":[{"not_picked":["Ectoplasm","SacredBark"],"picked":"Philosopher\u0027s Stone"}],"items_purged_floors":[],"is_endless":false,"potions_floor_spawned":[1,10,14,16,18,22,28],"killed_by":"Collector","ascension_level":0}}