{"host":"vktkbsq2xz4hlm3o","time":1613684245,"event":{"mods":["AchievementEnabler","BaseMod","BetterRewards","Colored Map","Duelist Mod","GifTheSpireLib","Hero for Fun","Minty Spire (QoL Compilation)","Quick Restart","Replay The Spire","StSLib","The Animator","The Necromancer","The Servant 0.9.4"],"gold_per_floor":[119,119,25,37,53,53,83,83,109,109,109],"floor_reached":10,"language":"ENG","playtime":809,"items_purged":[],"score":66,"play_id":"00c38290-8b8a-4f62-a43a-3e827ec4963d","local_time":"20210218163725","is_ascension_mode":false,"campfire_choices":[{"data":"animator:Millim","floor":6,"key":"SMITH"},{"floor":8,"key":"RECALL"}],"circlet_count":0,"master_deck":["animator:Strike_Konosuba","animator:Defend_Konosuba","animator:Strike","animator:Strike","animator:Strike","animator:Defend","animator:Defend","animator:Defend","animator:Kazuma","animator:Archer","animator:Berserker","animator:Ciel","animator:NarberalGamma","animator:Millim+1","animator:Alexander"],"relics":["animator:LivingPicture","animator:TheMissingPiece","NeowsBlessing","Bag of Preparation","Bronze Scales"],"acts_visited":["Exordium"],"potions_floor_usage":[7],"damage_taken":[{"damage":0,"enemies":"Cultist","floor":1,"turns":1},{"damage":0,"enemies":"2 Louse","floor":4,"turns":2},{"damage":0,"enemies":"Jaw Worm","floor":5,"turns":2},{"damage":40,"enemies":"3 Sentries","floor":7,"turns":12},{"damage":40,"enemies":"Gremlin Nob","floor":10,"turns":4}],"seed_played":"-7807401436739037524","potions_obtained":[{"floor":1,"key":"Adrenaline Potion"}],"is_trial":false,"path_per_floor":["M","?","$","M","M","R","E","R","T","E"],"character_chosen":"THE_ANIMATOR","items_purchased":["animator:Berserker","animator:Ciel"],"campfire_rested":0,"item_purchase_floors":[3,3],"current_hp_per_floor":[66,66,66,66,66,66,26,26,26,0,0],"gold":109,"neow_bonus":"THREE_ENEMY_KILL","is_daily":false,"chose_seed":false,"campfire_upgraded":1,"win_rate":0.0,"timestamp":1613684245,"path_taken":["M","?","?","?","M","R","E","R","T","E"],"items_purchased_type":["Card","Card"],"build_version":"2020-12-22","purchased_purges":0,"victory":false,"max_hp_per_floor":[66,66,66,66,66,66,66,66,66,66,66],"card_choices":[{"not_picked":["animator:WinryRockbell","animator:MumenRider"],"picked":"animator:Archer","floor":1},{"not_picked":["animator:ElricAlphonse","animator:ShinjiMatou"],"picked":"animator:NarberalGamma","floor":4},{"not_picked":["animator:PandorasActor","animator:Caster"],"picked":"animator:Millim","floor":5},{"not_picked":["animator:Caster","animator:Assassin"],"picked":"animator:Alexander","floor":7}],"player_experience":18239,"relics_obtained":[{"floor":7,"key":"Bag of Preparation"},{"floor":9,"key":"Bronze Scales"}],"event_choices":[{"cards_removed":["animator:Aqua"],"damage_healed":0,"gold_gain":0,"player_choice":"Purged","damage_taken":0,"max_hp_gain":0,"max_hp_loss":0,"event_name":"Purifier","floor":2,"gold_loss":0}],"is_beta":false,"boss_relics":[],"items_purged_floors":[],"is_endless":false,"potions_floor_spawned":[1],"killed_by":"Gremlin Nob","ascension_level":0}}