{"host":"1ycuxm9gov0tl9zf","time":1613688875,"event":{"mods":["AchievementEnabler","Act Like it!","BaseMod","Colored Powertips","Downfall","Gensokyo","GifTheSpireLib","Hallownest","Marisa£®ÏF”Í°°ƒß¿Ì…≥£©","Minty Spire (QoL Compilation)","Quick Restart","Remilia£®¿Ÿ√◊¿Ú—«£©","Replay The Spire","Shop Mod","StSLib","The Administrix","The Animator","The Bug Knight"],"gold_per_floor":[115,115,131,323,126,167,167,167],"floor_reached":7,"language":"ZHS","playtime":701,"items_purged":[],"score":49,"play_id":"71ada216-bd54-4f25-8844-97d69f6d5c19","local_time":"20210219065435","is_ascension_mode":false,"campfire_choices":[],"circlet_count":0,"master_deck":["Strike_MRS","Strike_MRS","Strike_MRS","Defend_MRS","Defend_MRS","Defend_MRS","Defend_MRS","MasterSpark","UpSweep","IllusionStar","Iron Wave","ShootTheMoon","PropBag","WitchOfGreed","AsteroidBelt"],"relics":["MiniHakkero","WingedGreaves","Pet Ghost","TungstenRod","Shuriken"],"acts_visited":["Exordium"],"potions_floor_usage":[7],"damage_taken":[{"damage":6,"enemies":"Jaw Worm","floor":1,"turns":3},{"damage":4,"enemies":"Cultist","floor":3,"turns":4},{"damage":26,"enemies":"Replay:BlueRogue","floor":6,"turns":10},{"damage":64,"enemies":"Gremlin Nob","floor":7,"turns":4}],"seed_played":"3454635971198592264","potions_obtained":[{"floor":6,"key":"Slimebound:ThreeZeroPotion"}],"is_trial":false,"path_per_floor":["M","?","M","?","$","E","E"],"character_chosen":"MARISA","items_purchased":["WitchOfGreed","Pet Ghost"],"campfire_rested":0,"item_purchase_floors":[5,5],"current_hp_per_floor":[62,62,58,31,31,17,0,0],"gold":167,"neow_bonus":"ONE_RARE_RELIC","is_daily":false,"chose_seed":false,"campfire_upgraded":0,"win_rate":0.0,"timestamp":1613688875,"path_taken":["M","?","?","?","$","E","E"],"items_purchased_type":["Card","Relic"],"build_version":"2020-12-22","purchased_purges":0,"victory":false,"max_hp_per_floor":[68,68,68,68,68,68,68,68],"card_choices":[{"not_picked":["UnstableBomb","Occultation"],"picked":"IllusionStar","floor":1},{"not_picked":["Singularity","BlazeAway"],"picked":"ShootTheMoon","floor":3},{"not_picked":["IllusionStar","PowerUp"],"picked":"PropBag","floor":4},{"not_picked":["GalacticHalo","SprinkleStarSeal"],"picked":"AsteroidBelt","floor":6}],"player_experience":39901,"relics_obtained":[{"floor":6,"key":"TungstenRod"}],"event_choices":[{"cards_removed":["Strike_MRS"],"damage_healed":0,"gold_gain":0,"player_choice":"Took Card","damage_taken":0,"max_hp_gain":0,"max_hp_loss":0,"event_name":"NoteForYourself","floor":2,"gold_loss":0,"cards_obtained":["Iron Wave"]}],"is_beta":false,"boss_relics":[],"items_purged_floors":[],"is_endless":false,"potions_floor_spawned":[],"killed_by":"Gremlin Nob","ascension_level":0}}