{"host":"gm50ke85n5jz306u","time":1613664083,"event":{"mods":["AchievementEnabler","AlwaysNeverKeys","Ascension Reborn","BaseMod","Bestiary","Better Altar","Better Match","Better Note","Better Sensory Stone","Better Skull","Better Third Choice","Better Vampires","Better-Laid Plans","BetterRewards","Colored Powertips","Curses Come First","DNKmod","Defuse TimeMaze Blight","Disable Question Mark Monsters","Displayed Cursed Tome","Emptier Cage","Extra Virgin Snecko Oil","Filter the Spire","Friendly Minions","Gremlin Skip","Minty Spire (QoL Compilation)","Permanent Neow","Poor People Problems","Quick Restart","Relic Filter Mod","Relic Sorter","Remove Card Discount Mod","Reorder Act Four","Shop Mod","Spicy Shops","StSLib","Synergy Search","Thieving Mod","Transform Curses"],"gold_per_floor":[10012,8460,8470,8488,8503,8503,8529,7464,7532,7544,7544,7544,7544,7559,7559,7660,7710,7729,6869,6884,6126,6140,6175,6175,6202,6202,6215,6215,6215,6241,6241,6241,6341,6341,6352,6352,5359,5459,5471,5487,5487,5487,5557,4765,4765,4799,4799,4828,4828,4828,4828,4108,4108,4139,4139],"floor_reached":56,"language":"ENG","playtime":2881,"items_purged":["Injury","Eruption","Defend_P","Defend_P","Alpha","Strike_P","Strike_P","Strike_P","Strike_P","Defend_P","Defend_P","Evaluate","Perseverance+1","Prostrate+1"],"score":1661,"play_id":"ed600480-d0f2-4741-be18-d2cc61f5ed48","local_time":"20210218170123","is_ascension_mode":false,"campfire_choices":[{"data":"Study","floor":6.0,"key":"SMITH"},{"data":"Perseverance","floor":11.0,"key":"SMITH"},{"floor":15.0,"key":"REST"},{"data":"MasterReality","floor":24.0,"key":"SMITH"},{"data":"BattleHymn","floor":28,"key":"SMITH"},{"data":"1","floor":29,"key":"LIFT"},{"data":"2","floor":32,"key":"LIFT"},{"data":"Consecrate","floor":41,"key":"SMITH"},{"data":"3","floor":42,"key":"LIFT"},{"floor":45,"key":"REST"},{"floor":47,"key":"REST"},{"floor":49,"key":"REST"},{"data":"Panacea","floor":53,"key":"SMITH"}],"circlet_count":0,"master_deck":["Study+1","BattleHymn+1","BattleHymn+1","MasterReality+1","Devotion+1","Prostrate+1","Prostrate+1","Consecrate+1","Consecrate+1","Panacea+1"],"relics":["PureWater","CaptainsWheel","Ornamental Fan","Happy Flower","StoneCalendar","Nunchaku","Thread and Needle","Akabeko","Yang","Bag of Preparation","MerchantsRug","Question Card","TheAbacus","WingedGreaves","Mango","NlothsMask","Frozen Egg 2","Regal Pillow","Strawberry","Omamori","Sling","Girya","ClockworkSouvenir","Orichalcum","Blood Vial","Unceasing Top","TeardropLocket","Black Star","Bottled Tornado","Bag of Marbles","Gremlin Horn","Potion Belt","Blue Candle","Mummified Hand","MealTicket","Frozen Eye","Darkstone Periapt","Ice Cream","Anchor","GoldenEye","Membership Card","Incense Burner","Incense Burner","Torii","Strange Spoon","Shuriken","Damaru"],"acts_visited":["Exordium","TheCity","TheBeyond","TheEnding"],"potions_floor_usage":[55],"damage_taken":[{"damage":19.0,"enemies":"Small Slimes","floor":1.0,"turns":3.0},{"damage":0.0,"enemies":"2 Louse","floor":3.0,"turns":3.0},{"damage":1.0,"enemies":"Cultist","floor":4.0,"turns":4.0},{"damage":5.0,"enemies":"Exordium Wildlife","floor":5.0,"turns":4.0},{"damage":26.0,"enemies":"Gremlin Nob","floor":7.0,"turns":4.0},{"damage":0.0,"enemies":"Large Slime","floor":10.0,"turns":4.0},{"damage":6.0,"enemies":"3 Louse","floor":14.0,"turns":3.0},{"damage":0.0,"enemies":"The Guardian","floor":16.0,"turns":5.0},{"damage":6.0,"enemies":"3 Byrds","floor":18.0,"turns":5.0},{"damage":0.0,"enemies":"Chosen","floor":20.0,"turns":3.0},{"damage":9.0,"enemies":"Snake Plant","floor":22.0,"turns":2.0},{"damage":0.0,"enemies":"Gremlin Leader","floor":23.0,"turns":4.0},{"damage":1.0,"enemies":"Slavers","floor":25.0,"turns":3.0},{"damage":0,"enemies":"Shelled Parasite and Fungi","floor":27,"turns":3},{"damage":0,"enemies":"Book of Stabbing","floor":30,"turns":3},{"damage":0,"enemies":"Automaton","floor":33,"turns":5},{"damage":0,"enemies":"3 Shapes","floor":35,"turns":3},{"damage":12,"enemies":"3 Darklings","floor":39,"turns":3},{"damage":0,"enemies":"Writhing Mass","floor":40,"turns":3},{"damage":0,"enemies":"Giant Head","floor":46,"turns":1},{"damage":0,"enemies":"Nemesis","floor":48,"turns":1},{"damage":0,"enemies":"Donu and Deca","floor":50,"turns":1},{"damage":0,"enemies":"Shield and Spear","floor":54,"turns":1},{"damage":44,"enemies":"The Heart","floor":55,"turns":3}],"seed_played":"-2650531188506767474","potions_obtained":[{"floor":1.0,"key":"Strength Potion"},{"floor":5.0,"key":"LiquidMemories"},{"floor":25.0,"key":"FearPotion"},{"floor":33,"key":"Ancient Potion"}],"is_trial":false,"path_per_floor":["M","$","M","M","M","R","E","$","T","M","R","?","?","M","R","B",null,"M","$","M","$","M","E","R","E","T","M","R","R","E","?","R","B",null,"M","?","$","?","M","M","R","R","T","$","R","E","R","E","R","B",null,"$","R","E","B",null],"character_chosen":"WATCHER","items_purchased":["Question Card","MerchantsRug","Bag of Preparation","Ornamental Fan","TheAbacus","StoneCalendar","Orrery","BattleHymn","Prostrate","FairyPotion","BottledMiracle","StancePotion","CaptainsWheel","MasterReality","Evaluate","Mango","Happy Flower","Akabeko","Energy Potion","Swift Potion","Frozen Egg 2","Thread and Needle","Regal Pillow","Strawberry","Omamori","Sling","Girya","Nunchaku","ClockworkSouvenir","Orichalcum","Bottled Tornado","Bag of Marbles","Gremlin Horn","Potion Belt","Energy Potion","DistilledChaos","Mummified Hand","MealTicket","Frozen Eye","Darkstone Periapt","Membership Card","Incense Burner","Incense Burner","Torii","Strange Spoon","Panacea"],"campfire_rested":4,"item_purchase_floors":[2,2,2,2,2,2,2,2,2,2,2,2,8,8,8,8,8,8,8,8,19,19,19,19,21,21,21,21,21,21,37,37,37,37,37,37,44,44,44,44,52,52,52,52,52,52],"current_hp_per_floor":[53,53,53,52,47,47,21,35,35,35,35,18,18,12,37,37,91,85,92,92,92,83,83,83,84,84,86,86,86,88,85,85,87,98,98,93,93,93,81,83,83,83,83,83,93,93,93,93,93,93,93,93,93,93,49],"gold":4139,"neow_bonus":"REMOVE_CARD","is_daily":false,"chose_seed":false,"campfire_upgraded":6,"win_rate":0.0,"timestamp":1613664083,"path_taken":["M","$","M","M","M","R","E","$","T","M","R","?","?","M","R","BOSS","M","$","?","$","M","E","R","E","T","M","R","R","E","?","R","BOSS","M","?","$","?","M","M","R","R","T","$","R","E","R","E","R","BOSS","$","R","E","BOSS"],"items_purchased_type":["Relic","Relic","Relic","Relic","Relic","Relic","Relic","Card","Card","Potion","Potion","Potion","Relic","Card","Card","Relic","Relic","Relic","Potion","Potion","Relic","Relic","Relic","Relic","Relic","Relic","Relic","Relic","Relic","Relic","Relic","Relic","Relic","Relic","Potion","Potion","Relic","Relic","Relic","Relic","Relic","Relic","Relic","Relic","Relic","Card"],"build_version":"2020-12-22","purchased_purges":14,"victory":true,"max_hp_per_floor":[72,72,72,72,72,72,72,86,86,86,86,86,86,86,86,86,91,91,98,98,98,98,98,98,98,98,98,98,98,98,98,98,98,98,98,93,93,93,93,93,93,93,93,93,93,93,93,93,93,93,93,93,93,93,93],"card_choices":[{"not_picked":["PathToVictory","Collect","Sanctity"],"picked":"SKIP","floor":1.0},{"not_picked":["Protect","EmptyBody","Weave"],"picked":"Study","floor":2.0},{"not_picked":["WheelKick","JustLucky","TalkToTheHand"],"picked":"Perseverance","floor":2.0},{"not_picked":["CarveReality","WaveOfTheHand","PathToVictory"],"picked":"Alpha","floor":3.0},{"not_picked":["MentalFortress","Crescendo","JustLucky","BowlingBash"],"picked":"SKIP","floor":4.0},{"not_picked":["FlyingSleeves","FollowUp","Sanctity"],"picked":"BattleHymn","floor":5.0},{"not_picked":["FollowUp","EmptyBody","InnerPeace","Consecrate"],"picked":"SKIP","floor":7.0},{"not_picked":["Crescendo","FlurryOfBlows","Weave","Conclude"],"picked":"SKIP","floor":10.0},{"not_picked":["BowlingBash","Crescendo","EmptyMind","FlyingSleeves"],"picked":"SKIP","floor":14.0},{"not_picked":["MasterReality","Wish","DevaForm"],"picked":"Devotion","floor":16.0},{"not_picked":["FlurryOfBlows+1","ClearTheMind","EmptyBody"],"picked":"Prostrate+1","floor":18.0},{"not_picked":["FlyingSleeves","Wireheading+1","JustLucky","EmptyBody"],"picked":"SKIP","floor":20.0},{"not_picked":["Swivel","EmptyBody","WaveOfTheHand","ThirdEye+1"],"picked":"SKIP","floor":22.0},{"not_picked":["Swivel","EmptyBody","WaveOfTheHand","ThirdEye+1"],"picked":"SKIP","floor":22.0},{"not_picked":["Pray","FearNoEvil","JustLucky+1"],"picked":"Prostrate+1","floor":23.0},{"not_picked":["Weave","ForeignInfluence","FlurryOfBlows+1","SashWhip"],"picked":"SKIP","floor":25.0},{"not_picked":["EmptyBody","Perseverance","CutThroughFate","Sanctity"],"picked":"SKIP","floor":27},{"not_picked":["Adaptation+1","FlyingSleeves+1","MasterReality+1","Crescendo"],"picked":"SKIP","floor":30},{"not_picked":["Tantrum","ThirdEye+1","PathToVictory+1","Collect"],"picked":"SKIP","floor":35},{"not_picked":["FlyingSleeves","Fasting2+1","EmptyFist+1","ClearTheMind+1"],"picked":"SKIP","floor":39},{"not_picked":["Perseverance+1","BowlingBash+1","JustLucky"],"picked":"Consecrate","floor":40},{"not_picked":["Judgement","SashWhip+1","ReachHeaven","JustLucky+1"],"picked":"SKIP","floor":46},{"not_picked":["DeceiveReality","SandsOfTime","LikeWater+1"],"picked":"Consecrate+1","floor":48},{"not_picked":["FlurryOfBlows+1","FlyingSleeves+1","BowlingBash+1","Tantrum"],"picked":"SKIP","floor":54}],"player_experience":267123,"relics_obtained":[{"floor":7.0,"key":"WingedGreaves"},{"floor":9.0,"key":"Yang"},{"floor":23.0,"key":"Blood Vial"},{"floor":25.0,"key":"Unceasing Top"},{"floor":30,"key":"TeardropLocket"},{"floor":43,"key":"Blue Candle"},{"floor":46,"key":"Ice Cream"},{"floor":48,"key":"Anchor"},{"floor":48,"key":"GoldenEye"},{"floor":54,"key":"Shuriken"},{"floor":54,"key":"Damaru"}],"event_choices":[{"damage_healed":35.0,"max_hp_gain":0.0,"max_hp_loss":86.0,"gold_gain":0.0,"event_name":"betterThird:BetterShining","player_choice":"Upgrade","floor":12.0,"gold_loss":0.0,"damage_taken":17.0,"cards_upgraded":["BattleHymn","Prostrate"]},{"damage_healed":0.0,"max_hp_gain":0.0,"max_hp_loss":0.0,"gold_gain":0.0,"event_name":"FaceTrader","player_choice":"Trade","floor":13.0,"gold_loss":0.0,"damage_taken":0.0,"relics_obtained":["NlothsMask"]},{"damage_healed":0,"gold_gain":0,"player_choice":"Punched","damage_taken":3,"max_hp_gain":0,"max_hp_loss":0,"event_name":"Designer","floor":31,"gold_loss":0},{"damage_healed":0,"gold_gain":0,"player_choice":"Max HP","damage_taken":0,"max_hp_gain":0,"max_hp_loss":5,"event_name":"Winding Halls","floor":36,"gold_loss":0},{"damage_healed":0,"gold_gain":100,"player_choice":"Pray","damage_taken":0,"max_hp_gain":0,"max_hp_loss":0,"event_name":"Golden Shrine","floor":38,"gold_loss":0}],"is_beta":false,"boss_relics":[{"not_picked":["SacredBark","Astrolabe"],"picked":"Tiny House"},{"not_picked":["Empty Cage","Fusion Hammer"],"picked":"Black Star"}],"items_purged_floors":[2,2,2,2,8,8,8,8,8,8,8,19,44,52],"is_endless":false,"potions_floor_spawned":[1,5,16,25,27,30,33,35,48],"ascension_level":0}}