{"host":"xltl1aroowo69o4n","time":1613624208,"event":{"mods":["BaseMod","Colored Map","Colored Powertips","Downfall","Marisa????????","Minty Spire (QoL Compilation)","Replay The Spire","StSLib","The Cursed","The Hierophant","The Mystic","The Necromancer","The Servant 0.9.4"],"gold_per_floor":[19,19,19,19,119,133,152,152,152,170,170,186,224,243,243,364,464,484,759,773,797,797,797],"floor_reached":22,"language":"ENG","playtime":1320,"items_purged":[],"score":213,"play_id":"cbd292d0-a750-4c69-a03e-62ed8c4ba02e","local_time":"20210217235648","is_ascension_mode":false,"campfire_choices":[{"floor":8,"key":"REST"},{"data":"FlurryOfBlows","floor":11,"key":"SMITH"}],"circlet_count":0,"master_deck":["Strike_P","Strike_P","Strike_P","Defend_P","Defend_P","Defend_P","Defend_P","Eruption","Vigilance","Devotion","FlurryOfBlows+1","Injury","TalkToTheHand","ClearTheMind","CutThroughFate","Prostrate","ForeignInfluence","Replay:BluntJabs","MasterReality","Replay:AtTheReady+1","Regret","Replay:ManipulateFuture","Protect"],"relics":["PureWater","Golden Idol","GoldenEye","Smiling Mask","Replay:Wanted Poster"],"acts_visited":["Exordium","TheCity"],"potions_floor_usage":[13,13,15,16,21,22],"damage_taken":[{"damage":4,"enemies":"Small Slimes","floor":1,"turns":7},{"damage":0,"enemies":"2 Louse","floor":6,"turns":2},{"damage":4,"enemies":"Cultist","floor":7,"turns":5},{"damage":4,"enemies":"3 Louse","floor":10,"turns":4},{"damage":10,"enemies":"Exordium Thugs","floor":12,"turns":4},{"damage":0,"enemies":"Lagavulin","floor":13,"turns":6},{"damage":14,"enemies":"Blue Slaver","floor":14,"turns":5},{"damage":40,"enemies":"Slime Boss","floor":16,"turns":10},{"damage":3,"enemies":"Shell Parasite","floor":18,"turns":5},{"damage":10,"enemies":"Spheric Guardian","floor":20,"turns":5},{"damage":40,"enemies":"Snake Plant","floor":21,"turns":9},{"damage":27,"enemies":"Snecko","floor":22,"turns":6}],"seed_played":"-6958400763729101439","potions_obtained":[{"floor":6,"key":"hexamod:SoulburnPotion"},{"floor":7,"key":"champ:CounterPotion"},{"floor":14,"key":"FearPotion"},{"floor":15,"key":"Fruit Juice"},{"floor":15,"key":"hexamod:SoulburnPotion"},{"floor":20,"key":"Weak Potion"}],"is_trial":false,"path_per_floor":["M","?","?","$","?","M","M","R","T","M","R","M","E","M","R_BF","B",null,"M","?","M","M","M"],"character_chosen":"WATCHER","items_purchased":[],"campfire_rested":1,"item_purchase_floors":[],"current_hp_per_floor":[68,61,61,61,61,61,57,72,72,68,68,58,58,44,49,9,77,74,74,64,24,0,0],"gold":797,"neow_bonus":"THREE_RARE_CARDS","is_daily":false,"chose_seed":false,"campfire_upgraded":1,"win_rate":0.0,"timestamp":1613624208,"path_taken":["M","?","?","$","?","?","M","R","T","M","R","M","E","M","R_BF","BOSS","M","?","?","M","M"],"items_purchased_type":[],"build_version":"2020-12-13","purchased_purges":0,"victory":false,"max_hp_per_floor":[72,72,72,72,72,72,72,72,72,72,72,72,72,72,77,77,77,77,77,77,77,77,77],"card_choices":[{"not_picked":["Brilliance","Replay:AllIn"],"picked":"Devotion","floor":0},{"not_picked":["Halt","BowlingBash"],"picked":"FlurryOfBlows","floor":1},{"not_picked":["Consecrate","ClearTheMind"],"picked":"TalkToTheHand","floor":6},{"not_picked":["Crescendo","Evaluate"],"picked":"ClearTheMind","floor":7},{"not_picked":["BowlingBash","WreathOfFlame"],"picked":"CutThroughFate","floor":10},{"not_picked":["PathToVictory","Replay:AtTheReady"],"picked":"Prostrate","floor":12},{"not_picked":["Weave","EmptyFist"],"picked":"ForeignInfluence","floor":13},{"not_picked":["Replay:AllIn","ClearTheMind"],"picked":"Replay:BluntJabs","floor":14},{"not_picked":["Devotion","Scrawl"],"picked":"MasterReality","floor":16},{"not_picked":["Protect","JustLucky+1"],"picked":"Replay:AtTheReady+1","floor":18},{"not_picked":["Perseverance","JustLucky"],"picked":"Replay:ManipulateFuture","floor":20},{"not_picked":["CutThroughFate+1","Collect"],"picked":"Protect","floor":21}],"player_experience":206987,"relics_obtained":[{"floor":9,"key":"GoldenEye"},{"floor":13,"key":"Smiling Mask"}],"event_choices":[{"cards_removed":["Strike_P"],"damage_healed":0,"gold_gain":0,"player_choice":"Card Removal","damage_taken":7,"max_hp_gain":0,"max_hp_loss":0,"event_name":"Golden Wing","floor":2,"gold_loss":0},{"damage_healed":0,"gold_gain":0,"player_choice":"Take Wound","damage_taken":0,"relics_obtained":["Golden Idol"],"max_hp_gain":0,"max_hp_loss":0,"event_name":"Golden Idol","floor":3,"gold_loss":0,"cards_obtained":["Injury"]},{"damage_healed":0,"gold_gain":100,"player_choice":"Pray","damage_taken":0,"max_hp_gain":0,"max_hp_loss":0,"event_name":"Golden Shrine","floor":5,"gold_loss":0},{"damage_healed":0,"gold_gain":275,"player_choice":"Desecrate","damage_taken":0,"max_hp_gain":0,"max_hp_loss":0,"event_name":"Golden Shrine","floor":19,"gold_loss":0,"cards_obtained":["Regret"]}],"is_beta":false,"boss_relics":[{"not_picked":["bronze:MakeshiftBattery","ReplayTheSpireMod:DimensionalGlitch"],"picked":"Replay:Wanted Poster"}],"items_purged_floors":[],"is_endless":false,"potions_floor_spawned":[6,7,14,20],"killed_by":"Snecko","ascension_level":0}}