{"host":"j3dftr7v3bsikk26","time":1613668613,"event":{"mods":["AchievementEnabler","BaseMod","Bestiary","Better Note","Colored Map","Colored Powertips","Downfall","Minty Spire (QoL Compilation)","Relic Stats","StSLib"],"gold_per_floor":[99,114,127,127,139,151,151,182,282,282,282,282],"floor_reached":10,"language":"ENG","playtime":590,"items_purged":[],"score":85,"play_id":"4422d4ad-a650-4c8c-88a4-20b72f5ecf21","local_time":"20210218181653","is_ascension_mode":true,"campfire_choices":[{"data":"bronze:RecursiveStrike","floor":1,"key":"SMITH"}],"circlet_count":0,"master_deck":["bronze:Strike","bronze:Defend","bronze:Defend","bronze:Defend","bronze:Defend","bronze:Replicate","bronze:Goto","bronze:RecursiveStrike+1","bronze:BuggyMess+1","bronze:FineTuning","bronze:Allocate","bronze:AlphaBuild","bronze:CloningBeam","bronze:Mutator+1","bronze:Optimize"],"relics":["bronze:BronzeCore","Meat on the Bone","Eternal Feather"],"acts_visited":["Exordium"],"potions_floor_usage":[9],"damage_taken":[{"damage":2,"enemies":"Jaw Worm","floor":2,"turns":3},{"damage":0,"enemies":"Cultist","floor":3,"turns":2},{"damage":1,"enemies":"2 Louse","floor":5,"turns":2},{"damage":0,"enemies":"2 Fungi Beasts","floor":6,"turns":4},{"damage":25,"enemies":"3 Sentries","floor":8,"turns":7},{"damage":36,"enemies":"downfall:Heads","floor":9,"turns":6},{"damage":35,"enemies":"Lagavulin","floor":10,"turns":3}],"seed_played":"2551344375814919572","potions_obtained":[{"floor":2,"key":"Weak Potion"},{"floor":5,"key":"bronze:CleanCodePotion"},{"floor":9,"key":"Regen Potion"}],"is_trial":false,"path_per_floor":["R","M","M","?","M","M","T","E","?","E"],"character_chosen":"THE_AUTOMATON","items_purchased":[],"campfire_rested":0,"item_purchase_floors":[],"current_hp_per_floor":[70,68,68,68,67,67,67,42,18,0,0,0],"gold":282,"neow_bonus":"TRANSFORM_CARD","is_daily":false,"chose_seed":false,"campfire_upgraded":1,"win_rate":0.0,"timestamp":1613668613,"path_taken":["R","M","M","?","?","M","T","E","?","E"],"items_purchased_type":[],"build_version":"2020-12-22","purchased_purges":0,"victory":false,"max_hp_per_floor":[70,70,70,70,70,70,70,70,70,70,70,70],"relic_stats":{"counters":[7,27],"Eternal Feather":0,"obtain_stats":[{"bronze:BronzeCore":0,"Eternal Feather":8,"Meat on the Bone":7},{"bronze:BronzeCore":0,"Eternal Feather":5,"Meat on the Bone":4},{"bronze:BronzeCore":0,"Eternal Feather":18,"Meat on the Bone":11}],"Meat on the Bone":12},"card_choices":[{"not_picked":["bronze:Repulsor","bronze:Philosophize"],"picked":"bronze:BuggyMess","floor":2},{"not_picked":["bronze:BugBarrage","bronze:InfiniteBeams"],"picked":"bronze:FineTuning","floor":3},{"not_picked":["bronze:BitShift","bronze:Return"],"picked":"bronze:Allocate","floor":5},{"not_picked":["bronze:FollowUp","bronze:Invalidate"],"picked":"bronze:AlphaBuild","floor":6},{"not_picked":["bronze:FineTuning","bronze:Iterate"],"picked":"bronze:CloningBeam","floor":8},{"not_picked":["bronze:Deprecate","bronze:WildBeam"],"picked":"bronze:Mutator","floor":9}],"player_experience":1390230,"relics_obtained":[{"floor":7,"key":"Meat on the Bone"},{"floor":8,"key":"Eternal Feather"}],"event_choices":[],"is_beta":false,"boss_relics":[],"items_purged_floors":[],"is_endless":false,"potions_floor_spawned":[2,5,9],"killed_by":"Lagavulin","ascension_level":5}}