{"host":"80x1ozqd5wpd4nvo","time":1613609852,"event":{"mods":["2.2 Compatiblity","Act Like it!","Aspiration","BaseMod","Better Altar","Better Match","Better Note","Better Sensory Stone","Better Skull","Better Third Choice","BetterRewards","Card Forge","Custom Start","DNKmod","Defuse TimeMaze Blight","Dota2Spire","Energized Spire","Friendly Minions","GifTheSpireLib","Hubris","Infinite Spire","Jedi Mod","Luminous","Minty Spire (QoL Compilation)","MostiFishMod","Permanent Neow","Poor People Problems","Ruina","Shop Mod","Spicy Shops","StSLib","The Blue Laboratory","??????REMEMod"],"gold_per_floor":[1262,1262,1298,1336,1353,1353,1413,1451,1476,1531,1531,1613,1644,1710,1710,1843,1843,1858,1870,1870,1914,1982,2013,2013,2064,2064,2064,2109,2109,2109,2155,2155,2255,2255,2274,2274,2274,2284,2284,2284,2339,2339,2366,2401,2401,1913,1948,1961,1961,1961,1961,1961,1961,2018,2018],"floor_reached":56,"language":"ENG","playtime":3450,"items_purged":["Decay","Luminous:Light_Flash_Shower","Luminous:Dark_Abyssal_Drop","Luminous:Defend_Luminous","Luminous:Defend_Luminous","Luminous:Defend_Luminous"],"score":1896,"play_id":"7e0c0691-093a-4f97-b05b-164d8af79020","local_time":"20210218015732","is_ascension_mode":true,"campfire_choices":[{"data":"Luminous:Balance_Death_Scythe","floor":6,"key":"SMITH"},{"data":"jedi:forcepull","floor":15,"key":"SMITH"},{"data":"Luminous:Freud_Wisdom1_Luminous","floor":24,"key":"SMITH"},{"data":"Luminous:Equalize_Luminous","floor":29,"key":"SMITH"},{"data":"Luminous:Lunar_Tide_Luminous","floor":32,"key":"SMITH"},{"floor":49,"key":"RECALL"},{"data":"infinitespire:NeuralNetwork","floor":52,"key":"SMITH"}],"circlet_count":0,"master_deck":["Luminous:Light_Flash_Shower","Luminous:Dark_Abyssal_Drop","Luminous:Defend_Luminous+1","Luminous:Shadow_Shell_Luminous","Luminous:Dark_Pressure_Void","Luminous:Abyss_Heart_Luminous","jedi:forcepull","Luminous:Arcane_Rage_Luminous+1","Flash of Steel","Luminous:Dark_Moonlight_Spear","REME_MagicPocketWatch+1","Luminous:Mana_Barrier_Luminous","Luminous:Light_Ray_of_Redemption+1","REME_HeartOfCthun","HandOfGreed","Luminous:Light_Glare","Luminous:Concentrate_Luminous","Luminous:Light_Wash_Luminous","jedi:forcepull+1","Luminous:Dark_Dim_Erosion","Luminous:Balance_Death_Scythe+1","Luminous:Dark_Raid","Luminous:Lania_Blessing_Luminous","Luminous:Dark_Extract","Luminous:Freud_Wisdom1_Luminous+1","Luminous:Equalize_Luminous+1","Luminous:Hero_Will_Luminous","Luminous:Light_Gather+1","Luminous:Magic_Accelerate_Luminous+1","Luminous:Ethereal_Form_Luminous","Luminous:Magic_Boost_Luminous+1","Luminous:Darkness_Mastery_Luminous","Luminous:Photic_Meditation_Luminous","Luminous:Magic_Guard_Luminous+1","Luminous:Lania_Blessing_Luminous+1","Luminous:Balance_Ender","Luminous:Mana_Well_Luminous+1","Luminous:Lunar_Tide_Luminous+1","ruina:Thirst+1","Luminous:Dark_Crescendo_Luminous+1","Luminous:Equalize_Luminous+1","Luminous:Balance_Liberation_Orb+1","Luminous:Photic_Meditation_Luminous","MostiFishMod:JungleRules+1","infinitespire:NeuralNetwork+1","Luminous:Tune_Luminous+1","Mayhem+1"],"relics":["Luminous:MirrorRelic","Hammer of Thor","Seething Fire","Anvil of the Gods","REME_ComplimentaryCards","DaveBox","Blue Candle","DiscerningMonocle","hubris:CrystalStatue","Mummified Hand","HornCleat","Dodecahedron","jedi:gremlinknob","hubris:EvacipatedBox","Dota2Spire:ArcaneBoots","hubris:Teleporter","War Paint","Dota2Spire:HandOfMidas","Ice Cream","OrangePellets","SynthV:TestCard","BionicSphere","jedi:Pinwheel","Dota2Spire:AghanimScepter","InkBottle","infinitespire:BottledMercury","jedi:crownofsimplicity","Orrery","Toxic Egg 2","Runic Pyramid","BrkXgEgg","MealTicket","jedi:archwizardhat","infinitespire:WardingShard","hubris:Towel","Singing Bowl","BirthdayGift-Icosahedron","MetatronsCube","Oddly Smooth Stone","JellyFishMachine","REME_CardOfGreed","aspiration:TomeofQuesting","Dota2Spire:Vanguard","Dota2Spire:LinkenSphere","Dota2Spire:PowerTreads","aspiration:ArtOfWarUpgrade","SynthV:C4","Dota2Spire:OrchidMalevolence","Technique","hubris:MysteriousPyramids","Bottled Lightning","ImprovedEquipment","jedi:arcanewood","Bag of Preparation","Dota2Spire:PhaseBoots","Toy Ornithopter","Dota2Spire:UrnOfShadows","ClockworkSouvenir","Nunchaku","Dota2Spire:LotusOrb"],"acts_visited":["Exordium","Exordium","TheBeyond","TheEnding"],"potions_floor_usage":[12,19,19,22,22,23,55],"damage_taken":[{"damage":0,"enemies":"Cultist","floor":1,"turns":1},{"damage":0,"enemies":"2 Louse","floor":3,"turns":1},{"damage":0,"enemies":"Jaw Worm","floor":4,"turns":1},{"damage":0,"enemies":"Lots of Slimes","floor":5,"turns":1},{"damage":0,"enemies":"Exordium Thugs","floor":7,"turns":2},{"damage":0,"enemies":"Blue Slaver","floor":8,"turns":3},{"damage":0,"enemies":"Gremlin Nob","floor":10,"turns":1},{"damage":0,"enemies":"Lagavulin","floor":12,"turns":2},{"damage":0,"enemies":"Large Slime","floor":13,"turns":4},{"damage":0,"enemies":"Looter","floor":14,"turns":4},{"damage":0,"enemies":"The Guardian","floor":16,"turns":7},{"damage":0,"enemies":"ruina:3_Bats","floor":18,"turns":1},{"damage":0,"enemies":"ruina:BadWolf","floor":19,"turns":1},{"damage":0,"enemies":"ruina:KingOfGreed","floor":21,"turns":3},{"damage":0,"enemies":"ruina:QueenOfHate","floor":22,"turns":5},{"damage":0,"enemies":"ruina:RoadHome","floor":23,"turns":2},{"damage":0,"enemies":"ruina:ServantOfWrath","floor":25,"turns":2},{"damage":0,"enemies":"ruina:Woodsman","floor":28,"turns":2},{"damage":0,"enemies":"ruina:RoadHome","floor":31,"turns":1},{"damage":0,"enemies":"ruina:Ozma","floor":33,"turns":1},{"damage":0,"enemies":"Orb Walker","floor":35,"turns":1},{"damage":0,"enemies":"3 Darklings","floor":38,"turns":1},{"damage":0,"enemies":"Nemesis","floor":41,"turns":3},{"damage":0,"enemies":"Spire Growth","floor":44,"turns":1},{"damage":0,"enemies":"Reptomancer","floor":47,"turns":1},{"damage":0,"enemies":"Sphere and 2 Shapes","floor":48,"turns":1},{"damage":0,"enemies":"infinitespire:MassOfShapes","floor":50,"turns":1},{"damage":0,"enemies":"Shield and Spear","floor":54,"turns":1},{"damage":0,"enemies":"The Heart","floor":55,"turns":4}],"seed_played":"106039117612810888","potions_obtained":[{"floor":16,"key":"LiquidBronze"},{"floor":19,"key":"LiquidBronze"},{"floor":22,"key":"REME_GoldPotion"},{"floor":23,"key":"REME_GoldPotion"},{"floor":28,"key":"Swift Potion"}],"is_trial":false,"path_per_floor":["M","$","M","M","M","R","M","M","T","E","$","E","M","M","R","B",null,"M","M","?","M","M","E","R","E","T","?","M","R","$","E","R","B",null,"M","$","?","M","$","R","E","R","T","M","$","?","E","M","R","B",null,"R","$","E","B",null],"character_chosen":"LuminousClass","items_purchased":["Blue Candle","DiscerningMonocle","hubris:CrystalStatue","Mummified Hand","HornCleat","Dodecahedron","Luminous:Shadow_Shell_Luminous","Luminous:Dark_Pressure_Void","Luminous:Abyss_Heart_Luminous","jedi:forcepull","Flash of Steel","Luminous:Dark_Moonlight_Spear","Dota2Spire:HandOfMidas","HandOfGreed","Luminous:Light_Glare","OrangePellets","BionicSphere","jedi:Pinwheel","Dota2Spire:AghanimScepter","InkBottle","LiquidBronze","LiquidMemories","Luminous:Light_Wash_Luminous","jedi:forcepull","jedi:crownofsimplicity","Orrery","Luminous:Light_Gather","Singing Bowl","BirthdayGift-Icosahedron","MetatronsCube","Luminous:Lunar_Tide_Luminous","ruina:Thirst+1","jedi:tentaclejuice","REME_CardOfGreed","aspiration:TomeofQuesting","Dota2Spire:Vanguard","Luminous:Balance_Liberation_Orb+1","Dota2Spire:LinkenSphere","Dota2Spire:OrchidMalevolence","Technique","hubris:MysteriousPyramids","Bottled Lightning","Bag of Preparation","Dota2Spire:PhaseBoots","Toy Ornithopter","MostiFishMod:JungleRules+1","ClockworkSouvenir","Nunchaku","Mayhem+1"],"campfire_rested":0,"item_purchase_floors":[0,0,0,0,0,0,0,0,0,0,0,0,0,0,0,0,2,2,2,2,2,2,2,2,11,11,11,30,30,30,30,30,30,36,36,36,36,36,39,39,39,39,45,45,45,45,53,53,53],"current_hp_per_floor":[100,100,100,100,100,100,100,100,100,100,100,100,100,100,100,100,100,100,100,100,100,100,100,100,100,100,100,100,100,100,100,100,100,100,102,102,12,22,37,37,104,104,104,106,106,106,108,108,108,108,108,108,108,110,110],"gold":2018,"neow_bonus":"","is_daily":false,"chose_seed":false,"campfire_upgraded":6,"win_rate":0.0,"timestamp":1613609852,"path_taken":["M","$","M","M","M","R","M","M","T","E","$","E","M","M","R","BOSS","M","M","?","M","?","E","R","E","T","?","M","R","$","E","R","BOSS","M","$","?","?","?","R","E","R","T","M","$","?","E","M","R","BOSS","R","$","E","BOSS"],"items_purchased_type":["Relic","Relic","Relic","Relic","Relic","Relic","Card","Card","Card","Card","Card","Card","Relic","Card","Card","Relic","Relic","Relic","Relic","Relic","Potion","Potion","Card","Card","Relic","Relic","Card","Relic","Relic","Relic","Card","Card","Potion","Relic","Relic","Relic","Card","Relic","Relic","Relic","Relic","Relic","Relic","Relic","Relic","Card","Relic","Relic","Card"],"build_version":"2020-12-22","purchased_purges":6,"victory":true,"max_hp_per_floor":[100,100,100,100,100,100,100,100,100,100,100,100,100,100,100,100,100,100,100,100,100,100,100,100,100,100,100,100,100,100,100,100,100,100,102,102,102,102,102,102,104,104,104,106,106,106,108,108,108,108,108,108,108,110,110],"card_choices":[{"not_picked":["Luminous:Tune_Luminous","Luminous:Chase_Spell_Luminous"],"picked":"Luminous:Concentrate_Luminous","floor":1},{"not_picked":["Luminous:Light_Disperse","Luminous:Mana_Well_Luminous","Luminous:Switch_Luminous","Luminous:Dark_Raid"],"picked":"Luminous:Dark_Dim_Erosion","floor":3},{"not_picked":["Luminous:Mana_Overload_Luminous","Luminous:Dark_Morning_Star","Luminous:Light_Wash_Luminous","Luminous:Darkness_Mastery_Luminous"],"picked":"Luminous:Balance_Death_Scythe","floor":4},{"not_picked":["Luminous:Mana_Barrier_Luminous","Luminous:Light_Gather","Luminous:Light_Reflection","Luminous:Blinding_Pillar_Luminous","Luminous:Accumulation_Luminous"],"picked":"SKIP","floor":5},{"not_picked":["Luminous:Accumulation_Luminous","Luminous:Dark_Dim_Erosion","Luminous:Shadow_Shell_Luminous","Luminous:Light_Wash_Luminous"],"picked":"Luminous:Dark_Raid","floor":7},{"not_picked":["Luminous:Mana_Barrier_Luminous","Luminous:Light_Gather","Luminous:Dark_Pressure_Void","Luminous:Concentrate_Luminous"],"picked":"Luminous:Lania_Blessing_Luminous","floor":8},{"not_picked":["Luminous:Light_Disperse","Luminous:Light_Glare","Luminous:Dark_Morning_Star","Luminous:Dark_Raid"],"picked":"Luminous:Dark_Extract","floor":10},{"not_picked":["Luminous:Concentrate_Luminous","Luminous:Shadow_Shell_Luminous","Luminous:Balance_Death_Scythe","Luminous:Switch_Luminous"],"picked":"Luminous:Freud_Wisdom1_Luminous","floor":11},{"not_picked":["Luminous:Dark_Arcane_Pitch","Luminous:Accumulation_Luminous","Luminous:Mana_Barrier_Luminous","Luminous:Hero_Will_Luminous"],"picked":"Luminous:Equalize_Luminous","floor":11},{"not_picked":["Luminous:Concentrate_Luminous","Luminous:Accumulation_Luminous","Luminous:Dark_Dim_Erosion","Luminous:Light_Sylvan_Lance"],"picked":"Luminous:Hero_Will_Luminous","floor":11},{"not_picked":["Luminous:Blinding_Pillar_Luminous+1","Luminous:Dark_Raid","Luminous:Dark_Dim_Erosion","Luminous:Magic_Guard_Luminous+1","Luminous:Dark_Morning_Star"],"picked":"SKIP","floor":12},{"not_picked":["Luminous:Light_Sylvan_Lance","Luminous:Accumulation_Luminous+1","Luminous:Dark_Dim_Erosion","Luminous:Light_Wash_Luminous","Luminous:Dusk_Guard_Luminous"],"picked":"SKIP","floor":13},{"not_picked":["Luminous:Dusk_Guard_Luminous","Luminous:Fast_Spell_Luminous+1","Luminous:Accumulation_Luminous+1","Luminous:Flash_Blink_Luminous+1"],"picked":"Luminous:Magic_Accelerate_Luminous+1","floor":14},{"not_picked":["Luminous:Light_White_Aria","Luminous:Mirror_Force_Luminous+1","Luminous:Armageddon_Luminous+1","Luminous:Date_of_Light_Luminous+1"],"picked":"Luminous:Ethereal_Form_Luminous","floor":16},{"not_picked":["Luminous:Phantom_Treasure_Luminous+1","Luminous:Light_Sylvan_Lance","Luminous:Accumulation_Luminous+1","Luminous:Light_Wash_Luminous"],"picked":"Luminous:Darkness_Mastery_Luminous","floor":18},{"not_picked":["Luminous:Magic_Guard_Luminous+1","Luminous:Dark_Dim_Erosion","Luminous:Dark_Pressure_Void","Luminous:Switch_Luminous+1"],"picked":"Luminous:Photic_Meditation_Luminous","floor":19},{"not_picked":["Luminous:Light_Wash_Luminous","Luminous:Light_Glare","Luminous:Concentrate_Luminous+1","Luminous:Accumulation_Luminous+1","Luminous:Light_Disperse"],"picked":"SKIP","floor":21},{"not_picked":["Luminous:Dark_Apocalypse","Luminous:Light_Reflection","Luminous:Dusk_Guard_Luminous","Luminous:Fast_Spell_Luminous+1"],"picked":"Luminous:Magic_Guard_Luminous+1","floor":22},{"not_picked":["Luminous:Dark_Pressure_Void","Luminous:Hero_Will_Luminous+1","Luminous:Blinding_Pillar_Luminous+1","Luminous:Light_Sylvan_Lance"],"picked":"Luminous:Lania_Blessing_Luminous+1","floor":23},{"not_picked":["Luminous:Tune_Luminous+1","Luminous:Phantom_Treasure_Luminous+1","Luminous:Light_Disperse+1","Luminous:Abyss_Heart_Luminous+1"],"picked":"Luminous:Balance_Ender","floor":25},{"not_picked":["Luminous:Light_Glare","Luminous:Dark_Morning_Star","Luminous:Mana_Barrier_Luminous+1","Luminous:Tune_Luminous+1"],"picked":"Luminous:Mana_Well_Luminous+1","floor":28},{"not_picked":["Luminous:Dark_Morning_Star","Luminous:Light_Sylvan_Lance","Luminous:Concentrate_Luminous+1","Luminous:Mana_Barrier_Luminous+1"],"picked":"Luminous:Dark_Crescendo_Luminous+1","floor":31},{"not_picked":["Luminous:Mirror_Force_Luminous+1","Luminous:Chaos_Field_Luminous+1","Luminous:Light_White_Aria+1","Luminous:Freud_Wisdom1_Luminous+1"],"picked":"Luminous:Equalize_Luminous+1","floor":33},{"not_picked":["Luminous:Dark_Pressure_Void+1","Luminous:Abyss_Heart_Luminous+1","Luminous:Light_Ray_of_Redemption","Luminous:Concentrate_Luminous+1","Luminous:Mana_Barrier_Luminous+1"],"picked":"Singing Bowl","floor":35},{"not_picked":["Luminous:Light_Wash_Luminous","Luminous:Dark_Arcane_Pitch","Luminous:Light_Gather","Luminous:Light_White_Aria+1"],"picked":"Luminous:Photic_Meditation_Luminous","floor":38},{"not_picked":["Luminous:Magic_Guard_Luminous+1","Luminous:Balance_Ender+1","Luminous:Dark_Pressure_Void","Luminous:Reverse_Spell_Luminous+1","Luminous:Dark_Dim_Erosion"],"picked":"Singing Bowl","floor":41},{"not_picked":["Luminous:Concentrate_Luminous+1","Luminous:Dark_Dim_Erosion","Luminous:Switch_Luminous+1","Luminous:Accumulation_Luminous+1","Luminous:Dark_Morning_Star"],"picked":"Singing Bowl","floor":44},{"not_picked":["infinitespire:FutureSight","infinitespire:FinalStrike"],"picked":"infinitespire:NeuralNetwork","floor":46},{"not_picked":["Luminous:Dark_Void_Devour+1","Luminous:Switch_Luminous+1","Luminous:Light_Glare+1","Luminous:Light_Disperse","Luminous:Date_of_Light_Luminous+1"],"picked":"Singing Bowl","floor":47},{"not_picked":["Luminous:Light_Wash_Luminous","Luminous:Concentrate_Luminous+1","Luminous:Darks_Surge_Luminous+1","Luminous:Dark_Raid"],"picked":"Luminous:Tune_Luminous+1","floor":48},{"not_picked":["Luminous:Balance_Death_Scythe+1","Luminous:Concentrate_Luminous+1","Luminous:Light_White_Aria+1","Luminous:Light_Gather+1","Luminous:Light_Sylvan_Lance"],"picked":"Singing Bowl","floor":54}],"player_experience":263925,"relics_obtained":[{"floor":1,"key":"SynthV:TestCard"},{"floor":10,"key":"infinitespire:BottledMercury"},{"floor":12,"key":"Toxic Egg 2"},{"floor":23,"key":"MealTicket"},{"floor":25,"key":"jedi:archwizardhat"},{"floor":26,"key":"infinitespire:WardingShard"},{"floor":31,"key":"Oddly Smooth Stone"},{"floor":41,"key":"ImprovedEquipment"},{"floor":43,"key":"jedi:arcanewood"},{"floor":47,"key":"Dota2Spire:UrnOfShadows"},{"floor":54,"key":"Dota2Spire:LotusOrb"}],"event_choices":[{"damage_healed":0,"gold_gain":0,"player_choice":"RE UP RE RE ","damage_taken":98,"relics_obtained":["Dota2Spire:PowerTreads","Art of War","SynthV:C4"],"max_hp_gain":0,"max_hp_loss":0,"event_name":"betterSkull:BetterSkull","floor":37,"gold_loss":0,"cards_upgraded":["Luminous:Light_Gather"]}],"is_beta":false,"boss_relics":[{"not_picked":["Busted Crown","energizedSpire:EnergizedDie","hubris:Stopwatch"],"picked":"Runic Pyramid"},{"not_picked":["RhineFirstAidKit","energizedSpire:HugeHouse","aspiration:RitualDagger"],"picked":"JellyFishMachine"}],"items_purged_floors":[0,0,11,36,39,45],"is_endless":false,"potions_floor_spawned":[4,7,10,12,16,19,22,23,28,35,38,48],"ascension_level":1}}