{"host":"40gggw0x72bpm5se","time":1613630371,"event":{"mods":["ATMod(°¢èªMod)","Act Like it!","Aspiration","BaseMod","Better Vampires","Colored Map","Conspire","Energized Spire","Friendly Minions","Gensokyo","GungeonMod","GungeonMod Extend","Infinite Spire","Koishi","Library of Ruina","Library of Ruina Extra","Lobotomy","Luminous","Minty Spire (QoL Compilation)","MostiFishMod","Quarter Circle Forward PUNCH!","Quick Restart","Relic Filter Mod","Relic Stats","Replay The Spire","Ruina","RumiaBox-Â¶Ã×æ«µÄÉñÃØºÐ×Ó","Shop Mod","Spicy Shops","StSLib","TestMod","The Alterego","UnlockEverythingMod","Waifu the Spire","Youmu£¨»êÆÇÑýÃÎ£©","[LAZYMAN]RSMod","¡¾¹¦ÄÜMod¡¿»ìãçÖ®»·ÐÞ¸´²¹¶¡","¡¾ÒÅÎï¿¨ÅÆ¡¿REMEMod","Ä§½ä"],"gold_per_floor":[-1286,-1269,-1250,-1250,-1250,-1221,-1221,-1203,-1179,-1169,-1152,-1140,-1113,-1102,-1102,-998,-998,-988,-969,21,21,21,-44,-29,-10,13,13,13,29,29,41,41,136,136,151,151,163,163,13,13,13,31,31,31,49,115,115,140,140,140],"floor_reached":51,"language":"ZHS","playtime":2785,"items_purged":[],"score":990,"play_id":"0ae282a7-d2b4-4981-be3f-d1d5f96aa237","local_time":"20210218143931","is_ascension_mode":false,"campfire_choices":[{"data":"REME_BattleFury","floor":7,"key":"SMITH"},{"data":"AT_ShrugMaster","floor":15,"key":"SMITH"},{"floor":27,"key":"RECALL"},{"floor":32,"key":"REST"},{"floor":40,"key":"REST"},{"floor":47,"key":"REST"},{"floor":49,"key":"REST"}],"circlet_count":0,"master_deck":["Dodge","LightDefense","LightAttack+1","LightAttack","LightAttack","LightDefense","LightDefense","LightDefense","ChargeAndCover","FocusedStrikes","REME_BattleFury+1","AT_ShrugMaster+1","HalloweenModCandy","HalloweenModGhostCostume","HalloweenModCandy","HalloweenModTrick","HalloweenModGhostCostume","HalloweenModGhostCostume","HalloweenModCandy","HalloweenModCandy","HalloweenModCandy","HalloweenModGhostCostume","HalloweenModGhostCostume","HalloweenModTrick","HalloweenModCandy","HalloweenModCandy","HalloweenModCandy","HalloweenModTrick","HalloweenModCandy","HalloweenModTrick","HalloweenModCandy","HalloweenModCandy","HalloweenModGhostCostume","HalloweenModGhostCostume","HalloweenModGhostCostume","HalloweenModCandy","HalloweenModTrick","HalloweenModTrick","HalloweenModCandy","HalloweenModCandy","HalloweenModGhostCostume","HalloweenModGhostCostume","HalloweenModTrick+1","HalloweenModTrick","HalloweenModCandy","dwlrmod:ColdlightOracle","ReplayTheSpireMod:Doomed","testmod-Dream","LightAttack+1"],"relics":["PageOfLibrarian","REME_ComplimentaryCards","AT_ATBox","testmod-TestBox","DaveBox","HalloweenModHalloween","Blue Candle","SynthV:MejaisSoulstealer","qcfpunch:Red_Beret","SynthV:TestCard","REME_IWantAll","dwlrmod:ProjectRecorder","Pear","Replay:Bottled Flurry","Whetstone","AT_SunfireAegis","Pear","Baka2","Busted Crown","DemoExt:KalibersBlessing","dwlrmod:NightmareFuel","infinitespire:Eraser","Philosopher\u0027s Stone","Membership Card","DemoMod:Relodestone","DemoExt:Turkey","Meat on the Bone"],"acts_visited":["Gensokyo:Gensokyo","ruina:Briah","TheBeyond"],"potions_floor_usage":[51,51],"damage_taken":[{"damage":0,"enemies":"Gensokyo:2_Kodama","floor":1,"turns":3},{"damage":0,"enemies":"Gensokyo:Gryphon","floor":2,"turns":2},{"damage":0,"enemies":"Gensokyo:3_Fairies","floor":3,"turns":4},{"damage":0,"enemies":"Gensokyo:Mamizou","floor":6,"turns":6},{"damage":0,"enemies":"Gensokyo:Python_and_Kodama","floor":8,"turns":4},{"damage":6,"enemies":"Gensokyo:LivingMonolith","floor":10,"turns":2},{"damage":0,"enemies":"Gensokyo:Kitsune","floor":11,"turns":2},{"damage":0,"enemies":"Gensokyo:VengefulSpirit","floor":12,"turns":2},{"damage":5,"enemies":"Gensokyo:Aya","floor":13,"turns":3},{"damage":1,"enemies":"Gensokyo:5_Fairies","floor":14,"turns":3},{"damage":12,"enemies":"Gensokyo:Kokoro","floor":16,"turns":5},{"damage":22,"enemies":"ruina:BadWolf","floor":18,"turns":3},{"damage":17,"enemies":"ruina:Nosferatu","floor":19,"turns":3},{"damage":40,"enemies":"ruina:Nosferatu","floor":23,"turns":10},{"damage":33,"enemies":"ruina:KingOfGreed","floor":24,"turns":3},{"damage":19,"enemies":"ruina:Woodsman","floor":25,"turns":2},{"damage":13,"enemies":"ruina:QueenOfHate","floor":28,"turns":2},{"damage":29,"enemies":"ruina:KnightOfDespair","floor":29,"turns":3},{"damage":81,"enemies":"ruina:Woodsman","floor":31,"turns":4},{"damage":52,"enemies":"ruina:Red_and_Wolf","floor":33,"turns":5},{"damage":11,"enemies":"3 Shapes","floor":35,"turns":2},{"damage":22,"enemies":"Orb Walker","floor":37,"turns":3},{"damage":16,"enemies":"4 Shapes","floor":42,"turns":2},{"damage":39,"enemies":"Spire Growth","floor":45,"turns":5},{"damage":27,"enemies":"Transient","floor":46,"turns":3},{"damage":35,"enemies":"Reptomancer","floor":48,"turns":2},{"damage":74,"enemies":"infinitespire:MassOfShapes","floor":50,"turns":3},{"damage":56,"enemies":"Malkuth","floor":51,"turns":3},{"damage":107,"enemies":"Hod","floor":51,"turns":4}],"seed_played":"-4075041093563433700","potions_obtained":[{"floor":2,"key":"Weak Potion"},{"floor":8,"key":"DemoMod:LeadSkinPotion"},{"floor":11,"key":"BlessingOfTheForge"}],"is_trial":false,"path_per_floor":["M","M","M","?","?","E","R","M","T","M","M","M","E","M","R","B",null,"M","M","?","$","?","E","M","M","T","R","M","M","?","M","R","B",null,"M","?","M","?","$","R","$","M","T","T","M","M","R","E","R","B",null],"character_chosen":"Librarian","items_purchased":["Membership Card"],"campfire_rested":4,"item_purchase_floors":[39],"current_hp_per_floor":[60,74,85,80,80,103,103,113,113,113,113,113,108,129,129,115,144,144,131,21,21,35,137,120,143,143,143,136,143,143,98,140,116,143,143,143,137,137,137,143,143,135,135,135,115,136,140,140,140,143],"gold":155,"neow_bonus":"RANDOM_COMMON_RELIC","is_daily":false,"chose_seed":false,"campfire_upgraded":2,"win_rate":0.0,"timestamp":1613630371,"path_taken":["M","M","M","?","?","E","R","M","T","?","M","M","E","M","R","BOSS","M","M","?","$","?","E","M","M","T","R","M","?","?","M","R","BOSS","M","?","?","?","$","R","?","M","T","?","M","M","R","E","R","BOSS"],"items_purchased_type":["Relic"],"build_version":"2020-12-22","purchased_purges":0,"victory":true,"max_hp_per_floor":[63,74,97,107,107,103,103,113,113,113,113,113,120,130,130,144,144,144,144,144,144,144,137,143,143,143,143,144,152,152,134,143,143,143,143,143,143,143,143,143,143,143,143,143,143,140,140,140,140,143],"relic_stats":{"Busted Crown":257554,"counters":[30,102],"Blue Candle":[0],"Whetstone":["LightAttack","HalloweenModTrick"],"obtain_stats":[{"dwlrmod:ProjectRecorder":2,"AT_ATBox":0,"DaveBox":0,"HalloweenModHalloween":0,"DemoMod:GlassGuonStoneRelic":2,"qcfpunch:Red_Beret":0,"Whetstone":9,"REME_IWantAll":2,"Baka2":14,"Philosopher\u0027s Stone":34,"Replay:Bottled Flurry":6,"infinitespire:Eraser":23,"DemoExt:Turkey":44,"testmod-TestBox":0,"SynthV:MejaisSoulstealer":0,"Pear":4,"Blue Candle":0,"Baka":1,"PageOfLibrarian":0,"dwlrmod:NightmareFuel":23,"SynthV:TestCard":1,"Busted Crown":17,"DemoMod:Relodestone":43,"DemoExt:KalibersBlessing":20,"Membership Card":39,"AT_SunfireAegis":13,"REME_ComplimentaryCards":0,"Meat on the Bone":48},{"dwlrmod:ProjectRecorder":2,"AT_ATBox":0,"DaveBox":0,"HalloweenModHalloween":0,"DemoMod:GlassGuonStoneRelic":2,"qcfpunch:Red_Beret":0,"Whetstone":5,"REME_IWantAll":2,"Baka2":10,"Philosopher\u0027s Stone":20,"Replay:Bottled Flurry":4,"infinitespire:Eraser":14,"DemoExt:Turkey":23,"testmod-TestBox":0,"SynthV:MejaisSoulstealer":0,"Pear":3,"Blue Candle":0,"Baka":1,"PageOfLibrarian":0,"dwlrmod:NightmareFuel":14,"SynthV:TestCard":1,"Busted Crown":11,"DemoMod:Relodestone":23,"DemoExt:KalibersBlessing":13,"Membership Card":22,"AT_SunfireAegis":9,"REME_ComplimentaryCards":0,"Meat on the Bone":26},{"dwlrmod:ProjectRecorder":5,"AT_ATBox":0,"DaveBox":0,"HalloweenModHalloween":0,"DemoMod:GlassGuonStoneRelic":5,"qcfpunch:Red_Beret":0,"Whetstone":19,"REME_IWantAll":5,"Baka2":31,"Philosopher\u0027s Stone":71,"Replay:Bottled Flurry":15,"infinitespire:Eraser":52,"DemoExt:Turkey":78,"testmod-TestBox":0,"SynthV:MejaisSoulstealer":0,"Pear":9,"Blue Candle":0,"Baka":3,"PageOfLibrarian":0,"dwlrmod:NightmareFuel":52,"SynthV:TestCard":3,"Busted Crown":36,"DemoMod:Relodestone":78,"DemoExt:KalibersBlessing":42,"Membership Card":76,"AT_SunfireAegis":28,"REME_ComplimentaryCards":0,"Meat on the Bone":88}],"Meat on the Bone":0},"card_choices":[{"not_picked":["HalloweenModCandy","HalloweenModGhostCostume","HalloweenModTrick","HalloweenModGhostCostume","HalloweenModCandy","HalloweenModCandy","HalloweenModGhostCostume","HalloweenModCandy"],"picked":"HalloweenModCandy","floor":1},{"not_picked":["HalloweenModGhostCostume","HalloweenModCandy","HalloweenModTrick","HalloweenModGhostCostume","HalloweenModCandy","HalloweenModCandy","HalloweenModGhostCostume","HalloweenModCandy","HalloweenModCandy","HalloweenModCandy","HalloweenModGhostCostume"],"picked":"Singing Bowl","floor":2},{"not_picked":["HalloweenModGhostCostume","HalloweenModTrick","HalloweenModCandy","HalloweenModCandy","HalloweenModCandy","HalloweenModTrick","HalloweenModCandy","HalloweenModTrick","HalloweenModCandy","HalloweenModCandy","HalloweenModGhostCostume"],"picked":"Singing Bowl","floor":3},{"not_picked":["HalloweenModGhostCostume","HalloweenModCandy","HalloweenModTrick","HalloweenModTrick","HalloweenModCandy","HalloweenModCandy","HalloweenModGhostCostume","HalloweenModTrick","HalloweenModTrick","HalloweenModCandy"],"picked":"HalloweenModGhostCostume","floor":6},{"not_picked":["ChildOfTheGalaxyEGOPage","MurdererEGOPage","GreedEGOPage"],"picked":"Singing Bowl","floor":8},{"not_picked":["HalloweenModTrick","HalloweenModCandy","HalloweenModGhostCostume","HalloweenModCandy","HalloweenModCandy","HalloweenModCandy","HalloweenModGhostCostume","HalloweenModGhostCostume","HalloweenModTrick","HalloweenModTrick","HalloweenModTrick"],"picked":"SKIP","floor":8},{"not_picked":["dwlrmod:EvilShackles","dwlrmod:Awakening"],"picked":"dwlrmod:ColdlightOracle","floor":10},{"not_picked":["HalloweenModGhostCostume","HalloweenModTrick","HalloweenModCandy","HalloweenModGhostCostume","HalloweenModGhostCostume","HalloweenModTrick","HalloweenModCandy","HalloweenModCandy","HalloweenModTrick","HalloweenModGhostCostume","HalloweenModCandy"],"picked":"SKIP","floor":10},{"not_picked":["HalloweenModGhostCostume","HalloweenModTrick","HalloweenModCandy","HalloweenModTrick","HalloweenModTrick","HalloweenModTrick","HalloweenModGhostCostume","HalloweenModGhostCostume","HalloweenModGhostCostume","HalloweenModCandy","HalloweenModTrick"],"picked":"SKIP","floor":11},{"not_picked":["HalloweenModCandy","HalloweenModTrick","HalloweenModGhostCostume","HalloweenModTrick","HalloweenModTrick","HalloweenModTrick","HalloweenModTrick","HalloweenModCandy","HalloweenModTrick","HalloweenModTrick","HalloweenModTrick"],"picked":"SKIP","floor":12},{"not_picked":["HalloweenModCandy","HalloweenModGhostCostume","HalloweenModTrick","HalloweenModGhostCostume","HalloweenModTrick","HalloweenModCandy","HalloweenModGhostCostume","HalloweenModTrick","HalloweenModGhostCostume","HalloweenModGhostCostume","HalloweenModTrick"],"picked":"SKIP","floor":13},{"not_picked":["HalloweenModGhostCostume","HalloweenModTrick","HalloweenModCandy","HalloweenModGhostCostume","HalloweenModGhostCostume","HalloweenModCandy","HalloweenModTrick","HalloweenModTrick","HalloweenModTrick","HalloweenModTrick","HalloweenModTrick"],"picked":"SKIP","floor":14},{"not_picked":["HalloweenModCandy","HalloweenModTrick+1","HalloweenModGhostCostume","HalloweenModCandy","HalloweenModGhostCostume","HalloweenModTrick","HalloweenModGhostCostume","HalloweenModCandy+1","HalloweenModGhostCostume"],"picked":"SKIP","floor":18},{"not_picked":["HalloweenModTrick","HalloweenModGhostCostume","HalloweenModCandy","HalloweenModCandy","HalloweenModCandy+1","HalloweenModCandy","HalloweenModGhostCostume","HalloweenModGhostCostume+1","HalloweenModCandy"],"picked":"SKIP","floor":19},{"not_picked":["HalloweenModTrick","HalloweenModGhostCostume","HalloweenModCandy","HalloweenModGhostCostume","HalloweenModTrick","HalloweenModCandy","HalloweenModTrick+1","HalloweenModTrick","HalloweenModCandy"],"picked":"SKIP","floor":23},{"not_picked":["HalloweenModTrick","HalloweenModGhostCostume","HalloweenModCandy","HalloweenModGhostCostume","HalloweenModTrick","HalloweenModCandy","HalloweenModTrick+1","HalloweenModTrick","HalloweenModCandy"],"picked":"SKIP","floor":23},{"not_picked":["HalloweenModTrick","HalloweenModGhostCostume","HalloweenModCandy","HalloweenModGhostCostume","HalloweenModTrick","HalloweenModCandy","HalloweenModTrick+1","HalloweenModTrick","HalloweenModCandy"],"picked":"SKIP","floor":23},{"not_picked":["HalloweenModCandy","HalloweenModGhostCostume","HalloweenModTrick","HalloweenModCandy","HalloweenModCandy","HalloweenModCandy+1","HalloweenModCandy+1","HalloweenModGhostCostume+1","HalloweenModCandy"],"picked":"SKIP","floor":24},{"not_picked":["HalloweenModTrick","HalloweenModCandy","HalloweenModGhostCostume","HalloweenModCandy","HalloweenModTrick","HalloweenModCandy","HalloweenModCandy","HalloweenModTrick+1","HalloweenModGhostCostume"],"picked":"SKIP","floor":25},{"not_picked":["HalloweenModCandy+1","HalloweenModTrick+1","HalloweenModGhostCostume","HalloweenModGhostCostume","HalloweenModTrick","HalloweenModGhostCostume","HalloweenModGhostCostume+1","HalloweenModCandy","HalloweenModTrick+1"],"picked":"SKIP","floor":28},{"not_picked":["HalloweenModTrick","HalloweenModGhostCostume","HalloweenModCandy","HalloweenModTrick+1","HalloweenModGhostCostume","HalloweenModTrick","HalloweenModTrick","HalloweenModCandy","HalloweenModGhostCostume"],"picked":"SKIP","floor":29},{"not_picked":["HalloweenModGhostCostume","HalloweenModCandy","HalloweenModTrick","HalloweenModGhostCostume+1","HalloweenModTrick","HalloweenModCandy","HalloweenModGhostCostume","HalloweenModTrick","HalloweenModGhostCostume"],"picked":"SKIP","floor":31},{"not_picked":["HalloweenModCandy+1","HalloweenModTrick","HalloweenModGhostCostume","HalloweenModTrick","HalloweenModCandy","HalloweenModTrick","HalloweenModTrick+1","HalloweenModTrick","HalloweenModCandy+1"],"picked":"SKIP","floor":31},{"not_picked":["HalloweenModCandy+1","HalloweenModGhostCostume+1","HalloweenModTrick","HalloweenModTrick+1","HalloweenModTrick+1","HalloweenModTrick","HalloweenModCandy","HalloweenModGhostCostume+1","HalloweenModCandy"],"picked":"SKIP","floor":31},{"not_picked":["HalloweenModCandy","HalloweenModGhostCostume+1","HalloweenModTrick","HalloweenModGhostCostume+1","HalloweenModTrick","HalloweenModCandy","HalloweenModGhostCostume","HalloweenModTrick+1","HalloweenModGhostCostume"],"picked":"SKIP","floor":31},{"not_picked":["HalloweenModGhostCostume","HalloweenModCandy","HalloweenModTrick+1","HalloweenModGhostCostume+1","HalloweenModTrick+1","HalloweenModGhostCostume","HalloweenModCandy+1","HalloweenModTrick","HalloweenModTrick+1"],"picked":"SKIP","floor":35},{"not_picked":["HalloweenModCandy","HalloweenModGhostCostume","HalloweenModTrick+1","HalloweenModGhostCostume","HalloweenModTrick+1","HalloweenModGhostCostume+1","HalloweenModCandy+1","HalloweenModTrick+1","HalloweenModCandy+1"],"picked":"SKIP","floor":37},{"not_picked":["HalloweenModTrick","HalloweenModGhostCostume+1","HalloweenModCandy","HalloweenModGhostCostume","HalloweenModCandy","HalloweenModTrick+1","HalloweenModGhostCostume+1","HalloweenModGhostCostume","HalloweenModCandy"],"picked":"SKIP","floor":42},{"not_picked":["HalloweenModCandy+1","HalloweenModTrick+1","HalloweenModGhostCostume","HalloweenModGhostCostume","HalloweenModCandy","HalloweenModCandy+1","HalloweenModTrick+1","HalloweenModGhostCostume+1","HalloweenModTrick+1"],"picked":"SKIP","floor":45},{"not_picked":["HalloweenModTrick","HalloweenModCandy","HalloweenModGhostCostume","HalloweenModTrick","HalloweenModTrick+1","HalloweenModCandy+1","HalloweenModCandy+1","HalloweenModTrick+1","HalloweenModCandy+1"],"picked":"SKIP","floor":46},{"not_picked":["HalloweenModCandy+1","HalloweenModGhostCostume","HalloweenModTrick","HalloweenModCandy+1","HalloweenModCandy","HalloweenModGhostCostume+1","HalloweenModTrick","HalloweenModTrick+1","HalloweenModTrick"],"picked":"SKIP","floor":48}],"player_experience":110881,"relics_obtained":[{"floor":1,"key":"SynthV:TestCard"},{"floor":1,"key":"Baka"},{"floor":2,"key":"REME_IWantAll"},{"floor":2,"key":"dwlrmod:ProjectRecorder"},{"floor":6,"key":"Replay:Bottled Flurry"},{"floor":9,"key":"Whetstone"},{"floor":13,"key":"AT_SunfireAegis"},{"floor":14,"key":"Pear"},{"floor":14,"key":"Baka2"},{"floor":23,"key":"dwlrmod:NightmareFuel"},{"floor":23,"key":"infinitespire:Eraser"},{"floor":43,"key":"DemoMod:Relodestone"},{"floor":44,"key":"DemoExt:Turkey"},{"floor":48,"key":"Meat on the Bone"}],"event_choices":[{"cards_removed":["HalloweenModCandy"],"damage_healed":0,"gold_gain":0,"player_choice":"Purged","damage_taken":0,"max_hp_gain":0,"max_hp_loss":0,"event_name":"Purifier","floor":36,"gold_loss":0},{"damage_healed":0,"gold_gain":0,"cards_transformed":["HalloweenModCandy"],"player_choice":"Transformed","damage_taken":0,"max_hp_gain":0,"max_hp_loss":0,"event_name":"Transmorgrifier","floor":38,"gold_loss":0,"cards_obtained":["testmod-Dream"]}],"is_beta":false,"boss_relics":[{"not_picked":["energizedSpire:HugeHouse","SacredBark"],"picked":"Busted Crown"},{"not_picked":["conspire:RunicOctahedron","testmod-NegativeEmotionEnhancer"],"picked":"Philosopher\u0027s Stone"}],"items_purged_floors":[],"is_endless":false,"potions_floor_spawned":[2,8,11,12,14,19,25,29,37,42,48],"ascension_level":0}}