{"host":"sc0o2qwpf9j16a4i","time":1613664535,"event":{"mods":["AchievementEnabler","BaseMod","BetterRewards","Block Reminder","Colored Map","Colored Powertips","Custom Start","Highlight Path","Minty Spire (QoL Compilation)","Relic Stats"],"gold_per_floor":[109,21,31,31,31,65,65,65,65,11,22,51,120,133,133,204,204,220,220,220,220,233,264,264,284,284,296,326,326,359,370,370,370,370],"floor_reached":33,"language":"ENG","playtime":1364,"items_purged":[],"score":976,"play_id":"288540a0-ebcf-4266-b417-2542fc404347","local_time":"20210218180855","is_ascension_mode":true,"campfire_choices":[{"floor":7,"key":"REST"},{"data":"Feel No Pain","floor":15,"key":"SMITH"},{"data":"Feel No Pain","floor":24,"key":"SMITH"},{"data":"Shockwave","floor":29,"key":"SMITH"},{"data":"Power Through","floor":32,"key":"SMITH"}],"circlet_count":0,"master_deck":["AscendersBane","Strike_R+1","Strike_R+1","Strike_R+1","Strike_R+1","Defend_R+1","Defend_R+1","Defend_R+1","Defend_R+1","Bash","Apotheosis+1","Feel No Pain+1","Feel No Pain+1","Shockwave+1","Seeing Red","Shrug It Off","Twin Strike","Metallicize+1","Feed","Shrug It Off","Feed","Dual Wield","Whirlwind+1","Shrug It Off+1","Power Through+1","Headbutt","Sentinel+1"],"relics":["Burning Blood","Happy Flower","Omamori","Medical Kit","Bronze Scales","TungstenRod","Regal Pillow","Frozen Egg 2","Art of War","InkBottle","Mark of Pain","Enchiridion","Bird Faced Urn","Meat on the Bone","Potion Belt","PreservedInsect"],"acts_visited":["Exordium","TheCity"],"potions_floor_usage":[6,6,12,16,18,25,28,31],"damage_taken":[{"damage":0,"enemies":"Cultist","floor":1,"turns":4},{"damage":3,"enemies":"Jaw Worm","floor":3,"turns":4},{"damage":0,"enemies":"3 Sentries","floor":6,"turns":8},{"damage":0,"enemies":"Small Slimes","floor":11,"turns":4},{"damage":11,"enemies":"Lagavulin","floor":12,"turns":8},{"damage":0,"enemies":"Looter","floor":14,"turns":5},{"damage":26,"enemies":"The Guardian","floor":16,"turns":12},{"damage":24,"enemies":"2 Thieves","floor":18,"turns":5},{"damage":7,"enemies":"Shell Parasite","floor":22,"turns":6},{"damage":1,"enemies":"Book of Stabbing","floor":23,"turns":6},{"damage":4,"enemies":"Chosen and Byrds","floor":25,"turns":6},{"damage":6,"enemies":"3 Cultists","floor":27,"turns":4},{"damage":0,"enemies":"Slavers","floor":28,"turns":3},{"damage":9,"enemies":"Book of Stabbing","floor":30,"turns":6},{"damage":13,"enemies":"Cultist and Chosen","floor":31,"turns":10},{"damage":148,"enemies":"Collector","floor":33,"turns":18}],"seed_played":"7746037405071168284","potions_obtained":[{"floor":3,"key":"EssenceOfSteel"},{"floor":6,"key":"Block Potion"},{"floor":11,"key":"ColorlessPotion"},{"floor":14,"key":"Explosive Potion"},{"floor":23,"key":"AttackPotion"},{"floor":27,"key":"SkillPotion"},{"floor":30,"key":"Energy Potion"}],"is_trial":false,"path_per_floor":["M","$","M","?","?","E","R","?","T","$","M","E","T","M","R","B",null,"M","?","?","?","M","E","R","M","T","M","E","R","E","M","R","B"],"character_chosen":"IRONCLAD","items_purchased":["Apotheosis","Happy Flower","Omamori","Medical Kit","Feel No Pain","Bronze Scales","TungstenRod","Feel No Pain","Strength Potion","Seeing Red","Twin Strike"],"campfire_rested":1,"item_purchase_floors":[0,0,0,0,0,0,0,0,0,2,10],"current_hp_per_floor":[26,26,29,29,29,35,72,72,72,72,75,70,70,79,79,59,74,60,60,43,43,46,55,55,67,67,80,91,91,100,108,108,0,0],"gold":370,"neow_bonus":"","is_daily":false,"chose_seed":false,"campfire_upgraded":4,"win_rate":0.0,"timestamp":1613664535,"path_taken":["M","?","M","?","?","E","R","?","T","?","M","E","?","M","R","BOSS","M","?","?","?","M","E","R","?","T","M","E","R","E","M","R","BOSS"],"items_purchased_type":["Card","Relic","Relic","Relic","Card","Relic","Relic","Card","Potion","Card","Card"],"build_version":"2020-12-22","purchased_purges":0,"victory":false,"max_hp_per_floor":[75,75,75,75,75,75,75,75,75,75,75,75,75,79,79,79,79,83,83,83,83,87,91,91,95,95,102,105,105,109,116,116,116,116],"relic_stats":{"Regal Pillow":15,"Happy Flower":[53],"counters":[42,216],"PreservedInsect":0,"Medical Kit":[63],"Burning Blood":146,"Bronze Scales":[406],"Bird Faced Urn":[36],"Art of War":[19],"obtain_stats":[{"Ice Cream":39,"Lantern":8,"Regal Pillow":27,"Singing Bowl":47,"Nilry\u0027s Codex":20,"Enchiridion":20,"Ancient Tea Set":38,"Burning Blood":0,"ClockworkSouvenir":38,"Nunchaku":10,"Centennial Puzzle":13,"Mummified Hand":12,"InkBottle":13,"Paper Frog":30,"Potion Belt":11,"Pear":44,"Happy Flower":26,"Self Forming Clay":42,"PreservedInsect":30,"Omamori":9,"War Paint":23,"Frozen Egg 2":46,"MawBank":7,"Medical Kit":14,"White Beast Statue":28,"Mercury Hourglass":38,"Anchor":6,"Bottled Flame":45,"Bronze Scales":43,"Bird Faced Urn":23,"Snecko Eye":17,"Molten Egg 2":5,"Turnip":25,"Mark of Pain":34,"Art of War":31,"Bag of Marbles":40,"Toy Ornithopter":48,"TungstenRod":0,"Meat on the Bone":26},{"Ice Cream":19,"Lantern":5,"Regal Pillow":13,"Singing Bowl":24,"Nilry\u0027s Codex":10,"Enchiridion":34,"Ancient Tea Set":18,"Burning Blood":0,"ClockworkSouvenir":18,"Nunchaku":6,"Centennial Puzzle":8,"Mummified Hand":7,"InkBottle":31,"Paper Frog":15,"Potion Belt":6,"Pear":22,"Happy Flower":12,"Self Forming Clay":21,"PreservedInsect":40,"Omamori":5,"War Paint":11,"Frozen Egg 2":23,"MawBank":4,"Medical Kit":8,"White Beast Statue":14,"Mercury Hourglass":18,"Anchor":3,"Bottled Flame":23,"Bronze Scales":21,"Bird Faced Urn":36,"Snecko Eye":9,"Molten Egg 2":2,"Turnip":12,"Mark of Pain":17,"Art of War":16,"Bag of Marbles":20,"Toy Ornithopter":25,"TungstenRod":26,"Meat on the Bone":37},{"Ice Cream":80,"Lantern":23,"Regal Pillow":58,"Singing Bowl":99,"Nilry\u0027s Codex":45,"Enchiridion":157,"Ancient Tea Set":76,"Burning Blood":0,"ClockworkSouvenir":76,"Nunchaku":27,"Centennial Puzzle":37,"Mummified Hand":35,"InkBottle":135,"Paper Frog":66,"Potion Belt":27,"Pear":92,"Happy Flower":55,"Self Forming Clay":87,"PreservedInsect":188,"Omamori":23,"War Paint":47,"Frozen Egg 2":96,"MawBank":17,"Medical Kit":37,"White Beast Statue":61,"Mercury Hourglass":76,"Anchor":13,"Bottled Flame":96,"Bronze Scales":87,"Bird Faced Urn":169,"Snecko Eye":43,"Molten Egg 2":7,"Turnip":55,"Mark of Pain":74,"Art of War":70,"Bag of Marbles":84,"Toy Ornithopter":102,"TungstenRod":107,"Meat on the Bone":175}],"TungstenRod":43,"InkBottle":[28],"Meat on the Bone":0},"card_choices":[{"not_picked":["Flame Barrier","Body Slam"],"picked":"Shockwave","floor":1},{"not_picked":["Armaments","Bloodletting","Flex"],"picked":"SKIP","floor":3},{"not_picked":["Entrench","Rage"],"picked":"Shrug It Off","floor":6},{"not_picked":["Headbutt","Twin Strike"],"picked":"Metallicize+1","floor":11},{"not_picked":["Thunderclap","Perfected Strike"],"picked":"Feed","floor":12},{"not_picked":["True Grit","Body Slam"],"picked":"Shrug It Off","floor":14},{"not_picked":["Double Tap","Exhume"],"picked":"Feed","floor":16},{"not_picked":["Thunderclap","Havoc"],"picked":"Dual Wield","floor":18},{"not_picked":["Twin Strike","Body Slam","Flex+1"],"picked":"SKIP","floor":22},{"not_picked":["Demon Form+1","Havoc"],"picked":"Whirlwind+1","floor":23},{"not_picked":["Warcry","Bludgeon"],"picked":"Shrug It Off+1","floor":25},{"not_picked":["Carnage","Pommel Strike"],"picked":"Power Through","floor":27},{"not_picked":["Body Slam+1","Armaments","Double Tap"],"picked":"SKIP","floor":28},{"not_picked":["Fire Breathing+1","Armaments"],"picked":"Headbutt","floor":30},{"not_picked":["Iron Wave","Heavy Blade"],"picked":"Sentinel+1","floor":31}],"player_experience":1466618,"relics_obtained":[{"floor":6,"key":"Regal Pillow"},{"floor":9,"key":"Frozen Egg 2"},{"floor":12,"key":"Art of War"},{"floor":13,"key":"InkBottle"},{"floor":20,"key":"Enchiridion"},{"floor":23,"key":"Bird Faced Urn"},{"floor":26,"key":"Meat on the Bone"},{"floor":28,"key":"Potion Belt"},{"floor":30,"key":"PreservedInsect"}],"event_choices":[{"damage_healed":0,"gold_gain":0,"player_choice":"Grow","damage_taken":0,"max_hp_gain":0,"max_hp_loss":0,"event_name":"Living Wall","floor":4,"gold_loss":0,"cards_upgraded":["Apotheosis"]},{"damage_healed":0,"gold_gain":0,"player_choice":"Ignored","damage_taken":0,"max_hp_gain":0,"max_hp_loss":0,"event_name":"Golden Wing","floor":5,"gold_loss":0},{"damage_healed":0,"gold_gain":0,"player_choice":"Ignored","damage_taken":0,"max_hp_gain":0,"max_hp_loss":0,"event_name":"Liars Game","floor":8,"gold_loss":0},{"damage_healed":0,"gold_gain":0,"player_choice":"Simplicity","damage_taken":0,"max_hp_gain":0,"max_hp_loss":0,"event_name":"Back to Basics","floor":19,"gold_loss":0,"cards_upgraded":["Strike_R","Strike_R","Strike_R","Strike_R","Strike_R","Defend_R","Defend_R","Defend_R","Defend_R"]},{"damage_healed":0,"gold_gain":0,"player_choice":"Obtained Book","damage_taken":21,"max_hp_gain":0,"max_hp_loss":0,"event_name":"Cursed Tome","floor":20,"gold_loss":0},{"cards_removed":["Strike_R"],"damage_healed":0,"gold_gain":0,"player_choice":"Purged","damage_taken":0,"max_hp_gain":0,"max_hp_loss":0,"event_name":"Purifier","floor":21,"gold_loss":0}],"is_beta":false,"boss_relics":[{"not_picked":["Ectoplasm","Runic Dome"],"picked":"Mark of Pain"}],"items_purged_floors":[],"is_endless":false,"potions_floor_spawned":[3,6,11,14,23,27,30],"killed_by":"Collector","ascension_level":20}}