{"host":"ufhw4cf0hh51lveu","time":1613617608,"event":{"mods":["BaseMod","DeckTracker","Minty Spire (QoL Compilation)","SuperFastMode"],"gold_per_floor":[116,116,128,140,104,104,117,117,189,189,202,213,163,175,175,280,280,292,292,292,292,292,292,312,328,328,345,444,444,455,474,474,573,573,593,610,89,101,118,118,118,118,187,200,200,200,217,69,69,69],"floor_reached":51,"language":"KOR","playtime":1308,"items_purged":["Strike_G+1","Writhe"],"score":664,"play_id":"cf57f9c9-370c-48ad-852f-f8e58aa2dc3f","local_time":"20210218120648","is_ascension_mode":false,"campfire_choices":[{"data":"Neutralize","floor":6,"key":"SMITH"},{"data":"Catalyst","floor":8,"key":"SMITH"},{"data":"Acrobatics","floor":10,"key":"SMITH"},{"data":"Poisoned Stab","floor":15,"key":"SMITH"},{"data":"PiercingWail","floor":23,"key":"SMITH"},{"data":"Envenom","floor":29,"key":"SMITH"},{"data":"Flying Knee","floor":32,"key":"SMITH"},{"data":"Catalyst","floor":40,"key":"SMITH"},{"data":"Adrenaline","floor":45,"key":"SMITH"},{"data":"Corpse Explosion","floor":49,"key":"SMITH"}],"circlet_count":0,"master_deck":["Strike_G+1","Strike_G+1","Strike_G+1","Defend_G+1","Defend_G+1","Defend_G+1","Defend_G+1","Defend_G+1","Survivor","Neutralize+1","Catalyst+1","Acrobatics+1","Deadly Poison","Deflect","Poisoned Stab+1","Corpse Explosion+1","PiercingWail+1","Prepared","Crippling Poison","Envenom+1","Flying Knee+1","Adrenaline+1","Catalyst+1","Bouncing Flask+1","Deadly Poison+1"],"relics":["Ring of the Snake","MawBank","The Specimen","Eternal Feather","Coffee Dripper","MutagenicStrength","Pen Nib","HoveringKite","Calipers","TheAbacus","Mercury Hourglass"],"acts_visited":["Exordium","TheCity","TheBeyond"],"potions_floor_usage":[16,16,33,38,47,50,50],"damage_taken":[{"damage":2,"enemies":"2 Louse","floor":1,"turns":4},{"damage":1,"enemies":"Jaw Worm","floor":7,"turns":7},{"damage":2,"enemies":"Small Slimes","floor":11,"turns":3},{"damage":1,"enemies":"3 Louse","floor":12,"turns":3},{"damage":2,"enemies":"Exordium Thugs","floor":14,"turns":4},{"damage":38,"enemies":"Slime Boss","floor":16,"turns":14},{"damage":10,"enemies":"2 Thieves","floor":18,"turns":3},{"damage":0,"enemies":"Chosen","floor":24,"turns":3},{"damage":4,"enemies":"3 Cultists","floor":25,"turns":4},{"damage":0,"enemies":"Centurion and Healer","floor":27,"turns":3},{"damage":4,"enemies":"Cultist and Chosen","floor":30,"turns":4},{"damage":0,"enemies":"Snake Plant","floor":31,"turns":3},{"damage":46,"enemies":"Collector","floor":33,"turns":8},{"damage":3,"enemies":"3 Darklings","floor":35,"turns":3},{"damage":10,"enemies":"3 Shapes","floor":36,"turns":4},{"damage":0,"enemies":"Transient","floor":38,"turns":5},{"damage":0,"enemies":"Sphere and 2 Shapes","floor":39,"turns":3},{"damage":14,"enemies":"Spire Growth","floor":44,"turns":3},{"damage":3,"enemies":"Maw","floor":47,"turns":3},{"damage":42,"enemies":"Donu and Deca","floor":50,"turns":5}],"seed_played":"6684013113529916893","potions_obtained":[{"floor":1,"key":"DistilledChaos"},{"floor":14,"key":"Ancient Potion"},{"floor":16,"key":"FairyPotion"},{"floor":24,"key":"FearPotion"},{"floor":30,"key":"DuplicationPotion"},{"floor":35,"key":"Block Potion"},{"floor":38,"key":"Swift Potion"}],"is_trial":false,"path_per_floor":["M","?","?","T","$","R","M","R","T","R","M","M","?","M","R","B",null,"M","?","?","?","?","R","M","M","T","M","?","R","M","M","R","B",null,"M","M","$","M","M","R","?","?","T","M","R","?","M","$","R","B",null],"character_chosen":"THE_SILENT","items_purchased":["Acrobatics","Calipers","TheAbacus","AttackPotion"],"campfire_rested":0,"item_purchase_floors":[5,37,37,48],"current_hp_per_floor":[75,68,68,68,68,68,67,67,67,76,74,73,73,71,77,39,77,67,67,67,67,67,76,76,72,72,72,72,77,73,73,77,31,77,74,64,64,64,64,77,77,77,77,63,77,77,74,74,77,35],"gold":69,"neow_bonus":"TEN_PERCENT_HP_BONUS","is_daily":false,"chose_seed":false,"campfire_upgraded":10,"win_rate":0.0,"timestamp":1613617608,"path_taken":["M","?","?","?","$","R","M","R","T","R","M","?","?","M","R","BOSS","M","?","?","?","?","R","M","M","T","M","?","R","M","M","R","BOSS","M","M","$","M","M","R","?","?","T","M","R","?","M","$","R","BOSS"],"items_purchased_type":["Card","Relic","Relic","Potion"],"build_version":"2020-12-22","purchased_purges":2,"victory":true,"max_hp_per_floor":[77,77,77,77,77,77,77,77,77,77,77,77,77,77,77,77,77,77,77,77,77,77,77,77,77,77,77,77,77,77,77,77,77,77,77,77,77,77,77,77,77,77,77,77,77,77,77,77,77,77],"card_choices":[{"not_picked":["Deadly Poison","Backflip"],"picked":"Catalyst","floor":1},{"not_picked":["Dagger Throw","Slice"],"picked":"Deadly Poison","floor":7},{"not_picked":["Dodge and Roll","Dagger Throw"],"picked":"Deflect","floor":11},{"not_picked":["Noxious Fumes","Quick Slash"],"picked":"Poisoned Stab","floor":12},{"not_picked":["Sucker Punch","Cloak And Dagger","Skewer"],"picked":"SKIP","floor":14},{"not_picked":["Bullet Time","Phantasmal Killer"],"picked":"Corpse Explosion","floor":16},{"not_picked":["Calculated Gamble","All Out Attack","Dodge and Roll+1"],"picked":"SKIP","floor":18},{"not_picked":["Predator","Cloak And Dagger+1"],"picked":"Prepared","floor":24},{"not_picked":["Riddle With Holes","Quick Slash+1"],"picked":"Crippling Poison","floor":25},{"not_picked":["Riddle With Holes","Acrobatics+1"],"picked":"Envenom","floor":27},{"not_picked":["Sucker Punch","Dodge and Roll+1","Dagger Throw"],"picked":"SKIP","floor":30},{"not_picked":["Infinite Blades","Slice"],"picked":"Flying Knee","floor":31},{"not_picked":["Doppelganger","Malaise"],"picked":"Adrenaline","floor":33},{"not_picked":["Bane+1","Deflect"],"picked":"Catalyst","floor":35},{"not_picked":["Footwork+1","Flying Knee","Expertise+1"],"picked":"SKIP","floor":36},{"not_picked":["Well Laid Plans","Quick Slash"],"picked":"Bouncing Flask+1","floor":38},{"not_picked":["Endless Agony+1","Slice+1"],"picked":"Deadly Poison+1","floor":39},{"not_picked":["Deadly Poison+1","Sucker Punch+1","Deflect+1"],"picked":"SKIP","floor":44},{"not_picked":["Outmaneuver+1","Escape Plan","Slice"],"picked":"SKIP","floor":47}],"player_experience":33772,"relics_obtained":[{"floor":4,"key":"The Specimen"},{"floor":9,"key":"Eternal Feather"},{"floor":26,"key":"Pen Nib"},{"floor":43,"key":"Mercury Hourglass"}],"event_choices":[{"damage_healed":0,"gold_gain":0,"player_choice":"Success","damage_taken":7,"relics_obtained":["MawBank"],"max_hp_gain":0,"max_hp_loss":0,"event_name":"Scrap Ooze","floor":2,"gold_loss":0},{"damage_healed":0,"gold_gain":0,"player_choice":"Ignored","damage_taken":0,"max_hp_gain":0,"max_hp_loss":0,"event_name":"Liars Game","floor":3,"gold_loss":0},{"cards_removed":["Strike_G"],"damage_healed":0,"gold_gain":0,"player_choice":"Card Removal","damage_taken":0,"max_hp_gain":0,"max_hp_loss":0,"event_name":"The Cleric","floor":13,"gold_loss":50},{"damage_healed":0,"gold_gain":0,"player_choice":"Read","damage_taken":0,"max_hp_gain":0,"max_hp_loss":0,"event_name":"The Library","floor":19,"gold_loss":0,"cards_obtained":["PiercingWail"]},{"damage_healed":0,"gold_gain":0,"player_choice":"Simplicity","damage_taken":0,"max_hp_gain":0,"max_hp_loss":0,"event_name":"Back to Basics","floor":20,"gold_loss":0,"cards_upgraded":["Strike_G","Strike_G","Strike_G","Strike_G","Defend_G","Defend_G","Defend_G","Defend_G","Defend_G"]},{"damage_healed":0,"gold_gain":0,"player_choice":"Ignored","damage_taken":0,"max_hp_gain":0,"max_hp_loss":0,"event_name":"Vampires","floor":21,"gold_loss":0},{"damage_healed":0,"gold_gain":0,"player_choice":"Inject Mutagens","damage_taken":0,"relics_obtained":["MutagenicStrength"],"max_hp_gain":0,"max_hp_loss":0,"event_name":"Drug Dealer","floor":22,"gold_loss":0},{"damage_healed":0,"gold_gain":99,"player_choice":"Stole From Cult","damage_taken":0,"max_hp_gain":0,"max_hp_loss":0,"event_name":"Nest","floor":28,"gold_loss":0},{"damage_healed":0,"gold_gain":0,"player_choice":"Ignored","damage_taken":0,"max_hp_gain":0,"max_hp_loss":0,"event_name":"Mysterious Sphere","floor":41,"gold_loss":0},{"damage_healed":19,"gold_gain":0,"player_choice":"Writhe","damage_taken":0,"max_hp_gain":0,"max_hp_loss":0,"event_name":"Winding Halls","floor":42,"gold_loss":0,"cards_obtained":["Writhe"]},{"damage_healed":0,"gold_gain":0,"player_choice":"Memory 1","damage_taken":0,"max_hp_gain":0,"max_hp_loss":0,"event_name":"SensoryStone","floor":46,"gold_loss":0}],"is_beta":false,"boss_relics":[{"not_picked":["Tiny House","SacredBark"],"picked":"Coffee Dripper"},{"not_picked":["Philosopher\u0027s Stone","Velvet Choker"],"picked":"HoveringKite"}],"items_purged_floors":[37,48],"is_endless":false,"potions_floor_spawned":[1,14,16,24,30,35,36,38],"ascension_level":0}}