{"host":"clgpak7dimivr1r3","time":1613671753,"event":{"mods":["BaseMod","Colored Map","Colored Powertips","Curses Come First","Minty Spire (QoL Compilation)","Relic Stats","Say the Spire","StSLib"],"gold_per_floor":[118,133,143,143,153,153,78,104,127,127,143,143,156,174,174,248,248,248,203,203,203,203,203,203,203,203,203,203,30,30,30,30,30,30],"floor_reached":33,"language":"ENG","playtime":1351,"items_purged":[],"score":491,"play_id":"20e85e9a-789f-4bf0-a090-24e0cc1f5907","local_time":"20210218210913","is_ascension_mode":true,"campfire_choices":[{"data":"Inflame","floor":6,"key":"SMITH"},{"data":"Fire Breathing","floor":10,"key":"SMITH"},{"floor":12,"key":"REST"},{"data":"Carnage","floor":15,"key":"SMITH"},{"floor":23,"key":"REST"},{"data":"Demon Form","floor":25,"key":"SMITH"},{"data":"Inflame","floor":32,"key":"SMITH"}],"circlet_count":0,"master_deck":["AscendersBane","Strike_R+1","Strike_R","Strike_R","Strike_R+1","Strike_R","Defend_R","Defend_R","Defend_R","Defend_R","Bash","Shrug It Off","Inflame+1","Cleave","Offering","Twin Strike","Fire Breathing+1","Iron Wave","Inflame+1","Shrug It Off","Carnage+1","Demon Form+1","Thunderclap","Pummel","Shrug It Off+1","Disarm","Double Tap"],"relics":["Burning Blood","Red Skull","Whetstone","Pen Nib","Ectoplasm","Nilry\u0027s Codex","MawBank","Bird Faced Urn","Potion Belt","Strawberry"],"acts_visited":["Exordium","TheCity"],"potions_floor_usage":[14,21,24,28,28,33],"damage_taken":[{"damage":7,"enemies":"Small Slimes","floor":1,"turns":6},{"damage":10,"enemies":"Cultist","floor":2,"turns":5},{"damage":0,"enemies":"2 Louse","floor":3,"turns":2},{"damage":33,"enemies":"Exordium Wildlife","floor":5,"turns":4},{"damage":22,"enemies":"3 Sentries","floor":8,"turns":5},{"damage":0,"enemies":"Blue Slaver","floor":11,"turns":3},{"damage":18,"enemies":"Gremlin Gang","floor":13,"turns":4},{"damage":4,"enemies":"Lots of Slimes","floor":14,"turns":4},{"damage":10,"enemies":"Slime Boss","floor":16,"turns":5},{"damage":12,"enemies":"3 Byrds","floor":18,"turns":5},{"damage":26,"enemies":"2 Thieves","floor":19,"turns":3},{"damage":6,"enemies":"Snake Plant","floor":21,"turns":3},{"damage":20,"enemies":"Shelled Parasite and Fungi","floor":24,"turns":2},{"damage":16,"enemies":"Snecko","floor":27,"turns":3},{"damage":23,"enemies":"Gremlin Leader","floor":28,"turns":5},{"damage":6,"enemies":"3 Cultists","floor":30,"turns":4},{"damage":11,"enemies":"Cultist and Chosen","floor":31,"turns":5},{"damage":35,"enemies":"Automaton","floor":33,"turns":4}],"seed_played":"7982954607329381326","potions_obtained":[{"floor":3,"key":"ElixirPotion"},{"floor":5,"key":"SpeedPotion"},{"floor":8,"key":"AttackPotion"},{"floor":14,"key":"CultistPotion"},{"floor":19,"key":"Block Potion"},{"floor":21,"key":"Strength Potion"},{"floor":28,"key":"Fruit Juice"},{"floor":30,"key":"Fire Potion"}],"is_trial":false,"path_per_floor":["M","M","M","?","M","R","?","E","T","R","M","R","M","M","R","B",null,"M","M","?","M","T","R","M","R","T","M","E","$","M","M","R","B"],"character_chosen":"IRONCLAD","items_purchased":["Strawberry"],"campfire_rested":2,"item_purchase_floors":[29],"current_hp_per_floor":[67,63,69,69,42,42,42,26,26,26,32,54,42,44,44,40,66,60,40,19,19,19,41,27,27,27,23,17,24,28,27,27,0,0],"gold":30,"neow_bonus":"RANDOM_COMMON_RELIC","is_daily":false,"chose_seed":false,"campfire_upgraded":5,"win_rate":0.0,"timestamp":1613671753,"path_taken":["M","M","M","?","?","R","?","E","T","R","M","R","M","M","R","BOSS","M","M","?","M","?","R","M","R","T","M","E","?","M","?","R","BOSS"],"items_purchased_type":["Relic"],"build_version":"2020-12-22","purchased_purges":0,"victory":false,"max_hp_per_floor":[75,75,75,75,75,75,75,75,75,75,75,75,75,75,75,75,75,75,75,75,75,75,75,75,75,75,75,80,87,87,87,87,87,87],"relic_stats":{"counters":[18,72],"Bird Faced Urn":[28],"Pen Nib":[8],"Ectoplasm":251,"Whetstone":["Strike_R","Strike_R"],"MawBank":0,"obtain_stats":[{"Potion Belt":28,"Nilry\u0027s Codex":20,"Bird Faced Urn":26,"Strawberry":29,"Pen Nib":9,"Ectoplasm":17,"Whetstone":8,"MawBank":22,"Burning Blood":0,"Red Skull":0},{"Potion Belt":15,"Nilry\u0027s Codex":11,"Bird Faced Urn":13,"Strawberry":15,"Pen Nib":5,"Ectoplasm":9,"Whetstone":5,"MawBank":12,"Burning Blood":0,"Red Skull":0},{"Potion Belt":59,"Nilry\u0027s Codex":46,"Bird Faced Urn":51,"Strawberry":59,"Pen Nib":22,"Ectoplasm":38,"Whetstone":22,"MawBank":49,"Burning Blood":0,"Red Skull":0}],"Burning Blood":102},"card_choices":[{"not_picked":["True Grit","Reckless Charge"],"picked":"Shrug It Off","floor":1},{"not_picked":["Power Through","Headbutt"],"picked":"Inflame","floor":2},{"not_picked":["Anger","Clothesline"],"picked":"Cleave","floor":3},{"not_picked":["Dark Embrace","Berserk"],"picked":"Fire Breathing","floor":5},{"not_picked":["Headbutt","True Grit"],"picked":"Iron Wave","floor":8},{"not_picked":["Flame Barrier","Anger"],"picked":"Inflame","floor":11},{"not_picked":["Warcry","Dropkick"],"picked":"Shrug It Off","floor":13},{"not_picked":["Exhume","Flex"],"picked":"Carnage","floor":14},{"not_picked":["Bludgeon","Barricade"],"picked":"Demon Form","floor":16},{"not_picked":["Bloodletting","Warcry"],"picked":"Thunderclap","floor":18},{"not_picked":["Dark Embrace","Headbutt"],"picked":"Pummel","floor":19},{"not_picked":["Rupture","Disarm"],"picked":"Shrug It Off+1","floor":21},{"not_picked":["Rampage","Searing Blow","Second Wind"],"picked":"SKIP","floor":24},{"not_picked":["Havoc","Body Slam","Iron Wave"],"picked":"SKIP","floor":27},{"not_picked":["Fire Breathing","Clash","Anger"],"picked":"SKIP","floor":28},{"not_picked":["Warcry","Thunderclap"],"picked":"Disarm","floor":30},{"not_picked":["Hemokinesis","Clash"],"picked":"Double Tap","floor":31}],"player_experience":141860,"relics_obtained":[{"floor":8,"key":"Whetstone"},{"floor":9,"key":"Pen Nib"},{"floor":20,"key":"Nilry\u0027s Codex"},{"floor":22,"key":"MawBank"},{"floor":26,"key":"Bird Faced Urn"},{"floor":28,"key":"Potion Belt"}],"event_choices":[{"damage_healed":0,"gold_gain":0,"player_choice":"3 cards matched","damage_taken":0,"max_hp_gain":0,"max_hp_loss":0,"event_name":"Match and Keep!","floor":4,"gold_loss":0,"cards_obtained":["Offering","Writhe","Twin Strike"]},{"cards_removed":["Writhe"],"damage_healed":0,"gold_gain":0,"player_choice":"Card Removal","damage_taken":0,"max_hp_gain":0,"max_hp_loss":0,"event_name":"The Cleric","floor":7,"gold_loss":75},{"damage_healed":0,"gold_gain":0,"player_choice":"Obtained Book","damage_taken":21,"max_hp_gain":0,"max_hp_loss":0,"event_name":"Cursed Tome","floor":20,"gold_loss":0}],"is_beta":false,"boss_relics":[{"not_picked":["Black Star","Calling Bell"],"picked":"Ectoplasm"}],"items_purged_floors":[],"is_endless":false,"potions_floor_spawned":[3,5,8,14,19,21,28,30],"killed_by":"Automaton","ascension_level":16}}