{"host":"9be782jbh3sa3sl1","time":1613662959,"event":{"mods":["AchievementEnabler","BaseMod","BetterRewards","Hubris","Minty Spire (QoL Compilation)","Robot Space Explorer","Shop Mod","StSLib","The Hierophant","The Marked","The Poker Player"],"gold_per_floor":[369,544,544,544,544,573,81,81,81,99,113,113,125,142,142,242,242,254,254,68,268,285,319,337,337,385,385,385,419,419,439,439,542,542,554,564,564,76,86,86,25,38,38,38,38,61,92,103,103,103,103,103,23,56,56,56,56],"floor_reached":55,"language":"ENG","playtime":4529,"items_purged":["PokerPlayerMod:Diamond1","PokerPlayerMod:Fold+1"],"score":733,"play_id":"b32ce551-94dc-4ae0-8e76-b9b2276e8844","local_time":"20210218104239","is_ascension_mode":false,"metric_token":722,"campfire_choices":[{"data":"PokerPlayerMod:Harden","floor":8,"key":"SMITH"},{"data":"PokerPlayerMod:Club4","floor":15,"key":"SMITH"},{"data":"PokerPlayerMod:Spade6","floor":25,"key":"SMITH"},{"floor":27,"key":"RECALL"},{"data":"PokerPlayerMod:TheDieIsCast","floor":30,"key":"SMITH"},{"data":"PokerPlayerMod:JackOfSpades","floor":32,"key":"SMITH"},{"data":"PokerPlayerMod:Heart6","floor":40,"key":"SMITH"},{"data":"PokerPlayerMod:Club5","floor":44,"key":"SMITH"},{"data":"PokerPlayerMod:Club6","floor":49,"key":"SMITH"},{"data":"PokerPlayerMod:Sharpen","floor":52,"key":"SMITH"}],"circlet_count":0,"master_deck":["PokerPlayerMod:Diamond2","PokerPlayerMod:Diamond3","PokerPlayerMod:Diamond4","PokerPlayerMod:Diamond5","PokerPlayerMod:Spade2","PokerPlayerMod:Spade3","PokerPlayerMod:Spade4","PokerPlayerMod:Club1","PokerPlayerMod:Club2","PokerPlayerMod:Heart2","PokerPlayerMod:TrumpStrike","PokerPlayerMod:BadJoker+1","PokerPlayerMod:Mulligan","PokerPlayerMod:Club7","PokerPlayerMod:Club7","PokerPlayerMod:Diamond10+","PokerPlayerMod:Harden+1","PokerPlayerMod:Heart4","PokerPlayerMod:Club7","PokerPlayerMod:TheDieIsCast+1","PokerPlayerMod:Heart9","PokerPlayerMod:Spade7","PokerPlayerMod:Diamond8","PokerPlayerMod:JackOfSpades+1","PokerPlayerMod:GamblerForm","PokerPlayerMod:Heart7","PokerPlayerMod:Sharpen+1","PokerPlayerMod:Club9","PokerPlayerMod:Diamond8","PokerPlayerMod:Sharpen","PokerPlayerMod:Configure+1","PokerPlayerMod:SecondChance+1"],"relics":["PokerPlayerMod:DeckCase","hubris:Icosahedron","DollysMirror","hubris:EvacipatedBox","The Courier","hubris:Spice","Lee\u0027s Waffle","hubris:CuriousFeather","SlaversCollar","Pantograph","Eternal Feather","Busted Crown","Question Card","Bottled Lightning","War Paint"],"acts_visited":["Exordium","TheCity","TheBeyond","TheEnding"],"potions_floor_usage":[16,18,18,24,31,35,39,42,50,55],"damage_taken":[{"damage":0,"enemies":"2 Louse","floor":1,"turns":2},{"damage":7,"enemies":"3 Sentries","floor":6,"turns":4},{"damage":0,"enemies":"Small Slimes","floor":10,"turns":2},{"damage":0,"enemies":"Jaw Worm","floor":11,"turns":1},{"damage":0,"enemies":"Gremlin Gang","floor":13,"turns":1},{"damage":4,"enemies":"2 Fungi Beasts","floor":14,"turns":2},{"damage":30,"enemies":"Hexaghost","floor":16,"turns":7},{"damage":0,"enemies":"2 Thieves","floor":18,"turns":2},{"damage":0,"enemies":"Chosen","floor":22,"turns":3},{"damage":27,"enemies":"Slavers","floor":23,"turns":4},{"damage":0,"enemies":"Centurion and Healer","floor":24,"turns":4},{"damage":12,"enemies":"Book of Stabbing","floor":29,"turns":5},{"damage":8,"enemies":"Snecko","floor":31,"turns":4},{"damage":40,"enemies":"Champ","floor":33,"turns":9},{"damage":0,"enemies":"3 Shapes","floor":35,"turns":1},{"damage":26,"enemies":"3 Darklings","floor":36,"turns":4},{"damage":7,"enemies":"Maw","floor":39,"turns":7},{"damage":10,"enemies":"Jaw Worm Horde","floor":42,"turns":4},{"damage":34,"enemies":"Giant Head","floor":47,"turns":9},{"damage":0,"enemies":"Sphere and 2 Shapes","floor":48,"turns":3},{"damage":36,"enemies":"Donu and Deca","floor":50,"turns":6},{"damage":81,"enemies":"Shield and Spear","floor":54,"turns":5},{"damage":117,"enemies":"The Heart","floor":55,"turns":6}],"seed_played":"-2476252059349824077","potions_obtained":[{"floor":13,"key":"EssenceOfSteel"},{"floor":14,"key":"LiquidBronze"},{"floor":16,"key":"SteroidPotion"},{"floor":23,"key":"Energy Potion"},{"floor":24,"key":"Explosive Potion"},{"floor":29,"key":"LiquidMemories"},{"floor":33,"key":"PowerPotion"},{"floor":35,"key":"LiquidMemories"},{"floor":47,"key":"Energy Potion"},{"floor":54,"key":"LiquidMemories"}],"is_trial":false,"path_per_floor":["M","?","?","?","$","E","$","R","T","M","M","$","M","M","R","B",null,"M","?","$","?","M","E","M","R","T","R","?","E","R","M","R","B",null,"M","M","?","$","M","R","$","M","T","R","?","T","E","M","R","B",null,"R","$","E","B"],"character_chosen":"THE_POKER_PLAYER","items_purchased":["DollysMirror","hubris:EvacipatedBox","PokerPlayerMod:Diamond10+","hubris:Spice","Lee\u0027s Waffle","PokerPlayerMod:Harden","PokerPlayerMod:Heart9","PokerPlayerMod:Spade6","PokerPlayerMod:Club9","Question Card","PokerPlayerMod:Diamond8","PokerPlayerMod:Sharpen"],"campfire_rested":0,"item_purchase_floors":[5,5,7,7,7,7,20,20,38,38,38,41],"current_hp_per_floor":[40,40,40,40,11,7,67,67,67,67,67,67,67,66,66,39,67,67,67,67,67,67,66,67,67,67,67,67,59,67,59,67,27,67,67,54,54,54,67,67,67,62,62,67,67,75,58,75,75,59,75,75,75,24,0,0,0],"gold":56,"neow_bonus":"TWO_FIFTY_GOLD","is_daily":false,"chose_seed":false,"campfire_upgraded":9,"win_rate":0.0,"timestamp":1613662959,"path_taken":["M","?","?","?","?","E","$","R","T","M","M","$","M","M","R","BOSS","M","?","$","?","?","E","M","R","T","R","?","E","R","?","R","BOSS","M","?","?","$","M","R","$","M","T","R","?","?","E","M","R","BOSS","R","$","E","BOSS"],"items_purchased_type":["Relic","Relic","Undefined","Relic","Relic","Card","Card","Card","Card","Relic","Card","Card"],"build_version":"2020-12-22","purchased_purges":2,"victory":false,"max_hp_per_floor":[52,52,52,52,52,52,67,67,67,67,67,67,67,67,67,67,67,67,67,67,67,67,67,67,67,67,67,67,67,67,67,67,67,67,67,67,67,67,67,67,67,67,67,67,67,75,75,75,75,75,75,75,75,75,75,75,75],"card_choices":[{"not_picked":["PokerPlayerMod:SpadeStrike","PokerPlayerMod:HiddenCard"],"picked":"PokerPlayerMod:Club7","floor":1},{"not_picked":["PokerPlayerMod:Spade3","PokerPlayerMod:SpadeStrike","PokerPlayerMod:DartThrow"],"picked":"SKIP","floor":6},{"not_picked":["PokerPlayerMod:Diamond2","PokerPlayerMod:CardBurn"],"picked":"PokerPlayerMod:Heart4","floor":10},{"not_picked":["PokerPlayerMod:CardBurn","PokerPlayerMod:RiskyBet"],"picked":"PokerPlayerMod:Fold","floor":11},{"not_picked":["PokerPlayerMod:CardBurn","PokerPlayerMod:MagicTrick","PokerPlayerMod:ClubsClub"],"picked":"SKIP","floor":13},{"not_picked":["PokerPlayerMod:Diamond3","PokerPlayerMod:Heart4"],"picked":"PokerPlayerMod:Club4","floor":14},{"not_picked":["PokerPlayerMod:Spade7","PokerPlayerMod:WasteCollection"],"picked":"PokerPlayerMod:TheDieIsCast","floor":16},{"not_picked":["PokerPlayerMod:Heart1","PokerPlayerMod:Diamond2","PokerPlayerMod:DartThrow"],"picked":"SKIP","floor":18},{"not_picked":["PokerPlayerMod:Diamond2","PokerPlayerMod:MagicTrick","PokerPlayerMod:Fold"],"picked":"SKIP","floor":22},{"not_picked":["PokerPlayerMod:Club3","PokerPlayerMod:Spade4","PokerPlayerMod:MagicTrick"],"picked":"SKIP","floor":23},{"not_picked":["PokerPlayerMod:DiamondStrike","PokerPlayerMod:Spade4"],"picked":"PokerPlayerMod:Diamond8","floor":24},{"not_picked":["PokerPlayerMod:CardPrinter","PokerPlayerMod:Spade3","PokerPlayerMod:Heart2"],"picked":"SKIP","floor":29},{"not_picked":["PokerPlayerMod:Spade5","PokerPlayerMod:FlyingCard","PokerPlayerMod:Spade4"],"picked":"SKIP","floor":31},{"not_picked":["PokerPlayerMod:RoyalStrike","PokerPlayerMod:Diamond8"],"picked":"PokerPlayerMod:GamblerForm","floor":33},{"not_picked":["PokerPlayerMod:Club3"],"picked":"SKIP","floor":35},{"not_picked":[],"picked":"PokerPlayerMod:Heart6","floor":36},{"not_picked":["PokerPlayerMod:CloakAndDiamond","PokerPlayerMod:MagicTrick"],"picked":"SKIP","floor":39},{"not_picked":["PokerPlayerMod:ClubsClub"],"picked":"PokerPlayerMod:Configure+1","floor":42},{"not_picked":["hubris:SpiceAddiction","PokerPlayerMod:HotShotCut+1"],"picked":"SKIP","floor":47},{"not_picked":["PokerPlayerMod:Diamond4","PokerPlayerMod:Fold"],"picked":"SKIP","floor":48},{"not_picked":["PokerPlayerMod:Diamond1"],"picked":"PokerPlayerMod:SecondChance+1","floor":54}],"player_experience":363819,"relics_obtained":[{"floor":6,"key":"The Courier"},{"floor":9,"key":"hubris:CuriousFeather"},{"floor":23,"key":"Pantograph"},{"floor":29,"key":"Eternal Feather"},{"floor":43,"key":"Bottled Lightning"},{"floor":46,"key":"hubris:Spice"},{"floor":47,"key":"War Paint"}],"event_choices":[{"damage_healed":0,"gold_gain":175,"player_choice":"AGREE","damage_taken":0,"max_hp_gain":0,"max_hp_loss":0,"event_name":"Liars Game","floor":2,"gold_loss":0,"cards_obtained":["Doubt"]},{"cards_removed":["Doubt"],"damage_healed":0,"gold_gain":0,"player_choice":"Forget","damage_taken":0,"max_hp_gain":0,"max_hp_loss":0,"event_name":"Living Wall","floor":3,"gold_loss":0},{"damage_healed":0,"gold_gain":0,"player_choice":"Ignored","damage_taken":0,"max_hp_gain":0,"max_hp_loss":0,"event_name":"NoteForYourself","floor":19,"gold_loss":0},{"damage_healed":0,"gold_gain":200,"player_choice":"Gold","damage_taken":0,"max_hp_gain":0,"max_hp_loss":0,"event_name":"Wheel of Change","floor":21,"gold_loss":0},{"damage_healed":0,"gold_gain":0,"cards_transformed":["PokerPlayerMod:Spade1"],"player_choice":"Transformed","damage_taken":0,"max_hp_gain":0,"max_hp_loss":0,"event_name":"Transmorgrifier","floor":28,"gold_loss":0,"cards_obtained":["PokerPlayerMod:JackOfSpades"]}],"is_beta":false,"boss_relics":[{"not_picked":["Tiny House","hubris:Spice","hubris:Spice"],"picked":"SlaversCollar"},{"not_picked":["Runic Dome","hubris:BlackHole","hubris:TerracottaHorce"],"picked":"Busted Crown"}],"items_purged_floors":[38,53],"is_endless":false,"potions_floor_spawned":[13,14,16,23,24,29,33,35,47,54],"killed_by":"The Heart","ascension_level":0}}