{"host":"2c84cb4cp1emursg","time":1613635996,"event":{"mods":["Act Like it!","BaseMod","Better Third Choice","Bossed Relics","Hermit","Mimic Mod","Minty Spire (QoL Compilation)","Permanent Neow","StSLib"],"gold_per_floor":[109,128,143,156,5,31,31,66,90,100,118,118,118,118],"floor_reached":13,"language":"ENG","playtime":600,"items_purged":[],"score":134,"play_id":"a2eb608b-47b6-4db4-bd9e-08be3468145f","local_time":"20210218011316","is_ascension_mode":true,"campfire_choices":[{"data":"hermit:Combo","floor":7,"key":"SMITH"},{"data":"hermit:Maintenance","floor":12,"key":"SMITH"}],"circlet_count":0,"master_deck":["hermit:Strike_Hermit+1","hermit:Strike_Hermit","hermit:Strike_Hermit","hermit:Strike_Hermit","hermit:Defend_Hermit","hermit:Defend_Hermit","hermit:Defend_Hermit+1","hermit:Defend_Hermit+1","hermit:Snapshot+1","hermit:Covet","hermit:ItchyTrigger","hermit:Combo+1","hermit:Quickdraw","hermit:Snapshot+1","hermit:LuckOfTheDraw","hermit:Glare","hermit:Snipe","hermit:Maintenance+1"],"relics":["hermit:Momento","Whetstone","DollysMirror","Juzu Bracelet","War Paint"],"acts_visited":["Exordium"],"potions_floor_usage":[8,8,10,13],"damage_taken":[{"damage":0,"enemies":"Cultist","floor":1,"turns":3},{"damage":0,"enemies":"2 Louse","floor":2,"turns":2},{"damage":7,"enemies":"Jaw Worm","floor":3,"turns":2},{"damage":0,"enemies":"Blue Slaver","floor":4,"turns":2},{"damage":22,"enemies":"3 Sentries","floor":6,"turns":5},{"damage":0,"enemies":"Lagavulin","floor":8,"turns":3},{"damage":5,"enemies":"3 Louse","floor":10,"turns":2},{"damage":19,"enemies":"Exordium Wildlife","floor":11,"turns":3},{"damage":24,"enemies":"3 Sentries","floor":13,"turns":4}],"seed_played":"-1202360338824056286","potions_obtained":[{"floor":2,"key":"LiquidMemories"},{"floor":3,"key":"FearPotion"},{"floor":6,"key":"Strength Potion"},{"floor":11,"key":"Dexterity Potion"}],"is_trial":false,"path_per_floor":["M","M","M","M","$","E","R","E","T","M","M","R","E"],"character_chosen":"HERMIT","items_purchased":["DollysMirror"],"campfire_rested":0,"item_purchase_floors":[5],"current_hp_per_floor":[75,75,68,68,68,46,46,46,46,41,22,22,0,0],"gold":118,"neow_bonus":"RANDOM_COMMON_RELIC","is_daily":false,"chose_seed":false,"campfire_upgraded":2,"win_rate":0.0,"timestamp":1613635996,"path_taken":["M","M","M","M","?","E","R","E","T","M","M","R","E"],"items_purchased_type":["Relic"],"build_version":"2020-12-22","purchased_purges":0,"victory":false,"max_hp_per_floor":[75,75,75,75,75,75,75,75,75,75,75,75,75,75],"card_choices":[{"not_picked":["hermit:Coalescence","hermit:BigShot"],"picked":"hermit:ItchyTrigger","floor":1},{"not_picked":["hermit:Glare","hermit:Quickdraw"],"picked":"hermit:Combo","floor":2},{"not_picked":["hermit:Malice","hermit:DeadOrAlive"],"picked":"hermit:Quickdraw","floor":3},{"not_picked":["hermit:Roulette","hermit:BodyArmor","hermit:CalledShot"],"picked":"SKIP","floor":4},{"not_picked":["hermit:Misfire","hermit:Spite"],"picked":"hermit:LuckOfTheDraw","floor":6},{"not_picked":["hermit:Ricochet","hermit:Quickdraw"],"picked":"hermit:Glare","floor":8},{"not_picked":["hermit:BodyArmor","hermit:EternalForm"],"picked":"hermit:Snipe","floor":10},{"not_picked":["hermit:Glare","hermit:TrackingShot"],"picked":"hermit:Maintenance","floor":11}],"player_experience":534302,"relics_obtained":[{"floor":6,"key":"Juzu Bracelet"},{"floor":8,"key":"War Paint"}],"event_choices":[],"is_beta":false,"boss_relics":[],"items_purged_floors":[],"is_endless":false,"potions_floor_spawned":[2,3,6,11],"killed_by":"3 Sentries","ascension_level":2}}