{"host":"ormi09wwzv7sq47a","time":1613616881,"event":{"mods":["2.2 Compatiblity","AchievementEnabler","Act Like it!","BaseMod","Bestiary","Better Altar","Better Note","Better Sensory Stone","Better Silent Start","Better Skull","Better Third Choice","Better Vampires","BetterRewards","Block Reminder","Card Forge","Colored Map","Colored Powertips","Curses Come First","DeckTracker","Downfall","Highlight Path","Minty Spire (QoL Compilation)","Permanent Neow","Quick Restart","Rare Cards Sparkle","Relic Stats","Shop Mod","StSLib","The Jungle"],"gold_per_floor":[112,123,142,142,142,142,142,171,197,197,215,215,232,243,243,243,243],"floor_reached":16,"language":"ENG","playtime":482,"items_purged":["Strike_B"],"score":199,"play_id":"74ba5ec9-6701-4618-8ed2-fba91e24210d","local_time":"20210218005441","is_ascension_mode":true,"campfire_choices":[{"floor":6.0,"key":"REST"},{"data":"Sunder","floor":7.0,"key":"SMITH"},{"data":"Dramatic Entrance","floor":10.0,"key":"SMITH"},{"data":"Zap","floor":12.0,"key":"SMITH"},{"data":"Beam Cell","floor":15.0,"key":"SMITH"}],"circlet_count":0,"master_deck":["AscendersBane","Strike_B","Strike_B","Strike_B","Defend_B","Defend_B","Defend_B","Defend_B","Zap+1","Dualcast","Sunder+1","Doom and Gloom","Dramatic Entrance+1","Gash","Go for the Eyes+1","Gash+1","Gash","Beam Cell+1","Glacier","Conserve Battery"],"relics":["Cracked Core","Hammer of Thor","Seething Fire","Anvil of the Gods","WingedGreaves","Oddly Smooth Stone","ClockworkSouvenir","Art of War","Bag of Preparation","Whetstone"],"acts_visited":["Exordium"],"potions_floor_usage":[16],"damage_taken":[{"damage":7.0,"enemies":"2 Louse","floor":1.0,"turns":2.0},{"damage":0.0,"enemies":"Jaw Worm","floor":2.0,"turns":3.0},{"damage":0.0,"enemies":"Small Slimes","floor":3.0,"turns":2.0},{"damage":17.0,"enemies":"Lagavulin","floor":8.0,"turns":5.0},{"damage":0.0,"enemies":"3 Louse","floor":11.0,"turns":1.0},{"damage":0.0,"enemies":"Large Slime","floor":13.0,"turns":3.0},{"damage":0.0,"enemies":"Looter","floor":14.0,"turns":1.0},{"damage":29,"enemies":"Hexaghost","floor":16,"turns":9}],"seed_played":"-4470410696554311137","potions_obtained":[{"floor":3.0,"key":"DistilledChaos"},{"floor":11.0,"key":"PotionOfCapacity"},{"floor":13.0,"key":"SteroidPotion"}],"is_trial":false,"path_per_floor":["M","M","M","?","?","R","R","E","T","R","M","R","M","M","R","B"],"character_chosen":"DEFECT","items_purchased":["Sunder","Oddly Smooth Stone","ClockworkSouvenir","Doom and Gloom","Dramatic Entrance"],"campfire_rested":1,"item_purchase_floors":[0,0,0,0,0],"current_hp_per_floor":[25,25,25,20,20,41,41,24,24,24,24,24,24,24,24,0,0],"gold":243,"neow_bonus":"","is_daily":false,"chose_seed":false,"campfire_upgraded":4,"win_rate":0.0,"timestamp":1613616881,"path_taken":["M","M","M","?","?","R","R","E","T","R","M","R","M","M","R","BOSS"],"items_purchased_type":["Card","Relic","Relic","Card","Card"],"build_version":"2020-12-22","purchased_purges":1,"victory":false,"max_hp_per_floor":[71,71,71,71,71,71,71,71,71,71,71,71,71,71,71,71,71],"relic_stats":{"counters":[98,429],"Art of War":[1],"Bag of Preparation":[8],"Whetstone":["Go for the Eyes","Gash"],"obtain_stats":[{"Gremlin Horn":8,"CeramicFish":23,"Vajra":27,"Hammer of Thor":0,"Runic Capacitor":0,"Whetstone":9,"Old Coin":24,"FrozenCore":17,"Blood Vial":17,"Centennial Puzzle":36,"HornCleat":9,"Sundial":42,"Strawberry":9,"MealTicket":2,"Philosopher\u0027s Stone":34,"Necronomicon":29,"Girya":40,"MerchantsRug":0,"Pear":17,"Blue Candle":38,"Oddly Smooth Stone":36,"Eternal Feather":26,"Letter Opener":25,"Cables":54,"Anvil of the Gods":0,"Shuriken":43,"Bronze Scales":26,"Nloth\u0027s Gift":21,"Symbiotic Virus":36,"Unceasing Top":0,"Meat on the Bone":17,"Darkstone Periapt":45,"Lantern":13,"Regal Pillow":19,"SacredBark":34,"Incense Burner":0,"Bag of Preparation":7,"Smiling Mask":25,"Cursed Key":34,"ClockworkSouvenir":48,"SsserpentHead":2,"Shovel":17,"TheAbacus":0,"Mummified Hand":48,"Slimebound:StickyStick":9,"Gambling Chip":0,"Pantograph":17,"WingedGreaves":0,"Cracked Core":0,"InkBottle":9,"Lee\u0027s Waffle":0,"hexamod:Sixitude":0,"Thread and Needle":0,"Omamori":23,"Seething Fire":0,"Frozen Egg 2":0,"Orichalcum":17,"Medical Kit":38,"Calling Bell":17,"Peace Pipe":0,"Anchor":27,"CaptainsWheel":0,"Turnip":17,"Art of War":4,"Membership Card":0,"Bottled Lightning":40,"hexamod:BolsterEngine":49,"Toy Ornithopter":31},{"Gremlin Horn":35,"CeramicFish":80,"Vajra":45,"Hammer of Thor":0,"Runic Capacitor":0,"Whetstone":94,"Old Coin":44,"FrozenCore":77,"Blood Vial":8,"Centennial Puzzle":86,"HornCleat":73,"Sundial":21,"Strawberry":5,"MealTicket":1,"Philosopher\u0027s Stone":17,"Necronomicon":82,"Girya":20,"MerchantsRug":30,"Pear":66,"Blue Candle":50,"Oddly Smooth Stone":18,"Eternal Feather":13,"Letter Opener":44,"Cables":24,"Anvil of the Gods":0,"Shuriken":53,"Bronze Scales":44,"Nloth\u0027s Gift":11,"Symbiotic Virus":18,"Unceasing Top":30,"Meat on the Bone":40,"Darkstone Periapt":54,"Lantern":6,"Regal Pillow":78,"SacredBark":48,"Incense Burner":0,"Bag of Preparation":34,"Smiling Mask":13,"Cursed Key":85,"ClockworkSouvenir":22,"SsserpentHead":26,"Shovel":40,"TheAbacus":71,"Mummified Hand":22,"Slimebound:StickyStick":62,"Gambling Chip":0,"Pantograph":8,"WingedGreaves":90,"Cracked Core":0,"InkBottle":35,"Lee\u0027s Waffle":30,"hexamod:Sixitude":57,"Thread and Needle":71,"Omamori":43,"Seething Fire":0,"Frozen Egg 2":25,"Orichalcum":66,"Medical Kit":18,"Calling Bell":8,"Peace Pipe":25,"Anchor":14,"CaptainsWheel":30,"Turnip":8,"Art of War":93,"Membership Card":0,"Bottled Lightning":51,"hexamod:BolsterEngine":56,"Toy Ornithopter":16},{"Gremlin Horn":180,"CeramicFish":356,"Vajra":221,"Hammer of Thor":0,"Runic Capacitor":0,"Whetstone":415,"Old Coin":217,"FrozenCore":345,"Blood Vial":26,"Centennial Puzzle":387,"HornCleat":329,"Sundial":106,"Strawberry":12,"MealTicket":3,"Philosopher\u0027s Stone":78,"Necronomicon":366,"Girya":97,"MerchantsRug":166,"Pear":298,"Blue Candle":242,"Oddly Smooth Stone":82,"Eternal Feather":51,"Letter Opener":217,"Cables":135,"Anvil of the Gods":0,"Shuriken":253,"Bronze Scales":217,"Nloth\u0027s Gift":38,"Symbiotic Virus":82,"Unceasing Top":166,"Meat on the Bone":200,"Darkstone Periapt":256,"Lantern":18,"Regal Pillow":349,"SacredBark":238,"Incense Burner":0,"Bag of Preparation":176,"Smiling Mask":51,"Cursed Key":384,"ClockworkSouvenir":113,"SsserpentHead":148,"Shovel":200,"TheAbacus":324,"Mummified Hand":113,"Slimebound:StickyStick":286,"Gambling Chip":0,"Pantograph":26,"WingedGreaves":403,"Cracked Core":0,"InkBottle":180,"Lee\u0027s Waffle":166,"hexamod:Sixitude":271,"Thread and Needle":324,"Omamori":211,"Seething Fire":0,"Frozen Egg 2":145,"Orichalcum":298,"Medical Kit":82,"Calling Bell":26,"Peace Pipe":145,"Anchor":57,"CaptainsWheel":166,"Turnip":26,"Art of War":410,"Membership Card":0,"Bottled Lightning":247,"hexamod:BolsterEngine":260,"Toy Ornithopter":68}]},"card_choices":[{"not_picked":["FTL","Leap"],"picked":"Gash","floor":1.0},{"not_picked":["Ball Lightning","Rebound"],"picked":"Go for the Eyes","floor":2.0},{"not_picked":["Beam Cell","Redo"],"picked":"Gash","floor":3.0},{"not_picked":["Steam","All For One"],"picked":"Gash","floor":8.0},{"not_picked":["Barrage","Leap"],"picked":"Beam Cell","floor":11.0},{"not_picked":["Rebound","Streamline"],"picked":"Glacier","floor":13.0},{"not_picked":["Doom and Gloom","Fusion"],"picked":"Conserve Battery","floor":14.0}],"player_experience":1106997,"relics_obtained":[{"floor":8.0,"key":"Bag of Preparation"},{"floor":9.0,"key":"Whetstone"}],"event_choices":[{"damage_healed":0.0,"max_hp_gain":0.0,"max_hp_loss":0.0,"gold_gain":0.0,"event_name":"betterThird:BetterScrap","player_choice":"Relic ","floor":4.0,"gold_loss":0.0,"damage_taken":5.0,"cards_obtained":["Collect"]},{"damage_healed":20.0,"max_hp_gain":0.0,"max_hp_loss":71.0,"gold_gain":0.0,"event_name":"betterThird:BetterShining","player_choice":"Leave","floor":5.0,"gold_loss":0.0,"damage_taken":0.0}],"is_beta":false,"boss_relics":[],"items_purged_floors":[0],"is_endless":false,"potions_floor_spawned":[3,11,13],"killed_by":"Hexaghost","ascension_level":19}}