{"host":"y6zg4wwu39otf01a","time":1613685890,"event":{"mods":["Act Like it!","Aspiration","BaseMod","Better Altar","Better Match","Better Note","Better Sensory Stone","Better Skull","Better Third Choice","Challenge The Spire","Colored Map","Colored Powertips","Conspire","GifTheSpireLib","Glutton Mod","Halation","Hermit","Highlight Path","Hubris","Infinite Spire","Mimic Mod","Minty Spire (QoL Compilation)","Quick Restart","Random Character Button","Rare Cards Sparkle","Reliquary","Replay The Spire","Retaliation","Ruina","Spicy Shops","StSLib","Stuff the Spire","The Blue Laboratory","The Construct","The Jungle"],"gold_per_floor":[112,112,123,142,157,185,200,200,200,200,227,247,247,247,247,352,352,362,362,362,381,37,65,65,76,111,111,111,111,128,141,141,141,141],"floor_reached":33,"language":"ENG","playtime":5803,"items_purged":[],"score":388,"play_id":"97b674be-39c3-403f-98bb-df2f396eff06","local_time":"20210218160450","daily_mods":["Draft","Red Cards"],"is_ascension_mode":true,"campfire_choices":[{"data":"Life Link","floor":8,"key":"SMITH"},{"data":"hermit:Quickdraw","floor":10,"key":"SMITH"},{"data":"hubris:ReadiedAction","floor":13,"key":"SMITH"},{"data":"Flex","floor":15,"key":"SMITH"},{"floor":24,"key":"REST"},{"data":"conspire:Charge","floor":28,"key":"SMITH"},{"floor":32,"key":"REST"}],"circlet_count":0,"master_deck":["hermit:Quickdraw+1","hermit:Ricochet","Flex+1","construct:OneWayMirror","construct:LaserCore","StuffTheSpire:Slingshot","construct:Disrupt","conspire:Charge+1","Sword Boomerang","construct:Reinforce","construct:FocusedBeam","Rage","hermit:SprayPray","infinitespire:OneForAll","hermit:BodyArmor","Flex+1","construct:FierceBash","Iron Wave","construct:QuickAttack","Life Link+1","Violence","Brutality","Thunderclap+1","ruina:BlindRage","Headbutt+1","Clash","conspire:Purge","BowlingBash"],"relics":["PureWater","aspiration:Nostalgia","Glutton:Lollipop","halation:Komachan","DDmod:BarbedSlagRelic","aspiration:ChemicalBlood","infinitespire:Chaos","Replay:M_SmolderingBlood","Strawberry","reliquary:GummyVitamins","hubris:Towel"],"acts_visited":["Exordium","Exordium"],"potions_floor_usage":[6,11,16,23,23,30,30,31,33,33],"damage_taken":[{"damage":0,"enemies":"Cultist","floor":1,"turns":2},{"damage":0,"enemies":"2 Louse","floor":3,"turns":2},{"damage":0,"enemies":"Jaw Worm","floor":4,"turns":2},{"damage":0,"enemies":"Large Slime","floor":5,"turns":3},{"damage":0,"enemies":"Gremlin Nob","floor":6,"turns":3},{"damage":3,"enemies":"Exordium Thugs","floor":7,"turns":3},{"damage":0,"enemies":"Lagavulin","floor":11,"turns":1},{"damage":1,"enemies":"Blue Slaver","floor":12,"turns":2},{"damage":11,"enemies":"The Guardian","floor":16,"turns":5},{"damage":13,"enemies":"ruina:2_Scarecrows","floor":18,"turns":4},{"damage":18,"enemies":"ruina:3_Bats","floor":21,"turns":2},{"damage":46,"enemies":"ruina:Mountain","floor":23,"turns":6},{"damage":15,"enemies":"ruina:3_Scarecrows","floor":25,"turns":3},{"damage":6,"enemies":"ruina:KingOfGreed","floor":26,"turns":3},{"damage":10,"enemies":"ruina:KingOfGreed","floor":30,"turns":3},{"damage":8,"enemies":"ruina:Nos_and_Bat","floor":31,"turns":4},{"damage":34,"enemies":"ruina:JesterOfNihil","floor":33,"turns":5}],"seed_played":"5525773117423490111","potions_obtained":[{"floor":1,"key":"CultistPotion"},{"floor":4,"key":"Weak Potion"},{"floor":7,"key":"infinitespire:BlackPotion"},{"floor":11,"key":"blueLaboratory:HummingbirdPotion"},{"floor":16,"key":"Venom Potion"},{"floor":21,"key":"blueLaboratory:HummingbirdPotion"},{"floor":30,"key":"Block Potion"},{"floor":31,"key":"Energy Potion"}],"is_trial":true,"path_per_floor":["M","$","M","M","M","E","M","R","T","R","E","M","R","?","R","B",null,"M","?","?","M","$","E","R","M","MIM","?","R","?","M","M","R","B"],"character_chosen":"THE_CONSTRUCT_MOD","items_purchased":["ruina:BlindRage","infinitespire:Chaos"],"campfire_rested":2,"item_purchase_floors":[22,22],"current_hp_per_floor":[85,85,85,85,85,85,82,82,82,82,82,81,81,81,81,70,85,72,72,72,54,54,15,42,27,21,21,21,21,11,3,30,0,0],"gold":141,"neow_bonus":"","is_daily":false,"chose_seed":false,"campfire_upgraded":5,"win_rate":0.0,"timestamp":1613685890,"path_taken":["M","$","M","?","?","E","M","R","T","R","E","M","R","?","R","BOSS","M","?","?","?","$","E","R","M","MIM","?","R","?","M","M","R","BOSS"],"items_purchased_type":["Card","Relic"],"build_version":"2020-12-22","purchased_purges":0,"victory":false,"max_hp_per_floor":[85,85,85,85,85,85,85,85,85,85,85,85,85,85,85,85,85,85,85,85,85,85,92,92,92,92,92,92,92,92,92,92,92,92],"card_choices":[{"not_picked":["Rampage","construct:Accumulate"],"picked":"hermit:Quickdraw","floor":0},{"not_picked":["hermit:LuckOfTheDraw","hermit:CalledShot"],"picked":"hermit:Ricochet","floor":0},{"not_picked":["DDmod:CallousedSkill","construct:Forcefield"],"picked":"Flex","floor":0},{"not_picked":["DDmod:SpikedSkill","construct:VentSteam"],"picked":"construct:OneWayMirror","floor":0},{"not_picked":["construct:Construct_Overclock","Warcry"],"picked":"construct:LaserCore","floor":0},{"not_picked":["Warcry","construct:ModeShift"],"picked":"StuffTheSpire:Slingshot","floor":0},{"not_picked":["Combust","Wild Strike"],"picked":"construct:Disrupt","floor":0},{"not_picked":["Run Through","Sword Boomerang"],"picked":"conspire:Charge","floor":0},{"not_picked":["True Grit","StuffTheSpire:RagingBull"],"picked":"Sword Boomerang","floor":0},{"not_picked":["hermit:Feint","hermit:Vantage"],"picked":"construct:Reinforce","floor":0},{"not_picked":["Run Through","StuffTheSpire:RockThrow"],"picked":"construct:FocusedBeam","floor":0},{"not_picked":["Armaments","DDmod:PokeAttack"],"picked":"Rage","floor":0},{"not_picked":["hermit:Cheat","Defy Death"],"picked":"hubris:ReadiedAction","floor":0},{"not_picked":["Shrug It Off","construct:SweepLaser"],"picked":"hermit:SprayPray","floor":0},{"not_picked":["construct:Boost","Iron Wave"],"picked":"infinitespire:OneForAll","floor":0},{"not_picked":["Pommel Strike","Wild Strike"],"picked":"hermit:BodyArmor","floor":1},{"not_picked":["hermit:WideOpen","construct:ShiftStrike"],"picked":"Flex","floor":3},{"not_picked":["hermit:Coalescence","construct:ScrapCannon"],"picked":"construct:FierceBash","floor":4},{"not_picked":["DDmod:SpikeInjectionSkill","Combust"],"picked":"Iron Wave","floor":5},{"not_picked":["Ghostly Armor","hermit:TakeAim"],"picked":"construct:QuickAttack","floor":6},{"not_picked":["Clothesline","construct:Enhance"],"picked":"Life Link","floor":7},{"not_picked":["hermit:LuckOfTheDraw","hermit:Misfire","Rampage"],"picked":"SKIP","floor":11},{"not_picked":["Run Through","hermit:HighNoon","conspire:ExplosiveBarrier"],"picked":"SKIP","floor":12},{"not_picked":["Metamorphosis","Enlightenment"],"picked":"Violence","floor":14},{"not_picked":["construct:ClockworkEgg","hermit:Magnum"],"picked":"Brutality","floor":16},{"not_picked":["Run Through+1","DDmod:SpikedSkill"],"picked":"Thunderclap+1","floor":18},{"not_picked":["hermit:TakeAim","Second Wind","Impervious"],"picked":"SKIP","floor":21},{"not_picked":["Feel No Pain","conspire:ExplosiveBarrier+1"],"picked":"Headbutt+1","floor":23},{"not_picked":["StuffTheSpire:Resist","ReplayTheSpireMod:Strike From Hell","construct:HardReboot"],"picked":"SKIP","floor":25},{"not_picked":["hermit:Misfire","Whirlwind"],"picked":"Clash","floor":26},{"not_picked":["construct:Analyze","StuffTheSpire:Slingshot+1"],"picked":"conspire:Purge","floor":30},{"not_picked":["hubris:ReadiedAction","Thunderclap"],"picked":"BowlingBash","floor":31}],"player_experience":906742,"relics_obtained":[{"floor":6,"key":"reliquary:RoseTintedGlasses"},{"floor":9,"key":"Meat on the Bone"},{"floor":11,"key":"Counterbalance"},{"floor":23,"key":"Strawberry"},{"floor":26,"key":"reliquary:GummyVitamins"}],"event_choices":[{"damage_healed":0,"gold_gain":1,"player_choice":"1","damage_taken":0,"max_hp_gain":0,"max_hp_loss":0,"event_name":"betterStone:BetterStone","floor":14,"gold_loss":0}],"is_beta":false,"boss_relics":[{"not_picked":["SacredBark","aspiration:RunicSpoon"],"picked":"infinitespire:Cupcake"}],"items_purged_floors":[],"is_endless":false,"potions_floor_spawned":[1,4,7,11,16,21,30,31],"killed_by":"ruina:JesterOfNihil","ascension_level":4}}