{"host":"0ucmu30xnqs1j0i5","time":1613635922,"event":{"mods":["AchievementEnabler","Ascension Reborn","BaseMod","Colored Map","Colored Powertips","Minty Spire (QoL Compilation)","Quick Restart"],"gold_per_floor":[109,129,141,159,159,159,178,191,191,224,299,315,315,326,326,422,422,434,349,364,145,157,157,176,186,209,134,144,158,158,189,189,291,291,310,326,342,342,127,127,141,141,216,216,19,19,36,55,55,55],"floor_reached":51,"language":"ZHS","playtime":6073,"items_purged":["Strike_G+1","Strike_G+1","Concentrate"],"score":707,"play_id":"2d1d78c1-9b85-463f-ae55-de3d1efd5804","local_time":"20210218161202","daily_mods":["Heirloom"],"is_ascension_mode":true,"campfire_choices":[{"data":"Deadly Poison","floor":6.0,"key":"SMITH"},{"floor":15.0,"key":"REST"},{"floor":23.0,"key":"REST"},{"floor":30.0,"key":"REST"},{"floor":32.0,"key":"REST"},{"floor":40.0,"key":"REST"},{"floor":42.0,"key":"REST"},{"floor":46.0,"key":"REST"},{"floor":49.0,"key":"REST"}],"circlet_count":0,"master_deck":["Wraith Form v2+1","Echo Form+1","DevaForm+1","Strike_G+1","Strike_G+1","Defend_G+1","Defend_G+1","Defend_G+1","Defend_G+1","Defend_G+1","Survivor+1","Neutralize+1","Acrobatics","Deadly Poison+1","Prepared+1","Outmaneuver","Distraction","Tactician","Corpse Explosion","Acrobatics+1","Setup","Deadly Poison","Deflect+1","PiercingWail+1","Prepared","Well Laid Plans","Noxious Fumes","Tools of the Trade","CurseOfTheBell","Expertise","Dark Shackles","Blur","Expertise","Acrobatics","Backflip"],"relics":["Ring of the Snake","Mango","Question Card","Gremlin Horn","Snake Skull","Fusion Hammer","Pear","Juzu Bracelet","Red Mask","Calling Bell","War Paint","The Courier","Calipers","InkBottle"],"acts_visited":["Exordium","TheCity","TheBeyond"],"potions_floor_usage":[],"damage_taken":[{"damage":3.0,"enemies":"Small Slimes","floor":1.0,"turns":4.0},{"damage":2.0,"enemies":"Jaw Worm","floor":2.0,"turns":6.0},{"damage":3.0,"enemies":"2 Louse","floor":3.0,"turns":3.0},{"damage":3.0,"enemies":"Looter","floor":4.0,"turns":4.0},{"damage":11.0,"enemies":"Exordium Thugs","floor":7.0,"turns":6.0},{"damage":0.0,"enemies":"3 Louse","floor":8.0,"turns":5.0},{"damage":0.0,"enemies":"Lagavulin","floor":10.0,"turns":8.0},{"damage":1.0,"enemies":"Gremlin Gang","floor":12.0,"turns":8.0},{"damage":2.0,"enemies":"Looter","floor":14.0,"turns":4.0},{"damage":14.0,"enemies":"Hexaghost","floor":16.0,"turns":11.0},{"damage":6.0,"enemies":"2 Thieves","floor":18.0,"turns":4.0},{"damage":0.0,"enemies":"Chosen","floor":20.0,"turns":5.0},{"damage":35.0,"enemies":"3 Cultists","floor":22.0,"turns":5.0},{"damage":19.0,"enemies":"Centurion and Healer","floor":24.0,"turns":6.0},{"damage":7.0,"enemies":"Snecko","floor":25.0,"turns":6.0},{"damage":6.0,"enemies":"3 Cultists","floor":28.0,"turns":4.0},{"damage":13.0,"enemies":"Snake Plant","floor":29.0,"turns":5.0},{"damage":27.0,"enemies":"Masked Bandits","floor":31.0,"turns":4.0},{"damage":20.0,"enemies":"Champ","floor":33.0,"turns":12.0},{"damage":26.0,"enemies":"3 Darklings","floor":35.0,"turns":4.0},{"damage":7.0,"enemies":"Orb Walker","floor":36.0,"turns":6.0},{"damage":60.0,"enemies":"4 Shapes","floor":37.0,"turns":7.0},{"damage":29.0,"enemies":"Spire Growth","floor":41.0,"turns":7.0},{"damage":1.0,"enemies":"Maw","floor":47.0,"turns":7.0},{"damage":35.0,"enemies":"Jaw Worm Horde","floor":48.0,"turns":4.0},{"damage":30.0,"enemies":"Donu and Deca","floor":50.0,"turns":8.0}],"seed_played":"-9049975148259275161","potions_obtained":[{"floor":2.0,"key":"Swift Potion"},{"floor":4.0,"key":"CunningPotion"},{"floor":8.0,"key":"Swift Potion"},{"floor":10.0,"key":"LiquidMemories"},{"floor":14.0,"key":"ColorlessPotion"},{"floor":18.0,"key":"Fire Potion"},{"floor":25.0,"key":"Dexterity Potion"},{"floor":29.0,"key":"FairyPotion"},{"floor":36.0,"key":"Ancient Potion"},{"floor":37.0,"key":"Poison Potion"}],"is_trial":true,"path_per_floor":["M","M","M","M","?","R","M","M","T","E","?","M","?","M","R","B",null,"M","?","M","$","M","R","M","M","T","?","M","M","R","?","R","B",null,"M","M","M","?","$","R","M","R","T","?","$","R","M","M","R","B",null],"character_chosen":"THE_SILENT","items_purchased":["EntropicBrew","Deadly Poison","Dark Shackles","Blur","Expertise","Energy Potion"],"campfire_rested":8,"item_purchase_floors":[21,21,39,39,45,45],"current_hp_per_floor":[81,79,76,73,70,70,59,59,59,59,48,47,47,45,70,56,84,78,88,88,88,53,81,62,55,55,55,49,36,64,37,65,45,94,68,61,1,1,1,29,28,56,56,56,56,82,81,46,72,42],"gold":55,"neow_bonus":"","is_daily":false,"chose_seed":false,"campfire_upgraded":1,"win_rate":0.0,"timestamp":1613635922,"path_taken":["M","M","M","M","?","R","M","M","T","E","?","M","?","M","R","BOSS","M","?","M","$","M","R","M","M","T","?","M","M","R","?","R","BOSS","M","M","M","?","$","R","M","R","T","?","$","R","M","M","R","BOSS"],"items_purchased_type":["Potion","Card","Card","Card","Card","Potion"],"build_version":"2020-12-22","purchased_purges":3,"victory":true,"max_hp_per_floor":[84,84,84,84,84,84,84,84,84,84,84,84,84,84,84,84,84,84,94,94,94,94,94,94,94,94,94,94,94,94,94,94,94,94,94,94,94,94,94,94,94,94,94,89,89,89,89,89,89,89],"card_choices":[{"not_picked":["Slice","Tactician"],"picked":"Acrobatics","floor":1.0},{"not_picked":["Slice","Reflex"],"picked":"Deadly Poison","floor":2.0},{"not_picked":["PiercingWail","Accuracy"],"picked":"Prepared","floor":3.0},{"not_picked":["Dagger Spray","Underhanded Strike"],"picked":"Outmaneuver","floor":4.0},{"not_picked":["Underhanded Strike","Quick Slash","Skewer","Dagger Spray"],"picked":"SKIP","floor":7.0},{"not_picked":["Tactician","Acrobatics","Terror"],"picked":"Concentrate","floor":8.0},{"not_picked":["Glass Knife","Terror","Eviscerate","Choke"],"picked":"SKIP","floor":10.0},{"not_picked":["Underhanded Strike","Sucker Punch","Footwork"],"picked":"Distraction","floor":12.0},{"not_picked":["Dagger Spray","Bane","Dodge and Roll"],"picked":"Tactician","floor":14.0},{"not_picked":["Grand Finale","Die Die Die","Burst"],"picked":"Corpse Explosion","floor":16.0},{"not_picked":["Tactician","Concentrate","PiercingWail"],"picked":"Acrobatics+1","floor":18.0},{"not_picked":["Flechettes+1","Acrobatics+1","Sucker Punch"],"picked":"Setup","floor":20.0},{"not_picked":["Eviscerate","Flechettes","Dagger Throw","Finisher"],"picked":"SKIP","floor":22.0},{"not_picked":["Dodge and Roll","Dash","Dagger Spray"],"picked":"Deflect","floor":24.0},{"not_picked":["Deflect","All Out Attack","Dagger Throw"],"picked":"PiercingWail+1","floor":25.0},{"not_picked":["Phantasmal Killer","Dagger Throw","Outmaneuver"],"picked":"Prepared","floor":28.0},{"not_picked":["Outmaneuver+1","Acrobatics","Crippling Poison"],"picked":"Well Laid Plans","floor":29.0},{"not_picked":["PiercingWail","All Out Attack","Sucker Punch"],"picked":"Noxious Fumes","floor":31.0},{"not_picked":["Burst","Wraith Form v2","Venomology"],"picked":"Tools of the Trade","floor":33.0},{"not_picked":["Flying Knee","Dagger Throw+1","Dagger Spray+1","Poisoned Stab"],"picked":"SKIP","floor":35.0},{"not_picked":["Blade Dance+1","Cloak And Dagger+1","Masterful Stab","Dagger Throw"],"picked":"SKIP","floor":36.0},{"not_picked":["Footwork","Cloak And Dagger","Slice"],"picked":"Expertise","floor":37.0},{"not_picked":["All Out Attack","PiercingWail+1","Riddle With Holes+1","Dagger Throw+1"],"picked":"SKIP","floor":41.0},{"not_picked":["Well Laid Plans+1","Cloak And Dagger","Endless Agony"],"picked":"Acrobatics","floor":47.0},{"not_picked":["Dagger Throw","Blade Dance+1","Eviscerate+1"],"picked":"Backflip","floor":48.0}],"player_experience":27203,"relics_obtained":[{"floor":9.0,"key":"Gremlin Horn"},{"floor":10.0,"key":"Snake Skull"},{"floor":26.0,"key":"Juzu Bracelet"},{"floor":31.0,"key":"Red Mask"},{"floor":34.0,"key":"War Paint"},{"floor":34.0,"key":"The Courier"},{"floor":34.0,"key":"Calipers"},{"floor":43.0,"key":"InkBottle"}],"event_choices":[{"damage_healed":0.0,"max_hp_gain":0.0,"max_hp_loss":0.0,"gold_gain":0.0,"event_name":"Scrap Ooze","player_choice":"Success","floor":5.0,"gold_loss":0.0,"damage_taken":3.0,"relics_obtained":["Question Card"]},{"damage_healed":0.0,"max_hp_gain":0.0,"max_hp_loss":0.0,"gold_gain":75.0,"event_name":"World of Goop","player_choice":"Gather Gold","floor":11.0,"gold_loss":0.0,"damage_taken":11.0},{"cards_removed":["Demon Form"],"damage_healed":0.0,"max_hp_gain":0.0,"max_hp_loss":0.0,"gold_gain":0.0,"event_name":"Living Wall","player_choice":"Forget","floor":13.0,"gold_loss":0.0,"damage_taken":0.0},{"damage_healed":0.0,"max_hp_gain":0.0,"max_hp_loss":0.0,"gold_gain":0.0,"event_name":"Addict","player_choice":"Obtained Relic","floor":19.0,"gold_loss":85.0,"damage_taken":0.0,"relics_obtained":["Pear"]},{"cards_removed":["Strike_G"],"damage_healed":0.0,"max_hp_gain":0.0,"max_hp_loss":0.0,"gold_gain":0.0,"event_name":"Beggar","player_choice":"Gave Gold","floor":27.0,"gold_loss":75.0,"damage_taken":0.0},{"damage_healed":0.0,"max_hp_gain":0.0,"max_hp_loss":0.0,"gold_gain":0.0,"event_name":"Masked Bandits","player_choice":"Fought Bandits","floor":31.0,"gold_loss":0.0,"damage_taken":0.0},{"damage_healed":0.0,"max_hp_gain":0.0,"max_hp_loss":0.0,"gold_gain":0.0,"event_name":"Mysterious Sphere","player_choice":"Ignored","floor":38.0,"gold_loss":0.0,"damage_taken":0.0},{"damage_healed":0.0,"max_hp_gain":0.0,"max_hp_loss":5.0,"gold_gain":0.0,"event_name":"Winding Halls","player_choice":"Max HP","floor":44.0,"gold_loss":0.0,"damage_taken":0.0}],"is_beta":false,"boss_relics":[{"not_picked":["Cursed Key","Pandora\u0027s Box"],"picked":"Fusion Hammer"},{"not_picked":["Runic Pyramid","WristBlade"],"picked":"Calling Bell"}],"items_purged_floors":[21,39,45],"is_endless":false,"potions_floor_spawned":[2,4,8,10,14,18,25,28,29,36,37],"ascension_level":0}}