{"host":"eeb412nj2w7f9cz8","time":1613613233,"event":{"mods":["ATMod(°¢èªMod)","Act Like it!","BaseMod","Minty Spire (QoL Compilation)","Ruina","StSLib"],"gold_per_floor":[115,132,132,132,152,152,188,188,188,213,288,288,68,33,33,162,162,178,178,197,197,197,232,245,260,260,299,318,318,91,111,111,231,231,249,264,264,289,309,309,344,344,344,360,360,385,385,385,385,385,385,385,33,76,76],"floor_reached":56,"language":"ZHS","playtime":3012,"items_purged":["Strike_G","Skewer"],"score":1592,"play_id":"a9383463-7ad9-45a7-ba62-5c339d4287da","local_time":"20210218095353","is_ascension_mode":false,"campfire_choices":[{"data":"Prepared","floor":6.0,"key":"SMITH"},{"data":"AT_ChampionStep","floor":8.0,"key":"SMITH"},{"data":"Neutralize","floor":12.0,"key":"SMITH"},{"data":"Prepared","floor":15.0,"key":"SMITH"},{"data":"Distraction","floor":29,"key":"SMITH"},{"data":"Tactician","floor":32,"key":"SMITH"},{"data":"Reflex","floor":40,"key":"SMITH"},{"data":"Acrobatics","floor":42,"key":"SMITH"},{"data":"Acrobatics","floor":47,"key":"SMITH"},{"floor":49,"key":"RECALL"},{"data":"Prepared","floor":52,"key":"SMITH"}],"circlet_count":0,"master_deck":["Survivor","Neutralize+1","AT_ChampionStep+1","Prepared+1","Prepared+1","Acrobatics+1","Grand Finale","Adrenaline+1","AT_KneejerkReflex+1","Infinite Blades+1","Storm of Steel","Heel Hook","Distraction+1","Grand Finale","ruina:CobaltScar","Tactician+1","Reflex+1","Acrobatics+1","Prepared+1","Tactician+1","Flash of Steel","Phantasmal Killer"],"relics":["Ring of the Snake","AT_ATBox","Golden Idol","Juzu Bracelet","Gremlin Horn","AT_EbonyIvory","Pandora\u0027s Box","Pear","AT_GuinsooRageblade","Potion Belt","PreservedInsect","Pen Nib","StoneCalendar"],"acts_visited":["Exordium","ruina:Briah","TheBeyond","TheEnding"],"potions_floor_usage":[27,27,55,55,55,55,55],"damage_taken":[{"damage":1.0,"enemies":"2 Louse","floor":1.0,"turns":4.0},{"damage":0.0,"enemies":"Cultist","floor":2.0,"turns":4.0},{"damage":0.0,"enemies":"Jaw Worm","floor":5.0,"turns":3.0},{"damage":16.0,"enemies":"Gremlin Nob","floor":7.0,"turns":3.0},{"damage":0.0,"enemies":"3 Louse","floor":10.0,"turns":2.0},{"damage":0.0,"enemies":"Slime Boss","floor":16.0,"turns":4.0},{"damage":0.0,"enemies":"ruina:BadWolf","floor":18.0,"turns":1.0},{"damage":0.0,"enemies":"ruina:3_Bats","floor":20.0,"turns":1.0},{"damage":0.0,"enemies":"ruina:RoadHome","floor":23.0,"turns":1.0},{"damage":0.0,"enemies":"ruina:KingOfGreed","floor":24.0,"turns":2.0},{"damage":3.0,"enemies":"ruina:QueenOfHate","floor":25.0,"turns":2.0},{"damage":0,"enemies":"ruina:Mountain","floor":27,"turns":5},{"damage":0,"enemies":"ruina:Woodsman","floor":28,"turns":1},{"damage":0,"enemies":"ruina:3_Scarecrows","floor":31,"turns":1},{"damage":20,"enemies":"ruina:Red_and_Wolf","floor":33,"turns":2},{"damage":3,"enemies":"3 Shapes","floor":35,"turns":1},{"damage":0,"enemies":"3 Darklings","floor":36,"turns":1},{"damage":0,"enemies":"Spire Growth","floor":38,"turns":2},{"damage":0,"enemies":"Transient","floor":39,"turns":2},{"damage":5,"enemies":"Reptomancer","floor":41,"turns":2},{"damage":0,"enemies":"Maw","floor":44,"turns":1},{"damage":0,"enemies":"Sphere and 2 Shapes","floor":46,"turns":1},{"damage":29,"enemies":"Time Eater","floor":50,"turns":3},{"damage":0,"enemies":"Shield and Spear","floor":54,"turns":1},{"damage":73,"enemies":"The Heart","floor":55,"turns":4}],"seed_played":"7172599730818396435","potions_obtained":[{"floor":2.0,"key":"ColorlessPotion"},{"floor":7.0,"key":"DistilledChaos"},{"floor":10.0,"key":"GhostInAJar"},{"floor":18.0,"key":"Block Potion"},{"floor":20.0,"key":"PowerPotion"},{"floor":25.0,"key":"CunningPotion"},{"floor":27,"key":"SpeedPotion"},{"floor":35,"key":"Strength Potion"},{"floor":41,"key":"Strength Potion"},{"floor":46,"key":"PowerPotion"}],"is_trial":false,"path_per_floor":["M","M","?","?","M","R","E","R","T","M","?","R","$","?","R","B",null,"M","?","M","?","?","E","M","M","T","E","M","R","$","M","R","B",null,"M","M","?","M","M","R","E","R","T","M","?","M","R","?","R","B",null,"R","$","E","B",null],"character_chosen":"THE_SILENT","items_purchased":["AT_EbonyIvory","Reflex","Potion Belt","Flash of Steel","Phantasmal Killer"],"campfire_rested":0,"item_purchase_floors":[13,30,30,53,53],"current_hp_per_floor":[69,69,62,45,45,45,29,29,29,29,18,18,18,35,35,35,70,70,40,40,48,48,58,58,55,55,55,55,55,55,55,55,35,88,85,85,85,85,85,85,80,80,80,80,88,88,88,84,84,55,84,84,84,84,11],"gold":76,"neow_bonus":"THREE_CARDS","is_daily":false,"chose_seed":false,"campfire_upgraded":10,"win_rate":0.0,"timestamp":1613613233,"path_taken":["M","M","?","?","M","R","E","R","T","M","?","R","$","?","R","BOSS","M","?","M","?","?","E","M","M","T","E","M","R","$","M","R","BOSS","M","M","?","M","M","R","E","R","T","M","?","M","R","?","R","BOSS","R","$","E","BOSS"],"items_purchased_type":["Relic","Card","Relic","Card","Card"],"build_version":"2020-12-22","purchased_purges":2,"victory":true,"max_hp_per_floor":[70,70,70,70,70,70,70,70,70,70,70,70,70,70,70,70,70,70,70,70,78,78,88,88,88,88,88,88,88,88,88,88,88,88,88,88,88,88,88,88,88,88,88,88,88,88,88,84,84,84,84,84,84,84,84],"card_choices":[{"not_picked":["Blur","AT_WindRun"],"picked":"AT_KneejerkReflex","floor":0.0},{"not_picked":["Slice","Leg Sweep","Flying Knee"],"picked":"SKIP","floor":1.0},{"not_picked":["Caltrops","AT_TwilightShroud"],"picked":"Prepared","floor":2.0},{"not_picked":["Caltrops","Quick Slash"],"picked":"Prepared","floor":5.0},{"not_picked":["Bane","Dash"],"picked":"Acrobatics","floor":7.0},{"not_picked":["Footwork","Quick Slash","AT_WindRun"],"picked":"SKIP","floor":10.0},{"not_picked":["Malaise","Envenom"],"picked":"Grand Finale","floor":16.0},{"not_picked":["Dagger Spray","Noxious Fumes","Infinite Blades"],"picked":"SKIP","floor":18.0},{"not_picked":["Bane","Slice","Backflip"],"picked":"SKIP","floor":20.0},{"not_picked":["Slice","Backflip","Choke"],"picked":"SKIP","floor":23.0},{"not_picked":["Outmaneuver","Terror","Deflect"],"picked":"SKIP","floor":24.0},{"not_picked":["Poisoned Stab+1","PiercingWail","Deflect"],"picked":"SKIP","floor":25.0},{"not_picked":["Unload","Quick Slash","Dagger Throw"],"picked":"SKIP","floor":27},{"not_picked":["Dagger Throw","AT_TinkerSharpsword+1"],"picked":"Tactician","floor":28},{"not_picked":["Blade Dance","Predator"],"picked":"Acrobatics","floor":31},{"not_picked":["Dodge and Roll","Acrobatics","AT_KneejerkReflex"],"picked":"SKIP","floor":35},{"not_picked":["PiercingWail","AT_FocusSwordFire+1","Acrobatics"],"picked":"SKIP","floor":36},{"not_picked":["AT_TwilightShroud","Dodge and Roll+1"],"picked":"Prepared","floor":38},{"not_picked":["Cloak And Dagger+1","Poisoned Stab+1","Caltrops"],"picked":"SKIP","floor":39},{"not_picked":["Expertise+1","Infinite Blades","Poisoned Stab"],"picked":"SKIP","floor":41},{"not_picked":["Skewer+1","Quick Slash+1","Blade Dance"],"picked":"SKIP","floor":44},{"not_picked":["Dagger Throw","AT_WindFlip"],"picked":"Tactician+1","floor":46},{"not_picked":["Blade Dance+1","Crippling Poison","Heel Hook+1"],"picked":"SKIP","floor":54}],"player_experience":118426,"relics_obtained":[{"floor":7.0,"key":"Juzu Bracelet"},{"floor":9.0,"key":"Gremlin Horn"},{"floor":23.0,"key":"Pear"},{"floor":27,"key":"AT_GuinsooRageblade"},{"floor":41,"key":"PreservedInsect"},{"floor":43,"key":"Pen Nib"},{"floor":54,"key":"StoneCalendar"}],"event_choices":[{"cards_removed":["Defend_G"],"damage_healed":0.0,"max_hp_gain":0.0,"max_hp_loss":0.0,"gold_gain":0.0,"event_name":"Golden Wing","player_choice":"Card Removal","floor":3.0,"gold_loss":0.0,"damage_taken":7.0},{"damage_healed":0.0,"max_hp_gain":0.0,"max_hp_loss":0.0,"gold_gain":0.0,"event_name":"Golden Idol","player_choice":"Take Damage","floor":4.0,"gold_loss":0.0,"damage_taken":17.0,"relics_obtained":["Golden Idol"]},{"damage_healed":0.0,"max_hp_gain":0.0,"max_hp_loss":0.0,"gold_gain":75.0,"event_name":"World of Goop","player_choice":"Gather Gold","floor":11.0,"gold_loss":0.0,"damage_taken":11.0},{"damage_healed":17.0,"max_hp_gain":0.0,"max_hp_loss":0.0,"gold_gain":0.0,"event_name":"The Cleric","player_choice":"Healed","floor":14.0,"gold_loss":35.0,"damage_taken":0.0},{"damage_healed":0,"gold_gain":0,"player_choice":"Memory 1","damage_taken":0,"max_hp_gain":0,"max_hp_loss":0,"event_name":"SensoryStone","floor":37,"gold_loss":0},{"damage_healed":8,"gold_gain":0,"player_choice":"Full Heal","damage_taken":0,"max_hp_gain":0,"max_hp_loss":0,"event_name":"Wheel of Change","floor":45,"gold_loss":0},{"damage_healed":0,"gold_gain":0,"player_choice":"Max HP","damage_taken":0,"max_hp_gain":0,"max_hp_loss":4,"event_name":"Winding Halls","floor":48,"gold_loss":0}],"is_beta":false,"boss_relics":[{"not_picked":["Calling Bell","Runic Pyramid"],"picked":"Pandora\u0027s Box"},{"not_picked":["Sozu","Velvet Choker","Busted Crown"]}],"items_purged_floors":[13,53],"is_endless":false,"potions_floor_spawned":[2,7,10,18,20,25,27,35,41,46,54],"ascension_level":0}}