{"host":"r6z36w6seh15s9tg","time":1613678422,"event":{"mods":["ATMod(∞¢Ë™Mod)","Act Like it!","Arknights","BaseMod","Gensokyo","Minty Spire (QoL Compilation)","Reimu£®≤©¿ˆ¡È√Œ£©","Remilia£®¿Ÿ√◊¿Ú—«£©","StSLib","The Marked","The Senshi","The Servant 0.9.4","WarShipGirlsR/’ΩΩ¢…Ÿ≈ÆR mod","°æ“≈ŒÔø®≈∆°øREMEMod"],"gold_per_floor":[115,15,15,15,15,15,50,67,117,132,132,132,179,210,210,305,305,324,204,0,16,16,47,47,65,65,65,79,113,113,125,125,223,223,316,316,403,403,403,403,455,534,534,586,652,1058,1096,1215,1215,1340],"floor_reached":51,"language":"ZHS","playtime":4625,"items_purged":[],"score":983,"play_id":"e21e1228-58cd-4f6f-bc75-36c8fd168169","local_time":"20210219040022","is_ascension_mode":false,"campfire_choices":[{"data":"PrayRite:ReiMu","floor":6,"key":"SMITH"},{"floor":12,"key":"REST"},{"data":"rmod:fuelsupply","floor":15,"key":"SMITH"},{"data":"rmod:maintain","floor":30,"key":"SMITH"},{"data":"AT_DivineConfetti","floor":32,"key":"SMITH"},{"data":"rmod:secretscript","floor":40,"key":"SMITH"},{"data":"REME_MawOfCthun","floor":49,"key":"SMITH"}],"circlet_count":0,"master_deck":["rmod:strick","rmod:strick","rmod:defend","rmod:defend","rmod:defend","rmod:defend","rmod:basicallowance","rmod:maingunfire","AT_DivineConfetti+1","PrayRite:ReiMu+1","rmod:fuelsupply+1","rmod:luckystar+1","rmod:rockthrower+1","rmod:combined+1","rmod:luckystar+1","rmod:maintain+1","rmod:u235","rmod:fletcherpendant+1","rmod:firesupport+1","Gensokyo:FourOfAKind","Gensokyo:FourOfAKind","Gensokyo:FourOfAKind","Gensokyo:FourOfAKind","rmod:chargemoney+1","rmod:lonelyqueen","rmod:firesupport+1","rmod:ammunitionsupply+1","rmod:supportescort+1","rmod:launchingtorpedo+1","rmod:salvage+1","rmod:fletcherpendant+1","rmod:victimresponsibility+1","rmod:fletcherpendant+1","rmod:timeschanged+1","REME_MawOfCthun+1","AT_LightSaberMaster+1","REME_TwoStrings+1","rmod:circuitoustactics+1","REME_HeartOfCthun+1"],"relics":["AT_ATBox","REME_ComplimentaryCards","REME_HandOfSuture","Molten Egg 2","Tea:ReiMu","Bottled Lightning","Potion Belt","Gensokyo:OccultBall","Anchor","Torii","rmod:mogul","Gensokyo:SpiderMask","Art of War","Bronze Scales","Bottled Tornado","Mastiff:ReiMu","REME_LowDesire","AT_MibuBalloonWealth","REME_PuzzleBoxRelic","Letter Opener","AntiCross","Bag of Preparation","Old Coin"],"acts_visited":["Gensokyo:Gensokyo","Gensokyo:Gensokyoer","Gensokyo:Gensokyoest"],"potions_floor_usage":[16,44,44,50,50],"damage_taken":[{"damage":4,"enemies":"Gensokyo:2_Kodama","floor":1,"turns":2},{"damage":57,"enemies":"Gensokyo:Cirno","floor":7,"turns":13},{"damage":0,"enemies":"Gensokyo:Gryphon","floor":8,"turns":1},{"damage":0,"enemies":"Gensokyo:3_Fairies","floor":10,"turns":4},{"damage":9,"enemies":"Gensokyo:Mamizou","floor":14,"turns":5},{"damage":12,"enemies":"Gensokyo:Reimu","floor":16,"turns":9},{"damage":1,"enemies":"Gensokyo:2_Gloops","floor":18,"turns":4},{"damage":0,"enemies":"Gensokyo:CosmicMonolith","floor":21,"turns":1},{"damage":6,"enemies":"Gensokyo:Reisen","floor":23,"turns":3},{"damage":10,"enemies":"Gensokyo:Swordslinger","floor":25,"turns":2},{"damage":0,"enemies":"Gensokyo:Wraith","floor":28,"turns":4},{"damage":0,"enemies":"Gensokyo:Tenshi","floor":29,"turns":1},{"damage":0,"enemies":"Gensokyo:Mirror_and_Dog","floor":31,"turns":2},{"damage":0,"enemies":"Gensokyo:Eternal_Rivals","floor":33,"turns":6},{"damage":6,"enemies":"Gensokyo:3_Boulders","floor":35,"turns":6},{"damage":0,"enemies":"Gensokyo:3_Bats","floor":37,"turns":1},{"damage":0,"enemies":"Gensokyo:Marisa","floor":41,"turns":3},{"damage":2,"enemies":"Gensokyo:3_Boulders","floor":42,"turns":3},{"damage":0,"enemies":"Gensokyo:Doremy","floor":44,"turns":4},{"damage":0,"enemies":"Gensokyo:Dusk_and_Dawn","floor":45,"turns":2},{"damage":5,"enemies":"Gensokyo:Kasen","floor":46,"turns":4},{"damage":0,"enemies":"Gensokyo:AtlasGolem","floor":47,"turns":2},{"damage":0,"enemies":"Gensokyo:4_Bats","floor":48,"turns":1},{"damage":3,"enemies":"Gensokyo:Yuyuko","floor":50,"turns":4}],"seed_played":"361433283441664754","potions_obtained":[{"floor":7,"key":"CultistPotion"},{"floor":10,"key":"EssenceOfSteel"},{"floor":16,"key":"Fire Potion"},{"floor":25,"key":"SmokeBomb"},{"floor":31,"key":"ZuzhouPotion:ReiMu"},{"floor":42,"key":"AttackPotion"},{"floor":47,"key":"FearPotion"},{"floor":48,"key":"GamblersBrew"}],"is_trial":false,"path_per_floor":["M","?","$","T","?","R","E","M","T","M","?","R","T","E","R","B",null,"M","?","$","M","?","E","?","M","T","$","M","E","R","M","R","B",null,"M","?","M","?","?","R","E","M","T","E","M","E","M","M","R","B",null],"character_chosen":"PRAEFECT","items_purchased":["Art of War","AttackPotion"],"campfire_rested":1,"item_purchase_floors":[20,20],"current_hp_per_floor":[71,71,71,71,71,75,18,18,18,18,18,40,40,31,31,19,75,74,74,74,74,53,47,47,37,37,37,37,37,37,37,37,37,53,53,46,46,46,46,46,46,51,51,51,51,46,46,46,46,46],"gold":1340,"neow_bonus":"RANDOM_COMMON_RELIC","is_daily":false,"chose_seed":false,"campfire_upgraded":6,"win_rate":0.0,"timestamp":1613678422,"path_taken":["M","?","?","?","?","R","E","M","T","?","?","R","?","E","R","BOSS","M","?","$","?","?","E","?","?","T","?","M","E","R","M","R","BOSS","M","?","M","?","?","R","E","M","T","E","M","E","M","?","R","BOSS"],"items_purchased_type":["Relic","Potion"],"build_version":"2020-12-22","purchased_purges":0,"victory":true,"max_hp_per_floor":[75,75,75,75,75,75,75,75,75,75,75,75,75,75,75,75,75,75,75,75,75,53,53,53,53,53,53,53,53,53,53,53,53,53,53,53,53,53,53,53,53,53,53,53,53,53,53,53,53,53],"card_choices":[{"not_picked":["rmod:advancebysurprise","rmod:aluminumsupply"],"picked":"rmod:fuelsupply","floor":1},{"not_picked":["rmod:capitalist","rmod:aluminumsupply"],"picked":"rmod:luckystar+1","floor":5},{"not_picked":["rmod:intelligenceanalysis+1","rmod:fuelsupply"],"picked":"rmod:rockthrower+1","floor":5},{"not_picked":["rmod:luckystar+1","rmod:abidefaith"],"picked":"rmod:combined+1","floor":7},{"not_picked":["rmod:spoils","rmod:victimresponsibility"],"picked":"rmod:diaomin","floor":8},{"not_picked":["rmod:circuitoustactics","rmod:unsinkable"],"picked":"rmod:luckystar+1","floor":10},{"not_picked":["rmod:unsinkable","rmod:saltedfish"],"picked":"rmod:maintain","floor":14},{"not_picked":["rmod:saltedfish","rmod:desperatesituation"],"picked":"rmod:u235","floor":16},{"not_picked":["rmod:victimresponsibility","rmod:advancebysurprise"],"picked":"rmod:fletcherpendant+1","floor":18},{"not_picked":["rmod:unsinkable","rmod:ammunitionsupply"],"picked":"rmod:firesupport+1","floor":21},{"not_picked":["rmod:aviationdawn","rmod:diamondstrike+1"],"picked":"rmod:chargemoney+1","floor":23},{"not_picked":["rmod:circuitoustactics","rmod:maintain"],"picked":"rmod:firesupport+1","floor":25},{"not_picked":["rmod:victimresponsibility","rmod:supriseattacks"],"picked":"rmod:ammunitionsupply+1","floor":28},{"not_picked":["rmod:robin+1","rmod:goodsister"],"picked":"rmod:supportescort+1","floor":29},{"not_picked":["rmod:spoils+1","rmod:diamondstrike+1"],"picked":"rmod:launchingtorpedo+1","floor":31},{"not_picked":["rmod:saltedfish","rmod:u235"],"picked":"rmod:secretscript","floor":33},{"not_picked":["rmod:gendarmerie","rmod:capitalist","Good Instincts"],"picked":"rmod:salvage+1","floor":35},{"not_picked":["rmod:combined+1","rmod:diamondstrike+1","Violence"],"picked":"rmod:victimresponsibility+1","floor":37},{"not_picked":["rmod:luckystar+1","rmod:intelligenceanalysis+1","REME_AllRoundStrike+1"],"picked":"rmod:timeschanged+1","floor":41},{"not_picked":["rmod:victimresponsibility+1","rmod:ammunitionsupply","rmod:supportaircraftcarrier"],"picked":"REME_MawOfCthun","floor":42},{"not_picked":["rmod:fletcherpendant+1","rmod:supportescort+1","rmod:firesupport+1"],"picked":"AT_LightSaberMaster+1","floor":44},{"not_picked":["rmod:diamondstrike+1","rmod:mineteam","rmod:ammunitionsupply","Impatience"],"picked":"SKIP","floor":45},{"not_picked":["rmod:heivgo+1","rmod:openingtorpedo+1","rmod:guardianhero"],"picked":"REME_TwoStrings+1","floor":46},{"not_picked":["rmod:aviationdawn","rmod:fuelsupply","Magnetism"],"picked":"rmod:circuitoustactics+1","floor":47},{"not_picked":["rmod:goodsister+1","rmod:shuttlebombing","rmod:generalist+1"],"picked":"REME_HeartOfCthun+1","floor":48}],"player_experience":103918,"relics_obtained":[{"floor":4,"key":"Tea:ReiMu"},{"floor":7,"key":"Bottled Lightning"},{"floor":9,"key":"Potion Belt"},{"floor":13,"key":"Anchor"},{"floor":14,"key":"Torii"},{"floor":16,"key":"Gensokyo:OccultBall"},{"floor":23,"key":"Bronze Scales"},{"floor":26,"key":"Bottled Tornado"},{"floor":29,"key":"Mastiff:ReiMu"},{"floor":31,"key":"Gensokyo:OccultBall"},{"floor":33,"key":"Gensokyo:OccultBall"},{"floor":34,"key":"AT_MibuBalloonWealth"},{"floor":34,"key":"REME_PuzzleBoxRelic"},{"floor":41,"key":"Letter Opener"},{"floor":43,"key":"AntiCross"},{"floor":44,"key":"Gensokyo:OccultBall"},{"floor":44,"key":"Bag of Preparation"},{"floor":45,"key":"Gensokyo:OccultBall"},{"floor":46,"key":"Old Coin"}],"event_choices":[],"is_beta":false,"boss_relics":[{"not_picked":["Snecko Eye","SacredBark"],"picked":"rmod:mogul"},{"not_picked":["Coffee Dripper","REME_DuelDisc"],"picked":"REME_LowDesire"}],"items_purged_floors":[],"is_endless":false,"potions_floor_spawned":[7,10,16,25,31,35,42,47,48],"ascension_level":0}}