{"host":"sav7uxregyirlf69","time":1613625190,"event":{"mods":["AchievementEnabler","BaseMod","Colored Map","DeckTracker","Keyboard Shortcuts","Minty Spire (QoL Compilation)","READ ME - Guardian Mod","StSLib","SuperFastMode"],"gold_per_floor":[18,31,50,63,75,106,106,122,122,151,151,186,203,234,234,308,308,325,375,393,177,377,405,405,416,492,525,538,554,564,591,591,591,591],"floor_reached":33,"language":"KOR","playtime":566,"items_purged":[],"score":767,"play_id":"f00d0f7a-154a-4d3e-aaae-49def6cdb850","local_time":"20210218141310","is_ascension_mode":true,"campfire_choices":[{"data":"Perfected Strike","floor":7.0,"key":"SMITH"},{"data":"Fire Breathing","floor":11.0,"key":"SMITH"},{"data":"Bash","floor":15.0,"key":"SMITH"},{"data":"Barricade","floor":24,"key":"SMITH"},{"floor":32,"key":"REST"}],"circlet_count":0,"master_deck":["AscendersBane","Strike_R","Strike_R","Strike_R","Strike_R","Strike_R","Defend_R","Defend_R","Defend_R","Defend_R","Bash+1","Anger","Perfected Strike+1","Wild Strike","Pommel Strike","Pommel Strike","Fire Breathing+1","Twin Strike","Wild Strike","Shrug It Off","Wild Strike","Offering","Perfected Strike","Battle Trance+1","Barricade+1","Impervious","Body Slam","Double Tap","Pommel Strike+1","Perfected Strike"],"relics":["Burning Blood","FossilizedHelix","Mummified Hand","Omamori","Pear","Singing Bowl","Black Star","Orrery","Gremlin Horn","Matryoshka","Lantern","Bottled Lightning","Letter Opener","Akabeko","Boot","Potion Belt"],"acts_visited":["Exordium","TheCity"],"potions_floor_usage":[23,33],"damage_taken":[{"damage":0.0,"enemies":"Cultist","floor":1.0,"turns":3.0},{"damage":0.0,"enemies":"2 Louse","floor":2.0,"turns":4.0},{"damage":0.0,"enemies":"Small Slimes","floor":3.0,"turns":2.0},{"damage":9.0,"enemies":"Red Slaver","floor":4.0,"turns":4.0},{"damage":10.0,"enemies":"Gremlin Gang","floor":5.0,"turns":3.0},{"damage":24.0,"enemies":"Gremlin Nob","floor":6.0,"turns":4.0},{"damage":7.0,"enemies":"Exordium Thugs","floor":8.0,"turns":4.0},{"damage":0.0,"enemies":"Lagavulin","floor":10.0,"turns":3.0},{"damage":15.0,"enemies":"3 Sentries","floor":12.0,"turns":5.0},{"damage":0.0,"enemies":"Exordium Wildlife","floor":13.0,"turns":2.0},{"damage":0.0,"enemies":"Gremlin Nob","floor":14.0,"turns":3.0},{"damage":37.0,"enemies":"The Guardian","floor":16.0,"turns":8.0},{"damage":0.0,"enemies":"Spheric Guardian","floor":18.0,"turns":3.0},{"damage":21.0,"enemies":"3 Byrds","floor":20.0,"turns":4.0},{"damage":13,"enemies":"Gremlin Leader","floor":23,"turns":7},{"damage":10,"enemies":"Snecko","floor":25,"turns":3},{"damage":35,"enemies":"Slavers","floor":27,"turns":5},{"damage":0,"enemies":"Centurion and Healer","floor":28,"turns":1},{"damage":14,"enemies":"Snake Plant","floor":29,"turns":2},{"damage":22,"enemies":"Shelled Parasite and Fungi","floor":30,"turns":3},{"damage":66,"enemies":"Champ","floor":33,"turns":9}],"seed_played":"4394420403938572215","potions_obtained":[{"floor":1.0,"key":"Swift Potion"},{"floor":2.0,"key":"LiquidMemories"},{"floor":6.0,"key":"Block Potion"},{"floor":12.0,"key":"Fruit Juice"},{"floor":14.0,"key":"Fire Potion"},{"floor":23,"key":"Weak Potion"}],"is_trial":false,"path_per_floor":["M","M","M","M","M","E","R","M","T","E","R","E","M","E","R","B",null,"M","?","M","$","?","E","R","M","T","E","M","M","M","T","R","B"],"character_chosen":"IRONCLAD","items_purchased":["Perfected Strike","Orrery"],"campfire_rested":1,"item_purchase_floors":[21,21],"current_hp_per_floor":[74,75,75,72,68,50,50,49,49,55,55,56,62,73,73,44,80,88,88,75,75,75,70,70,66,66,37,45,37,23,23,53,0,0],"gold":591,"neow_bonus":"ONE_RARE_RELIC","is_daily":false,"chose_seed":false,"campfire_upgraded":4,"win_rate":0.0,"timestamp":1613625190,"path_taken":["M","M","M","M","M","E","R","M","T","E","R","E","?","E","R","BOSS","M","?","M","$","?","E","R","?","T","E","M","M","?","?","R","BOSS"],"items_purchased_type":["Card","Relic"],"build_version":"2020-12-22","purchased_purges":0,"victory":false,"max_hp_per_floor":[75,75,75,75,75,75,75,75,75,75,75,85,85,90,90,92,92,94,94,96,96,96,98,98,98,98,98,100,100,102,102,102,102,102],"card_choices":[{"not_picked":["Entrench","Havoc"],"picked":"Anger","floor":1.0},{"not_picked":["Flex","Flame Barrier"],"picked":"Perfected Strike","floor":2.0},{"not_picked":["Battle Trance","Disarm"],"picked":"Wild Strike","floor":3.0},{"not_picked":["Warcry","Searing Blow"],"picked":"Pommel Strike","floor":4.0},{"not_picked":["Intimidate","Hemokinesis"],"picked":"Pommel Strike","floor":5.0},{"not_picked":["Brutality","Whirlwind"],"picked":"Fire Breathing","floor":6.0},{"not_picked":["Headbutt","Reckless Charge"],"picked":"Twin Strike","floor":8.0},{"not_picked":["Armaments","Dropkick"],"picked":"Wild Strike","floor":10.0},{"not_picked":["Body Slam","Heavy Blade"],"picked":"Shrug It Off","floor":12.0},{"not_picked":["Flex","Headbutt"],"picked":"Wild Strike","floor":13.0},{"not_picked":["Infernal Blade","Cleave"],"picked":"Offering","floor":14.0},{"not_picked":["Limit Break","Demon Form","Reaper"],"picked":"Singing Bowl","floor":16.0},{"not_picked":["Warcry","Body Slam","Thunderclap"],"picked":"Singing Bowl","floor":18.0},{"not_picked":["Dark Embrace","Pommel Strike","Entrench"],"picked":"Singing Bowl","floor":20.0},{"not_picked":["Metallicize","Dropkick"],"picked":"Battle Trance+1","floor":21.0},{"not_picked":["Sword Boomerang","Body Slam"],"picked":"Barricade","floor":21.0},{"not_picked":["Disarm","Havoc+1"],"picked":"Impervious","floor":21.0},{"not_picked":["Dropkick","Iron Wave"],"picked":"Body Slam","floor":21.0},{"not_picked":["Armaments","Thunderclap","Sever Soul"],"picked":"Singing Bowl","floor":23},{"not_picked":["Havoc+1","Pommel Strike"],"picked":"Double Tap","floor":25},{"not_picked":["Heavy Blade","Whirlwind"],"picked":"Pommel Strike+1","floor":27},{"not_picked":["Flex","Havoc","Body Slam"],"picked":"Singing Bowl","floor":28},{"not_picked":["Searing Blow+1","Sword Boomerang"],"picked":"Perfected Strike","floor":29},{"not_picked":["Fire Breathing","Sever Soul","Body Slam"],"picked":"Singing Bowl","floor":30}],"player_experience":1606478,"relics_obtained":[{"floor":6.0,"key":"Mummified Hand"},{"floor":10.0,"key":"Omamori"},{"floor":12.0,"key":"Pear"},{"floor":14.0,"key":"Singing Bowl"},{"floor":23,"key":"Gremlin Horn"},{"floor":23,"key":"Matryoshka"},{"floor":26,"key":"Lantern"},{"floor":26,"key":"Bottled Lightning"},{"floor":27,"key":"Letter Opener"},{"floor":27,"key":"Akabeko"},{"floor":31,"key":"Boot"},{"floor":31,"key":"Potion Belt"}],"event_choices":[{"damage_healed":0.0,"max_hp_gain":0.0,"max_hp_loss":0.0,"gold_gain":50.0,"event_name":"Nest","player_choice":"Stole From Cult","floor":19.0,"gold_loss":0.0,"damage_taken":0.0},{"damage_healed":0,"gold_gain":250,"player_choice":"Bet on Owner","damage_taken":0,"max_hp_gain":0,"max_hp_loss":0,"event_name":"The Joust","floor":22,"gold_loss":50}],"is_beta":false,"boss_relics":[{"not_picked":["Pandora\u0027s Box","Empty Cage"],"picked":"Black Star"}],"items_purged_floors":[],"is_endless":false,"potions_floor_spawned":[1,2,6,12,14,16,18,23],"killed_by":"Champ","ascension_level":20}}