{"host":"Slaske","time":1613662937,"event":{"mods":["AchievementEnabler","BaseMod","Colored Map","Colored Powertips","Minty Spire (QoL Compilation)","Random Character Button","Relic Stats","slay the spire mod where everything is the same but ironclad has a cowboy hat"],"gold_per_floor":[113,113,129,129,99,131,141,170,170,201,201,216,216,234,234,311,311,311,311],"floor_reached":18,"language":"ENG","playtime":650,"items_purged":[],"score":379,"play_id":"76ef3849-abbd-4138-8ddc-77f77ab0f81f","local_time":"20210218164217","is_ascension_mode":true,"campfire_choices":[{"floor":11,"key":"REST"},{"data":"1","floor":13,"key":"LIFT"},{"floor":15,"key":"REST"}],"circlet_count":0,"master_deck":["AscendersBane","Strike_R","Strike_R","Strike_R","Strike_R","Defend_R","Defend_R","Defend_R","Defend_R","Bash","Cleave","Infernal Blade","Pommel Strike","Double Tap","Inflame","Whirlwind","Heavy Blade","Barricade"],"relics":["Burning Blood","NeowsBlessing","WingedGreaves","Gremlin Horn","Smiling Mask","Ginger","Girya","SacredBark"],"acts_visited":["Exordium","TheCity"],"potions_floor_usage":[5,7,8,10,16,18,18],"damage_taken":[{"damage":0,"enemies":"2 Louse","floor":1,"turns":1},{"damage":0,"enemies":"Jaw Worm","floor":3,"turns":1},{"damage":0,"enemies":"Gremlin Nob","floor":6,"turns":1},{"damage":6,"enemies":"Cultist","floor":7,"turns":3},{"damage":45,"enemies":"Lagavulin","floor":8,"turns":7},{"damage":33,"enemies":"Gremlin Nob","floor":10,"turns":4},{"damage":15,"enemies":"Exordium Wildlife","floor":12,"turns":3},{"damage":1,"enemies":"2 Fungi Beasts","floor":14,"turns":2},{"damage":43,"enemies":"The Guardian","floor":16,"turns":9},{"damage":60,"enemies":"3 Byrds","floor":18,"turns":5}],"seed_played":"3893022995451198783","potions_obtained":[{"floor":3,"key":"BloodPotion"},{"floor":5,"key":"LiquidMemories"},{"floor":5,"key":"LiquidMemories"},{"floor":7,"key":"LiquidMemories"},{"floor":10,"key":"HeartOfIron"},{"floor":14,"key":"Dexterity Potion"},{"floor":16,"key":"GamblersBrew"}],"is_trial":false,"path_per_floor":["M","?","M","?","?","E","M","E","T","E","R","M","R","M","R","B",null,"M"],"character_chosen":"IRONCLAD","items_purchased":[],"campfire_rested":2,"item_purchase_floors":[],"current_hp_per_floor":[74,74,75,57,72,75,75,36,36,9,31,22,22,27,49,12,59,0,0],"gold":311,"neow_bonus":"THREE_ENEMY_KILL","is_daily":false,"chose_seed":false,"campfire_upgraded":0,"win_rate":0.0,"timestamp":1613662937,"path_taken":["M","?","M","?","?","E","?","E","T","E","R","M","R","M","R","BOSS","M"],"items_purchased_type":[],"build_version":"2020-12-18","purchased_purges":0,"victory":false,"max_hp_per_floor":[75,75,75,75,75,75,75,75,75,75,75,75,75,75,75,75,75,75,75],"relic_stats":{"Gremlin Horn":[2,2],"counters":[10,36],"Ginger":[1],"Smiling Mask":0,"obtain_stats":[{"Girya":10,"NeowsBlessing":0,"Gremlin Horn":6,"SacredBark":17,"WingedGreaves":4,"Ginger":9,"Smiling Mask":8,"Burning Blood":0},{"Girya":6,"NeowsBlessing":0,"Gremlin Horn":3,"SacredBark":9,"WingedGreaves":2,"Ginger":5,"Smiling Mask":5,"Burning Blood":0},{"Girya":17,"NeowsBlessing":0,"Gremlin Horn":3,"SacredBark":31,"WingedGreaves":2,"Ginger":13,"Smiling Mask":13,"Burning Blood":0}],"Burning Blood":46},"card_choices":[{"not_picked":["Perfected Strike","Pommel Strike"],"picked":"Cleave","floor":1},{"not_picked":["True Grit","Pommel Strike"],"picked":"Infernal Blade","floor":3},{"not_picked":["Havoc","Bloodletting"],"picked":"Pommel Strike","floor":6},{"not_picked":["Anger","Shockwave"],"picked":"Double Tap","floor":7},{"not_picked":["Anger","Armaments"],"picked":"Inflame","floor":8},{"not_picked":["Headbutt","True Grit"],"picked":"Whirlwind","floor":10},{"not_picked":["Iron Wave","Cleave","Twin Strike"],"picked":"SKIP","floor":12},{"not_picked":["Perfected Strike","Burning Pact"],"picked":"Heavy Blade","floor":14},{"not_picked":["Impervious","Juggernaut"],"picked":"Barricade","floor":16}],"player_experience":521404,"relics_obtained":[{"floor":6,"key":"Gremlin Horn"},{"floor":8,"key":"Smiling Mask"},{"floor":9,"key":"Ginger"},{"floor":10,"key":"Girya"}],"event_choices":[{"cards_removed":["Strike_R"],"damage_healed":0,"gold_gain":0,"player_choice":"Forget","damage_taken":0,"max_hp_gain":0,"max_hp_loss":0,"event_name":"Living Wall","floor":2,"gold_loss":0},{"damage_healed":0,"gold_gain":0,"player_choice":"Success","damage_taken":18,"relics_obtained":["WingedGreaves"],"max_hp_gain":0,"max_hp_loss":0,"event_name":"Scrap Ooze","floor":4,"gold_loss":0},{"damage_healed":0,"gold_gain":0,"player_choice":"Bought 2 Potions","damage_taken":0,"max_hp_gain":0,"max_hp_loss":0,"event_name":"The Woman in Blue","floor":5,"gold_loss":0}],"is_beta":true,"boss_relics":[{"not_picked":["Runic Dome","Philosopher\u0027s Stone"],"picked":"SacredBark"}],"items_purged_floors":[],"is_endless":false,"potions_floor_spawned":[3,7,10,14,16],"killed_by":"3 Byrds","ascension_level":17}}