{"host":"zy8sn0tmwn4g7fne","time":1613631047,"event":{"mods":["ATMod(阿瑾Mod)","BaseMod","Better-Laid Plans","FanaticalFans","Minty Spire (QoL Compilation)","MostiFishMod","Quick Restart","StSLib","[IsaacMod]以撒尖塔","【功能Mod】Neow奖励","【功能Mod】强力的原版药水"],"gold_per_floor":[169,169,169,15,15,15,46,46,71,71,94,94,107,125,125,220,220,220,220],"floor_reached":18,"language":"ZHS","playtime":877,"items_purged":["SuicideKing"],"score":316,"play_id":"9e3d4b4e-0b34-4db5-8250-5783d7d8d5a1","local_time":"20210218145047","is_ascension_mode":true,"campfire_choices":[{"floor":6.0,"key":"REST"},{"data":"After Image","floor":8.0,"key":"SMITH"},{"floor":15,"key":"REST"}],"circlet_count":0,"master_deck":["AscendersBane","Strike_G","Strike_G","Strike_G","Strike_G","Strike_G","Defend_G","Defend_G","Defend_G","Defend_G+1","Survivor","Neutralize","AT_TwilightShroud","Blade Dance","Infinite Blades","After Image+1","Accuracy","Cloak And Dagger","CurseOfTheBell"],"relics":["Fans:FanaticalFans","AT_ATBox","DaveBox","HushsDoor","Tiny House","Sling","GnawedLeaf","SynthV:TestCard","Golden Idol","AT_BellDemon","Akabeko","Bronze Scales","Calling Bell","Lantern","Blue Candle","The Specimen"],"acts_visited":["Exordium","TheCity"],"potions_floor_usage":[16,16,18],"damage_taken":[{"damage":4.0,"enemies":"Small Slimes","floor":1.0,"turns":7.0},{"damage":27.0,"enemies":"3 Sentries","floor":7.0,"turns":9.0},{"damage":0,"enemies":"Jaw Worm","floor":11,"turns":3},{"damage":0,"enemies":"Cultist","floor":13,"turns":4},{"damage":13,"enemies":"Exordium Wildlife","floor":14,"turns":6},{"damage":35,"enemies":"The Guardian","floor":16,"turns":10},{"damage":57,"enemies":"3 Byrds","floor":18,"turns":6}],"seed_played":"-7010938477505726636","potions_obtained":[{"floor":0.0,"key":"EssenceOfSteel"},{"floor":1.0,"key":"FearPotion"},{"floor":11,"key":"PowerPotion"},{"floor":16,"key":"GhostInAJar"}],"is_trial":false,"path_per_floor":["M","?","?","$","T","R","E","R","T","?","M","?","M","M","R","B",null,"M"],"character_chosen":"THE_SILENT","items_purchased":["Infinite Blades"],"campfire_rested":2,"item_purchase_floors":[4],"current_hp_per_floor":[60,36,36,36,36,57,30,30,30,30,30,30,30,17,38,3,54,0,0],"gold":220,"neow_bonus":"BOSS_RELIC","is_daily":false,"chose_seed":false,"campfire_upgraded":1,"win_rate":0.0,"timestamp":1613631047,"path_taken":["M","?","?","$","?","R","E","R","T","?","M","?","?","M","R","BOSS","M"],"items_purchased_type":["Card"],"build_version":"2020-12-22","purchased_purges":1,"victory":false,"max_hp_per_floor":[71,71,71,71,71,71,71,71,71,71,71,71,71,71,71,71,71,71,71],"card_choices":[{"not_picked":[],"picked":"SuicideKing","floor":0.0},{"not_picked":["Bane","Acrobatics"],"picked":"Blade Dance","floor":1.0},{"not_picked":["AT_ThistleTea","Terror","Blade Dance","Bomb"],"picked":"After Image","floor":7.0},{"not_picked":["Deadly Poison","Slice","Dagger Throw","Expertise"],"picked":"Accuracy","floor":11},{"not_picked":["MostiFishMod:InvigoratingSolution","Outmaneuver","Quick Slash","Distraction","Escape Plan"],"picked":"SKIP","floor":13},{"not_picked":["Reflex","Dagger Spray","All Out Attack","Backflip"],"picked":"Cloak And Dagger","floor":14}],"player_experience":459932,"relics_obtained":[{"floor":1.0,"key":"SynthV:TestCard"},{"floor":5.0,"key":"AT_BellDemon"},{"floor":7.0,"key":"Akabeko"},{"floor":9.0,"key":"Bronze Scales"},{"floor":17,"key":"Lantern"},{"floor":17,"key":"Blue Candle"},{"floor":17,"key":"The Specimen"}],"event_choices":[{"damage_healed":0.0,"max_hp_gain":0.0,"max_hp_loss":0.0,"gold_gain":0.0,"event_name":"Golden Idol","player_choice":"Take Damage","floor":2.0,"gold_loss":0.0,"damage_taken":24.0,"relics_obtained":["Golden Idol"]},{"cards_removed":["Defend_G"],"damage_healed":0,"gold_gain":0,"player_choice":"Forget","damage_taken":0,"max_hp_gain":0,"max_hp_loss":0,"event_name":"Living Wall","floor":10,"gold_loss":0}],"is_beta":false,"boss_relics":[{"not_picked":["HereWithMe","SlaversCollar"],"picked":"Calling Bell"},{"not_picked":[]}],"items_purged_floors":[4],"is_endless":false,"potions_floor_spawned":[1,11,13,16],"killed_by":"3 Byrds","ascension_level":20}}