{"host":"5ezk7t18wcb10u1o","time":1613606655,"event":{"mods":["BaseMod","Bestiary","Colored Powertips","Minty Spire (QoL Compilation)","Relic Sorter"],"gold_per_floor":[109,126,126,136,311,311,346,346,346,286,286,92,111,125,125,203,203,222,27,47,47,66,66,80,80,80,80,80,80,80,98,98,175,175,193,193,205,205,205],"floor_reached":38,"language":"ENG","playtime":2643,"items_purged":["Doubt","Strike_R"],"score":636,"play_id":"d252d893-d27e-47c0-822c-3943590f416f","local_time":"20210218000415","is_ascension_mode":true,"campfire_choices":[{"data":"Rampage","floor":6.0,"key":"SMITH"},{"floor":11.0,"key":"DIG"},{"floor":15.0,"key":"DIG"},{"data":"Blind","floor":23.0,"key":"SMITH"},{"floor":27.0,"key":"REST"},{"data":"Flame Barrier","floor":32.0,"key":"SMITH"}],"circlet_count":0,"master_deck":["AscendersBane","Strike_R+1","Strike_R+1","Strike_R+1","Defend_R+1","Defend_R+1","Defend_R+1","Defend_R+1","Flame Barrier","Headbutt","Rampage+1","Flame Barrier+1","Shrug It Off","Pommel Strike","Double Tap","Metallicize","Blind+1","Inflame","Ghostly Armor","Pommel Strike+1","Demon Form"],"relics":["Burning Blood","Shovel","The Courier","Ancient Tea Set","ClockworkSouvenir","Mercury Hourglass","SlaversCollar","Oddly Smooth Stone","Art of War","Fusion Hammer","Kunai"],"acts_visited":[],"potions_floor_usage":[37,38],"damage_taken":[{"damage":6.0,"enemies":"Cultist","floor":1.0,"turns":4.0},{"damage":1.0,"enemies":"Small Slimes","floor":2.0,"turns":4.0},{"damage":13.0,"enemies":"Jaw Worm","floor":4.0,"turns":5.0},{"damage":16.0,"enemies":"Lagavulin","floor":7.0,"turns":7.0},{"damage":0.0,"enemies":"Lots of Slimes","floor":13.0,"turns":3.0},{"damage":5.0,"enemies":"Exordium Thugs","floor":14.0,"turns":6.0},{"damage":10.0,"enemies":"The Guardian","floor":16.0,"turns":12.0},{"damage":2.0,"enemies":"Chosen","floor":18.0,"turns":4.0},{"damage":13.0,"enemies":"Shell Parasite","floor":20.0,"turns":6.0},{"damage":26.0,"enemies":"Snake Plant","floor":22.0,"turns":5.0},{"damage":27.0,"enemies":"Snecko","floor":24.0,"turns":7.0},{"damage":1.0,"enemies":"Shelled Parasite and Fungi","floor":31.0,"turns":5.0},{"damage":34.0,"enemies":"Champ","floor":33.0,"turns":12.0},{"damage":8,"enemies":"3 Darklings","floor":35,"turns":7},{"damage":7,"enemies":"Orb Walker","floor":37,"turns":5},{"damage":73,"enemies":"2 Orb Walkers","floor":38,"turns":5}],"seed_played":"-5593162792896939912","potions_obtained":[{"floor":2.0,"key":"Fire Potion"},{"floor":4.0,"key":"Ancient Potion"},{"floor":13.0,"key":"BloodPotion"},{"floor":14.0,"key":"SpeedPotion"},{"floor":24.0,"key":"Fire Potion"},{"floor":33.0,"key":"Swift Potion"}],"is_trial":false,"path_per_floor":["M","M","?","M","?","R","E","?","T","$","R","$","M","M","R","B",null,"M","$","M","?","M","R","M","$","T","R","?","?","$","M","R","B",null,"M","T","M","?"],"character_chosen":"IRONCLAD","items_purchased":["ClockworkSouvenir","Blind","Oddly Smooth Stone"],"campfire_rested":1,"item_purchase_floors":[12,19,19],"current_hp_per_floor":[68,73,73,66,66,66,56,75,75,75,75,75,75,75,75,71,74,75,75,68,54,50,50,29,29,29,53,53,53,53,58,58,30,68,66,66,65,0,0],"gold":205,"neow_bonus":"REMOVE_CARD","is_daily":false,"chose_seed":false,"campfire_upgraded":3,"win_rate":0.0,"timestamp":1613606655,"path_taken":["M","M","?","M","?","R","E","?","T","?","R","$","M","?","R","BOSS","M","$","M","?","M","R","M","$","T","R","?","?","?","M","R","BOSS","M","?","M","?"],"items_purchased_type":["Relic","Card","Relic"],"build_version":"2020-12-22","purchased_purges":2,"victory":false,"max_hp_per_floor":[75,75,75,75,75,75,75,75,75,75,75,75,75,75,75,75,75,75,75,75,80,80,80,80,80,80,80,80,80,80,80,80,80,80,80,80,80,80,80],"card_choices":[{"not_picked":["Iron Wave","Pummel"],"picked":"Flame Barrier","floor":1.0},{"not_picked":["Power Through","Havoc"],"picked":"Headbutt","floor":2.0},{"not_picked":["Cleave","Armaments"],"picked":"Rampage","floor":4.0},{"not_picked":["Reckless Charge","Perfected Strike"],"picked":"Flame Barrier","floor":7.0},{"not_picked":["Iron Wave","Sentinel"],"picked":"Shrug It Off","floor":13.0},{"not_picked":["True Grit","Dark Embrace"],"picked":"Pommel Strike","floor":14.0},{"not_picked":["Immolate","Barricade"],"picked":"Double Tap","floor":16.0},{"not_picked":["Clash","Sword Boomerang+1"],"picked":"Metallicize","floor":18.0},{"not_picked":["Clash","Wild Strike"],"picked":"Inflame","floor":20.0},{"not_picked":["Reckless Charge","Twin Strike","Clash"],"picked":"SKIP","floor":22.0},{"not_picked":["Clash","Heavy Blade"],"picked":"Ghostly Armor","floor":24.0},{"not_picked":["Sword Boomerang","Iron Wave"],"picked":"Pommel Strike+1","floor":31.0},{"not_picked":["Berserk","Offering"],"picked":"Demon Form","floor":33.0},{"not_picked":["Second Wind","Anger+1","Clothesline+1"],"picked":"SKIP","floor":35},{"not_picked":["Anger","Havoc","Cleave"],"picked":"SKIP","floor":37}],"player_experience":1227156,"relics_obtained":[{"floor":7.0,"key":"Shovel"},{"floor":9.0,"key":"The Courier"},{"floor":11.0,"key":"Ancient Tea Set"},{"floor":15.0,"key":"Mercury Hourglass"},{"floor":26.0,"key":"Art of War"},{"floor":36,"key":"Kunai"}],"event_choices":[{"cards_removed":["Strike_R"],"damage_healed":0.0,"max_hp_gain":0.0,"max_hp_loss":0.0,"gold_gain":0.0,"event_name":"Living Wall","player_choice":"Forget","floor":3.0,"gold_loss":0.0,"damage_taken":0.0},{"damage_healed":0.0,"max_hp_gain":0.0,"max_hp_loss":0.0,"gold_gain":175.0,"event_name":"Liars Game","player_choice":"AGREE","floor":5.0,"gold_loss":0.0,"damage_taken":0.0,"cards_obtained":["Doubt"]},{"damage_healed":25.0,"max_hp_gain":0.0,"max_hp_loss":0.0,"gold_gain":0.0,"event_name":"Big Fish","player_choice":"Banana","floor":8.0,"gold_loss":0.0,"damage_taken":0.0},{"damage_healed":0.0,"max_hp_gain":5.0,"max_hp_loss":0.0,"gold_gain":0.0,"event_name":"Forgotten Altar","player_choice":"Shed Blood","floor":21.0,"gold_loss":0.0,"damage_taken":19.0},{"damage_healed":0.0,"max_hp_gain":0.0,"max_hp_loss":0.0,"gold_gain":0.0,"event_name":"Back to Basics","player_choice":"Simplicity","floor":28.0,"gold_loss":0.0,"damage_taken":0.0,"cards_upgraded":["Strike_R","Strike_R","Strike_R","Defend_R","Defend_R","Defend_R","Defend_R"]},{"damage_healed":0.0,"max_hp_gain":0.0,"max_hp_loss":0.0,"gold_gain":0.0,"event_name":"Vampires","player_choice":"Ignored","floor":29.0,"gold_loss":0.0,"damage_taken":0.0},{"damage_healed":0,"gold_gain":0,"player_choice":"Fight","damage_taken":0,"max_hp_gain":0,"max_hp_loss":0,"event_name":"Mysterious Sphere","floor":38,"gold_loss":0}],"is_beta":false,"boss_relics":[{"not_picked":["Runic Pyramid","Philosopher\u0027s Stone"],"picked":"SlaversCollar"},{"not_picked":["Tiny House","Calling Bell"],"picked":"Fusion Hammer"}],"items_purged_floors":[10,12],"is_endless":false,"potions_floor_spawned":[2,4,13,14,24,33],"killed_by":"2 Orb Walkers","ascension_level":14}}