{"host":"6bsan6hkua32tfq7","time":1613692089,"event":{"mods":["BaseMod","Better Third Choice","Colored Map","Highlight Path","Minty Spire (QoL Compilation)","StSLib"],"gold_per_floor":[113,28,39,39,54,54,66,66,113,133,133,133],"floor_reached":11,"language":"ENG","playtime":279,"items_purged":[],"score":130,"play_id":"022e5fc4-34ed-4182-9119-a3a6e01edc47","local_time":"20210219004809","is_ascension_mode":true,"campfire_choices":[{"data":"Dark Embrace","floor":6,"key":"SMITH"},{"data":"Clothesline","floor":8,"key":"SMITH"}],"circlet_count":0,"master_deck":["AscendersBane","Strike_R","Strike_R","Strike_R","Strike_R","Strike_R","Defend_R","Defend_R","Defend_R","Defend_R","Bash+1","Clothesline+1","Dark Embrace+1","Evolve","True Grit","Twin Strike"],"relics":["Burning Blood","Akabeko","Toy Ornithopter"],"acts_visited":["Exordium"],"potions_floor_usage":[7,11],"damage_taken":[{"damage":7,"enemies":"Small Slimes","floor":1,"turns":3},{"damage":0,"enemies":"Cultist","floor":3,"turns":3},{"damage":12,"enemies":"Jaw Worm","floor":5,"turns":3},{"damage":17,"enemies":"Gremlin Gang","floor":7,"turns":6},{"damage":22,"enemies":"Large Slime","floor":10,"turns":7},{"damage":55,"enemies":"Lagavulin","floor":11,"turns":7}],"seed_played":"-61493040965247914","potions_obtained":[{"floor":1,"key":"SteroidPotion"},{"floor":7,"key":"Weak Potion"}],"is_trial":false,"path_per_floor":["M","?","M","?","M","R","M","R","T","M","E"],"character_chosen":"IRONCLAD","items_purchased":[],"campfire_rested":0,"item_purchase_floors":[],"current_hp_per_floor":[67,67,73,73,67,67,56,56,56,40,0,0],"gold":133,"neow_bonus":"UPGRADE_CARD","is_daily":false,"chose_seed":false,"campfire_upgraded":2,"win_rate":0.0,"timestamp":1613692089,"path_taken":["M","?","?","?","M","R","M","R","T","M","E"],"items_purchased_type":[],"build_version":"2020-12-22","purchased_purges":0,"victory":false,"max_hp_per_floor":[75,75,75,75,75,75,75,75,75,75,75,75],"card_choices":[{"not_picked":["Warcry","Clash"],"picked":"Clothesline","floor":1},{"not_picked":["Seeing Red","Ghostly Armor"],"picked":"Dark Embrace","floor":3},{"not_picked":["Burning Pact","Clash","Headbutt"],"picked":"SKIP","floor":5},{"not_picked":["Bloodletting","Sentinel"],"picked":"True Grit","floor":7},{"not_picked":["Clash","Body Slam"],"picked":"Twin Strike","floor":10}],"player_experience":5443387,"relics_obtained":[{"floor":9,"key":"Toy Ornithopter"}],"event_choices":[{"damage_healed":0,"gold_gain":0,"player_choice":"Paid Gold","damage_taken":0,"relics_obtained":["Akabeko"],"max_hp_gain":0,"max_hp_loss":0,"event_name":"WeMeetAgain","floor":2,"gold_loss":85},{"damage_healed":0,"gold_gain":0,"player_choice":"1 cards matched","damage_taken":0,"max_hp_gain":0,"max_hp_loss":0,"event_name":"Match and Keep!","floor":4,"gold_loss":0,"cards_obtained":["Evolve"]}],"is_beta":false,"boss_relics":[],"items_purged_floors":[],"is_endless":false,"potions_floor_spawned":[1,7],"killed_by":"Lagavulin","ascension_level":20}}