{"host":"7tvb1em0d2fx72q7","time":1613690300,"event":{"mods":["BaseMod","Challenge The Spire","Minty Spire (QoL Compilation)","StSLib","everything is the same but u backflip on backflip"],"gold_per_floor":[119,194,21,21,34,34,134,163,163,163,178,178,178],"floor_reached":12,"language":"ENG","playtime":297,"items_purged":[],"score":152,"play_id":"8799d503-bfc8-45f1-b816-069669b7986e","local_time":"20210218181820","is_ascension_mode":true,"campfire_choices":[{"data":"Bash","floor":6,"key":"SMITH"},{"floor":10,"key":"REST"}],"circlet_count":0,"master_deck":["AscendersBane","Strike_R","Strike_R","Strike_R","Strike_R+1","Strike_R","Defend_R","Defend_R","Defend_R","Defend_R","Bash+1","Writhe","Combust+1","Iron Wave","Sword Boomerang","Spot Weakness"],"relics":["Burning Blood","Ginger","Membership Card","Boot","Oddly Smooth Stone"],"acts_visited":["Exordium"],"potions_floor_usage":[8],"damage_taken":[{"damage":16,"enemies":"Jaw Worm","floor":1,"turns":5},{"damage":3,"enemies":"Small Slimes","floor":5,"turns":5},{"damage":24,"enemies":"Lagavulin","floor":8,"turns":6},{"damage":0,"enemies":"Cultist","floor":11,"turns":3},{"damage":41,"enemies":"Gremlin Nob","floor":12,"turns":4}],"seed_played":"-6161147354229705172","potions_obtained":[{"floor":5,"key":"Strength Potion"}],"is_trial":false,"path_per_floor":["M","?","$","?","M","R","?","E","T","R","M","E"],"character_chosen":"IRONCLAD","items_purchased":["Membership Card"],"campfire_rested":1,"item_purchase_floors":[3],"current_hp_per_floor":[58,47,47,24,27,27,27,9,9,31,37,0,0],"gold":178,"neow_bonus":"ONE_RARE_RELIC","is_daily":false,"chose_seed":false,"campfire_upgraded":1,"win_rate":0.0,"timestamp":1613690300,"path_taken":["M","?","$","?","M","R","?","E","T","R","?","E"],"items_purchased_type":["Relic"],"build_version":"2020-12-22","purchased_purges":0,"victory":false,"max_hp_per_floor":[75,75,75,75,75,75,75,75,75,75,75,75,75],"card_choices":[{"not_picked":["Rage","Wild Strike"],"picked":"Combust","floor":1},{"not_picked":["True Grit","Pommel Strike"],"picked":"Iron Wave","floor":5},{"not_picked":["Twin Strike","Anger"],"picked":"Sword Boomerang","floor":8},{"not_picked":["Anger","Cleave"],"picked":"Spot Weakness","floor":11}],"player_experience":2054369,"relics_obtained":[{"floor":8,"key":"Boot"},{"floor":9,"key":"Oddly Smooth Stone"}],"event_choices":[{"damage_healed":0,"gold_gain":75,"player_choice":"Gather Gold","damage_taken":11,"max_hp_gain":0,"max_hp_loss":0,"event_name":"World of Goop","floor":2,"gold_loss":0},{"damage_healed":0,"gold_gain":0,"player_choice":"Entered Light","damage_taken":23,"max_hp_gain":0,"max_hp_loss":0,"event_name":"Shining Light","floor":4,"gold_loss":0,"cards_upgraded":["Strike_R","Combust"]},{"damage_healed":0,"gold_gain":100,"player_choice":"Gold","damage_taken":0,"max_hp_gain":0,"max_hp_loss":0,"event_name":"Wheel of Change","floor":7,"gold_loss":0}],"is_beta":false,"boss_relics":[],"items_purged_floors":[],"is_endless":false,"potions_floor_spawned":[5],"killed_by":"Gremlin Nob","ascension_level":20}}