{"host":"4w9vompg42n13q24","time":1613654260,"event":{"mods":["Aspiration","BaseMod","Better Third Choice","Colored Map","Colored Powertips","DeckTracker","Downfall","GifTheSpireLib","Glutton Mod","Hermit","Highlight Path","Hubris","Minty Spire (QoL Compilation)","Relic Stats","StSLib","Stuff the Spire","The Druid","The Necromancer","Trackpad"],"gold_per_floor":[99,115,100,112,112,112,112,112,12,0,12,32,32,62,76,176,176,76,87,72,90,90,90,144,170,182,202,212,222,222,33,46,141,141,141,156,166,166,120,120,120,135,135,160,60,70,70,70,87,87,87,87],"floor_reached":50,"language":"ENG","playtime":6107,"items_purged":["StuffTheSpire:GnomedCurse"],"score":569,"play_id":"450bc443-9a09-477f-9a19-a1c5a8236db9","local_time":"20210218141740","is_ascension_mode":false,"campfire_choices":[{"data":"bronze:Replicate","floor":1,"key":"SMITH"},{"floor":6,"key":"RECALL"},{"data":"bronze:Branch","floor":9,"key":"SMITH"},{"data":"bronze:Mutator","floor":13,"key":"SMITH"},{"data":"bronze:InfiniteLoop","floor":18,"key":"SMITH"},{"data":"bronze:CleanCode","floor":35,"key":"SMITH"},{"data":"StuffTheSpire:BrainWave","floor":40,"key":"SMITH"},{"data":"bronze:Goto","floor":45,"key":"SMITH"},{"data":"bronze:GetLatest","floor":47,"key":"SMITH"}],"circlet_count":0,"master_deck":["bronze:Strike","bronze:Defend","bronze:Defend","bronze:Defend","bronze:Defend","bronze:Replicate+1","bronze:Goto","bronze:CleanCode+1","bronze:Branch+1","bronze:Boost","bronze:OilSpill","bronze:BronzeArmor","bronze:Goto+1","bronze:Mutator+1","bronze:Safeguard","bronze:GetLatest+1","bronze:Constructor","bronze:InfiniteLoop+1","bronze:Frontload+1","bronze:Branch+1","bronze:Break","bronze:HyperBeam","StuffTheSpire:BrainWave+1","bronze:Boost+1","bronze:DelayedGuard","bronze:AlphaBuild+1"],"relics":["bronze:BronzeCore","StuffTheSpire:RedRose","downfall:HeartBlessingRed","hubris:TinFlute","Busted Crown","downfall:HeartBlessingBlue","StuffTheSpire:HeavyRock","Strawberry","hubris:SphereOfDissonance","bronze:MakeshiftBattery","aspiration:SeaSaltIceCream","Empty Cage","hubris:Zylophone","Shuriken","downfall:HeartBlessingGreen"],"acts_visited":["Exordium","TheCity","TheBeyond"],"potions_floor_usage":[16,31,31,33,33,39,49,50,50],"damage_taken":[{"damage":2,"enemies":"2 Louse","floor":2,"turns":3},{"damage":0,"enemies":"downfall:FleeingMerchant","floor":3,"turns":4},{"damage":1,"enemies":"Cultist","floor":4,"turns":4},{"damage":12,"enemies":"downfall:FleeingMerchant","floor":10,"turns":4},{"damage":1,"enemies":"Small Slimes","floor":11,"turns":2},{"damage":2,"enemies":"3 Louse","floor":12,"turns":3},{"damage":16,"enemies":"3 Sentries","floor":14,"turns":8},{"damage":3,"enemies":"Red Slaver","floor":15,"turns":3},{"damage":7,"enemies":"SI_SHIV_ARCHETYPE","floor":16,"turns":7},{"damage":3,"enemies":"Chosen","floor":19,"turns":4},{"damage":4,"enemies":"downfall:FleeingMerchant","floor":20,"turns":4},{"damage":10,"enemies":"3 Byrds","floor":21,"turns":4},{"damage":32,"enemies":"Slavers","floor":25,"turns":6},{"damage":14,"enemies":"Sentry and Sphere","floor":26,"turns":7},{"damage":2,"enemies":"Shelled Parasite and Fungi","floor":27,"turns":3},{"damage":0,"enemies":"Cultist and Chosen","floor":28,"turns":4},{"damage":4,"enemies":"Centurion and Healer","floor":29,"turns":6},{"damage":0,"enemies":"downfall:FleeingMerchant","floor":31,"turns":4},{"damage":2,"enemies":"Sentry and Sphere","floor":32,"turns":5},{"damage":5,"enemies":"IC_MUSHROOM_ARCHETYPE","floor":33,"turns":10},{"damage":6,"enemies":"3 Darklings","floor":36,"turns":4},{"damage":0,"enemies":"Orb Walker","floor":37,"turns":3},{"damage":0,"enemies":"downfall:FleeingMerchant","floor":39,"turns":1},{"damage":3,"enemies":"Spire Growth","floor":42,"turns":4},{"damage":3,"enemies":"Nemesis","floor":44,"turns":3},{"damage":0,"enemies":"Sphere and 2 Shapes","floor":46,"turns":4},{"damage":23,"enemies":"Maw","floor":49,"turns":6},{"damage":72,"enemies":"WA_ARCHETYPE_DIVINITY","floor":50,"turns":3}],"seed_played":"8675248638899949407","potions_obtained":[{"floor":11,"key":"Explosive Potion"},{"floor":14,"key":"EssenceOfSteel"},{"floor":15,"key":"bronze:BurnAndBuffPotion"},{"floor":16,"key":"LiquidMemories"},{"floor":32,"key":"Dexterity Potion"},{"floor":33,"key":"Strength Potion"},{"floor":37,"key":"SneckoOil"},{"floor":46,"key":"ColorlessPotion"},{"floor":49,"key":"bronze:BuildAFunctionPotion"}],"is_trial":false,"path_per_floor":["R","M","$","M","?","R","T","?","R","$","M","M","R","E","M","B",null,"R","M","$","M","?","?","T","E","M","M","M","M","?","$","M","B",null,"R","M","M","?","$","R","T","M","?","E","R","M","R","?","M","B"],"character_chosen":"THE_AUTOMATON","items_purchased":["Fruit Juice","aspiration:SeaSaltIceCream","bronze:DelayedGuard","Fruit Juice"],"campfire_rested":0,"item_purchase_floors":[31,39,39,39],"current_hp_per_floor":[70,68,68,67,67,67,67,67,67,55,54,52,52,36,33,26,70,80,77,73,63,63,63,70,38,24,22,22,18,18,23,21,16,92,92,86,86,83,88,88,88,85,85,82,82,82,82,82,59,0,0,0],"gold":87,"neow_bonus":"ONE_RANDOM_RARE_CARD","is_daily":false,"chose_seed":false,"campfire_upgraded":8,"win_rate":0.0,"timestamp":1613654260,"path_taken":["R","M","$","M","?","R","T","?","R","$","M","M","R","E","M","BOSS","R","M","$","M","?","?","T","E","?","M","M","M","?","$","M","BOSS","R","M","M","?","$","R","T","M","?","E","R","?","R","?","M","BOSS"],"items_purchased_type":["Potion","Relic","Card","Potion"],"build_version":"2020-12-22","purchased_purges":1,"victory":false,"max_hp_per_floor":[70,70,70,70,70,70,70,70,70,70,70,70,70,70,70,70,70,80,80,80,80,80,80,87,87,87,87,87,87,87,92,92,92,92,92,92,92,83,88,88,88,88,88,88,88,88,88,88,88,88,88,88],"relic_stats":{"Busted Crown":36,"counters":[28,123],"Shuriken":[8],"obtain_stats":[{"bronze:BronzeCore":0,"downfall:HeartBlessingRed":9,"hubris:SphereOfDissonance":25,"downfall:HeartBlessingGreen":45,"aspiration:SeaSaltIceCream":39,"Empty Cage":39,"hubris:Zylophone":41,"Busted Crown":17,"downfall:HeartBlessingBlue":18,"Shuriken":44,"StuffTheSpire:HeavyRock":22,"Strawberry":24,"StuffTheSpire:RedRose":5,"hubris:TinFlute":14,"bronze:MakeshiftBattery":34},{"bronze:BronzeCore":0,"downfall:HeartBlessingRed":3,"hubris:SphereOfDissonance":13,"downfall:HeartBlessingGreen":25,"aspiration:SeaSaltIceCream":23,"Empty Cage":23,"hubris:Zylophone":23,"Busted Crown":9,"downfall:HeartBlessingBlue":9,"Shuriken":25,"StuffTheSpire:HeavyRock":12,"Strawberry":12,"StuffTheSpire:RedRose":3,"hubris:TinFlute":7,"bronze:MakeshiftBattery":20},{"bronze:BronzeCore":0,"downfall:HeartBlessingRed":11,"hubris:SphereOfDissonance":56,"downfall:HeartBlessingGreen":110,"aspiration:SeaSaltIceCream":103,"Empty Cage":103,"hubris:Zylophone":103,"Busted Crown":38,"downfall:HeartBlessingBlue":38,"Shuriken":110,"StuffTheSpire:HeavyRock":50,"Strawberry":50,"StuffTheSpire:RedRose":11,"hubris:TinFlute":28,"bronze:MakeshiftBattery":95}]},"card_choices":[{"not_picked":["bronze:Invalidate","bronze:Shield"],"picked":"bronze:Branch","floor":2},{"not_picked":["bronze:DelayedSlice","bronze:Shield"],"picked":"bronze:Boost","floor":3},{"not_picked":["bronze:Turbo","bronze:FineTuning"],"picked":"bronze:OilSpill","floor":4},{"not_picked":["bronze:BitShift","bronze:Flail"],"picked":"bronze:Mutator","floor":10},{"not_picked":["bronze:DelayedGuard","bronze:Invalidate","bronze:DelayedSlice"],"picked":"SKIP","floor":11},{"not_picked":["bronze:Philosophize","bronze:ForceShield"],"picked":"bronze:Safeguard","floor":12},{"not_picked":["bronze:Shield","bronze:FineTuning"],"picked":"bronze:GetLatest","floor":14},{"not_picked":["bronze:BitShift","bronze:OilSpill"],"picked":"bronze:Constructor","floor":15},{"not_picked":["bronze:AlphaBuild","bronze:BurnOut"],"picked":"bronze:InfiniteLoop","floor":16},{"not_picked":[],"picked":"bronze:Frontload+1","floor":19},{"not_picked":["bronze:BuggyMess+1"],"picked":"SKIP","floor":20},{"not_picked":["bronze:FineTuning+1"],"picked":"SKIP","floor":21},{"not_picked":["bronze:Separator"],"picked":"SKIP","floor":25},{"not_picked":["bronze:BitShift+1"],"picked":"SKIP","floor":26},{"not_picked":["bronze:BugBarrage+1"],"picked":"SKIP","floor":27},{"not_picked":[],"picked":"bronze:Break","floor":28},{"not_picked":["bronze:Frontload+1"],"picked":"SKIP","floor":29},{"not_picked":["bronze:Turbo"],"picked":"SKIP","floor":31},{"not_picked":["bronze:FineTuning"],"picked":"SKIP","floor":32},{"not_picked":[],"picked":"bronze:HyperBeam","floor":33},{"not_picked":["bronze:Overheat+1"],"picked":"SKIP","floor":36},{"not_picked":["bronze:FollowUp"],"picked":"SKIP","floor":37},{"not_picked":[],"picked":"bronze:Boost+1","floor":39},{"not_picked":["bronze:Constructor+1"],"picked":"SKIP","floor":42},{"not_picked":["bronze:DarkDash"],"picked":"SKIP","floor":44},{"not_picked":["bronze:Turbo"],"picked":"SKIP","floor":46},{"not_picked":["bronze:Constructor"],"picked":"SKIP","floor":49}],"player_experience":680277,"relics_obtained":[{"floor":14,"key":"hubris:TinFlute"},{"floor":24,"key":"Strawberry"},{"floor":25,"key":"hubris:SphereOfDissonance"},{"floor":41,"key":"hubris:Zylophone"},{"floor":44,"key":"Shuriken"}],"event_choices":[{"damage_healed":0,"gold_gain":0,"player_choice":"Stole Relic","damage_taken":0,"relics_obtained":["StuffTheSpire:HeavyRock"],"max_hp_gain":0,"max_hp_loss":0,"event_name":"Addict","floor":22,"gold_loss":0,"cards_obtained":["Pride"]}],"is_beta":false,"boss_relics":[{"not_picked":["aspiration:WatcherSkillbook","aspiration:FutureDiary"],"picked":"Busted Crown"},{"not_picked":["Black Star","Tiny House"],"picked":"bronze:MakeshiftBattery"}],"items_purged_floors":[31],"is_endless":false,"potions_floor_spawned":[11,14,15,16,25,26,27,28,32,33,37,46,49],"killed_by":"WA_ARCHETYPE_DIVINITY","ascension_level":0}}