{"host":"8pvw2tcf9wctlvur","time":1613627050,"event":{"mods":["BaseMod","Better Third Choice","Colored Powertips","Curses Come First","Minty Spire (QoL Compilation)","Rare Cards Sparkle","Relic Stats","StSLib","SuperFastMode"],"gold_per_floor":[114,24,41,61,80,80,99,132,132,141,82,82,104,124,124,237,264,287,287,296,221,250,250,250],"floor_reached":23,"language":"ENG","playtime":1187,"items_purged":["Writhe"],"score":193,"play_id":"d1c49b2c-0b6c-4098-be80-5f527ed9bb58","local_time":"20210217224410","is_ascension_mode":false,"campfire_choices":[{"floor":6,"key":"REST"},{"floor":12,"key":"REST"},{"floor":15,"key":"REST"}],"circlet_count":0,"master_deck":["Strike_P","Strike_P","Defend_P","Defend_P","Defend_P","Eruption","Vigilance","Secret Technique","LikeWater","Sanctity","CrushJoints","Tantrum","FollowUp","CarveReality","Meditate","Alpha","Burn","PathToVictory","FlyingSleeves","Swivel","ThirdEye","LessonLearned","PathToVictory+1","Omniscience+1","Blasphemy+1","Protect","CrushJoints"],"relics":["PureWater","Matryoshka","CeramicFish","Blue Candle","Astrolabe","Gambling Chip"],"acts_visited":["Exordium","TheCity"],"potions_floor_usage":[5,8,8,14,16,22,23],"damage_taken":[{"damage":19,"enemies":"Cultist","floor":1,"turns":6},{"damage":0,"enemies":"Small Slimes","floor":3,"turns":3},{"damage":2,"enemies":"2 Louse","floor":4,"turns":2},{"damage":9,"enemies":"Exordium Thugs","floor":5,"turns":4},{"damage":0,"enemies":"Large Slime","floor":7,"turns":3},{"damage":26,"enemies":"3 Sentries","floor":8,"turns":5},{"damage":7,"enemies":"Blue Slaver","floor":13,"turns":2},{"damage":16,"enemies":"Gremlin Gang","floor":14,"turns":5},{"damage":5,"enemies":"Slime Boss","floor":16,"turns":6},{"damage":24,"enemies":"Spheric Guardian","floor":18,"turns":6},{"damage":14,"enemies":"Chosen","floor":22,"turns":4},{"damage":36,"enemies":"Gremlin Leader","floor":23,"turns":2}],"seed_played":"-7088406501131455297","potions_obtained":[{"floor":1,"key":"Weak Potion"},{"floor":5,"key":"DuplicationPotion"},{"floor":7,"key":"ColorlessPotion"},{"floor":13,"key":"Fruit Juice"},{"floor":14,"key":"Dexterity Potion"},{"floor":16,"key":"AttackPotion"},{"floor":18,"key":"StancePotion"}],"is_trial":false,"path_per_floor":["M","$","M","M","M","R","M","E","T","?","$","R","M","M","R","B",null,"M","?","?","$","M","E"],"character_chosen":"WATCHER","items_purchased":["Sanctity","CrushJoints","PathToVictory","FlyingSleeves"],"campfire_rested":3,"item_purchase_floors":[2,2,11,11],"current_hp_per_floor":[32,32,32,30,21,42,42,16,16,16,16,37,30,19,42,37,77,53,44,44,44,30,0,0],"gold":250,"neow_bonus":"RANDOM_COLORLESS_2","is_daily":false,"chose_seed":false,"campfire_upgraded":0,"win_rate":0.0,"timestamp":1613627050,"path_taken":["M","$","M","M","M","R","M","E","T","?","$","R","M","M","R","BOSS","M","?","?","$","M","E"],"items_purchased_type":["Card","Card","Card","Card"],"build_version":"2020-12-22","purchased_purges":1,"victory":false,"max_hp_per_floor":[72,72,72,72,72,72,72,72,72,72,72,72,72,77,77,77,77,77,77,77,77,77,77,77],"relic_stats":{"counters":[12,48],"CeramicFish":108,"Blue Candle":[0],"Astrolabe":["PathToVictory","Omniscience","Blasphemy"],"Gambling Chip":[2],"obtain_stats":[{"Matryoshka":8,"CeramicFish":9,"Blue Candle":9,"Astrolabe":17,"Gambling Chip":20,"PureWater":0},{"Matryoshka":6,"CeramicFish":6,"Blue Candle":6,"Astrolabe":9,"Gambling Chip":10,"PureWater":0},{"Matryoshka":23,"CeramicFish":23,"Blue Candle":23,"Astrolabe":36,"Gambling Chip":42,"PureWater":0}]},"card_choices":[{"not_picked":["Magnetism","Transmutation"],"picked":"Secret Technique","floor":0},{"not_picked":["FollowUp","CrushJoints"],"picked":"LikeWater","floor":1},{"not_picked":["Wallop","CarveReality"],"picked":"Tantrum","floor":3},{"not_picked":["Protect","FlyingSleeves"],"picked":"FollowUp","floor":4},{"not_picked":["Worship","LikeWater"],"picked":"CarveReality","floor":5},{"not_picked":["SandsOfTime","TalkToTheHand"],"picked":"Meditate","floor":7},{"not_picked":["SignatureMove","EmptyFist"],"picked":"Alpha","floor":8},{"not_picked":["CarveReality","Prostrate"],"picked":"Swivel","floor":13},{"not_picked":["ReachHeaven","Halt"],"picked":"ThirdEye","floor":14},{"not_picked":["Establishment","Devotion"],"picked":"LessonLearned","floor":16},{"not_picked":["EmptyBody","Worship"],"picked":"Protect","floor":18},{"not_picked":["FlyingSleeves","Fasting2"],"picked":"CrushJoints","floor":22}],"player_experience":292306,"relics_obtained":[{"floor":8,"key":"Matryoshka"},{"floor":9,"key":"CeramicFish"},{"floor":9,"key":"Blue Candle"}],"event_choices":[{"damage_healed":16,"gold_gain":0,"player_choice":"Embrace Burn","damage_taken":0,"max_hp_gain":0,"max_hp_loss":72,"event_name":"betterThird:BetterShining","floor":10,"gold_loss":0},{"damage_healed":0,"gold_gain":0,"player_choice":"Stopped","damage_taken":9,"max_hp_gain":0,"max_hp_loss":0,"event_name":"Cursed Tome","floor":19,"gold_loss":0},{"damage_healed":0,"gold_gain":0,"player_choice":"Opened","damage_taken":0,"relics_obtained":["Gambling Chip"],"max_hp_gain":0,"max_hp_loss":0,"event_name":"The Mausoleum","floor":20,"gold_loss":0,"cards_obtained":["Writhe"]}],"is_beta":false,"boss_relics":[{"not_picked":["Philosopher\u0027s Stone","HolyWater"],"picked":"Astrolabe"}],"items_purged_floors":[21],"is_endless":false,"potions_floor_spawned":[1,5,7,13,14,16,18],"killed_by":"Gremlin Leader","ascension_level":0}}