{"host":"pyelotildgrd5mks","time":1613651672,"event":{"mods":["BaseMod","Downfall","Minty Spire (QoL Compilation)","Quick Restart","Replay The Spire","StSLib"],"gold_per_floor":[115,115,134,134,134,164,164,198,222,222,253,253,279,298,298,398,398,410,396,396,321,334,334,334,334,354,365,440,440,440],"floor_reached":29,"language":"ZHS","playtime":1395,"items_purged":["Bash"],"score":414,"play_id":"680088b2-e649-46c1-b287-8cb192a7b4f0","local_time":"20210218203432","is_ascension_mode":true,"campfire_choices":[{"data":"Beam Cell","floor":7.0,"key":"SMITH"},{"data":"Feel No Pain","floor":10.0,"key":"SMITH"},{"data":"Mirror Shield","floor":12.0,"key":"SMITH"},{"data":"Hologram","floor":15.0,"key":"SMITH"},{"data":"Offering","floor":23.0,"key":"SMITH"}],"circlet_count":0,"master_deck":["AscendersBane","Strike_R","Strike_R","Strike_R","Strike_R","Defend_R","Defend_R","Defend_R","Defend_R","Feel No Pain+1","Shrug It Off","Self Repair+1","Pummel","Beam Cell+1","Mirror Shield+1","Hologram+1","Offering+1","Power Through+1","Armaments+1","Turbo","Seeing Red"],"relics":["NeowsBlessing","Bottled Tornado","Iron Core","Regal Pillow","Oddly Smooth Stone","Happy Flower","Darkstone Periapt","Ring of Chaos","Enchiridion","ReplayTheSpireMod:Shallot"],"acts_visited":["Exordium","TheCity"],"potions_floor_usage":[29],"damage_taken":[{"damage":0.0,"enemies":"Cultist","floor":1.0,"turns":1.0},{"damage":0.0,"enemies":"2 Louse","floor":3.0,"turns":1.0},{"damage":0.0,"enemies":"Gremlin Nob","floor":6.0,"turns":1.0},{"damage":23.0,"enemies":"3 Sentries","floor":8.0,"turns":14.0},{"damage":36.0,"enemies":"Lagavulin","floor":11.0,"turns":10.0},{"damage":4.0,"enemies":"3 Sentries","floor":13.0,"turns":9.0},{"damage":10.0,"enemies":"Small Slimes","floor":14.0,"turns":5.0},{"damage":13.0,"enemies":"Fading Forest","floor":16.0,"turns":11.0},{"damage":8.0,"enemies":"Shell Parasite","floor":18.0,"turns":5.0},{"damage":15.0,"enemies":"2 Thieves","floor":19.0,"turns":4.0},{"damage":9.0,"enemies":"3 Cultists","floor":22.0,"turns":7.0},{"damage":18.0,"enemies":"Centurion and Healer","floor":26.0,"turns":12.0},{"damage":21.0,"enemies":"Snecko","floor":27.0,"turns":10.0},{"damage":41,"enemies":"Gremlin Leader","floor":29,"turns":5}],"seed_played":"8523717823293936927","potions_obtained":[{"floor":3.0,"key":"GamblersBrew"},{"floor":8.0,"key":"SpeedPotion"},{"floor":11.0,"key":"Block Potion"},{"floor":27.0,"key":"Elixir"}],"is_trial":false,"path_per_floor":["M","T","M","?","?","E","R","E","T","R","E","R","E","M","R","B",null,"M","M","?","$","M","R","PTL","PTL","M","M","T","E"],"character_chosen":"IRONCLAD","items_purchased":[],"campfire_rested":0,"item_purchase_floors":[],"current_hp_per_floor":[78,78,80,80,80,80,80,67,67,67,41,41,47,47,47,52,73,75,70,54,54,55,55,55,55,47,36,36,0,0],"gold":440,"neow_bonus":"THREE_ENEMY_KILL","is_daily":false,"chose_seed":false,"campfire_upgraded":5,"win_rate":0.0,"timestamp":1613651672,"path_taken":["M","?","?","?","?","E","R","E","T","R","E","R","E","M","R","BOSS","M","?","?","?","M","R","PTL","PTL","M","M","T","E"],"items_purchased_type":[],"build_version":"2020-12-22","purchased_purges":1,"victory":false,"max_hp_per_floor":[80,80,80,80,80,80,80,80,80,80,80,80,80,80,80,80,80,80,80,80,80,80,80,80,80,80,80,80,80,80],"card_choices":[{"not_picked":["Warcry","Run Through"],"picked":"Feel No Pain","floor":1.0},{"not_picked":["Seeing Red","Intimidate"],"picked":"Shrug It Off","floor":3.0},{"not_picked":["Capacitor","Anger"],"picked":"Beam Cell","floor":6.0},{"not_picked":["Disarm","WeaponsOverheat","Rebound"],"picked":"SKIP","floor":8.0},{"not_picked":["Pommel Strike","Clothesline"],"picked":"Mirror Shield","floor":11.0},{"not_picked":["Wild Strike","Bloodletting"],"picked":"Hologram","floor":13.0},{"not_picked":["ReplayTheSpireMod:Limb From Limb","Capacitor","Gash"],"picked":"SKIP","floor":14.0},{"not_picked":["Demon Form","Eclipse"],"picked":"Offering","floor":16.0},{"not_picked":["Reckless Charge+1","Rupture"],"picked":"Power Through+1","floor":18.0},{"not_picked":["Abandon","Heavy Blade","Shrug It Off"],"picked":"SKIP","floor":19.0},{"not_picked":["Uppercut","WeaponsOverheat+1"],"picked":"Armaments+1","floor":22.0},{"not_picked":["Sever Soul","Heavy Blade"],"picked":"Turbo","floor":26.0},{"not_picked":["Armaments","Hologram"],"picked":"Seeing Red","floor":27.0}],"player_experience":716744,"relics_obtained":[{"floor":2.0,"key":"Bottled Tornado"},{"floor":6.0,"key":"Regal Pillow"},{"floor":8.0,"key":"Oddly Smooth Stone"},{"floor":11.0,"key":"Happy Flower"},{"floor":13.0,"key":"Darkstone Periapt"},{"floor":20.0,"key":"Enchiridion"},{"floor":28.0,"key":"ReplayTheSpireMod:Shallot"}],"event_choices":[{"damage_healed":0.0,"max_hp_gain":0.0,"max_hp_loss":0.0,"gold_gain":0.0,"cards_transformed":["Strike_R"],"event_name":"Transmorgrifier","player_choice":"Transformed","floor":5.0,"gold_loss":0.0,"damage_taken":0.0,"cards_obtained":["Pummel"]},{"damage_healed":0.0,"max_hp_gain":0.0,"max_hp_loss":0.0,"gold_gain":0.0,"event_name":"Cursed Tome","player_choice":"Obtained Book","floor":20.0,"gold_loss":0.0,"damage_taken":16.0}],"is_beta":false,"boss_relics":[{"not_picked":["ReplayTheSpireMod:DimensionalGlitch","Tiny House"],"picked":"Ring of Chaos"}],"items_purged_floors":[21],"is_endless":false,"potions_floor_spawned":[3,8,11,13,19,27],"killed_by":"Gremlin Leader","ascension_level":10}}