{"host":"dlyy4wv9zatha4f7","time":1613661563,"event":{"mods":["BaseMod","Better Third Choice","Colored Map","GifTheSpireLib","Minty Spire (QoL Compilation)","Spicy Shops","StSLib","SuperFastMode","Unceasing Turn Reminder"],"gold_per_floor":[115,115,115,125,144,175,175,190,217,249,21,21,96,114,114,214,214,229,261,93,120,35,74,74,173,208,208,208,225,302,331,331,331,331],"floor_reached":33,"language":"ENG","playtime":1301,"items_purged":["Strike_P"],"score":546,"play_id":"58e21f09-7f77-4bf6-a40c-0ab2a2fd169a","local_time":"20210218171923","is_ascension_mode":true,"campfire_choices":[{"data":"CrushJoints","floor":7,"key":"SMITH"},{"data":"Eruption","floor":12,"key":"SMITH"},{"data":"CutThroughFate","floor":15,"key":"SMITH"},{"data":"Vengeance","floor":24,"key":"SMITH"},{"data":"Protect","floor":27,"key":"SMITH"},{"floor":32,"key":"REST"}],"circlet_count":0,"master_deck":["AscendersBane","Strike_P","Strike_P","Defend_P","Defend_P","Defend_P","Defend_P","Eruption+1","Vigilance","CrushJoints+1","DeceiveReality","Crescendo","CutThroughFate+1","FearNoEvil","CarveReality","MasterReality","Vengeance+1","Protect+1","Writhe","SignatureMove+1","Parasite","Pain"],"relics":["PureWater","Lantern","Boot","Ginger","Tiny Chest","HornCleat","Happy Flower","Cursed Key","Red Mask","CaptainsWheel","Centennial Puzzle","CeramicFish","Damaru","Toy Ornithopter","Yang","Omamori"],"acts_visited":["Exordium","TheCity"],"potions_floor_usage":[6,16,16,33],"damage_taken":[{"damage":0,"enemies":"2 Louse","floor":1,"turns":1},{"damage":2,"enemies":"Jaw Worm","floor":4,"turns":3},{"damage":0,"enemies":"Cultist","floor":5,"turns":2},{"damage":12,"enemies":"Gremlin Nob","floor":6,"turns":3},{"damage":3,"enemies":"Exordium Thugs","floor":8,"turns":3},{"damage":13,"enemies":"3 Sentries","floor":10,"turns":8},{"damage":0,"enemies":"3 Louse","floor":14,"turns":3},{"damage":0,"enemies":"Hexaghost","floor":16,"turns":5},{"damage":0,"enemies":"Chosen","floor":18,"turns":3},{"damage":5,"enemies":"Masked Bandits","floor":19,"turns":3},{"damage":21,"enemies":"Slavers","floor":23,"turns":5},{"damage":0,"enemies":"3 Byrds","floor":29,"turns":3},{"damage":5,"enemies":"Book of Stabbing","floor":31,"turns":4},{"damage":58,"enemies":"Champ","floor":33,"turns":6}],"seed_played":"-8650443848350617306","potions_obtained":[{"floor":4,"key":"FearPotion"},{"floor":5,"key":"CultistPotion"},{"floor":6,"key":"BottledMiracle"},{"floor":10,"key":"DuplicationPotion"},{"floor":29,"key":"Strength Potion"}],"is_trial":false,"path_per_floor":["M","?","T","M","M","E","R","M","T","E","$","R","?","M","R","B",null,"M","?","$","T","?","E","R","?","T","R","?","M","T","E","R","B"],"character_chosen":"WATCHER","items_purchased":["Happy Flower","Protect","CaptainsWheel"],"campfire_rested":1,"item_purchase_floors":[11,20,20],"current_hp_per_floor":[65,58,58,56,56,44,44,41,41,28,28,28,17,17,17,17,58,58,53,53,53,53,32,32,32,32,32,32,32,32,27,48,0,0],"gold":331,"neow_bonus":"RANDOM_COMMON_RELIC","is_daily":false,"chose_seed":false,"campfire_upgraded":5,"win_rate":0.0,"timestamp":1613661563,"path_taken":["M","?","?","M","?","E","R","M","T","E","?","R","?","M","R","BOSS","M","?","$","?","?","E","R","?","T","R","?","M","?","E","R","BOSS"],"items_purchased_type":["Relic","Card","Relic"],"build_version":"2020-12-22","purchased_purges":1,"victory":false,"max_hp_per_floor":[72,72,72,72,72,72,72,72,72,72,72,72,72,72,72,72,72,72,72,72,72,72,72,72,72,72,72,72,72,72,72,72,72,72],"card_choices":[{"not_picked":["Consecrate","JustLucky"],"picked":"CrushJoints","floor":1},{"not_picked":["Fasting2","Collect"],"picked":"DeceiveReality","floor":4},{"not_picked":["Halt","EmptyBody"],"picked":"Crescendo","floor":5},{"not_picked":["Indignation","PathToVictory"],"picked":"CutThroughFate","floor":6},{"not_picked":["FlurryOfBlows","ClearTheMind"],"picked":"FearNoEvil","floor":8},{"not_picked":["Halt","Brilliance","CutThroughFate"],"picked":"SKIP","floor":10},{"not_picked":["FlurryOfBlows","Swivel"],"picked":"CarveReality","floor":14},{"not_picked":["Omniscience","DeusExMachina"],"picked":"MasterReality","floor":16},{"not_picked":["Consecrate","EmptyBody","CrushJoints"],"picked":"SKIP","floor":18},{"not_picked":["Halt","Wallop"],"picked":"Vengeance","floor":19},{"not_picked":["BowlingBash","Evaluate"],"picked":"SignatureMove+1","floor":23},{"not_picked":["FlurryOfBlows","Indignation","JustLucky+1"],"picked":"SKIP","floor":29},{"not_picked":["Indignation","Halt","ClearTheMind+1"],"picked":"SKIP","floor":31}],"player_experience":2295137,"relics_obtained":[{"floor":3,"key":"Boot"},{"floor":6,"key":"Ginger"},{"floor":9,"key":"Tiny Chest"},{"floor":10,"key":"HornCleat"},{"floor":19,"key":"Red Mask"},{"floor":21,"key":"Centennial Puzzle"},{"floor":23,"key":"Damaru"},{"floor":26,"key":"Toy Ornithopter"},{"floor":30,"key":"Yang"},{"floor":31,"key":"Omamori"}],"event_choices":[{"cards_removed":["Strike_P"],"damage_healed":0,"gold_gain":0,"player_choice":"Card Removal","damage_taken":7,"max_hp_gain":0,"max_hp_loss":0,"event_name":"Golden Wing","floor":2,"gold_loss":0},{"damage_healed":0,"gold_gain":75,"player_choice":"Gold","damage_taken":11,"max_hp_gain":0,"max_hp_loss":0,"event_name":"betterThird:BetterGoop","floor":13,"gold_loss":0},{"damage_healed":0,"gold_gain":0,"player_choice":"Fought Bandits","damage_taken":0,"max_hp_gain":0,"max_hp_loss":0,"event_name":"Masked Bandits","floor":19,"gold_loss":0},{"damage_healed":0,"gold_gain":0,"player_choice":"Obtained Relic","damage_taken":0,"relics_obtained":["CeramicFish"],"max_hp_gain":0,"max_hp_loss":0,"event_name":"Addict","floor":22,"gold_loss":85},{"damage_healed":0,"gold_gain":99,"player_choice":"Steal","damage_taken":0,"max_hp_gain":0,"max_hp_loss":0,"event_name":"betterThird:BetterNest","floor":25,"gold_loss":0},{"damage_healed":0,"gold_gain":0,"player_choice":"Ignored","damage_taken":0,"max_hp_gain":0,"max_hp_loss":0,"event_name":"Vampires","floor":28,"gold_loss":0}],"is_beta":false,"boss_relics":[{"not_picked":["Busted Crown","Fusion Hammer"],"picked":"Cursed Key"}],"items_purged_floors":[11],"is_endless":false,"potions_floor_spawned":[4,5,6,10,29],"killed_by":"Champ","ascension_level":10}}