{"host":"p0vwcc4jwwlf90es","time":1613619812,"event":{"mods":["AchievementEnabler","Act Like it!","Arknights","BaseMod","Bestiary","Colored Map","Colored Powertips","DeckTracker","Duelist Mod","Highlight Path","Infinite Spire","Koishi","Mad Scientist","Marisa????????","Minty Spire (QoL Compilation)","Relic Sorter","StSLib","Synergy Search","The Administrix","The Animator","The Bladedancer","The Mystic","The Servant 0.9.4","The Wild Card"],"gold_per_floor":[117,117,135,145,173,173,138,163,163,163,177,177,102,112,112,227,227,244,244,267,267,286,286,196,229,279,295,313,313,327,338,338,439,439,478,142,152,162,162,162,162],"floor_reached":40,"language":"ENG","playtime":5485,"items_purged":["animator:Strike","animator:Strike"],"score":433,"play_id":"9ef4f6eb-ed64-44bf-ba5c-003db2abb02f","local_time":"20210218014332","is_ascension_mode":true,"campfire_choices":[{"floor":6,"key":"REST"},{"data":"animator:Demiurge","floor":10,"key":"SMITH"},{"data":"animator:Tatsumaki","floor":15,"key":"SMITH"},{"data":"animator:Arpeggio","floor":23,"key":"SMITH"},{"data":"animator:NarberalGamma","floor":29,"key":"SMITH"},{"data":"animator:NarberalGamma","floor":32,"key":"SMITH"}],"circlet_count":0,"master_deck":["animator:Strike_Overlord","animator:Defend_Overlord","animator:Defend","animator:Defend","animator:Defend","animator:Cocytus","animator:Demiurge+1","animator:Cocytus","animator:Tatsumaki+1","animator:Arpeggio+1","animator:NarberalGamma+1","animator:NarberalGamma+1","Parasite","animator:Sebas","animator:Ainz","animator:PandorasActor","infinitespire:Starlight+1","animator:Priestess+1","animator:SwordMaiden","animator:YaoHaDucy+1","animator:Sonic","animator:MetalKnight+1","animator:ItamiYouji","animator:Shalltear","animator:MisaKurobane","animator:Entoma+1","animator:SwordMaiden"],"relics":["animator:LivingPicture","animator:TheMissingPiece","Sundial","Pantograph","infinitespire:Cupcake","Philosopher\u0027s Stone","Art of War","Oddly Smooth Stone","Sozu","ClockworkSouvenir"],"acts_visited":["Exordium","TheCity","TheBeyond"],"potions_floor_usage":[11,16,31,38],"damage_taken":[{"damage":14,"enemies":"Jaw Worm","floor":1,"turns":5},{"damage":5,"enemies":"ats:Genji","floor":3,"turns":3},{"damage":9,"enemies":"2 Louse","floor":4,"turns":3},{"damage":25,"enemies":"Exordium Wildlife","floor":5,"turns":4},{"damage":34,"enemies":"Lagavulin","floor":8,"turns":6},{"damage":11,"enemies":"Blue Slaver","floor":11,"turns":4},{"damage":8,"enemies":"2 Fungi Beasts","floor":14,"turns":3},{"damage":64,"enemies":"Hexaghost","floor":16,"turns":10},{"damage":20,"enemies":"Spheric Guardian","floor":18,"turns":4},{"damage":30,"enemies":"2 Thieves","floor":20,"turns":3},{"damage":8,"enemies":"Chosen and Byrds","floor":22,"turns":4},{"damage":15,"enemies":"Gremlin Leader","floor":25,"turns":5},{"damage":2,"enemies":"Cultist and Chosen","floor":27,"turns":4},{"damage":31,"enemies":"Snecko","floor":28,"turns":6},{"damage":11,"enemies":"Centurion and Healer","floor":30,"turns":5},{"damage":16,"enemies":"Snake Plant","floor":31,"turns":6},{"damage":25,"enemies":"Automaton","floor":33,"turns":8},{"damage":31,"enemies":"3 Darklings","floor":35,"turns":4},{"damage":15,"enemies":"Orb Walker","floor":37,"turns":4},{"damage":33,"enemies":"Transient","floor":38,"turns":5},{"damage":34,"enemies":"Giant Head","floor":40,"turns":7}],"seed_played":"4873941545086383819","potions_obtained":[{"floor":2,"key":"GamblersBrew"},{"floor":2,"key":"PowerPotion"},{"floor":2,"key":"Swift Potion"},{"floor":8,"key":"FairyPotion"},{"floor":11,"key":"Ancient Potion"},{"floor":16,"key":"Explosive Potion"},{"floor":18,"key":"SkillPotion"}],"is_trial":false,"path_per_floor":["M","?","M","M","M","R","?","E","T","R","M","?","$","M","R","B",null,"M","AVR","M","?","M","R","?","E","T","M","M","R","M","M","R","B",null,"M","$","M","M","?","E"],"character_chosen":"THE_ANIMATOR","items_purchased":["ClockworkSouvenir","animator:MisaKurobane"],"campfire_rested":1,"item_purchase_floors":[36,36],"current_hp_per_floor":[58,58,53,44,19,40,58,24,24,24,13,31,31,24,24,9,73,54,54,34,34,37,37,37,37,37,50,34,34,38,37,37,50,75,44,44,46,13,13,0,0],"gold":162,"neow_bonus":"TEN_PERCENT_HP_BONUS","is_daily":false,"chose_seed":false,"campfire_upgraded":5,"win_rate":0.0,"timestamp":1613619812,"path_taken":["M","?","M","M","?","R","?","E","T","R","M","?","?","M","R","BOSS","M","AVR","M","?","M","R","?","E","T","M","M","R","?","M","R","BOSS","M","$","M","M","?","E"],"items_purchased_type":["Relic","Card"],"build_version":"2020-12-22","purchased_purges":2,"victory":false,"max_hp_per_floor":[72,72,72,72,72,72,72,72,72,72,72,72,72,73,73,73,73,74,74,74,74,75,75,75,75,75,75,75,75,75,75,75,75,75,75,75,77,77,77,77,77],"card_choices":[{"not_picked":["animator:DolaSchwi","animator:LeleiLaLalena"],"picked":"animator:Cocytus","floor":1},{"not_picked":["animator:LizardPriest","animator:Kuribayashi"],"picked":"animator:Tatsumaki","floor":3},{"not_picked":["animator:Mikaela","animator:DolaRiku"],"picked":"animator:Arpeggio","floor":4},{"not_picked":["animator:PandorasActor","animator:Demiurge"],"picked":"animator:NarberalGamma","floor":5},{"not_picked":["animator:GuildGirl","animator:RoryMercury"],"picked":"animator:NarberalGamma","floor":8},{"not_picked":["animator:DwarfShaman","animator:Mitsuba","animator:Spearman"],"picked":"SKIP","floor":11},{"not_picked":["animator:IzunaHatsuse","animator:Entoma"],"picked":"animator:Sebas","floor":14},{"not_picked":["animator:Eve","animator:PinaCoLada"],"picked":"animator:Ainz","floor":16},{"not_picked":["animator:NarberalGamma","animator:Cocytus"],"picked":"animator:PandorasActor","floor":18},{"not_picked":["animator:Demiurge","animator:Tyuule"],"picked":"animator:Priestess+1","floor":20},{"not_picked":["animator:Lu","animator:Tatsumaki+1"],"picked":"animator:SwordMaiden","floor":22},{"not_picked":["animator:Priestess+1","animator:Elsword"],"picked":"animator:YaoHaDucy+1","floor":25},{"not_picked":["animator:Yoichi","animator:Demiurge+1"],"picked":"animator:Sonic","floor":28},{"not_picked":["animator:Raven+1","animator:Shigure+1","animator:SilverFang"],"picked":"SKIP","floor":30},{"not_picked":["animator:GoblinSlayer","animator:CowGirl+1"],"picked":"animator:MetalKnight+1","floor":31},{"not_picked":["animator:GoblinSlayer","animator:Eve"],"picked":"animator:ItamiYouji","floor":33},{"not_picked":["animator:Entoma","animator:Demiurge"],"picked":"animator:Shalltear","floor":35},{"not_picked":["animator:Mikaela+1","animator:Witch"],"picked":"animator:Entoma+1","floor":37},{"not_picked":["animator:Shinoa+1","animator:Yuuichirou"],"picked":"animator:SwordMaiden","floor":38}],"player_experience":484949,"relics_obtained":[{"floor":8,"key":"Sundial"},{"floor":9,"key":"Pantograph"},{"floor":25,"key":"Art of War"},{"floor":26,"key":"Oddly Smooth Stone"}],"event_choices":[{"damage_healed":0,"gold_gain":0,"player_choice":"Got Potions","damage_taken":0,"max_hp_gain":0,"max_hp_loss":0,"event_name":"Lab","floor":2,"gold_loss":0},{"damage_healed":18,"gold_gain":0,"player_choice":"Healed","damage_taken":0,"max_hp_gain":0,"max_hp_loss":0,"event_name":"The Cleric","floor":7,"gold_loss":35},{"damage_healed":18,"gold_gain":0,"player_choice":"Healed and dodged fight","damage_taken":0,"max_hp_gain":0,"max_hp_loss":0,"event_name":"Mushrooms","floor":12,"gold_loss":0,"cards_obtained":["Parasite"]},{"damage_healed":0,"gold_gain":0,"player_choice":"Ignored","damage_taken":0,"max_hp_gain":0,"max_hp_loss":0,"event_name":"Cursed Tome","floor":21,"gold_loss":0},{"cards_removed":["animator:Strike"],"damage_healed":0,"gold_gain":0,"player_choice":"Upgrade and Remove","damage_taken":0,"max_hp_gain":0,"max_hp_loss":0,"event_name":"Designer","floor":24,"gold_loss":90,"cards_upgraded":["infinitespire:Starlight"]}],"is_beta":false,"boss_relics":[{"not_picked":["Velvet Choker","animator:CrumblingOrb"],"picked":"infinitespire:Cupcake"},{"not_picked":["Astrolabe","SlaversCollar"],"picked":"Sozu"}],"items_purged_floors":[13,36],"is_endless":false,"potions_floor_spawned":[5,8,11,14,16,18,28,30,37,38],"killed_by":"Giant Head","ascension_level":1}}