{"host":"6bsan6hkua32tfq7","time":1613690268,"event":{"mods":["BaseMod","Better Third Choice","Colored Map","Highlight Path","Minty Spire (QoL Compilation)","StSLib"],"gold_per_floor":[118,118,43,43,61,91,91,116,116,30,46,46,46,65,65,65,65],"floor_reached":16,"language":"ENG","playtime":339,"items_purged":["Strike_R"],"score":266,"play_id":"fc605224-27e1-43ca-a7dd-e8f30e9bd507","local_time":"20210219001748","is_ascension_mode":true,"campfire_choices":[{"data":"1","floor":7,"key":"LIFT"},{"data":"2","floor":13,"key":"LIFT"},{"data":"3","floor":15,"key":"LIFT"}],"circlet_count":0,"master_deck":["AscendersBane","Strike_R","Strike_R","Strike_R+1","Strike_R","Defend_R","Defend_R+1","Defend_R","Bash","Intimidate","Burning Pact","Metallicize","Havoc","True Grit"],"relics":["Burning Blood","NeowsBlessing","Girya","Charon\u0027s Ashes","Kunai"],"acts_visited":["Exordium"],"potions_floor_usage":[8,16],"damage_taken":[{"damage":0,"enemies":"Jaw Worm","floor":1,"turns":1},{"damage":0,"enemies":"Cultist","floor":5,"turns":1},{"damage":0,"enemies":"3 Sentries","floor":6,"turns":2},{"damage":46,"enemies":"Lagavulin","floor":8,"turns":9},{"damage":0,"enemies":"Small Slimes","floor":11,"turns":3},{"damage":3,"enemies":"Red Slaver","floor":14,"turns":3},{"damage":35,"enemies":"Slime Boss","floor":16,"turns":7}],"seed_played":"-4506160197467980762","potions_obtained":[{"floor":5,"key":"HeartOfIron"},{"floor":8,"key":"SmokeBomb"},{"floor":11,"key":"Dexterity Potion"},{"floor":14,"key":"BlessingOfTheForge"}],"is_trial":false,"path_per_floor":["M","?","$","?","M","E","R","E","T","$","M","?","R","M","R","B"],"character_chosen":"IRONCLAD","items_purchased":["Metallicize"],"campfire_rested":0,"item_purchase_floors":[10],"current_hp_per_floor":[74,51,51,51,57,63,63,23,23,23,29,29,29,32,32,0,0],"gold":65,"neow_bonus":"THREE_ENEMY_KILL","is_daily":false,"chose_seed":false,"campfire_upgraded":0,"win_rate":0.0,"timestamp":1613690268,"path_taken":["M","?","$","?","M","E","R","E","T","?","?","?","R","M","R","BOSS"],"items_purchased_type":["Card"],"build_version":"2020-12-22","purchased_purges":1,"victory":false,"max_hp_per_floor":[75,75,75,75,75,75,75,75,75,75,75,75,75,75,75,75,75],"card_choices":[{"not_picked":["Clash","Bloodletting","Iron Wave"],"picked":"SKIP","floor":1},{"not_picked":["Warcry","Shrug It Off","Flame Barrier"],"picked":"SKIP","floor":5},{"not_picked":["Iron Wave","Inflame"],"picked":"Intimidate","floor":6},{"not_picked":["Pommel Strike","Rage"],"picked":"Burning Pact","floor":8},{"not_picked":["Havoc","Second Wind","Bloodletting"],"picked":"SKIP","floor":11},{"not_picked":["Second Wind","Bloodletting"],"picked":"Havoc","floor":11},{"not_picked":["Headbutt","Body Slam"],"picked":"True Grit","floor":14}],"player_experience":5441665,"relics_obtained":[{"floor":6,"key":"Girya"},{"floor":8,"key":"Charon\u0027s Ashes"},{"floor":9,"key":"Kunai"}],"event_choices":[{"damage_healed":74,"gold_gain":0,"player_choice":"Upgrade","damage_taken":23,"max_hp_gain":0,"max_hp_loss":75,"event_name":"betterThird:BetterShining","floor":2,"gold_loss":0,"cards_upgraded":["Strike_R","Defend_R"]},{"damage_healed":0,"gold_gain":0,"player_choice":"Ignored","damage_taken":43,"max_hp_gain":0,"max_hp_loss":0,"event_name":"betterThird:BetterSerpent","floor":4,"gold_loss":0},{"cards_removed":["Defend_R"],"damage_healed":0,"gold_gain":0,"player_choice":"Forget","damage_taken":0,"max_hp_gain":0,"max_hp_loss":0,"event_name":"Living Wall","floor":12,"gold_loss":0}],"is_beta":false,"boss_relics":[],"items_purged_floors":[3],"is_endless":false,"potions_floor_spawned":[5,8,11,14],"killed_by":"Slime Boss","ascension_level":20}}