{"host":"2q4w55ev63ot6isg","time":1613639600,"event":{"mods":["Aspiration","BaseMod","Downfall","Hubris","Marisa????????","Minty Spire (QoL Compilation)","Replay The Spire","StSLib","The Cursed","The Jungle","The Servant 0.9.4"],"gold_per_floor":[162,178,278,57,76,90,117,135,135,135,165,165,184,215,226,326,326,326,345,363,18,33,33,33,63,136,136,71,86,86,114,126,126,126,126],"floor_reached":33,"language":"ENG","playtime":1480,"items_purged":["Slimebound:Strike_Slimebound","ReplayTheSpireMod:Splinters"],"score":287,"play_id":"eabfff8f-6d16-4d92-8b26-65eca4788f3c","local_time":"20210218011320","is_ascension_mode":false,"campfire_choices":[{"data":"Slimebound:SelfFormingGoo","floor":9,"key":"SMITH"},{"data":"Slimebound:Strike_Slimebound","floor":18,"key":"PURGE"},{"data":"expansioncontent:StudyTheSpire","floor":23,"key":"SMITH"},{"data":"Slimebound:Teamwork","floor":27,"key":"SMITH"},{"floor":30,"key":"REST"}],"circlet_count":0,"master_deck":["Slimebound:Tackle","Slimebound:Defend_Slimebound","Slimebound:Defend_Slimebound","Slimebound:Defend_Slimebound","Slimebound:Defend_Slimebound","Slimebound:Split","Slimebound:CorrosiveSpit","AbeCurse","Slimebound:SlimeTap","Slimebound:SelfFormingGoo+1","Slimebound:FormOfPuddle+1","Slimebound:DisruptingSlam","Slimebound:SlimeSpikes","Slimebound:Schlurp","Slimebound:SplitSpecialist","Slimebound:SplitAcid","Slimebound:Darklings","Slimebound:SlimeBrawl","Slimebound:SplitBruiser","Slimebound:LevelUp","Slimebound:Repurpose","Slimebound:Repurpose","expansioncontent:StudyTheSpire+1","Slimebound:SplitLeeching","Slimebound:Teamwork+1","Slimebound:SplitBruiser","Slimebound:LeadByExample+1","Slimebound:SplitMire","Slimebound:SplitAcid","Slimebound:LevelUp+1"],"relics":["Abe\u0027s Treasure","Tiny Chest","Smiling Mask","champ:DuelingGlove","Replay:Wax Seal","Chameleon Ring","Runic Pyramid","Gremlin Horn","ReplayTheSpireMod:Shallot","Nunchaku"],"acts_visited":["Exordium","TheCity"],"potions_floor_usage":[15,25,31,32,33],"damage_taken":[{"damage":1,"enemies":"Small Slimes","floor":2,"turns":3},{"damage":3,"enemies":"downfall:FleeingMerchant","floor":4,"turns":4},{"damage":3,"enemies":"Cultist","floor":5,"turns":4},{"damage":0,"enemies":"2 Louse","floor":6,"turns":2},{"damage":5,"enemies":"2 Fungi Beasts","floor":8,"turns":4},{"damage":0,"enemies":"3 Louse","floor":13,"turns":2},{"damage":34,"enemies":"Gremlin Nob","floor":14,"turns":6},{"damage":0,"enemies":"Gremlin Gang","floor":15,"turns":1},{"damage":4,"enemies":"SI_SHIV_ARCHETYPE","floor":16,"turns":8},{"damage":0,"enemies":"Chosen","floor":19,"turns":5},{"damage":0,"enemies":"Spheric Guardian","floor":20,"turns":4},{"damage":0,"enemies":"downfall:FleeingMerchant","floor":21,"turns":4},{"damage":0,"enemies":"Snecko","floor":22,"turns":4},{"damage":24,"enemies":"Slavers","floor":25,"turns":5},{"damage":0,"enemies":"downfall:FleeingMerchant","floor":28,"turns":4},{"damage":5,"enemies":"Centurion and Healer","floor":29,"turns":4},{"damage":9,"enemies":"Book of Stabbing","floor":31,"turns":6},{"damage":5,"enemies":"Snake Plant","floor":32,"turns":3},{"damage":41,"enemies":"IC_MUSHROOM_ARCHETYPE","floor":33,"turns":6}],"seed_played":"2679595419989184986","potions_obtained":[{"floor":5,"key":"Energy Potion"},{"floor":8,"key":"Explosive Potion"},{"floor":14,"key":"Energy Potion"},{"floor":22,"key":"SteroidPotion"},{"floor":26,"key":"SpeedPotion"},{"floor":29,"key":"PowerPotion"},{"floor":32,"key":"ColorlessPotion"}],"is_trial":false,"path_per_floor":["R","M","?","$","M","M","T","M","R","?","?","T","M","E","M","B",null,"R","M","M","$","M","R","T","E","?","R","$","M","R","E","M","B"],"character_chosen":"SLIMEBOUND","items_purchased":["Tiny Chest","Slimebound:FormOfPuddle+1","Slimebound:Repurpose","expansioncontent:StudyTheSpire","Slimebound:SplitLeeching"],"campfire_rested":1,"item_purchase_floors":[4,4,21,21,21],"current_hp_per_floor":[65,64,64,61,58,58,58,53,53,53,53,53,53,19,19,15,65,65,65,65,65,65,65,65,41,41,41,41,36,55,46,41,0,0,0],"gold":126,"neow_bonus":"BOSS_RELIC","is_daily":false,"chose_seed":false,"campfire_upgraded":3,"win_rate":0.0,"timestamp":1613639600,"path_taken":["R","M","?","$","M","M","T","?","R","?","?","?","M","E","M","BOSS","R","M","M","$","M","R","T","E","?","R","$","M","R","E","M","BOSS"],"items_purchased_type":["Relic","Card","Card","Card","Card"],"build_version":"2020-12-22","purchased_purges":2,"victory":false,"max_hp_per_floor":[65,65,65,65,65,65,65,65,65,65,65,65,65,65,65,65,65,65,65,65,65,65,65,65,65,65,65,65,65,65,65,65,65,65,65],"card_choices":[{"not_picked":["Slimebound:SplitLeeching","Slimebound:GrowthPunch"],"picked":"Slimebound:SlimeTap","floor":2},{"not_picked":["Slimebound:LevelUp","Slimebound:ProtectTheBoss"],"picked":"Slimebound:SelfFormingGoo","floor":4},{"not_picked":["Slimebound:Dissolve","Slimebound:GoopTackle"],"picked":"Slimebound:DisruptingSlam","floor":5},{"not_picked":["Slimebound:DisruptingSlam","Slimebound:Recollect"],"picked":"Slimebound:SlimeSpikes","floor":6},{"not_picked":["Slimebound:SlimeSpikes","Slimebound:FinishingTackle"],"picked":"Slimebound:Schlurp","floor":8},{"not_picked":["Slimebound:SplitAcid","Slimebound:RejuvenatingLick"],"picked":"Slimebound:SplitSpecialist","floor":13},{"not_picked":["Slimebound:FlameTackle","Slimebound:SpikyOuterGoop","Slimebound:Chomp"],"picked":"SKIP","floor":14},{"not_picked":["Slimebound:GoopSpray","Slimebound:SlimeBrawl"],"picked":"Slimebound:SplitAcid","floor":15},{"not_picked":["Slimebound:MassFeed","Slimebound:MinionMaster"],"picked":"Slimebound:Darklings","floor":16},{"not_picked":["Slimebound:RejuvenatingLick+1","Slimebound:SlimeTap"],"picked":"Slimebound:SlimeBrawl","floor":19},{"not_picked":["Slimebound:SplitMire","Slimebound:SplitAcid"],"picked":"Slimebound:SplitBruiser","floor":20},{"not_picked":["Slimebound:Recollect+1","Slimebound:FinishingTackle"],"picked":"Slimebound:LevelUp","floor":21},{"not_picked":["Slimebound:RainOfGoop","Slimebound:LeechingTouch","Slimebound:SpikyOuterGoop+1"],"picked":"SKIP","floor":22},{"not_picked":["Slimebound:BestDefense","Slimebound:MegaLick"],"picked":"Slimebound:Teamwork","floor":25},{"not_picked":["Slimebound:Schlurp","Slimebound:ItLooksTasty+1"],"picked":"Slimebound:SplitBruiser","floor":26},{"not_picked":["Slimebound:SplitAcid","Slimebound:Grow"],"picked":"Slimebound:LeadByExample+1","floor":28},{"not_picked":["Slimebound:Replication","Slimebound:SamplingLick"],"picked":"Slimebound:SplitMire","floor":29},{"not_picked":["Slimebound:RollThrough","Slimebound:LeechEnergy"],"picked":"Slimebound:SplitAcid","floor":31},{"not_picked":["Slimebound:Prepare","Slimebound:MegaLick"],"picked":"Slimebound:LevelUp+1","floor":32}],"player_experience":259659,"relics_obtained":[{"floor":7,"key":"Smiling Mask"},{"floor":12,"key":"Replay:Wax Seal"},{"floor":14,"key":"Chameleon Ring"},{"floor":24,"key":"Gremlin Horn"},{"floor":25,"key":"ReplayTheSpireMod:Shallot"},{"floor":31,"key":"Nunchaku"}],"event_choices":[{"cards_removed":["Slimebound:Strike_Slimebound"],"damage_healed":0,"gold_gain":0,"player_choice":"Card Removal","damage_taken":0,"max_hp_gain":0,"max_hp_loss":0,"event_name":"The Cleric","floor":10,"gold_loss":0}],"is_beta":false,"boss_relics":[{"not_picked":["hubris:ScarierMask","hubris:HollowSoul"],"picked":"Runic Pyramid"}],"items_purged_floors":[21,28],"is_endless":false,"potions_floor_spawned":[5,8,14,22,29,32],"killed_by":"IC_MUSHROOM_ARCHETYPE","ascension_level":0}}