{"host":"aapp7ew3jk5k1bvd","time":1613649653,"event":{"mods":["AchievementEnabler","BaseMod","Colored Map","Custom Start","Keyboard Shortcuts","Minty Spire (QoL Compilation)","Permanent Neow","Quick Restart","StSLib","SuperFastMode"],"gold_per_floor":[114,64,83,83,103,103,28,42,42,66,135,135,135,60,60,60,60],"floor_reached":16,"language":"KOR","playtime":410,"items_purged":["Strike_G"],"score":117,"play_id":"f6265f11-9cc6-4e71-b697-fa5296de32e5","local_time":"20210218210053","is_ascension_mode":true,"campfire_choices":[{"data":"Bouncing Flask","floor":6,"key":"SMITH"},{"floor":12,"key":"REST"},{"floor":15,"key":"REST"}],"circlet_count":0,"master_deck":["Defend_G","Defend_G","Defend_G","Defend_G","Defend_G","Survivor","Neutralize","Bouncing Flask+1","Well Laid Plans","Crippling Poison","Bane","Poisoned Stab","Slice","Catalyst"],"relics":["Ring of the Snake","Golden Idol","Blue Candle","Lantern"],"acts_visited":["Exordium"],"potions_floor_usage":[],"damage_taken":[{"damage":0,"enemies":"Jaw Worm","floor":1,"turns":4},{"damage":2,"enemies":"Small Slimes","floor":3,"turns":6},{"damage":0,"enemies":"Cultist","floor":5,"turns":3},{"damage":6,"enemies":"3 Louse","floor":8,"turns":4},{"damage":3,"enemies":"Looter","floor":10,"turns":4},{"damage":28,"enemies":"3 Sentries","floor":11,"turns":11},{"damage":23,"enemies":"Slime Boss","floor":16,"turns":5}],"seed_played":"6996519856239918575","potions_obtained":[{"floor":10,"key":"ColorlessPotion"},{"floor":11,"key":"AttackPotion"}],"is_trial":false,"path_per_floor":["M","?","M","?","M","R","$","M","T","M","?","R","?","$","R","B"],"character_chosen":"THE_SILENT","items_purchased":["Catalyst"],"campfire_rested":2,"item_purchase_floors":[14],"current_hp_per_floor":[63,63,61,46,46,46,46,40,40,37,9,27,27,27,45,22,22],"gold":60,"neow_bonus":"TRANSFORM_TWO_CARDS","is_daily":false,"chose_seed":false,"campfire_upgraded":1,"win_rate":0.0,"timestamp":1613649653,"path_taken":["M","?","M","?","M","R","$","M","T","M","?","R","?","$","R","BOSS"],"items_purchased_type":["Card"],"build_version":"2020-12-22","purchased_purges":1,"victory":false,"max_hp_per_floor":[63,63,63,63,63,63,63,63,63,63,63,63,63,63,63,63,63],"card_choices":[{"not_picked":["Dodge and Roll","Slice","Dagger Throw"],"picked":"SKIP","floor":1},{"not_picked":["Prepared","Deflect","Outmaneuver"],"picked":"SKIP","floor":3},{"not_picked":["Expertise","Dodge and Roll"],"picked":"Crippling Poison","floor":5},{"not_picked":["Prepared","Sucker Punch","Tools of the Trade"],"picked":"SKIP","floor":8},{"not_picked":["Prepared","Deflect"],"picked":"Bane","floor":10},{"not_picked":["Deflect","Footwork"],"picked":"Poisoned Stab","floor":11}],"player_experience":1028432,"relics_obtained":[{"floor":9,"key":"Blue Candle"},{"floor":11,"key":"Lantern"}],"event_choices":[{"cards_removed":["Strike_G"],"damage_healed":0,"gold_gain":0,"player_choice":"Card Removal","damage_taken":0,"max_hp_gain":0,"max_hp_loss":0,"event_name":"The Cleric","floor":2,"gold_loss":50},{"damage_healed":0,"gold_gain":0,"player_choice":"Take Damage","damage_taken":15,"relics_obtained":["Golden Idol"],"max_hp_gain":0,"max_hp_loss":0,"event_name":"Golden Idol","floor":4,"gold_loss":0},{"damage_healed":0,"gold_gain":30,"player_choice":"Searched \u00272\u0027 times","damage_taken":0,"max_hp_gain":0,"max_hp_loss":0,"event_name":"Dead Adventurer","floor":11,"gold_loss":0},{"damage_healed":0,"gold_gain":0,"cards_transformed":["Strike_G"],"player_choice":"Transformed","damage_taken":0,"max_hp_gain":0,"max_hp_loss":0,"event_name":"Transmorgrifier","floor":13,"gold_loss":0,"cards_obtained":["Slice"]}],"is_beta":false,"boss_relics":[],"items_purged_floors":[7],"is_endless":false,"potions_floor_spawned":[10,11],"killed_by":"Slime Boss","ascension_level":6}}