{"host":"bx8e8mpro7fea2qq","time":1613665814,"event":{"mods":["BaseMod","Better Third Choice","Colored Map","Hermit","Marisa????????","Minty Spire (QoL Compilation)","Rare Cards Sparkle","Reliquary","StSLib","The Bug Knight","The Cursed","The Servant 0.9.4"],"gold_per_floor":[119,119,119,119,137,137,148,178,205,205,15,32,48,61,61,164,164,184,199,43,142,142,73,73,92,92,38,58,58,85,85,85],"floor_reached":31,"language":"ENG","playtime":2644,"items_purged":[],"score":254,"play_id":"b980fc2d-d905-450b-a816-86efd90a7202","local_time":"20210218103014","is_ascension_mode":false,"campfire_choices":[{"data":"TheCursedMod:CursedShiv","floor":6,"key":"SMITH"},{"floor":10,"key":"REST"},{"data":"TheCursedMod:Strike_TheCursed","floor":15,"key":"SMITH"},{"floor":24,"key":"REST"}],"circlet_count":0,"master_deck":["TheCursedMod:Strike_TheCursed+1","TheCursedMod:Strike_TheCursed","TheCursedMod:Strike_TheCursed","TheCursedMod:Strike_TheCursed","TheCursedMod:Defend_TheCursed","TheCursedMod:Defend_TheCursed","TheCursedMod:Defend_TheCursed","TheCursedMod:Defend_TheCursed","TheCursedMod:CursedWand+1","TheCursedMod:CleanUpWorkshop","TheCursedMod:TroublousMinions+1","TheCursedMod:CursedShiv+1","TheCursedMod:SpitefulStrike","TheCursedMod:StunningStrike","TheCursedMod:AbyssShockwave+1","TheCursedMod:Stretching+1","TheCursedMod:RapidMovement","TheCursedMod:Obscuration","TheCursedMod:DemonSword","TheCursedMod:TacticalStrike+1","TheCursedMod:SurpriseAttack","TheCursedMod:SmokeScreen","TheCursedMod:Stigma","TheCursedMod:Hemoplague","TheCursedMod:CursedAmulet+1","TheCursedMod:WearCloak","TheCursedMod:TacticalStrike","TheCursedMod:Torture","TheCursedMod:Stigma","TheCursedMod:WearCloak","TheCursedMod:Obscuration+1","Decay","TheCursedMod:SurpriseAttack"],"relics":["TheCursedMod:BlackMagic101","NeowsBlessing","Strawberry","reliquary:RedPaperclip","Orrery","Spirit Poop","Question Card","HollowMod:PaleOreRelic"],"acts_visited":["Exordium","TheCity"],"potions_floor_usage":[16,16,16,30],"damage_taken":[{"damage":0,"enemies":"Cultist","floor":1,"turns":1},{"damage":0,"enemies":"Small Slimes","floor":5,"turns":1},{"damage":0,"enemies":"2 Louse","floor":7,"turns":1},{"damage":13,"enemies":"3 Sentries","floor":8,"turns":10},{"damage":0,"enemies":"Gremlin Gang","floor":12,"turns":1},{"damage":0,"enemies":"Lots of Slimes","floor":13,"turns":3},{"damage":0,"enemies":"2 Fungi Beasts","floor":14,"turns":2},{"damage":32,"enemies":"The Guardian","floor":16,"turns":14},{"damage":13,"enemies":"2 Thieves","floor":18,"turns":5},{"damage":0,"enemies":"Spheric Guardian","floor":19,"turns":3},{"damage":11,"enemies":"Snecko","floor":25,"turns":5},{"damage":38,"enemies":"Centurion and Healer","floor":28,"turns":11},{"damage":22,"enemies":"HollowMod:Nosk","floor":30,"turns":8},{"damage":15,"enemies":"Sentry and Sphere","floor":31,"turns":3}],"seed_played":"3197359006782129152","potions_obtained":[{"floor":1,"key":"Weak Potion"},{"floor":7,"key":"SteroidPotion"},{"floor":13,"key":"EssenceOfSteel"},{"floor":18,"key":"Energy Potion"}],"is_trial":false,"path_per_floor":["M","?","?","?","M","R","M","E","T","R","$","M","M","M","R","B",null,"M","M","$","?","?","$","R","M","T","$","M","?","E","M"],"character_chosen":"THE_CURSED","items_purchased":["TheCursedMod:Tack","TheCursedMod:AbyssShockwave","Orrery","TheCursedMod:TacticalStrike","TheCursedMod:Torture","TheCursedMod:WearCloak"],"campfire_rested":2,"item_purchase_floors":[11,11,20,23,23,27],"current_hp_per_floor":[75,60,60,60,60,60,60,47,54,78,78,78,78,78,78,46,82,69,69,69,69,69,69,82,71,71,71,33,33,11,0,0],"gold":85,"neow_bonus":"THREE_ENEMY_KILL","is_daily":false,"chose_seed":false,"campfire_upgraded":2,"win_rate":0.0,"timestamp":1613665814,"path_taken":["M","?","?","?","?","R","M","E","T","R","$","M","M","?","R","BOSS","M","M","$","?","?","$","R","?","T","?","M","?","E","M"],"items_purchased_type":["Relic","Card","Relic","Card","Card","Card"],"build_version":"2020-12-22","purchased_purges":0,"victory":false,"max_hp_per_floor":[75,75,75,75,75,75,75,75,82,82,82,82,82,82,82,82,82,82,82,82,82,82,82,82,82,82,82,82,82,82,82,82],"card_choices":[{"not_picked":["TheCursedMod:AbyssShockwave","TheCursedMod:TacticalStrike"],"picked":"TheCursedMod:TroublousMinions","floor":1},{"not_picked":["TheCursedMod:CursedSpellbook","TheCursedMod:Torture"],"picked":"TheCursedMod:CursedShiv","floor":5},{"not_picked":["TheCursedMod:WearCloak","TheCursedMod:RavingStaff"],"picked":"TheCursedMod:SpitefulStrike","floor":7},{"not_picked":["TheCursedMod:BlessingInDisguise","TheCursedMod:ManaCirculation"],"picked":"TheCursedMod:StunningStrike","floor":8},{"not_picked":["TheCursedMod:CircleOfCorruption","TheCursedMod:CircleOfAmplification"],"picked":"TheCursedMod:Stretching","floor":12},{"not_picked":["TheCursedMod:CircleOfFocus","TheCursedMod:TacticalStrike"],"picked":"TheCursedMod:RapidMovement","floor":13},{"not_picked":["TheCursedMod:Torture","TheCursedMod:RavingStaff"],"picked":"TheCursedMod:Obscuration","floor":14},{"not_picked":["TheCursedMod:ParallelWorld","TheCursedMod:ForbiddenAlchemy"],"picked":"TheCursedMod:DemonSword","floor":16},{"not_picked":["TheCursedMod:Wield","TheCursedMod:RavingStaff"],"picked":"TheCursedMod:TacticalStrike+1","floor":18},{"not_picked":["TheCursedMod:CursedBoomerang","TheCursedMod:Wield"],"picked":"TheCursedMod:SurpriseAttack","floor":19},{"not_picked":["TheCursedMod:TacticalStrike","TheCursedMod:CircleOfCorruption"],"picked":"TheCursedMod:SmokeScreen","floor":20},{"not_picked":["TheCursedMod:CursedBoomerang","TheCursedMod:CircleOfFlame"],"picked":"TheCursedMod:Stigma","floor":20},{"not_picked":["TheCursedMod:FleshFromBone","TheCursedMod:RavingStaff"],"picked":"TheCursedMod:Hemoplague","floor":20},{"not_picked":["TheCursedMod:BlessingInDisguise","TheCursedMod:AshesToAshes"],"picked":"TheCursedMod:CursedAmulet+1","floor":20},{"not_picked":["TheCursedMod:ReleasedStrength","TheCursedMod:HellfireBreathing+1"],"picked":"TheCursedMod:WearCloak","floor":20},{"not_picked":["TheCursedMod:TacticalStrike","TheCursedMod:DoubleShield"],"picked":"TheCursedMod:Stigma","floor":25},{"not_picked":["TheCursedMod:CircleOfAmplification+1","TheCursedMod:AntiAging","TheCursedMod:DoubleShield"],"picked":"TheCursedMod:Obscuration+1","floor":28},{"not_picked":["TheCursedMod:Evocation","TheCursedMod:CircleOfFocus+1","TheCursedMod:CursedArmor"],"picked":"TheCursedMod:SurpriseAttack","floor":30}],"player_experience":39249,"relics_obtained":[{"floor":8,"key":"reliquary:Buckler"},{"floor":9,"key":"Strawberry"},{"floor":26,"key":"Question Card"},{"floor":30,"key":"HollowMod:PaleOreRelic"}],"event_choices":[{"damage_healed":75,"gold_gain":0,"player_choice":"Upgrade","damage_taken":15,"max_hp_gain":0,"max_hp_loss":75,"event_name":"betterThird:BetterShining","floor":2,"gold_loss":0,"cards_upgraded":["TheCursedMod:TroublousMinions","TheCursedMod:CursedWand"]},{"damage_healed":0,"gold_gain":0,"player_choice":"Leave","damage_taken":0,"max_hp_gain":0,"max_hp_loss":0,"event_name":"The Cleric","floor":3,"gold_loss":0},{"damage_healed":0,"gold_gain":0,"player_choice":"Ignored","damage_taken":0,"max_hp_gain":0,"max_hp_loss":0,"event_name":"Fountain of Cleansing","floor":4,"gold_loss":0},{"damage_healed":0,"gold_gain":99,"player_choice":"Steal","damage_taken":0,"max_hp_gain":0,"max_hp_loss":0,"event_name":"betterThird:BetterNest","floor":21,"gold_loss":0},{"cards_removed":["TheCursedMod:Dregs"],"damage_healed":0,"gold_gain":0,"player_choice":"Offered Curse","damage_taken":0,"relics_obtained":["Spirit Poop"],"max_hp_gain":0,"max_hp_loss":0,"event_name":"Bonfire Elementals","floor":22,"gold_loss":0},{"damage_healed":0,"gold_gain":0,"player_choice":"Smashed Altar","damage_taken":0,"max_hp_gain":0,"max_hp_loss":0,"event_name":"Forgotten Altar","floor":29,"gold_loss":0,"cards_obtained":["Decay"]}],"is_beta":false,"boss_relics":[{"not_picked":["Ectoplasm","reliquary:Craggleroot"],"picked":"reliquary:RedPaperclip"}],"items_purged_floors":[],"is_endless":false,"potions_floor_spawned":[1,7,13,14,18],"killed_by":"Sentry and Sphere","ascension_level":0}}