{"host":"4d3k7d8vp246c2eu","time":1613638139,"event":{"mods":["BaseMod","Downfall","Minty Spire (QoL Compilation)","StSLib"],"gold_per_floor":[99,116,131,213,213,313,313,313,344,244,254,254,254,279,297,396,396,296,316,316,333,165,180,180,80,95,95,95,80,409,409,421,526,526,526,540,559,316,316,350,373,402,422,422,30,60,6,25,45,45,45,45],"floor_reached":50,"language":"ENG","playtime":4570,"items_purged":[],"score":689,"play_id":"01204669-0b3a-4e3e-9df2-7c8b7c7986f4","local_time":"20210218034859","is_ascension_mode":true,"campfire_choices":[{"data":"hexamod:GhostOfSpirePresent","floor":1,"key":"SMITH"},{"floor":10,"key":"REST"},{"data":"hexamod:ApocalypseNow","floor":13,"key":"SMITH"},{"floor":18,"key":"RECALL"},{"floor":25,"key":"REST"},{"floor":27,"key":"REST"},{"data":"hexamod:HexaLevel","floor":35,"key":"SMITH"},{"data":"hexamod:Rewind","floor":44,"key":"SMITH"}],"circlet_count":0,"master_deck":["hexamod:Strike","hexamod:Strike","hexamod:Strike","hexamod:Strike+1","hexamod:Defend","hexamod:Defend","hexamod:Defend+1","hexamod:Defend","hexamod:Sear","hexamod:Float","hexamod:GhostOfSpirePresent+1","hexamod:ShieldOfDarkness+1","hexamod:InspiringFlames","hexamod:ApocalypseNow+1","hexamod:SpectersWail+1","hexamod:Rewind+1","hexamod:TimeWarp","hexamod:FastForward+1","hexamod:SpectralSpark","hexamod:FastForward+1","hexamod:TimeWarp","hexamod:AdvancingGuard","hexamod:SwordOfDarkness+1","hexamod:FifthSeal","hexamod:HauntingEcho+1","hexamod:SixthSeal","hexamod:HexaLevel+1","hexamod:FourthSeal","hexamod:EtherealExpedition+1","hexamod:FirstSeal","hexamod:PowerFromBeyond","hexamod:RetreatToShadows","expansioncontent:GuardianWhirl","hexamod:CatchUp+1","expansioncontent:InvincibleStrength","hexamod:ThirdSeal","hexamod:FirstSeal","hexamod:EtherealExpedition","hexamod:Toasty","hexamod:PhantomCloak","hexamod:SecondSeal","hexamod:FlameSwitch","hexamod:GhostOfSpirePast","hexamod:BacktrackSmack+1","hexamod:ThermalTransfer"],"relics":["hexamod:SpiritBrand","Pear","downfall:ShatteredFragment","Lantern","downfall:HeartBlessingBlue","Eternal Feather","SacredBark","downfall:HeartBlessingGreen","downfall:KnowingSkull","DollysMirror","Bottled Tornado","downfall:HeartBlessingRed","MutagenicStrength","Old Coin","Philosopher\u0027s Stone","Thread and Needle","The Courier","PreservedInsect","InkBottle","War Paint","Vajra","Orichalcum","Juzu Bracelet"],"acts_visited":["Exordium","TheCity","TheBeyond"],"potions_floor_usage":[23,33,36,37,38,40,43,50],"damage_taken":[{"damage":5,"enemies":"Cultist","floor":2,"turns":4},{"damage":0,"enemies":"Jaw Worm","floor":3,"turns":3},{"damage":21,"enemies":"Gremlin Nob","floor":9,"turns":5},{"damage":0,"enemies":"Small Slimes","floor":11,"turns":3},{"damage":6,"enemies":"3 Sentries","floor":14,"turns":8},{"damage":1,"enemies":"downfall:LooterAlt","floor":15,"turns":3},{"damage":15,"enemies":"SI_SHIV_ARCHETYPE","floor":16,"turns":9},{"damage":31,"enemies":"Chosen","floor":19,"turns":5},{"damage":23,"enemies":"Spheric Guardian","floor":21,"turns":6},{"damage":1,"enemies":"downfall:FleeingMerchant","floor":22,"turns":4},{"damage":14,"enemies":"Snake Plant","floor":23,"turns":3},{"damage":27,"enemies":"Centurion and Healer","floor":26,"turns":5},{"damage":9,"enemies":"downfall:FleeingMerchant","floor":29,"turns":4},{"damage":13,"enemies":"Slavers","floor":30,"turns":3},{"damage":1,"enemies":"Chosen and Byrds","floor":32,"turns":4},{"damage":27,"enemies":"WA_ARCHETYPE_CALM","floor":33,"turns":7},{"damage":16,"enemies":"Orb Walker","floor":36,"turns":3},{"damage":38,"enemies":"3 Darklings","floor":37,"turns":5},{"damage":15,"enemies":"downfall:FleeingMerchant","floor":38,"turns":3},{"damage":35,"enemies":"Reptomancer","floor":40,"turns":5},{"damage":7,"enemies":"Giant Head","floor":42,"turns":6},{"damage":23,"enemies":"4 Shapes","floor":43,"turns":4},{"damage":57,"enemies":"Nemesis","floor":46,"turns":5},{"damage":8,"enemies":"Maw","floor":48,"turns":6},{"damage":5,"enemies":"Jaw Worm Horde","floor":49,"turns":4},{"damage":112,"enemies":"IC_BLOCK_ARCHETYPE","floor":50,"turns":6}],"seed_played":"-4713767599906765129","potions_obtained":[{"floor":3,"key":"EssenceOfSteel"},{"floor":9,"key":"bronze:BurnAndBuffPotion"},{"floor":15,"key":"Guardian:BlockOnCardUsePotion"},{"floor":16,"key":"BlessingOfTheForge"},{"floor":23,"key":"sneckomod:MuddlingPotion"},{"floor":30,"key":"Ancient Potion"},{"floor":36,"key":"DuplicationPotion"},{"floor":37,"key":"Strength Potion"},{"floor":38,"key":"AttackPotion"},{"floor":42,"key":"SpeedPotion"},{"floor":43,"key":"FairyPotion"},{"floor":46,"key":"ColorlessPotion"},{"floor":48,"key":"Fire Potion"}],"is_trial":false,"path_per_floor":["R","M","M","T","?","?","T","T","E","R","M","?","R","E","M","B",null,"R","M","?","M","$","M","T","R","M","R","?","$","E","?","M","B",null,"R","M","M","$","?","E","T","E","M","R","?","E","$","M","M","B"],"character_chosen":"THE_SPIRIT","items_purchased":["DollysMirror","Thread and Needle","FairyPotion","expansioncontent:GuardianWhirl","hexamod:CatchUp","War Paint","Vajra","hexamod:PhantomCloak","Orichalcum","hexamod:GhostOfSpirePast"],"campfire_rested":3,"item_purchase_floors":[22,38,38,38,38,45,45,45,45,47],"current_hp_per_floor":[70,65,65,75,54,54,54,54,33,70,70,75,75,69,68,53,95,95,64,57,38,37,23,23,63,36,76,76,67,54,54,53,71,95,95,79,41,26,26,57,57,50,34,55,55,64,64,70,72,0,0,0],"gold":45,"neow_bonus":"ONE_RANDOM_RARE_CARD","is_daily":false,"chose_seed":false,"campfire_upgraded":4,"win_rate":0.0,"timestamp":1613638139,"path_taken":["R","M","M","?","?","?","T","?","E","R","M","?","R","E","M","BOSS","R","M","?","M","$","?","T","R","M","R","?","?","E","?","M","BOSS","R","M","M","$","?","E","T","E","M","R","?","E","$","M","M","BOSS"],"items_purchased_type":["Relic","Relic","Potion","Card","Card","Relic","Relic","Card","Relic","Card"],"build_version":"2020-12-22","purchased_purges":0,"victory":false,"max_hp_per_floor":[70,70,70,80,80,80,80,80,80,90,90,95,95,95,95,95,95,95,95,95,95,95,95,95,95,95,95,95,95,95,95,95,95,95,95,95,95,95,95,95,95,95,95,95,95,95,95,95,95,95,95,95],"card_choices":[{"not_picked":["hexamod:ThermalTransfer","hexamod:PowerFromBeyond"],"picked":"hexamod:ShieldOfDarkness","floor":2},{"not_picked":["hexamod:Firestarter","hexamod:SuperheatedStrike"],"picked":"hexamod:InspiringFlames","floor":3},{"not_picked":["hexamod:BacktrackSmack","hexamod:AdvancingGuard"],"picked":"hexamod:ApocalypseNow","floor":9},{"not_picked":["hexamod:GhostLash","hexamod:ShieldOfDarkness","hexamod:SwordOfDarkness"],"picked":"SKIP","floor":11},{"not_picked":["hexamod:AdvancingGuard","hexamod:UnleashSpirits"],"picked":"hexamod:SpectersWail","floor":14},{"not_picked":["hexamod:BurningTouch","hexamod:SkipABeat"],"picked":"hexamod:Rewind","floor":15},{"not_picked":["hexamod:ForkedFlame","hexamod:GhostflameInferno"],"picked":"hexamod:TimeWarp","floor":16},{"not_picked":["hexamod:HauntingEcho","hexamod:BacktrackSmack"],"picked":"hexamod:FastForward+1","floor":19},{"not_picked":["hexamod:ShieldOfDarkness","hexamod:RadiantFlame"],"picked":"hexamod:SpectralSpark","floor":21},{"not_picked":["hexamod:NecessarySacrifice+1","hexamod:HeatMetal+1"],"picked":"hexamod:FastForward","floor":22},{"not_picked":["hexamod:InspiringFlames","hexamod:PhantomCloak","hexamod:ChargedBarrage+1"],"picked":"SKIP","floor":23},{"not_picked":["hexamod:GhostShield","hexamod:HauntingEcho"],"picked":"hexamod:AdvancingGuard","floor":26},{"not_picked":["hexamod:NecessarySacrifice","hexamod:SpectersWail+1","hexamod:GhostLash+1"],"picked":"SKIP","floor":29},{"not_picked":["hexamod:GhostShield","hexamod:PhantomFireball"],"picked":"hexamod:SwordOfDarkness+1","floor":30},{"not_picked":["hexamod:Haunt","hexamod:ExtraCrispy"],"picked":"hexamod:HauntingEcho+1","floor":32},{"not_picked":["hexamod:SecondSeal","hexamod:ThirdSeal"],"picked":"hexamod:SixthSeal","floor":33},{"not_picked":["hexamod:TimeOfNeed","hexamod:TimeWarp"],"picked":"hexamod:HexaLevel","floor":33},{"not_picked":["hexamod:ThirdSeal","hexamod:FirstSeal"],"picked":"hexamod:FourthSeal","floor":36},{"not_picked":["hexamod:NightmareGuise","hexamod:PowerFromBeyond"],"picked":"hexamod:EtherealExpedition","floor":36},{"not_picked":["hexamod:SixthSeal","hexamod:FourthSeal"],"picked":"hexamod:FirstSeal","floor":37},{"not_picked":["hexamod:FlamesFromBeyond","hexamod:Hexaguard"],"picked":"hexamod:PowerFromBeyond","floor":37},{"not_picked":["hexamod:Firestarter","hexamod:ThermalTransfer+1"],"picked":"hexamod:RetreatToShadows","floor":38},{"not_picked":["expansioncontent:PrepareCrush","expansioncontent:LastStand"],"picked":"expansioncontent:InvincibleStrength","floor":39},{"not_picked":["hexamod:FourthSeal","hexamod:SecondSeal"],"picked":"hexamod:ThirdSeal","floor":40},{"not_picked":["hexamod:GiftsFromTheDead","hexamod:PhantomCloak","hexamod:Rewind"],"picked":"SKIP","floor":40},{"not_picked":["hexamod:FourthSeal","hexamod:ThirdSeal"],"picked":"hexamod:FirstSeal","floor":42},{"not_picked":["hexamod:NightmareStrike","hexamod:SwordOfDarkness"],"picked":"hexamod:EtherealExpedition","floor":42},{"not_picked":["hexamod:SwordOfDarkness+1","hexamod:SoulSteal+1"],"picked":"hexamod:Toasty","floor":43},{"not_picked":["hexamod:NightmareGuise+1","hexamod:BurningTouch+1","hexamod:Hexaguard"],"picked":"SKIP","floor":43},{"not_picked":["hexamod:FirstSeal","hexamod:ThirdSeal"],"picked":"hexamod:SecondSeal","floor":46},{"not_picked":["hexamod:GhostShield+1","hexamod:ShieldOfDarkness"],"picked":"hexamod:FlameSwitch","floor":46},{"not_picked":["hexamod:GhostLash+1","hexamod:Haunt","hexamod:ChargedBarrage"],"picked":"SKIP","floor":46},{"not_picked":["hexamod:SpectersWail+1","hexamod:AdvancingGuard+1","hexamod:GhostflameBarrier"],"picked":"SKIP","floor":48},{"not_picked":["hexamod:Firestarter+1","hexamod:FourthSeal"],"picked":"hexamod:BacktrackSmack+1","floor":49},{"not_picked":["hexamod:NightmareGuise+1","hexamod:FourthSeal"],"picked":"hexamod:ThermalTransfer","floor":49}],"player_experience":599956,"relics_obtained":[{"floor":4,"key":"Pear"},{"floor":8,"key":"Darkstone Periapt"},{"floor":9,"key":"Lantern"},{"floor":14,"key":"Eternal Feather"},{"floor":24,"key":"Bottled Tornado"},{"floor":30,"key":"Old Coin"},{"floor":40,"key":"The Courier"},{"floor":41,"key":"PreservedInsect"},{"floor":42,"key":"InkBottle"},{"floor":46,"key":"Juzu Bracelet"}],"event_choices":[{"damage_healed":0,"gold_gain":0,"player_choice":"Donut","damage_taken":0,"max_hp_gain":5,"max_hp_loss":0,"event_name":"Big Fish","floor":12,"gold_loss":0},{"damage_healed":0,"gold_gain":0,"player_choice":"Inject Mutagens","damage_taken":0,"relics_obtained":["MutagenicStrength"],"max_hp_gain":0,"max_hp_loss":0,"event_name":"Drug Dealer","floor":28,"gold_loss":0}],"is_beta":false,"boss_relics":[{"not_picked":["Pandora\u0027s Box","SlaversCollar"],"picked":"SacredBark"},{"not_picked":["Tiny House","Velvet Choker"],"picked":"Philosopher\u0027s Stone"}],"items_purged_floors":[],"is_endless":false,"potions_floor_spawned":[3,9,15,16,23,30,32,33,36,37,43,46,48],"killed_by":"IC_BLOCK_ARCHETYPE","ascension_level":2}}