{"host":"d2gh6suihlstufn7","time":1613658451,"event":{"mods":["AchievementEnabler","BaseMod","Colored Map","Colored Powertips","Minty Spire (QoL Compilation)","Permanent Neow","Quick Restart"],"gold_per_floor":[112,0,0,14,32,32,62,78,78,88,37,37,47,57,57,155,155,165,180,105,123,23,40,40,40,40],"floor_reached":25,"language":"KOR","playtime":2421,"items_purged":["Zap","Chaos"],"score":197,"play_id":"7dd339fc-e3b5-4726-b90e-636dffd3396a","local_time":"20210218232731","is_ascension_mode":false,"campfire_choices":[{"floor":6,"key":"RECALL"},{"data":"Darkness","floor":12,"key":"SMITH"},{"data":"Hologram","floor":15,"key":"SMITH"},{"floor":24,"key":"REST"}],"circlet_count":0,"master_deck":["Dualcast","Reinforced Body+1","Rainbow+1","Core Surge+1","Darkness+1","Defragment","Redo","Multi-Cast","Hologram+1","Seek","Sunder","Creative AI","Doom and Gloom","Hyperbeam","Reinforced Body","Darkness","Self Repair+1"],"relics":["Astrolabe","Pandora\u0027s Box"],"acts_visited":["Exordium","TheCity"],"potions_floor_usage":[16,16,16],"damage_taken":[{"damage":0,"enemies":"2 Louse","floor":1,"turns":2},{"damage":2,"enemies":"Jaw Worm","floor":4,"turns":6},{"damage":0,"enemies":"Small Slimes","floor":5,"turns":3},{"damage":6,"enemies":"3 Louse","floor":8,"turns":4},{"damage":0,"enemies":"Large Slime","floor":10,"turns":4},{"damage":8,"enemies":"Exordium Wildlife","floor":13,"turns":4},{"damage":3,"enemies":"Looter","floor":14,"turns":4},{"damage":10,"enemies":"Hexaghost","floor":16,"turns":7},{"damage":27,"enemies":"Spheric Guardian","floor":18,"turns":9},{"damage":23,"enemies":"Chosen","floor":19,"turns":5},{"damage":21,"enemies":"Snake Plant","floor":21,"turns":5},{"damage":4,"enemies":"Snecko","floor":23,"turns":5},{"damage":34,"enemies":"Centurion and Healer","floor":25,"turns":5}],"seed_played":"4938342489322078983","potions_obtained":[{"floor":1,"key":"Dexterity Potion"},{"floor":8,"key":"PowerPotion"},{"floor":10,"key":"Ancient Potion"},{"floor":13,"key":"SneckoOil"},{"floor":18,"key":"Block Potion"}],"is_trial":false,"path_per_floor":["M","$","?","M","M","R","?","M","T","M","$","R","M","M","R","B",null,"M","M","$","M","$","M","R","M"],"character_chosen":"DEFECT","items_purchased":["Defragment","Chaos","Hologram"],"campfire_rested":1,"item_purchase_floors":[2,2,11],"current_hp_per_floor":[75,75,75,73,73,73,73,67,67,67,67,67,59,56,56,46,75,48,25,25,14,14,10,32,0,0],"gold":40,"neow_bonus":"BOSS_RELIC","is_daily":false,"chose_seed":false,"campfire_upgraded":2,"win_rate":0.0,"timestamp":1613658451,"path_taken":["M","$","?","M","M","R","?","M","T","M","$","R","M","M","R","BOSS","M","M","$","M","$","M","R","M"],"items_purchased_type":["Card","Card","Card"],"build_version":"2020-12-22","purchased_purges":2,"victory":false,"max_hp_per_floor":[75,75,75,75,75,75,75,75,75,75,75,75,75,75,75,75,75,75,75,75,75,75,75,75,75,75],"card_choices":[{"not_picked":["Turbo","Gash"],"picked":"Darkness","floor":1},{"not_picked":["Go for the Eyes","Streamline"],"picked":"Redo","floor":4},{"not_picked":["Go for the Eyes","Turbo"],"picked":"Multi-Cast","floor":5},{"not_picked":["Hello World","Steam Power","Redo"],"picked":"SKIP","floor":8},{"not_picked":["Streamline","Lockon","Leap"],"picked":"SKIP","floor":10},{"not_picked":["Reprogram","Turbo","Recycle"],"picked":"SKIP","floor":13},{"not_picked":["Gash","Go for the Eyes","Streamline"],"picked":"SKIP","floor":14},{"not_picked":["Fission","Rainbow"],"picked":"Seek","floor":16},{"not_picked":["Coolheaded","Beam Cell+1"],"picked":"Darkness","floor":18},{"not_picked":["Hologram","Tempest"],"picked":"Self Repair+1","floor":19},{"not_picked":["Reinforced Body","Gash","Cold Snap+1"],"picked":"SKIP","floor":21},{"not_picked":["Conserve Battery","Hologram","Leap"],"picked":"SKIP","floor":23}],"player_experience":228275,"relics_obtained":[],"event_choices":[{"damage_healed":0,"gold_gain":0,"player_choice":"Ignored","damage_taken":0,"max_hp_gain":0,"max_hp_loss":0,"event_name":"Liars Game","floor":3,"gold_loss":0},{"damage_healed":0,"gold_gain":30,"player_choice":"Searched \u00271\u0027 times","damage_taken":0,"max_hp_gain":0,"max_hp_loss":0,"event_name":"Dead Adventurer","floor":7,"gold_loss":0}],"is_beta":false,"boss_relics":[{"not_picked":["Snecko Eye","Velvet Choker"],"picked":"Pandora\u0027s Box"}],"items_purged_floors":[20,22],"is_endless":false,"potions_floor_spawned":[1,8,10,13,18],"killed_by":"Centurion and Healer","ascension_level":0}}