{"host":"sc0o2qwpf9j16a4i","time":1613671440,"event":{"mods":["AchievementEnabler","BaseMod","BetterRewards","Block Reminder","Colored Map","Colored Powertips","Custom Start","Highlight Path","Minty Spire (QoL Compilation)","Relic Stats"],"gold_per_floor":[119,194,204,204,214,239,258,258,258,270,297,297,327,327,327,401,401,413,413,424,349,144,144,173,173,224,242,342,342,370,407,407,490,490,509,51,51,70,70,70,70],"floor_reached":40,"language":"ENG","playtime":1123,"items_purged":[],"score":934,"play_id":"eebf0133-2e56-41dd-969c-096c90b32554","local_time":"20210218200400","is_ascension_mode":true,"campfire_choices":[{"floor":15,"key":"REST"},{"floor":23,"key":"REST"},{"floor":25,"key":"REST"},{"floor":29,"key":"DIG"},{"floor":32,"key":"REST"}],"circlet_count":0,"master_deck":["AscendersBane","Strike_R","Strike_R","Strike_R","Strike_R","Strike_R","Defend_R","Defend_R","Defend_R","Bash","Clothesline","Perfected Strike+1","Flame Barrier","Spot Weakness+1","Battle Trance","Flame Barrier","Shrug It Off","Sword Boomerang+1","Limit Break","Uppercut+1","Shockwave","Pommel Strike+1","Sword Boomerang+1","Battle Trance","Feed+1","Havoc+1","Perfected Strike+1","Ghostly Armor","Armaments+1"],"relics":["Fusion Hammer","Red Skull","Molten Egg 2","Ancient Tea Set","Shovel","Mark of Pain","Bottled Lightning","Centennial Puzzle","Torii","Pantograph","CeramicFish","Art of War","Cursed Key","OrangePellets","Bronze Scales"],"acts_visited":["Exordium","TheCity","TheBeyond"],"potions_floor_usage":[6,11,16,22,28,33,40],"damage_taken":[{"damage":13,"enemies":"Small Slimes","floor":1,"turns":4},{"damage":4,"enemies":"Jaw Worm","floor":3,"turns":3},{"damage":1,"enemies":"Cultist","floor":5,"turns":3},{"damage":4,"enemies":"3 Sentries","floor":6,"turns":9},{"damage":4,"enemies":"2 Fungi Beasts","floor":7,"turns":2},{"damage":8,"enemies":"3 Louse","floor":10,"turns":3},{"damage":5,"enemies":"Lagavulin","floor":11,"turns":5},{"damage":0,"enemies":"3 Sentries","floor":13,"turns":6},{"damage":7,"enemies":"The Guardian","floor":16,"turns":9},{"damage":16,"enemies":"3 Byrds","floor":18,"turns":3},{"damage":16,"enemies":"2 Thieves","floor":20,"turns":4},{"damage":12,"enemies":"Gremlin Leader","floor":24,"turns":5},{"damage":9,"enemies":"Chosen and Byrds","floor":27,"turns":4},{"damage":9,"enemies":"Colosseum Slavers","floor":28,"turns":4},{"damage":6,"enemies":"Colosseum Nobs","floor":28,"turns":3},{"damage":8,"enemies":"Snecko","floor":30,"turns":3},{"damage":23,"enemies":"Slavers","floor":31,"turns":6},{"damage":26,"enemies":"Collector","floor":33,"turns":7},{"damage":0,"enemies":"Orb Walker","floor":35,"turns":2},{"damage":39,"enemies":"3 Shapes","floor":38,"turns":4},{"damage":44,"enemies":"Reptomancer","floor":40,"turns":4}],"seed_played":"6969998308011636889","potions_obtained":[{"floor":3,"key":"FearPotion"},{"floor":5,"key":"HeartOfIron"},{"floor":6,"key":"LiquidMemories"},{"floor":10,"key":"DistilledChaos"},{"floor":20,"key":"Swift Potion"},{"floor":24,"key":"ColorlessPotion"},{"floor":28,"key":"SkillPotion"},{"floor":38,"key":"SmokeBomb"}],"is_trial":false,"path_per_floor":["M","?","M","T","M","E","M","?","T","M","E","?","E","?","R","B",null,"M","?","M","?","$","R","E","R","T","M","?","R","M","E","R","B",null,"M","$","?","M","?","E"],"character_chosen":"IRONCLAD","items_purchased":["Inflame","Fruit Juice","OrangePellets","Bronze Scales","Perfected Strike+1","Ghostly Armor"],"campfire_rested":4,"item_purchase_floors":[22,22,36,36,36,36],"current_hp_per_floor":[55,44,40,40,39,35,31,31,31,23,18,18,18,18,40,33,65,49,49,33,33,38,62,50,74,74,65,50,50,42,19,43,42,71,71,71,71,36,36,0,0],"gold":70,"neow_bonus":"BOSS_RELIC","is_daily":false,"chose_seed":false,"campfire_upgraded":0,"win_rate":0.0,"timestamp":1613671440,"path_taken":["M","?","M","?","M","E","M","?","T","?","E","?","E","?","R","BOSS","M","?","M","?","$","R","E","R","T","M","?","R","M","E","R","BOSS","M","$","?","M","?","E"],"items_purchased_type":["Card","Potion","Relic","Relic","Card","Card"],"build_version":"2020-12-22","purchased_purges":0,"victory":false,"max_hp_per_floor":[75,75,75,75,75,75,75,75,75,75,75,75,75,75,75,75,75,75,75,75,75,80,80,80,80,80,80,80,80,80,80,80,80,80,80,80,80,84,80,80,80],"relic_stats":{"OrangePellets":[0],"Centennial Puzzle":[24],"Shovel":1,"Torii":11,"counters":[21,93],"Pantograph":25,"CeramicFish":63,"Bronze Scales":[24],"Art of War":[1],"Cursed Key":0,"obtain_stats":[{"Torii":28,"CeramicFish":29,"Ancient Tea Set":11,"Cursed Key":34,"Burning Blood":0,"OrangePellets":36,"Centennial Puzzle":26,"Shovel":13,"Pantograph":28,"Bronze Scales":36,"Molten Egg 2":9,"Fusion Hammer":0,"Mark of Pain":17,"Art of War":31,"Bottled Lightning":24,"Red Skull":4},{"Torii":15,"CeramicFish":15,"Ancient Tea Set":7,"Cursed Key":18,"Burning Blood":0,"OrangePellets":19,"Centennial Puzzle":12,"Shovel":8,"Pantograph":15,"Bronze Scales":19,"Molten Egg 2":5,"Fusion Hammer":0,"Mark of Pain":9,"Art of War":17,"Bottled Lightning":12,"Red Skull":2},{"Torii":67,"CeramicFish":67,"Ancient Tea Set":29,"Cursed Key":83,"Burning Blood":0,"OrangePellets":85,"Centennial Puzzle":56,"Shovel":35,"Pantograph":67,"Bronze Scales":85,"Molten Egg 2":21,"Fusion Hammer":0,"Mark of Pain":44,"Art of War":76,"Bottled Lightning":56,"Red Skull":7}]},"card_choices":[{"not_picked":["Clash","Searing Blow"],"picked":"Clothesline","floor":1},{"not_picked":["Seeing Red","Twin Strike"],"picked":"Perfected Strike","floor":3},{"not_picked":["Immolate","Clash"],"picked":"Flame Barrier","floor":5},{"not_picked":["Body Slam","Shrug It Off"],"picked":"Spot Weakness","floor":6},{"not_picked":["Seeing Red","Combust"],"picked":"Battle Trance","floor":7},{"not_picked":["Cleave+1","Wild Strike+1"],"picked":"Flame Barrier","floor":10},{"not_picked":["Hemokinesis+1","Twin Strike+1"],"picked":"Shrug It Off","floor":11},{"not_picked":["Flex","Berserk"],"picked":"Sword Boomerang+1","floor":13},{"not_picked":["Demon Form","Brutality"],"picked":"Limit Break","floor":16},{"not_picked":["Searing Blow+1","Dropkick+1","Sever Soul+1"],"picked":"SKIP","floor":18},{"not_picked":["Clash+1","Havoc"],"picked":"Uppercut+1","floor":20},{"not_picked":["Thunderclap+1","Dropkick+1"],"picked":"Shockwave","floor":24},{"not_picked":["Armaments","True Grit","Havoc"],"picked":"SKIP","floor":27},{"not_picked":["Headbutt+1","Sever Soul+1"],"picked":"Pommel Strike+1","floor":28},{"not_picked":["Wild Strike+1","Dropkick+1"],"picked":"Sword Boomerang+1","floor":30},{"not_picked":["Bludgeon+1","Evolve"],"picked":"Battle Trance","floor":31},{"not_picked":["Impervious","Exhume"],"picked":"Feed+1","floor":33},{"not_picked":["Thunderclap+1","Anger+1"],"picked":"Havoc+1","floor":35},{"not_picked":["Shrug It Off","Metallicize"],"picked":"Armaments+1","floor":38}],"player_experience":1472044,"relics_obtained":[{"floor":4,"key":"Red Skull"},{"floor":9,"key":"Molten Egg 2"},{"floor":11,"key":"Ancient Tea Set"},{"floor":13,"key":"Shovel"},{"floor":24,"key":"Bottled Lightning"},{"floor":26,"key":"Centennial Puzzle"},{"floor":28,"key":"Torii"},{"floor":28,"key":"Pantograph"},{"floor":29,"key":"CeramicFish"},{"floor":31,"key":"Art of War"}],"event_choices":[{"damage_healed":0,"gold_gain":75,"player_choice":"Gather Gold","damage_taken":11,"max_hp_gain":0,"max_hp_loss":0,"event_name":"World of Goop","floor":2,"gold_loss":0},{"damage_healed":0,"gold_gain":0,"player_choice":"Upgraded","damage_taken":0,"max_hp_gain":0,"max_hp_loss":0,"event_name":"Upgrade Shrine","floor":8,"gold_loss":0,"cards_upgraded":["Spot Weakness"]},{"damage_healed":0,"gold_gain":0,"player_choice":"Searched \u00270\u0027 times","damage_taken":0,"max_hp_gain":0,"max_hp_loss":0,"event_name":"Dead Adventurer","floor":12,"gold_loss":0},{"damage_healed":0,"gold_gain":0,"player_choice":"Grow","damage_taken":0,"max_hp_gain":0,"max_hp_loss":0,"event_name":"Living Wall","floor":14,"gold_loss":0,"cards_upgraded":["Perfected Strike"]},{"damage_healed":0,"gold_gain":0,"player_choice":"Ignored","damage_taken":0,"max_hp_gain":0,"max_hp_loss":0,"event_name":"Ghosts","floor":19,"gold_loss":0},{"cards_removed":["Defend_R"],"damage_healed":0,"gold_gain":0,"player_choice":"Gave Gold","damage_taken":0,"max_hp_gain":0,"max_hp_loss":0,"event_name":"Beggar","floor":21,"gold_loss":75},{"damage_healed":0,"gold_gain":0,"player_choice":"Fight","damage_taken":0,"max_hp_gain":0,"max_hp_loss":0,"event_name":"Colosseum","floor":28,"gold_loss":0},{"damage_healed":0,"gold_gain":0,"player_choice":"Fought Nobs","damage_taken":0,"max_hp_gain":0,"max_hp_loss":0,"event_name":"Colosseum","floor":28,"gold_loss":0},{"cards_removed":["Inflame"],"damage_healed":0,"gold_gain":0,"player_choice":"Removed Power","damage_taken":0,"max_hp_gain":0,"max_hp_loss":0,"event_name":"Falling","floor":37,"gold_loss":0},{"damage_healed":0,"gold_gain":0,"player_choice":"Max HP","damage_taken":0,"max_hp_gain":0,"max_hp_loss":4,"event_name":"Winding Halls","floor":39,"gold_loss":0}],"is_beta":false,"boss_relics":[{"not_picked":["Runic Dome","Black Star"],"picked":"Mark of Pain"},{"not_picked":["Empty Cage","Pandora\u0027s Box"],"picked":"Cursed Key"}],"items_purged_floors":[],"is_endless":false,"potions_floor_spawned":[3,5,6,10,20,24,28,31,38],"killed_by":"Reptomancer","ascension_level":20}}