{"host":"g3js2eermvvpeiqn","time":1613657747,"event":{"mods":["BaseMod","DeckTracker","Downfall","Minty Spire (QoL Compilation)","Quick Restart","StSLib"],"gold_per_floor":[115,131,131,56,3,3,37,37,37,63,63,63,63,98,98,192,492,517,717,737,129,129,129,167,167,167,167,167,183,223,246,246,342,342,366,382,382,78,78,78,113,113,140,140,158,189,189,213,213,213,213,213,213,77,77,77],"floor_reached":55,"language":"ENG","playtime":2545,"items_purged":["Strike_R","Strike_R","Strike_R"],"score":2055,"play_id":"24f73ef8-5c9a-488a-a597-46ae2d2cfb33","local_time":"20210218081547","is_ascension_mode":true,"campfire_choices":[{"data":"Bash","floor":6.0,"key":"SMITH"},{"data":"Inflame","floor":8.0,"key":"SMITH"},{"data":"Pummel","floor":12.0,"key":"SMITH"},{"data":"Feel No Pain","floor":15.0,"key":"SMITH"},{"floor":23.0,"key":"REST"},{"data":"True Grit","floor":25.0,"key":"SMITH"},{"data":"Battle Trance","floor":28.0,"key":"SMITH"},{"data":"Limit Break","floor":32.0,"key":"SMITH"},{"data":"Disarm","floor":40.0,"key":"SMITH"},{"floor":42.0,"key":"RECALL"},{"data":"True Grit","floor":44.0,"key":"SMITH"},{"floor":47.0,"key":"REST"},{"data":"Offering","floor":49.0,"key":"SMITH"},{"data":"Disarm","floor":53.0,"key":"SMITH"}],"circlet_count":0,"master_deck":["AscendersBane","Strike_R","Defend_R","Defend_R","Defend_R","Defend_R","Bash+1","Battle Trance","Inflame+1","Pommel Strike","Feel No Pain+1","Pummel+1","Disarm+1","Immolate","CurseOfTheBell","Battle Trance+1","Shrug It Off","True Grit+1","Fiend Fire","Heavy Blade+1","Flame Barrier","Limit Break+1","Disarm+1","Double Tap","True Grit+1","Headbutt","Second Wind+1","Offering+1","Seeing Red"],"relics":["Burning Blood","NeowsBlessing","Golden Idol","The Courier","Red Skull","Odd Mushroom","Orichalcum","Bag of Preparation","Calling Bell","Smiling Mask","White Beast Statue","Old Coin","Bag of Marbles","Eternal Feather","Omamori","Frozen Egg 2","Happy Flower","Bottled Lightning","Nloth\u0027s Gift","Regal Pillow","SacredBark","Gambling Chip","Gremlin Horn","Ornamental Fan"],"acts_visited":["Exordium","TheCity","TheBeyond","TheEnding"],"potions_floor_usage":[],"damage_taken":[{"damage":0.0,"enemies":"Jaw Worm","floor":1.0,"turns":1.0},{"damage":0.0,"enemies":"2 Louse","floor":2.0,"turns":1.0},{"damage":0.0,"enemies":"Lagavulin","floor":7.0,"turns":1.0},{"damage":13.0,"enemies":"The Mushroom Lair","floor":10.0,"turns":3.0},{"damage":0.0,"enemies":"3 Sentries","floor":14.0,"turns":7.0},{"damage":3.0,"enemies":"Slime Boss","floor":16.0,"turns":6.0},{"damage":22.0,"enemies":"2 Thieves","floor":18.0,"turns":3.0},{"damage":40.0,"enemies":"Shell Parasite","floor":20.0,"turns":6.0},{"damage":0.0,"enemies":"Book of Stabbing","floor":24.0,"turns":4.0},{"damage":0.0,"enemies":"3 Cultists","floor":29.0,"turns":4.0},{"damage":4.0,"enemies":"Gremlin Leader","floor":30.0,"turns":2.0},{"damage":22.0,"enemies":"Shelled Parasite and Fungi","floor":31.0,"turns":5.0},{"damage":64.0,"enemies":"Automaton","floor":33.0,"turns":7.0},{"damage":21.0,"enemies":"3 Shapes","floor":35.0,"turns":3.0},{"damage":5.0,"enemies":"3 Darklings","floor":36.0,"turns":4.0},{"damage":61.0,"enemies":"Giant Head","floor":41.0,"turns":6.0},{"damage":0.0,"enemies":"Jaw Worm Horde","floor":45.0,"turns":1.0},{"damage":54.0,"enemies":"Nemesis","floor":46.0,"turns":9.0},{"damage":21.0,"enemies":"Writhing Mass","floor":48.0,"turns":9.0},{"damage":46.0,"enemies":"Donu and Deca","floor":50.0,"turns":6.0},{"damage":45.0,"enemies":"Awakened One","floor":51.0,"turns":9.0},{"damage":96,"enemies":"Shield and Spear","floor":55,"turns":3}],"seed_played":"-1314698859995811251","potions_obtained":[{"floor":1.0,"key":"hexamod:SoulburnPotion"},{"floor":10.0,"key":"Block Potion"},{"floor":14.0,"key":"BlessingOfTheForge"},{"floor":18.0,"key":"Strength Potion"},{"floor":20.0,"key":"AttackPotion"},{"floor":24.0,"key":"BlessingOfTheForge"},{"floor":29.0,"key":"SkillPotion"},{"floor":30.0,"key":"Ancient Potion"},{"floor":31.0,"key":"Strength Potion"},{"floor":33.0,"key":"hexamod:SoulburnPotion"},{"floor":35.0,"key":"SkillPotion"},{"floor":36.0,"key":"BloodPotion"},{"floor":41.0,"key":"bronze:BurnAndBuffPotion"},{"floor":45.0,"key":"ElixirPotion"},{"floor":46.0,"key":"BlessingOfTheForge"},{"floor":48.0,"key":"BloodPotion"}],"is_trial":false,"path_per_floor":["M","M","?","?","$","R","E","R","T","?","T","R","?","E","R","B",null,"M","?","M","$","T","R","E","R","T","?","R","M","E","M","R","B",null,"M","M","?","$","?","R","E","R","T","R","M","E","R","M","R","B","B",null,"R","$","E"],"character_chosen":"IRONCLAD","items_purchased":["Pommel Strike","True Grit","Fiend Fire","Bag of Marbles","Eternal Feather","Omamori","Gambling Chip","CultistPotion"],"campfire_rested":2,"item_purchase_floors":[5,21,21,21,21,21,38,54],"current_hp_per_floor":[74,75,68,68,68,68,68,68,68,61,61,61,43,49,49,52,64,48,48,14,14,14,46,52,64,64,64,68,68,68,52,67,9,53,38,39,39,39,39,54,26,41,41,56,62,14,64,49,67,27,15,55,68,68,0,0],"gold":77,"neow_bonus":"THREE_ENEMY_KILL","is_daily":false,"chose_seed":false,"campfire_upgraded":11,"win_rate":0.0,"timestamp":1613657747,"path_taken":["M","M","?","?","$","R","E","R","T","?","?","R","?","E","R","BOSS","M","?","M","$","?","R","E","R","T","?","R","?","E","M","R","BOSS","M","M","?","$","?","R","E","R","T","R","M","E","R","M","R","BOSS","BOSS","R","$","E"],"items_purchased_type":["Card","Card","Card","Relic","Relic","Relic","Relic","Potion"],"build_version":"2020-12-22","purchased_purges":3,"victory":false,"max_hp_per_floor":[75,75,68,68,68,68,68,68,68,68,68,68,68,68,68,68,68,68,68,68,68,68,68,68,68,68,68,68,68,68,68,68,68,68,68,68,68,68,68,68,68,68,68,68,68,68,68,68,68,68,68,68,68,68,68,68],"card_choices":[{"not_picked":["Havoc","Armaments"],"picked":"Battle Trance","floor":1.0},{"not_picked":["Thunderclap","True Grit"],"picked":"Inflame","floor":2.0},{"not_picked":["Body Slam","Bludgeon"],"picked":"Feel No Pain","floor":7.0},{"not_picked":["Flex","Twin Strike"],"picked":"Pummel","floor":10.0},{"not_picked":["Thunderclap","Spot Weakness"],"picked":"Disarm","floor":14.0},{"not_picked":["Berserk","Feed"],"picked":"Immolate","floor":16.0},{"not_picked":["Wild Strike","Pommel Strike"],"picked":"Battle Trance","floor":18.0},{"not_picked":["Seeing Red","Perfected Strike"],"picked":"Shrug It Off","floor":20.0},{"not_picked":["Dropkick","Headbutt"],"picked":"Heavy Blade+1","floor":24.0},{"not_picked":["Double Tap","Flex"],"picked":"Flame Barrier","floor":29.0},{"not_picked":["Combust+1","Evolve+1"],"picked":"Limit Break","floor":30.0},{"not_picked":["Shockwave","Battle Trance"],"picked":"Disarm","floor":31.0},{"not_picked":["Fiend Fire","Juggernaut+1"],"picked":"Double Tap","floor":33.0},{"not_picked":["Armaments","Shrug It Off"],"picked":"True Grit","floor":35.0},{"not_picked":["Carnage+1","Warcry+1"],"picked":"Headbutt","floor":36.0},{"not_picked":["Havoc+1","Infernal Blade","Flex+1"],"picked":"SKIP","floor":41.0},{"not_picked":["Wild Strike","Blood for Blood"],"picked":"Second Wind+1","floor":45.0},{"not_picked":["Clash","Hemokinesis"],"picked":"Offering","floor":46.0},{"not_picked":["Uppercut+1","Clothesline+1"],"picked":"Seeing Red","floor":48.0}],"player_experience":1475742,"relics_obtained":[{"floor":7.0,"key":"The Courier"},{"floor":9.0,"key":"Red Skull"},{"floor":10.0,"key":"Odd Mushroom"},{"floor":11.0,"key":"Slimebound:PreparedRelic"},{"floor":14.0,"key":"Bag of Preparation"},{"floor":17.0,"key":"Smiling Mask"},{"floor":17.0,"key":"White Beast Statue"},{"floor":17.0,"key":"Old Coin"},{"floor":22.0,"key":"Frozen Egg 2"},{"floor":24.0,"key":"Happy Flower"},{"floor":26.0,"key":"Bottled Lightning"},{"floor":30.0,"key":"Regal Pillow"},{"floor":41.0,"key":"Gremlin Horn"},{"floor":46.0,"key":"Ornamental Fan"}],"event_choices":[{"damage_healed":0.0,"max_hp_gain":0.0,"max_hp_loss":7.0,"gold_gain":0.0,"event_name":"Golden Idol","player_choice":"Lose Max HP","floor":3.0,"gold_loss":0.0,"damage_taken":0.0,"relics_obtained":["Golden Idol"]},{"cards_removed":["Strike_R"],"damage_healed":0.0,"max_hp_gain":0.0,"max_hp_loss":0.0,"gold_gain":0.0,"event_name":"The Cleric","player_choice":"Card Removal","floor":4.0,"gold_loss":75.0,"damage_taken":0.0},{"damage_healed":0.0,"max_hp_gain":0.0,"max_hp_loss":0.0,"gold_gain":0.0,"event_name":"Mushrooms","player_choice":"Fought Mushrooms","floor":10.0,"gold_loss":0.0,"damage_taken":0.0},{"damage_healed":0.0,"max_hp_gain":0.0,"max_hp_loss":0.0,"gold_gain":0.0,"event_name":"Scrap Ooze","player_choice":"Success","floor":13.0,"gold_loss":0.0,"damage_taken":18.0,"relics_obtained":["Orichalcum"]},{"damage_healed":0.0,"max_hp_gain":0.0,"max_hp_loss":0.0,"gold_gain":200.0,"event_name":"Wheel of Change","player_choice":"Gold","floor":19.0,"gold_loss":0.0,"damage_taken":0.0},{"damage_healed":0.0,"max_hp_gain":0.0,"max_hp_loss":0.0,"gold_gain":0.0,"event_name":"N\u0027loth","player_choice":"Traded Relic","floor":27.0,"relics_lost":["Slimebound:PreparedRelic"],"gold_loss":0.0,"damage_taken":0.0,"relics_obtained":["Nloth\u0027s Gift"]},{"damage_healed":0.0,"max_hp_gain":0.0,"max_hp_loss":0.0,"gold_gain":0.0,"event_name":"Tomb of Lord Red Mask","player_choice":"Ignored","floor":37.0,"gold_loss":0.0,"damage_taken":0.0},{"damage_healed":0.0,"max_hp_gain":0.0,"max_hp_loss":0.0,"gold_gain":0.0,"event_name":"SecretPortal","player_choice":"Ignored","floor":39.0,"gold_loss":0.0,"damage_taken":0.0}],"is_beta":false,"boss_relics":[{"not_picked":["Runic Dome","Tiny House"],"picked":"Calling Bell"},{"not_picked":["Coffee Dripper","Runic Pyramid"],"picked":"SacredBark"}],"items_purged_floors":[21,38,54],"is_endless":false,"potions_floor_spawned":[1,10,14,18,20,24,29,30,31,33,35,36,41,45,46,48],"killed_by":"Shield and Spear","ascension_level":20}}