{"host":"Aki","time":1613652620,"event":{"mods":["ATMod(°¢èªMod)","Act Like it!","BaseMod","Better Vampires","Challenge The Spire","Colored Powertips","Custom Start","Energized Spire","Minty Spire (QoL Compilation)","MostiFishMod","Quick Restart","StSLib","Waifu the Spire","Youmu£¨»êÆÇÑýÃÎ£©","noobMod","¡¾ÒÅÎï¿¨ÅÆ¡¿REMEMod"],"gold_per_floor":[111,111,111,129,145,175,187,222,246,306,306,333,351,301,301,396,396,415,415,415,193,212,212,243,243,243,273,273,273,273],"floor_reached":29,"language":"ZHS","playtime":1266,"items_purged":["Defend_YM"],"score":519,"play_id":"2eebb94e-453b-4969-b724-0a4926003f08","local_time":"20210218205020","is_ascension_mode":true,"campfire_choices":[{"data":"ThreeKonsSevenHakus","floor":11.0,"key":"SMITH"},{"data":"KarmicPunishmentOfTheIdleAndUnfocused","floor":15.0,"key":"SMITH"},{"data":"ReincarnationSword","floor":23.0,"key":"SMITH"},{"data":"SanzenSekai","floor":28,"key":"SMITH"}],"circlet_count":0,"master_deck":["Defend_YM","Defend_YM","SlashOfPresentWorld","WheelOfPainOfLivingAndDead","SwordExtraction","ThreeKonsSevenHakus+1","HumanRealmSword","KarmicPunishmentOfTheIdleAndUnfocused+1","SanzenSekai+1","SwordExtraction","ReincarnationSword+1","TwoHundredYojanaInOneSlash","DoubleWheelOfPain","HeavenGodSword","SwordExtraction","SwordExtraction+1"],"relics":["ice","AT_ATBox","REME_ComplimentaryCards","DaveBox","DianDianMeat","TimeKeys","SynthV:TestCard","Girya","Bag of Marbles","Juzu Bracelet","Toy Ornithopter","Boot","Transparent","SynthV:C4","Art of War","AT_GoldPhoenixTree"],"acts_visited":["Exordium","TheCity"],"potions_floor_usage":[],"damage_taken":[{"damage":0.0,"enemies":"2 Louse","floor":1.0,"turns":2.0},{"damage":6.0,"enemies":"Small Slimes","floor":4.0,"turns":3.0},{"damage":0.0,"enemies":"Cultist","floor":5.0,"turns":3.0},{"damage":8.0,"enemies":"3 Sentries","floor":6.0,"turns":3.0},{"damage":0.0,"enemies":"Exordium Wildlife","floor":7.0,"turns":3.0},{"damage":12.0,"enemies":"Lagavulin","floor":8.0,"turns":6.0},{"damage":12.0,"enemies":"Lagavulin Event","floor":10.0,"turns":6.0},{"damage":0.0,"enemies":"Gremlin Nob","floor":12.0,"turns":2.0},{"damage":0.0,"enemies":"Looter","floor":13.0,"turns":3.0},{"damage":0.0,"enemies":"Slime Boss","floor":16.0,"turns":6.0},{"damage":76.0,"enemies":"2 Thieves","floor":18.0,"turns":3.0},{"damage":56.0,"enemies":"Spheric Guardian","floor":22.0,"turns":2.0},{"damage":30.0,"enemies":"Slavers","floor":24.0,"turns":1.0},{"damage":90,"enemies":"Book of Stabbing","floor":27,"turns":3},{"damage":32,"enemies":"REME_1_Revenger","floor":29,"turns":1}],"seed_played":"2919227291935294743","potions_obtained":[{"floor":5.0,"key":"Fire Potion"},{"floor":7.0,"key":"ColorlessPotion"},{"floor":8.0,"key":"Fruit Juice"},{"floor":13.0,"key":"FearPotion"},{"floor":16.0,"key":"Explosive Potion"},{"floor":18.0,"key":"BlessingOfTheForge"}],"is_trial":false,"path_per_floor":["M","?","?","M","M","E","M","E","T","?","R","E","M","?","R","B",null,"M","?","?","$","M","R","E","?","T","E","R","E"],"character_chosen":"YOUMU","items_purchased":["SynthV:C4"],"campfire_rested":0,"item_purchase_floors":[21],"current_hp_per_floor":[75,68,68,63,63,57,60,52,52,50,50,55,61,61,61,73,103,96,105,126,126,153,153,153,153,153,153,153,121,121],"gold":273,"neow_bonus":"BOSS_RELIC","is_daily":false,"chose_seed":false,"campfire_upgraded":4,"win_rate":0.0,"timestamp":1613652620,"path_taken":["M","?","?","M","M","E","?","E","T","?","R","E","M","?","R","BOSS","M","?","?","$","M","R","E","?","T","E","R","E"],"items_purchased_type":["Relic"],"build_version":"2020-12-18","purchased_purges":1,"victory":false,"max_hp_per_floor":[75,75,75,76,76,78,81,85,85,90,90,90,96,96,96,103,103,111,120,141,141,153,153,153,153,153,153,153,153,153],"card_choices":[{"not_picked":["LowerRealmReflectionSlash","CherryBlossomFlashing","LifeCuttingSword"],"picked":"SKIP","floor":1.0},{"not_picked":["LifeCuttingSword","SpiritCuttingSword","HumanKnowledgeSword","TwoHundredYojanaInOneSlash"],"picked":"SwordExtraction","floor":4.0},{"not_picked":["AsTheSilentNirvana","LightFlashOfTheNetherworld","WickedSoul","SlashOfAscensionToBuddhahood","BizarrenessOfSixRealms"],"picked":"SKIP","floor":5.0},{"not_picked":["PhosphoricSlash","CrescentMoonSlash","HellFireSword","SuddenPhantomFormationSlashOfKarmicWind"],"picked":"ThreeKonsSevenHakus","floor":6.0},{"not_picked":["SwordExtraction","SlashClearingTheSixSenses","LotusPostureSlash","HumanKnowledgeSword"],"picked":"HumanRealmSword","floor":7.0},{"not_picked":["TransmigrationSlash","LifeCuttingSword","EchoesOfTheInclemencyOfAllBeings","SpiritCuttingSword"],"picked":"KarmicPunishmentOfTheIdleAndUnfocused","floor":8.0},{"not_picked":["PreachingAvici","ThoughtCuttingSword","PhosphoricSlash","HumanKnowledgeSword"],"picked":"SanzenSekai","floor":10.0},{"not_picked":["BizarrenessOfSixRealms","FastingOfTheYoungPreta","HumanKnowledgeSword","CherryBlossomFlashing","LowerRealmReflectionSlash"],"picked":"SKIP","floor":12.0},{"not_picked":["SwordOfBindingDesires","PreachingAvici","DispleasureOfTheSevenHakus","BizarrenessOfSixRealms"],"picked":"SwordExtraction","floor":13.0},{"not_picked":["StrangeHalfBody","IrresoluteSoul","FastingOfTheYoungPreta","SlashOfSaigyouSpringWind"],"picked":"ReincarnationSword","floor":16.0},{"not_picked":["CrescentMoonSlash+1","HumanRealmSword","SlashOfMeditation","SwordExtraction"],"picked":"TwoHundredYojanaInOneSlash","floor":18.0},{"not_picked":["TenKingsRetributionOnThePreta","PhosphoricSlash","FourBirthsSword","LifeCuttingSword"],"picked":"SwordExtraction+1","floor":22.0},{"not_picked":["HellFireSword","KarmicPunishmentOfTheIdleAndUnfocused+1","SlashOfMeditation+1","TransmigrationSlash","TwoHundredYojanaInOneSlash"],"picked":"SKIP","floor":24.0},{"not_picked":["LowerRealmReflectionSlash","AsTheSilentNirvana","SpiritCuttingSword","BloodOfAsura","PretaSword"],"picked":"SKIP","floor":27}],"player_experience":75621,"relics_obtained":[{"floor":1.0,"key":"SynthV:TestCard"},{"floor":6.0,"key":"Girya"},{"floor":8.0,"key":"Bag of Marbles"},{"floor":9.0,"key":"Juzu Bracelet"},{"floor":12.0,"key":"Boot"},{"floor":24.0,"key":"Art of War"},{"floor":27,"key":"AT_GoldPhoenixTree"}],"event_choices":[{"cards_removed":["Strike_YM"],"damage_healed":0.0,"max_hp_gain":0.0,"max_hp_loss":0.0,"gold_gain":0.0,"event_name":"Golden Wing","player_choice":"Card Removal","floor":2.0,"gold_loss":0.0,"damage_taken":7.0},{"cards_removed":["Strike_YM"],"damage_healed":0.0,"max_hp_gain":0.0,"max_hp_loss":0.0,"gold_gain":0.0,"event_name":"Bonfire Elementals","player_choice":"Offered Basic","floor":3.0,"gold_loss":0.0,"damage_taken":0.0},{"damage_healed":0.0,"max_hp_gain":0.0,"max_hp_loss":0.0,"gold_gain":0.0,"event_name":"Dead Adventurer","player_choice":"Searched \u00272\u0027 times","floor":10.0,"gold_loss":0.0,"damage_taken":0.0,"relics_obtained":["Toy Ornithopter"]},{"cards_removed":["Strike_YM"],"damage_healed":0.0,"max_hp_gain":0.0,"max_hp_loss":0.0,"gold_gain":0.0,"event_name":"The Cleric","player_choice":"Card Removal","floor":14.0,"gold_loss":50.0,"damage_taken":0.0},{"damage_healed":0.0,"max_hp_gain":0.0,"max_hp_loss":0.0,"gold_gain":0.0,"event_name":"The Library","player_choice":"Read","floor":19.0,"gold_loss":0.0,"damage_taken":0.0,"cards_obtained":["DoubleWheelOfPain"]},{"damage_healed":0.0,"max_hp_gain":0.0,"max_hp_loss":0.0,"gold_gain":0.0,"cards_transformed":["Strike_YM","Defend_YM"],"event_name":"Drug Dealer","player_choice":"Became Test Subject","floor":20.0,"gold_loss":0.0,"damage_taken":0.0,"cards_obtained":["HeavenGodSword","SwordExtraction"]},{"damage_healed":0,"gold_gain":0,"player_choice":"Ignored","damage_taken":0,"max_hp_gain":0,"max_hp_loss":0,"event_name":"The Mausoleum","floor":25,"gold_loss":0}],"is_beta":true,"boss_relics":[{"not_picked":["REME_ChargedStone","GreenFoldingFan"],"picked":"Transparent"}],"items_purged_floors":[21],"is_endless":false,"potions_floor_spawned":[5,7,8,13,16,18],"killed_by":"REME_1_Revenger","ascension_level":2}}