{"host":"io90toq331y73m30","time":1613642936,"event":{"mods":["BaseMod","Downfall","Minty Spire (QoL Compilation)","StSLib"],"gold_per_floor":[99,118,118,136,8,39,39,49,60,72,72,72,98,113,129,228,228,128,143,161,161,161,176,176,195,195,206,206,91,101,118,136,239,289,289,300,300,320,320,320,345,358,373,373,385,718,732,732,732,732],"floor_reached":48,"language":"ENG","playtime":2786,"items_purged":["bronze:Strike","bronze:Strike"],"score":582,"play_id":"5d78521d-68ae-45f2-87f9-db3b1ae4d6c0","local_time":"20210218100856","is_ascension_mode":false,"campfire_choices":[{"floor":1.0,"key":"RECALL"},{"data":"bronze:FollowUp","floor":12,"key":"SMITH"},{"data":"bronze:Assembly","floor":18,"key":"SMITH"},{"data":"bronze:DigitalCarnage","floor":28,"key":"SMITH"},{"data":"bronze:FineTuning","floor":35,"key":"SMITH"}],"circlet_count":0,"master_deck":["bronze:Strike+1","bronze:Defend","bronze:Defend","bronze:Defend","bronze:Defend","bronze:Replicate","bronze:Goto","bronze:Iterate","bronze:Optimize","bronze:Flail","bronze:FollowUp+1","bronze:DigitalCarnage+1","bronze:FollowUp","bronze:ChildClass","bronze:DigitalCarnage","bronze:Assembly+1","bronze:Repair+1","Writhe","bronze:BitShift+1","bronze:Turbo","bronze:FineTuning+1","bronze:DigitalCarnage","expansioncontent:PrepareCrush","expansioncontent:LastStand","expansioncontent:Hexaburn","bronze:ClassDefault+1","bronze:DelayedGuard","bronze:DelayedSlice+1"],"relics":["bronze:PlatinumCore","Unceasing Top","Bottled Tornado","Pocketwatch","downfall:HeartBlessingRed","bronze:ProtectiveGoggles","bronze:SilverBullet","Blood Vial","Tiny House","Old Coin"],"acts_visited":["Exordium","TheCity","TheBeyond"],"potions_floor_usage":[4,16,16,16,28,45],"damage_taken":[{"damage":4,"enemies":"2 Louse","floor":2,"turns":3},{"damage":6,"enemies":"Cultist","floor":4,"turns":4},{"damage":0,"enemies":"downfall:FleeingMerchant","floor":5,"turns":4},{"damage":28,"enemies":"3 Sentries","floor":6,"turns":12},{"damage":1,"enemies":"Jaw Worm","floor":8,"turns":3},{"damage":7,"enemies":"downfall:LooterAlt","floor":9,"turns":4},{"damage":14,"enemies":"Blue Slaver","floor":10,"turns":3},{"damage":14,"enemies":"Gremlin Nob","floor":13,"turns":3},{"damage":0,"enemies":"Exordium Wildlife","floor":14,"turns":2},{"damage":5,"enemies":"downfall:LooterAlt","floor":15,"turns":2},{"damage":0,"enemies":"DF_ARCHETYPE_STREAMLINE","floor":16,"turns":7},{"damage":3,"enemies":"Shell Parasite","floor":19,"turns":2},{"damage":0,"enemies":"3 Byrds","floor":20,"turns":2},{"damage":0,"enemies":"Centurion and Healer","floor":23,"turns":3},{"damage":11,"enemies":"Shelled Parasite and Fungi","floor":25,"turns":2},{"damage":5,"enemies":"Chosen and Byrds","floor":27,"turns":3},{"damage":3,"enemies":"downfall:FleeingMerchant","floor":29,"turns":4},{"damage":6,"enemies":"Snecko","floor":30,"turns":3},{"damage":7,"enemies":"Centurion and Healer","floor":31,"turns":2},{"damage":25,"enemies":"Shelled Parasite and Fungi","floor":32,"turns":3},{"damage":62,"enemies":"IC_MUSHROOM_ARCHETYPE","floor":33,"turns":7},{"damage":5,"enemies":"Orb Walker","floor":36,"turns":2},{"damage":17,"enemies":"3 Shapes","floor":38,"turns":1},{"damage":5,"enemies":"Jaw Worm Horde","floor":42,"turns":3},{"damage":51,"enemies":"Transient","floor":43,"turns":5},{"damage":23,"enemies":"4 Shapes","floor":45,"turns":2},{"damage":0,"enemies":"Reptomancer","floor":46,"turns":4},{"damage":4,"enemies":"Jaw Worm Horde","floor":47,"turns":3},{"damage":48,"enemies":"Giant Head","floor":48,"turns":6}],"seed_played":"4450335069594615695","potions_obtained":[{"floor":3,"key":"SneckoOil"},{"floor":3,"key":"Fruit Juice"},{"floor":3,"key":"SkillPotion"},{"floor":8,"key":"SkillPotion"},{"floor":13,"key":"BlessingOfTheForge"},{"floor":16,"key":"Block Potion"},{"floor":23,"key":"bronze:BurnAndBuffPotion"},{"floor":25,"key":"Guardian:BlockOnCardUsePotion"},{"floor":27,"key":"Fruit Juice"},{"floor":30,"key":"Explosive Potion"},{"floor":32,"key":"Block Potion"},{"floor":34,"key":"Strength Potion"},{"floor":45,"key":"Fruit Juice"}],"is_trial":false,"path_per_floor":["R","M","?","M","$","E","T","M","M","M","?","R","E","M","M","B",null,"R","M","M","?","?","M","T","M","T","M","R","$","M","M","M","B",null,"R","M","?","M","?","?","T","M","M","?","M","E","M","E"],"character_chosen":"THE_AUTOMATON","items_purchased":["bronze:Optimize"],"campfire_rested":0,"item_purchase_floors":[5],"current_hp_per_floor":[77,73,73,72,72,44,44,43,36,22,22,22,8,8,3,3,82,82,79,82,82,82,82,82,71,71,78,83,82,87,87,62,12,92,92,87,87,81,71,71,71,68,19,19,13,25,33,0,0,0],"gold":732,"neow_bonus":"TEN_PERCENT_HP_BONUS","is_daily":false,"chose_seed":false,"campfire_upgraded":4,"win_rate":0.0,"timestamp":1613642936,"path_taken":["R","M","?","?","$","E","T","M","M","M","?","R","E","M","M","BOSS","R","M","M","?","?","M","T","M","?","M","R","$","M","?","M","BOSS","R","M","?","M","?","?","T","M","M","?","M","E","M","E"],"items_purchased_type":["Card"],"build_version":"2020-12-22","purchased_purges":2,"victory":false,"max_hp_per_floor":[77,77,77,82,82,82,82,82,82,82,82,82,82,82,82,82,82,82,82,82,82,82,82,82,82,82,82,87,87,87,87,87,87,92,92,92,92,92,92,92,92,92,92,92,97,97,97,97,97,97],"card_choices":[{"not_picked":["bronze:DelayedSlice","bronze:Invalidate"],"picked":"bronze:Iterate","floor":2},{"not_picked":["bronze:NullPointer","bronze:BuggyMess","bronze:BurnOut"],"picked":"SKIP","floor":4},{"not_picked":["bronze:Overload","bronze:ChildClass"],"picked":"bronze:DelayedGuard","floor":5},{"not_picked":["bronze:Return","bronze:Optimize"],"picked":"bronze:Flail","floor":6},{"not_picked":["bronze:ForceShield","bronze:Overheat"],"picked":"bronze:FollowUp","floor":8},{"not_picked":["bronze:DelayedSlice","bronze:FindAndReplace"],"picked":"bronze:DigitalCarnage","floor":9},{"not_picked":["bronze:BugBarrage","bronze:DelayedGuard","bronze:Repulsor"],"picked":"SKIP","floor":10},{"not_picked":["bronze:DelayedSlice","bronze:ChildClass"],"picked":"bronze:FollowUp","floor":13},{"not_picked":["bronze:Philosophize","bronze:Iterate"],"picked":"bronze:ChildClass","floor":14},{"not_picked":["bronze:DarkDash","bronze:Iterate"],"picked":"bronze:DigitalCarnage","floor":15},{"not_picked":["bronze:AlphaBuild","bronze:ThunderWave"],"picked":"bronze:Assembly","floor":16},{"not_picked":["bronze:Overheat","bronze:Branch+1"],"picked":"bronze:Repair+1","floor":19},{"not_picked":["bronze:DelayedGuard","bronze:Return","bronze:NullPointer+1"],"picked":"SKIP","floor":20},{"not_picked":["bronze:Overheat","bronze:Branch+1","bronze:WildBeam"],"picked":"SKIP","floor":23},{"not_picked":["bronze:BuggyMess","bronze:BugBarrage+1"],"picked":"bronze:BitShift+1","floor":25},{"not_picked":["bronze:WildBeam+1","bronze:Allocate","bronze:Shield"],"picked":"SKIP","floor":27},{"not_picked":["bronze:Allocate","bronze:Iterate","bronze:Turbo+1"],"picked":"SKIP","floor":29},{"not_picked":["bronze:WildBeam","bronze:WhirlingStrike","bronze:AlphaBuild"],"picked":"SKIP","floor":30},{"not_picked":["bronze:Overheat","bronze:Repair","bronze:Deprecate"],"picked":"SKIP","floor":31},{"not_picked":["bronze:Repulsor","bronze:Invalidate+1"],"picked":"bronze:Turbo","floor":32},{"not_picked":["bronze:Shield","bronze:Deprecate+1"],"picked":"bronze:FineTuning","floor":34},{"not_picked":["bronze:DelayedGuard","bronze:ClassDefault"],"picked":"bronze:DigitalCarnage","floor":36},{"not_picked":["bronze:WildBeam+1","bronze:DarkDash","bronze:DelayedGuard"],"picked":"SKIP","floor":38},{"not_picked":["expansioncontent:PolyBeam","expansioncontent:YouAreMine"],"picked":"expansioncontent:PrepareCrush","floor":39},{"not_picked":["expansioncontent:InvincibleStrength","expansioncontent:GuardianWhirl"],"picked":"expansioncontent:LastStand","floor":39},{"not_picked":["expansioncontent:Chronoboost","expansioncontent:GuardianWhirl"],"picked":"expansioncontent:Hexaburn","floor":39},{"not_picked":["bronze:Safeguard","bronze:WildBeam","bronze:Boost+1"],"picked":"SKIP","floor":42},{"not_picked":["bronze:WildBeam","bronze:Shell+1"],"picked":"bronze:ClassDefault+1","floor":43},{"not_picked":["bronze:RecursiveStrike","bronze:Overload"],"picked":"bronze:DelayedSlice+1","floor":45},{"not_picked":["bronze:DarkDash+1","bronze:Repulsor+1","bronze:Backtrace"],"picked":"SKIP","floor":46},{"not_picked":["bronze:DarkDash+1","bronze:Branch","bronze:DelayedSlice+1"],"picked":"SKIP","floor":47}],"player_experience":65562,"relics_obtained":[{"floor":6,"key":"Unceasing Top"},{"floor":7,"key":"Bottled Tornado"},{"floor":13,"key":"Pocketwatch"},{"floor":24,"key":"bronze:SilverBullet"},{"floor":26,"key":"Blood Vial"},{"floor":46,"key":"Old Coin"}],"event_choices":[{"damage_healed":0,"gold_gain":0,"player_choice":"Got Potions","damage_taken":0,"max_hp_gain":0,"max_hp_loss":0,"event_name":"Lab","floor":3,"gold_loss":0},{"cards_removed":["bronze:DelayedGuard"],"damage_healed":0,"gold_gain":0,"player_choice":"Removed Skill","damage_taken":0,"max_hp_gain":0,"max_hp_loss":0,"event_name":"Falling","floor":37,"gold_loss":0}],"is_beta":false,"boss_relics":[{"not_picked":["Cursed Key","Busted Crown"],"picked":"bronze:PlatinumCore"},{"not_picked":["Coffee Dripper","Pandora\u0027s Box"],"picked":"Tiny House"}],"items_purged_floors":[5,29],"is_endless":false,"potions_floor_spawned":[8,13,14,15,16,23,25,27,30,32,36,43,45],"killed_by":"Giant Head","ascension_level":0}}