{"host":"btkbr53c3gip0r7d","time":1613622055,"event":{"mods":["BaseMod","Better Altar","Better Match","Better Note","Better Sensory Stone","Better Skull","Better Third Choice","Colored Map","Curses Come First","Downfall","Minty Spire (QoL Compilation)","StSLib","The Cursed","The Marked"],"gold_per_floor":[99,110,130,580,680,695,695,695,722,722,757,772,772,772,772],"floor_reached":13,"language":"ENG","playtime":1050,"items_purged":[],"score":98,"play_id":"438885d4-8062-4cbd-8b7b-07fe8125ef15","local_time":"20210217212055","is_ascension_mode":true,"campfire_choices":[{"data":"hexamod:Sear","floor":1,"key":"SMITH"},{"floor":8,"key":"REST"},{"floor":10,"key":"REST"}],"circlet_count":0,"master_deck":["hexamod:Strike","hexamod:Strike","hexamod:Strike","hexamod:Defend","hexamod:Defend","hexamod:Defend","hexamod:Defend","hexamod:Sear+1","hexamod:Float","hexamod:FlamesFromBeyond","hexamod:Rewind","downfall:Icky","downfall:Icky","hexamod:SearingWound+1","hexamod:HexaLevel","hexamod:ThirdSeal","hexamod:RadiantFlame","hexamod:Haunt","hexamod:CatchUp"],"relics":["sneckomod:SneckoTalon","Darkstone Periapt","Calipers","Meat on the Bone"],"acts_visited":["Exordium"],"potions_floor_usage":[9,13,13],"damage_taken":[{"damage":0,"enemies":"Small Slimes","floor":2,"turns":3},{"damage":6,"enemies":"2 Louse","floor":3,"turns":3},{"damage":23,"enemies":"downfall:Heads","floor":5,"turns":6},{"damage":9,"enemies":"Jaw Worm","floor":6,"turns":4},{"damage":21,"enemies":"3 Sentries","floor":9,"turns":9},{"damage":40,"enemies":"Gremlin Nob","floor":11,"turns":5},{"damage":12,"enemies":"Large Slime","floor":12,"turns":5},{"damage":13,"enemies":"3 Sentries","floor":13,"turns":3}],"seed_played":"3706395814689701539","potions_obtained":[{"floor":5,"key":"ColorlessPotion"},{"floor":11,"key":"Dexterity Potion"},{"floor":12,"key":"Fire Potion"}],"is_trial":false,"path_per_floor":["R","M","M","?","?","M","T","R","E","R","E","M","E"],"character_chosen":"THE_SPIRIT","items_purchased":[],"campfire_rested":2,"item_purchase_floors":[],"current_hp_per_floor":[70,70,64,64,41,32,32,53,32,53,13,13,0,0,0],"gold":772,"neow_bonus":"BOSS_RELIC","is_daily":false,"chose_seed":false,"campfire_upgraded":1,"win_rate":0.0,"timestamp":1613622055,"path_taken":["R","M","M","?","?","M","T","R","E","R","E","M","E"],"items_purchased_type":[],"build_version":"2020-12-22","purchased_purges":0,"victory":false,"max_hp_per_floor":[70,70,70,70,70,70,70,70,70,70,70,70,70,70,70],"card_choices":[{"not_picked":["hexamod:GhostShield","hexamod:BurningTouch"],"picked":"hexamod:FlamesFromBeyond","floor":2},{"not_picked":["hexamod:InspiringFlames","hexamod:ExtraCrispy"],"picked":"hexamod:Rewind","floor":3},{"not_picked":["hexamod:InspiringFlames","hexamod:AdvancingGuard"],"picked":"hexamod:SearingWound","floor":5},{"not_picked":["hexamod:FlamesFromBeyond","hexamod:ThermalTransfer","hexamod:BacktrackSmack"],"picked":"SKIP","floor":6},{"not_picked":["hexamod:NightmareGuise","hexamod:NightmareStrike"],"picked":"hexamod:ThirdSeal","floor":9},{"not_picked":["hexamod:PhantomCloak","hexamod:FastForward"],"picked":"hexamod:RadiantFlame","floor":11},{"not_picked":["hexamod:Again","hexamod:ShieldOfDarkness"],"picked":"hexamod:Haunt","floor":11},{"not_picked":["hexamod:GhostLash","hexamod:AdvancingGuard"],"picked":"hexamod:CatchUp","floor":12}],"player_experience":1474676,"relics_obtained":[{"floor":7,"key":"Darkstone Periapt"},{"floor":9,"key":"Calipers"},{"floor":11,"key":"Meat on the Bone"}],"event_choices":[],"is_beta":false,"boss_relics":[],"items_purged_floors":[],"is_endless":false,"potions_floor_spawned":[5,11,12],"killed_by":"3 Sentries","ascension_level":1}}