{"host":"xo0glkmxta74xh34","time":1613614481,"event":{"mods":["BaseMod","Downfall","Minty Spire (QoL Compilation)","Reliquary","Replay The Spire","StSLib"],"gold_per_floor":[99,118,138,156,176,205,253,266,266,266,266],"floor_reached":9,"language":"ENG","playtime":786,"items_purged":[],"score":88,"play_id":"9886d332-af37-4529-b2a3-5e849c688940","local_time":"20210217201441","is_ascension_mode":true,"campfire_choices":[{"floor":1,"key":"DIG"}],"circlet_count":0,"master_deck":["Guardian:Strike_Guardian","Guardian:Strike_Guardian","Guardian:Strike_Guardian","Guardian:Strike_Guardian","Guardian:Defend_Guardian","Guardian:Defend_Guardian","Guardian:Defend_Guardian","Guardian:Defend_Guardian","Guardian:CurlUp","Guardian:TwinSlam","Guardian:Gem_Red","Guardian:DecasProtection","Guardian:Gem_Lightblue","Guardian:PiercingHide","Guardian:PrismaticBarrier","Guardian:ShieldSpikes"],"relics":["Guardian:ModeShifter","Replay:Multitool","The Courier","Pet Ghost","Replay:Rubber Ducky"],"acts_visited":["Exordium"],"potions_floor_usage":[6],"damage_taken":[{"damage":0,"enemies":"Small Slimes","floor":2,"turns":4},{"damage":6,"enemies":"Cultist","floor":3,"turns":5},{"damage":7,"enemies":"Jaw Worm","floor":4,"turns":4},{"damage":16,"enemies":"Blue Slaver","floor":5,"turns":5},{"damage":20,"enemies":"3 Sentries","floor":6,"turns":13},{"damage":11,"enemies":"Large Slime","floor":8,"turns":12},{"damage":15,"enemies":"Replay:BlueRogue","floor":9,"turns":7}],"seed_played":"3866988583480702879","potions_obtained":[{"floor":5,"key":"LiquidMemories"},{"floor":6,"key":"Guardian:DefensiveModePotion"}],"is_trial":false,"path_per_floor":["R","M","M","M","M","E","T","M","E"],"character_chosen":"GUARDIAN","items_purchased":[],"campfire_rested":0,"item_purchase_floors":[],"current_hp_per_floor":[72,72,66,59,43,23,23,12,0,0,0],"gold":266,"neow_bonus":"ONE_RARE_RELIC","is_daily":false,"chose_seed":false,"campfire_upgraded":0,"win_rate":0.0,"timestamp":1613614481,"path_taken":["R","M","M","M","M","E","T","M","E"],"items_purchased_type":[],"build_version":"2020-12-22","purchased_purges":0,"victory":false,"max_hp_per_floor":[72,72,72,72,72,72,72,72,72,72,72],"card_choices":[{"not_picked":["Guardian:WalkerClaw","Guardian:Planning"],"picked":"Guardian:Gem_Red","floor":2},{"not_picked":["Guardian:Recover","Guardian:RollAttack"],"picked":"Guardian:DecasProtection","floor":3},{"not_picked":["Guardian:TemporalStrike","Guardian:PrimingBeam"],"picked":"Guardian:Gem_Lightblue","floor":4},{"not_picked":["Guardian:Gem_Fragmented","Guardian:ShieldCharger"],"picked":"Guardian:PiercingHide","floor":5},{"not_picked":["Guardian:PrimingBeam","Guardian:Suspension"],"picked":"Guardian:PrismaticBarrier","floor":6},{"not_picked":["Guardian:Incinerate","Guardian:PrimingBeam"],"picked":"Guardian:ShieldSpikes","floor":8}],"player_experience":506519,"relics_obtained":[{"floor":1,"key":"The Courier"},{"floor":6,"key":"Pet Ghost"},{"floor":7,"key":"Replay:Rubber Ducky"}],"event_choices":[],"is_beta":false,"boss_relics":[],"items_purged_floors":[],"is_endless":false,"potions_floor_spawned":[5,6],"killed_by":"Replay:BlueRogue","ascension_level":7}}