{"host":"goda751pbqw5j0wn","time":1613655242,"event":{"mods":["Act Like it!","Arknights","BaseMod","Highlight Path","Minty Spire (QoL Compilation)","READ ME - Guardian Mod","Shop Mod","StSLib","óô»ðÖ¸ÄÏ"],"gold_per_floor":[116,1160,1235,1249,1249,357,386,3375,3375,3389,2952,3127,2642,1946,1357,1462,1462,1478,1490,1490,1510,1527,1562,1562,1578,1627,1646,1663,1680,1044,1024,401,501,501,516,532,545,56,72,72,88,107,107,140,109,109,128,154,154,154,154],"floor_reached":50,"language":"ZHS","playtime":3963,"items_purged":["ats:Defend","ats:Strike G","ats:Strike V","Doubt","ats:Strike S","ats:Defend","ats:Phantom","ats:Counter Healing Mode","ats:Defend","ats:Soul Absorption"],"score":626,"play_id":"94938880-3f10-4ed4-a06c-abaf32310baf","local_time":"20210218213402","is_ascension_mode":false,"campfire_choices":[{"data":"ats:Shadow Assault","floor":24.0,"key":"SMITH"},{"data":"ats:Sword Rain","floor":40.0,"key":"SMITH"},{"data":"Apotheosis","floor":49.0,"key":"SMITH"}],"circlet_count":0,"master_deck":["ats:Armor Crushing Shot","ats:Defend","ats:Emotion Absorption","ats:Hammer On+1","ats:Leaping Hammer+1","ats:Shell Defense","ats:Blood Oath","ats:Part Time Job","ats:Consecutive Shot Auto","ats:Neurotoxin","ats:Poison Spread","ats:Calcification","ats:Overload","ats:Literary Storm","ats:Revitalization","ats:Rapid Magazine","ats:Echo Reverb","ats:Composite Medical Shells+1","ats:Shadow Assault+1","ats:Apocalypse","ats:Soul Rend","ats:Sword Rain+1","ats:Dogmatic Field+1","ats:Explosion Area Strengthen+1","ats:Neurotoxin+1","Sadistic Nature+1","ats:Revitalization+1","Apotheosis+1","ats:Magnetic Hammer"],"relics":["ats:Sanity","Oddly Smooth Stone","Singing Bowl","Mercury Hourglass","Orrery","ats:Originium","Pocketwatch","Anchor","Ancient Tea Set","Meat on the Bone","Nunchaku","Letter Opener","Bag of Preparation","ats:Remnant Ash","Sundial","Lantern","Nloth\u0027s Gift","FossilizedHelix","Strawberry","Frozen Egg 2","ats:Cure","Turnip","Busted Crown","Kunai","Whetstone","HandDrill","ats:Ability Aura","InkBottle","Art of War"],"acts_visited":["Exordium","TheCity","TheBeyond"],"potions_floor_usage":[],"damage_taken":[{"damage":7.0,"enemies":"2 Louse","floor":1.0,"turns":3.0},{"damage":7.0,"enemies":"Small Slimes","floor":4.0,"turns":2.0},{"damage":36.0,"enemies":"Gremlin Nob","floor":7.0,"turns":5.0},{"damage":0.0,"enemies":"Cultist","floor":10.0,"turns":3.0},{"damage":41.0,"enemies":"The Guardian","floor":16.0,"turns":10.0},{"damage":0.0,"enemies":"Chosen","floor":18.0,"turns":3.0},{"damage":10.0,"enemies":"3 Byrds","floor":19.0,"turns":4.0},{"damage":16.0,"enemies":"Centurion and Healer","floor":21.0,"turns":6.0},{"damage":45.0,"enemies":"Sentry and Sphere","floor":22.0,"turns":6.0},{"damage":27.0,"enemies":"Gremlin Leader","floor":23.0,"turns":6.0},{"damage":18.0,"enemies":"Cultist and Chosen","floor":25.0,"turns":5.0},{"damage":16.0,"enemies":"Snecko","floor":27.0,"turns":5.0},{"damage":32.0,"enemies":"Chosen and Byrds","floor":28.0,"turns":7.0},{"damage":21.0,"enemies":"Snake Plant","floor":29.0,"turns":4.0},{"damage":74.0,"enemies":"Automaton","floor":33.0,"turns":8.0},{"damage":36.0,"enemies":"Orb Walker","floor":35.0,"turns":5.0},{"damage":0.0,"enemies":"3 Shapes","floor":36.0,"turns":5.0},{"damage":81.0,"enemies":"Maw","floor":37.0,"turns":8.0},{"damage":7.0,"enemies":"Transient","floor":39.0,"turns":5.0},{"damage":0.0,"enemies":"Jaw Worm Horde","floor":41.0,"turns":2.0},{"damage":50.0,"enemies":"Writhing Mass","floor":42.0,"turns":5.0},{"damage":52.0,"enemies":"Reptomancer","floor":44.0,"turns":6.0},{"damage":0.0,"enemies":"Sphere and 2 Shapes","floor":47.0,"turns":3.0},{"damage":68.0,"enemies":"Giant Head","floor":48.0,"turns":7.0},{"damage":10112,"enemies":"Time Eater","floor":50,"turns":9}],"seed_played":"-1237996809867706112","potions_obtained":[{"floor":4.0,"key":"Strength Potion"},{"floor":10.0,"key":"Strength Potion"},{"floor":21.0,"key":"Weak Potion"},{"floor":23.0,"key":"LiquidMemories"},{"floor":29.0,"key":"Explosive Potion"},{"floor":31.0,"key":"Regen Potion"},{"floor":33.0,"key":"ats:Burn Big Potion"},{"floor":35.0,"key":"ColorlessPotion"},{"floor":37.0,"key":"DistilledChaos"},{"floor":41.0,"key":"Fruit Juice"},{"floor":47.0,"key":"Fire Potion"}],"is_trial":false,"path_per_floor":["M","?","?","M","?","R","E","$","T","M","R","?","R","$","R","B",null,"M","M","?","M","M","E","R","M","T","M","M","M","$","?","R","B",null,"M","M","M","$","M","R","M","M","T","E","R","?","M","E","R","B"],"character_chosen":"DOCTOR_CLASS","items_purchased":["ats:Phantom","ats:Shell Defense","ats:Encircling Forest","Singing Bowl","Mercury Hourglass","Orrery","ats:Neurotoxin","ats:Poison Spread","Anchor","Ancient Tea Set","ats:Counter Healing Mode","ats:Overload","Nunchaku","Explosive Potion","ats:Literary Storm","Letter Opener","ats:Revitalization","ats:Rapid Magazine","Bag of Preparation","ats:Remnant Ash","Sundial","Lantern","Frozen Egg 2","ats:Cure","Turnip","ats:Sword Rain","Kunai","Whetstone","ats:Neurotoxin+1","HandDrill","Sadistic Nature+1","ats:Soul Absorption","Apotheosis"],"campfire_rested":0,"item_purchase_floors":[6,6,6,6,6,6,8,8,8,8,11,11,11,11,13,13,13,14,14,14,15,15,30,30,32,32,38,38,38,38,38,45,45],"current_hp_per_floor":[72,65,54,47,47,47,27,27,27,44,44,44,44,44,44,47,81,81,80,80,83,62,58,58,52,59,53,57,56,56,56,56,70,98,74,86,45,45,59,59,66,55,55,55,55,55,58,62,62,0,0],"gold":154,"neow_bonus":"TEN_PERCENT_HP_BONUS","is_daily":false,"chose_seed":false,"campfire_upgraded":3,"win_rate":0.0,"timestamp":1613655242,"path_taken":["M","?","?","M","?","R","E","$","T","?","R","?","R","$","R","BOSS","M","M","?","M","M","E","R","M","T","M","?","M","$","?","R","BOSS","M","?","M","$","M","R","M","M","T","E","R","?","M","E","R","BOSS"],"items_purchased_type":["Card","Card","Card","Relic","Relic","Relic","Card","Card","Relic","Relic","Card","Card","Relic","Potion","Card","Relic","Card","Card","Relic","Relic","Relic","Relic","Relic","Relic","Relic","Card","Relic","Relic","Card","Relic","Card","Card","Card"],"build_version":"2020-12-22","purchased_purges":10,"victory":false,"max_hp_per_floor":[79,79,79,79,79,79,81,81,81,81,81,81,81,81,81,81,81,81,83,83,83,83,83,83,85,92,94,96,98,98,98,98,98,98,100,100,102,102,104,104,104,111,111,113,113,113,113,115,115,115,115],"card_choices":[{"not_picked":["ats:Explosion Area Strengthen","ats:Composite Medical Shells"],"picked":"ats:Hammer On","floor":1.0},{"not_picked":["ats:Sunburst","ats:Shadow Raid"],"picked":"ats:Leaping Hammer","floor":4.0},{"not_picked":["ats:Curse Doll","ats:Charging Defense"],"picked":"ats:Blood Oath","floor":6.0},{"not_picked":["ats:Burning Ground","ats:Cat Scratch"],"picked":"ats:Part Time Job","floor":6.0},{"not_picked":["ats:Curse Doll","ats:Apocalypse"],"picked":"ats:Consecutive Shot Auto","floor":6.0},{"not_picked":["ats:Consecutive Shot Auto","ats:Shell Defense"],"picked":"ats:Healing Strengthening","floor":6.0},{"not_picked":["ats:Spore Proliferation","ats:Very Hot Blade","ats:Cat Scratch"],"picked":"Singing Bowl","floor":7.0},{"not_picked":["ats:Hammer On","ats:Healing Strengthening"],"picked":"ats:Calcification","floor":10.0},{"not_picked":["ats:Dogmatic Field","ats:True Silver Slash"],"picked":"ats:Echo Reverb","floor":16.0},{"not_picked":["ats:Shell Defense","ats:Explosion Area Strengthen"],"picked":"ats:Composite Medical Shells+1","floor":18.0},{"not_picked":["ats:Absolute Focus","ats:Assault Order","ats:Revitalization"],"picked":"Singing Bowl","floor":19.0},{"not_picked":["ats:Consecutive Shot Auto","ats:Apocalypse+1"],"picked":"ats:Shadow Assault","floor":21.0},{"not_picked":["ats:Revitalization","ats:Hammer On"],"picked":"ats:Apocalypse","floor":22.0},{"not_picked":["ats:Burning Ground","ats:Roar Of Ursus"],"picked":"ats:Soul Rend","floor":23.0},{"not_picked":["ats:Guard Mode","ats:Shadow Raid","ats:Blood Oath"],"picked":"Singing Bowl","floor":25.0},{"not_picked":["ats:Flexible Camouflage","ats:Curse Doll+1","ats:Consecutive Shot Auto"],"picked":"Singing Bowl","floor":27.0},{"not_picked":["ats:Magnetic Hammer","ats:Burning Ground","ats:Serious Mode"],"picked":"Singing Bowl","floor":28.0},{"not_picked":["ats:Very Hot Blade","ats:Closed Bolt Burst Fire","ats:Ignite"],"picked":"Singing Bowl","floor":29.0},{"not_picked":["ats:Soul Rend+1","ats:Shadow Assault"],"picked":"ats:Dogmatic Field+1","floor":33.0},{"not_picked":["ats:Phantom+1"],"picked":"Singing Bowl","floor":35.0},{"not_picked":[],"picked":"ats:Explosion Area Strengthen+1","floor":36.0},{"not_picked":["ats:Shell Defense+1"],"picked":"Singing Bowl","floor":37.0},{"not_picked":["ats:Cat Scratch"],"picked":"Singing Bowl","floor":39.0},{"not_picked":[],"picked":"ats:Revitalization+1","floor":41.0},{"not_picked":["ats:Counter Healing Mode+1"],"picked":"Singing Bowl","floor":42.0},{"not_picked":["ats:Consecutive Shot Auto+1"],"picked":"Singing Bowl","floor":44.0},{"not_picked":[],"picked":"ats:Magnetic Hammer","floor":47.0},{"not_picked":["ats:Counter Healing Mode+1"],"picked":"Singing Bowl","floor":48.0}],"player_experience":539014,"relics_obtained":[{"floor":7.0,"key":"ats:Originium"},{"floor":7.0,"key":"Pocketwatch"},{"floor":9.0,"key":"Meat on the Bone"},{"floor":23.0,"key":"ats:Originium"},{"floor":23.0,"key":"FossilizedHelix"},{"floor":26.0,"key":"Strawberry"},{"floor":43.0,"key":"ats:Ability Aura"},{"floor":44.0,"key":"ats:Originium"},{"floor":44.0,"key":"InkBottle"},{"floor":48.0,"key":"ats:Originium"},{"floor":48.0,"key":"Art of War"}],"event_choices":[{"damage_healed":0.0,"max_hp_gain":0.0,"max_hp_loss":0.0,"gold_gain":0.0,"event_name":"Scrap Ooze","player_choice":"Success","floor":2.0,"gold_loss":0.0,"damage_taken":7.0,"relics_obtained":["Oddly Smooth Stone"]},{"damage_healed":0.0,"max_hp_gain":0.0,"max_hp_loss":0.0,"gold_gain":75.0,"event_name":"World of Goop","player_choice":"Gather Gold","floor":3.0,"gold_loss":0.0,"damage_taken":11.0},{"cards_removed":["ats:Strike C"],"damage_healed":0.0,"max_hp_gain":0.0,"max_hp_loss":0.0,"gold_gain":0.0,"event_name":"Purifier","player_choice":"Purged","floor":5.0,"gold_loss":0.0,"damage_taken":0.0},{"damage_healed":0.0,"max_hp_gain":0.0,"max_hp_loss":0.0,"gold_gain":175.0,"event_name":"Liars Game","player_choice":"AGREE","floor":12.0,"gold_loss":0.0,"damage_taken":0.0,"cards_obtained":["Doubt"]},{"damage_healed":0.0,"max_hp_gain":0.0,"max_hp_loss":0.0,"gold_gain":0.0,"event_name":"N\u0027loth","player_choice":"Traded Relic","floor":20.0,"relics_lost":["Empty Cage"],"gold_loss":0.0,"damage_taken":0.0,"relics_obtained":["Nloth\u0027s Gift"]},{"damage_healed":0.0,"max_hp_gain":0.0,"max_hp_loss":0.0,"gold_gain":0.0,"event_name":"The Woman in Blue","player_choice":"Bought 1 Potion","floor":31.0,"gold_loss":0.0,"damage_taken":0.0},{"damage_healed":0.0,"max_hp_gain":0.0,"max_hp_loss":0.0,"gold_gain":0.0,"event_name":"The Moai Head","player_choice":"Ignored","floor":46.0,"gold_loss":0.0,"damage_taken":0.0}],"is_beta":false,"boss_relics":[{"not_picked":["Runic Dome","Sozu"],"picked":"Empty Cage"},{"not_picked":["Tiny House","Black Star"],"picked":"Busted Crown"}],"items_purged_floors":[6,8,11,13,14,15,30,32,38,45],"is_endless":false,"potions_floor_spawned":[4,10,21,23,25,29,33,35,37,41,47],"killed_by":"Time Eater","ascension_level":0}}