{"host":"i73ch23exsqar74a","time":1613683280,"event":{"mods":["AchievementEnabler","Act Like it!","Arknights","Aspiration","Astrologer","Bard","Bartender","BaseMod","Beaked The Cultist","Better Sensory Stone","CCEM2","CapriCore","Challenge The Spire","ChefMod","Chen","Colored Map","Colored Powertips","Conjunction","Conspire","Downfall","Fireblade Mod","FutureSeer","GifTheSpireLib","Glutton Mod","Gremlin Mod","Halation","Hermit","Highlight Path","HololiveMod","Hubris","Infinite Spire","Jedi Mod","Lobotomy","LobotomyExtend","Luminous","Marked Mod","Minty Spire (QoL Compilation)","Prisma Mod","Quarter Circle Forward PUNCH!","Quick Restart","Random Character Button","RatMod","Relic Sorter","Reliquary","Replay The Spire","Ruina","SOS???????","Shade Mod","Spicy Shops","Spikes Relics","Spire Arcade","StSLib","Stuff the Spire","The Alterego","The Animator","The Bug Knight","The Construct","The Cursed","The Druid","The Exalted","The Immortal","The Judge","The Poker Player","The Sage","The Wild Card","TheHero","TheSwordswoman","TheVacant","TheVelvet","Thieving Mod","Yuri Mod","???Mod??????Boss","???mod?????"],"gold_per_floor":[115,152,152,168,168,193,193,222,222,222,238,264,264,264,264,363,363,383,383,383,383,36,36,67,83,83,83,83,112,127,155,155,257,257,277,289,289,304,322,351,351,381,431,431,496,496,554,572,572,586,586,586,586,669,669,669],"floor_reached":55,"language":"ENG","playtime":2748,"items_purged":[],"score":1025,"play_id":"3d455fdd-7c10-4819-bc48-5bf1e74f166d","local_time":"20210219012120","is_ascension_mode":true,"campfire_choices":[{"floor":7,"key":"REST"},{"floor":10,"key":"REST"},{"floor":13,"key":"REST"},{"floor":15,"key":"REST"},{"data":"astrologer:Death","floor":23,"key":"SMITH"},{"floor":27,"key":"REST"},{"data":"astrologer:TheEmperor","floor":32,"key":"SMITH"},{"data":"ruina:CrimsonScar","floor":41,"key":"SMITH"},{"data":"ruina:Smile","floor":44,"key":"SMITH"},{"data":"astrologer:TheSun","floor":49,"key":"SMITH"},{"floor":53,"key":"REST"}],"circlet_count":0,"master_deck":["astrologer:Strike","astrologer:Strike","astrologer:Strike","astrologer:Defend","astrologer:Defend","astrologer:Defend","astrologer:Defend","astrologer:NorthStar+1","astrologer:TheFool","astrologer:StarOfRegret","astrologer:ShootingStar","astrologer:SolarFlare","Hallucinations","astrologer:ShootingStar","astrologer:Death","astrologer:Stardust","conspire:NecroticWound","Regret","astrologer:TheSun","astrologer:FrozenStar","Bandage Up","ruina:Smile+1","ruina:CrimsonScar","ruina:Mimicry","astrologer:MeteorShower","astrologer:Stardust","animator:Curse_Greed","Languid","animator:HigakiRinne","astrologer:Judgement","astrologer:StarOfMisfortune","astrologer:TheEmperor","astrologer:TheChariot","astrologer:Stardust","astrologer:SolarFlare","Parasite","astrologer:Sunrise","astrologer:TheEmpress","conspire:Blindness","Amnesia","astrologer:CosmicExpanse+1","Normality","astrologer:TheStar","astrologer:Strength","astrologer:FrozenStar"],"relics":["animator:TheEruzaStone","animator:AncientMedallion"],"acts_visited":["Exordium","Exordium","TheBeyond","TheEnding","EYB:TheUnnamedReign"],"potions_floor_usage":[6,8,16,16,24,24,24,25,25,30,31,33,39,40,45,50],"damage_taken":[{"damage":2,"enemies":"Jaw Worm","floor":1,"turns":3},{"damage":15,"enemies":"conspire:MimicChest","floor":2,"turns":6},{"damage":2,"enemies":"Small Slimes","floor":4,"turns":3},{"damage":27,"enemies":"3 Sentries","floor":6,"turns":11},{"damage":30,"enemies":"Gremlin Nob","floor":8,"turns":4},{"damage":0,"enemies":"2 Louse","floor":11,"turns":3},{"damage":41,"enemies":"Slime Boss","floor":16,"turns":11},{"damage":12,"enemies":"ruina:Nosferatu","floor":18,"turns":5},{"damage":16,"enemies":"ruina:Mountain","floor":24,"turns":8},{"damage":20,"enemies":"ruina:BadWolf","floor":25,"turns":5},{"damage":15,"enemies":"ruina:ServantOfWrath","floor":29,"turns":6},{"damage":9,"enemies":"ruina:KnightOfDespair","floor":30,"turns":3},{"damage":19,"enemies":"ruina:Mountain","floor":31,"turns":7},{"damage":17,"enemies":"ruina:Red_and_Wolf","floor":33,"turns":8},{"damage":19,"enemies":"3 Darklings","floor":35,"turns":4},{"damage":8,"enemies":"Orb Walker","floor":36,"turns":2},{"damage":6,"enemies":"Writhing Mass","floor":38,"turns":4},{"damage":19,"enemies":"Jaw Worm Horde","floor":39,"turns":4},{"damage":8,"enemies":"Giant Head","floor":40,"turns":5},{"damage":8,"enemies":"HollowMod:StalkingDevout","floor":42,"turns":4},{"damage":24,"enemies":"2 Orb Walkers","floor":45,"turns":4},{"damage":0,"enemies":"Transient","floor":48,"turns":5},{"damage":27,"enemies":"Time Eater","floor":50,"turns":8},{"damage":107,"enemies":"animator:TRIPLE_SHAPES_WEAK","floor":55,"turns":8}],"seed_played":"-5422504673250943964","potions_obtained":[{"floor":1,"key":"Dexterity Potion"},{"floor":4,"key":"SpeedPotion"},{"floor":11,"key":"AttackPotion"},{"floor":16,"key":"Adrenaline Potion"},{"floor":24,"key":"LiquidMemories"},{"floor":30,"key":"Venom Potion"},{"floor":31,"key":"LiquidBronze"},{"floor":33,"key":"Adrenaline Potion"},{"floor":39,"key":"ColorlessPotion"},{"floor":45,"key":"Flashbang"},{"floor":48,"key":"AttackPotion"},{"floor":50,"key":"FearPotion"}],"is_trial":false,"path_per_floor":["M","?","?","M","?","E","R","E","T","R","M","T","R","E","R","B",null,"M","?","?","?","$","R","E","M","T","R","AVR","E","M","E","R","B",null,"M","M","?","M","M","E","R","E","T","R","?","?","?","M","R","B",null,null,"R","??","M"],"character_chosen":"ASTROLOGER","items_purchased":["ruina:CrimsonScar","ruina:Mimicry"],"campfire_rested":6,"item_purchase_floors":[22,22],"current_hp_per_floor":[68,53,53,51,51,24,45,15,15,36,36,36,57,25,46,5,70,58,40,40,40,40,40,34,34,39,60,60,60,53,54,54,63,70,70,70,70,70,63,67,67,67,67,67,55,55,29,66,66,42,42,66,66,100,0,0],"gold":669,"neow_bonus":"TRANSFORM_CARD","is_daily":false,"chose_seed":false,"campfire_upgraded":5,"win_rate":0.0,"timestamp":1613683280,"path_taken":["M","?","?","M","?","E","R","E","T","R","M","?","R","E","R","BOSS","M","?","?","?","$","R","E","M","T","R","AVR","E","M","E","R","BOSS","M","M","?","M","M","E","R","E","T","R","?","?","?","M","R","BOSS","R","??","M"],"items_purchased_type":["Card","Card"],"build_version":"2020-12-22","purchased_purges":0,"victory":false,"max_hp_per_floor":[70,70,70,70,70,70,70,70,70,70,70,70,70,70,70,70,70,70,70,65,65,65,65,65,65,70,70,70,70,70,70,70,70,70,70,70,70,70,70,70,70,70,70,70,70,66,66,66,66,66,66,66,66,100,100,100],"card_choices":[{"not_picked":["astrologer:Sunrise","astrologer:Radiance"],"picked":"astrologer:ShootingStar","floor":1},{"not_picked":["astrologer:Strength","astrologer:ReadTheStars"],"picked":"astrologer:SolarFlare","floor":2},{"not_picked":["astrologer:TheDevil","astrologer:Still"],"picked":"astrologer:ShootingStar","floor":4},{"not_picked":["astrologer:Eclipse","astrologer:Opposition"],"picked":"astrologer:Death","floor":6},{"not_picked":["astrologer:Retelling","astrologer:ReadTheStars"],"picked":"astrologer:Stardust","floor":8},{"not_picked":["astrologer:Radiance","astrologer:TheEmpress","astrologer:TheHighPriestess"],"picked":"SKIP","floor":11},{"not_picked":["astrologer:HeatDeath","astrologer:TheMagician"],"picked":"astrologer:TheSun","floor":16},{"not_picked":["astrologer:SpaceDust","astrologer:MeteorShower+1"],"picked":"astrologer:FrozenStar","floor":18},{"not_picked":["infinitespire:NeuralNetwork","infinitespire:DeathsTouch"],"picked":"infinitespire:Starlight","floor":19},{"not_picked":["ruina:CobaltScar","ruina:Mimicry"],"picked":"ruina:Smile","floor":20},{"not_picked":["astrologer:ReadTheStars","astrologer:TheHighPriestess+1"],"picked":"astrologer:MeteorShower+1","floor":24},{"not_picked":["astrologer:Radiance","astrologer:WheelofFortune"],"picked":"astrologer:Stardust","floor":25},{"not_picked":["astrologer:Retelling+1","astrologer:CometStrike"],"picked":"astrologer:Judgement+1","floor":29},{"not_picked":["astrologer:Divination+1","astrologer:TheStar"],"picked":"astrologer:StarOfMisfortune","floor":30},{"not_picked":["astrologer:TheSun","astrologer:Opposition+1"],"picked":"astrologer:TheEmperor","floor":31},{"not_picked":["astrologer:WheelofFortune","astrologer:BlackHole"],"picked":"astrologer:TheChariot","floor":33},{"not_picked":["astrologer:SolarFlare","astrologer:Opposition"],"picked":"astrologer:Stardust+1","floor":35},{"not_picked":["astrologer:CometStrike","astrologer:GlassStar+1"],"picked":"astrologer:SolarFlare","floor":36},{"not_picked":["astrologer:Shine","astrologer:Eclipse+1"],"picked":"astrologer:Sunrise","floor":38},{"not_picked":["astrologer:Still+1","astrologer:MeteorShower+1"],"picked":"astrologer:TheEmpress+1","floor":39},{"not_picked":["astrologer:HeatDeath","astrologer:Stardust","astrologer:Still"],"picked":"SKIP","floor":40},{"not_picked":["astrologer:Eclipse+1","astrologer:FadingStar","astrologer:CometStrike+1"],"picked":"SKIP","floor":42},{"not_picked":["astrologer:Opposition+1","astrologer:CometStrike"],"picked":"astrologer:CosmicExpanse+1","floor":45},{"not_picked":["astrologer:ShiningStar","astrologer:SolarFlare"],"picked":"astrologer:TheStar","floor":47},{"not_picked":["astrologer:SolarFlare+1","astrologer:Conjunction"],"picked":"astrologer:Strength+1","floor":47},{"not_picked":["astrologer:Observe+1","astrologer:StarOfChange+1"],"picked":"astrologer:FrozenStar+1","floor":48}],"player_experience":1481214,"relics_obtained":[{"floor":1,"key":"LetterFromLob"},{"floor":2,"key":"aspiration:ChemicalBlood"},{"floor":3,"key":"ReplayTheSpireMod:Ring of Collecting"},{"floor":3,"key":"ReplayTheSpireMod:Ring of Exchange"},{"floor":6,"key":"reliquary:PartyBalloon"},{"floor":8,"key":"Juzu Bracelet"},{"floor":9,"key":"Ring of Misfortune"},{"floor":9,"key":"RollingBoulder"},{"floor":12,"key":"Ring of Fangs"},{"floor":12,"key":"jedi:cryingmask"},{"floor":24,"key":"CCEMRelics:GrindingGear"},{"floor":26,"key":"Ring of Searing"},{"floor":26,"key":"CCEMRelics:HeirloomTomato"},{"floor":29,"key":"GiantMaggot"},{"floor":31,"key":"StuffTheSpire:Gunfinga"},{"floor":40,"key":"reliquary:PurpleTingedLeaf"},{"floor":42,"key":"reliquary:SilkGlove"},{"floor":43,"key":"Ring of Greed"},{"floor":43,"key":"MealTicket"},{"floor":43,"key":"infinitespire:Midas Blood"},{"floor":43,"key":"reliquary:Stiletto"},{"floor":45,"key":"CCEMRelics:WarHorn"},{"floor":47,"key":"Centennial Puzzle"},{"floor":54,"key":"animator:TheEruzaStone"},{"floor":54,"key":"animator:AncientMedallion"}],"event_choices":[{"damage_healed":0,"gold_gain":0,"player_choice":"Leave","damage_taken":0,"max_hp_gain":0,"max_hp_loss":0,"event_name":"conspire:Investor","floor":21,"gold_loss":0},{"damage_healed":0,"gold_gain":0,"player_choice":"Fight","damage_taken":0,"max_hp_gain":0,"max_hp_loss":0,"event_name":"Mysterious Sphere","floor":45,"gold_loss":0},{"damage_healed":0,"gold_gain":0,"player_choice":"Max HP","damage_taken":0,"max_hp_gain":0,"max_hp_loss":4,"event_name":"Winding Halls","floor":46,"gold_loss":0}],"is_beta":false,"boss_relics":[{"not_picked":["Coffee Dripper","StuffTheSpire:RunicHypercube"],"picked":"aspiration:Nostalgia"},{"not_picked":["halation:PeacePiece","construct:WeddingRing"],"picked":"CCEMRelics:DefectiveTurbocharger"}],"items_purged_floors":[],"is_endless":false,"potions_floor_spawned":[1,4,11,24,30,31,38,39,45],"killed_by":"animator:TRIPLE_SHAPES_WEAK","ascension_level":1}}