{"host":"q8mjpf3krl0t4p3x","time":1613633637,"event":{"mods":["BaseMod","Colored Map","Colored Powertips","Googly Eyes","Minty Spire (QoL Compilation)","Quick Restart","StSLib","everything is the same but u backflip on backflip","slay the spire mod where everything is the same but ironclad has a cowboy hat"],"gold_per_floor":[118,118,118,118,138,153,173,185,185,6,16,42,42,54,54,128,178,195,195,209,65,65,65,92,111,111,111,111],"floor_reached":27,"language":"ENG","playtime":669,"items_purged":[],"score":411,"play_id":"123bb0d0-dea9-4a7d-bb27-e7ee00e31e63","local_time":"20210217233357","is_ascension_mode":true,"campfire_choices":[{"data":"Anger","floor":13.0,"key":"SMITH"},{"data":"Reckless Charge","floor":15.0,"key":"SMITH"},{"data":"Shrug It Off","floor":23.0,"key":"SMITH"}],"circlet_count":0,"master_deck":["AscendersBane","Strike_R+1","Strike_R","Strike_R","Strike_R","Strike_R","Defend_R+1","Defend_R","Defend_R","Defend_R","Bash","Cleave+1","Anger+1","Shrug It Off+1","Reckless Charge+1","Pommel Strike","Double Tap+1"],"relics":["Burning Blood","Thread and Needle","Vajra","Sundial","Tiny House","Chemical X","Charon\u0027s Ashes","Juzu Bracelet"],"acts_visited":["Exordium","TheCity"],"potions_floor_usage":[],"damage_taken":[{"damage":11.0,"enemies":"Jaw Worm","floor":1.0,"turns":4.0},{"damage":0.0,"enemies":"2 Louse","floor":5.0,"turns":2.0},{"damage":2.0,"enemies":"Small Slimes","floor":6.0,"turns":2.0},{"damage":9.0,"enemies":"Looter","floor":7.0,"turns":3.0},{"damage":12.0,"enemies":"Gremlin Gang","floor":8.0,"turns":5.0},{"damage":5.0,"enemies":"Red Slaver","floor":11.0,"turns":3.0},{"damage":13.0,"enemies":"3 Sentries","floor":12.0,"turns":6.0},{"damage":0.0,"enemies":"2 Fungi Beasts","floor":14.0,"turns":2.0},{"damage":12.0,"enemies":"Slime Boss","floor":16.0,"turns":9.0},{"damage":0.0,"enemies":"Spheric Guardian","floor":18.0,"turns":3.0},{"damage":13.0,"enemies":"Shell Parasite","floor":20.0,"turns":3.0},{"damage":72.0,"enemies":"Book of Stabbing","floor":24.0,"turns":6.0},{"damage":10.0,"enemies":"3 Cultists","floor":25.0,"turns":5.0},{"damage":0,"enemies":"Cultist and Chosen","floor":27,"turns":1}],"seed_played":"4520777576224092033","potions_obtained":[{"floor":8.0,"key":"FearPotion"},{"floor":11.0,"key":"GamblersBrew"},{"floor":16.0,"key":"BloodPotion"},{"floor":17.0,"key":"Fire Potion"},{"floor":24.0,"key":"Dexterity Potion"}],"is_trial":false,"path_per_floor":["M","?","?","?","M","M","M","M","T","$","M","E","R","M","R","B",null,"M","?","M","$","?","R","E","M","T","M"],"character_chosen":"IRONCLAD","items_purchased":["Vajra","Shrug It Off","Chemical X"],"campfire_rested":0,"item_purchase_floors":[10,10,21],"current_hp_per_floor":[70,70,70,45,51,55,52,46,46,46,47,40,40,46,46,40,77,83,83,76,76,63,63,14,10,10,10,10],"gold":111,"neow_bonus":"TEN_PERCENT_HP_BONUS","is_daily":false,"chose_seed":false,"campfire_upgraded":3,"win_rate":0.0,"timestamp":1613633637,"path_taken":["M","?","?","?","M","M","M","M","T","$","M","E","R","M","R","BOSS","M","?","M","$","?","R","E","?","T","M"],"items_purchased_type":["Relic","Card","Relic"],"build_version":"2020-12-22","purchased_purges":0,"victory":false,"max_hp_per_floor":[82,82,82,82,82,82,82,82,82,82,82,82,82,82,82,82,87,87,87,87,87,87,87,87,87,87,87,87],"card_choices":[{"not_picked":["Armaments","Heavy Blade"],"picked":"Cleave","floor":1.0},{"not_picked":["Bloodletting","Flex"],"picked":"Anger","floor":5.0},{"not_picked":["Sentinel","Warcry","Sword Boomerang"],"picked":"SKIP","floor":6.0},{"not_picked":["Blood for Blood","Intimidate","Corruption"],"picked":"SKIP","floor":7.0},{"not_picked":["Heavy Blade","Perfected Strike","Thunderclap"],"picked":"SKIP","floor":8.0},{"not_picked":["Havoc","True Grit"],"picked":"Reckless Charge","floor":11.0},{"not_picked":["Cleave","Warcry"],"picked":"Pommel Strike","floor":12.0},{"not_picked":["Bloodletting","Dual Wield","Cleave"],"picked":"SKIP","floor":14.0},{"not_picked":["Offering","Impervious"],"picked":"Double Tap","floor":16.0},{"not_picked":["Power Through","Armaments","Clash"],"picked":"SKIP","floor":18.0},{"not_picked":["Havoc","Heavy Blade","Clothesline"],"picked":"SKIP","floor":20.0},{"not_picked":["Armaments","Burning Pact","Iron Wave"],"picked":"SKIP","floor":24.0},{"not_picked":["Cleave","Feed","Twin Strike"],"picked":"SKIP","floor":25.0}],"player_experience":192024,"relics_obtained":[{"floor":9.0,"key":"Thread and Needle"},{"floor":12.0,"key":"Sundial"},{"floor":24.0,"key":"Charon\u0027s Ashes"},{"floor":26.0,"key":"Juzu Bracelet"}],"event_choices":[{"damage_healed":0.0,"max_hp_gain":0.0,"max_hp_loss":0.0,"gold_gain":0.0,"event_name":"Liars Game","player_choice":"Ignored","floor":2.0,"gold_loss":0.0,"damage_taken":0.0},{"damage_healed":0.0,"max_hp_gain":0.0,"max_hp_loss":0.0,"gold_gain":0.0,"event_name":"Living Wall","player_choice":"Grow","floor":3.0,"gold_loss":0.0,"damage_taken":0.0,"cards_upgraded":["Cleave"]},{"damage_healed":0.0,"max_hp_gain":0.0,"max_hp_loss":0.0,"gold_gain":0.0,"event_name":"Shining Light","player_choice":"Entered Light","floor":4.0,"gold_loss":0.0,"damage_taken":25.0,"cards_upgraded":["Strike_R","Defend_R"]},{"damage_healed":0.0,"max_hp_gain":0.0,"max_hp_loss":0.0,"gold_gain":0.0,"event_name":"Beggar","player_choice":"Ignored","floor":19.0,"gold_loss":0.0,"damage_taken":0.0},{"damage_healed":0.0,"max_hp_gain":0.0,"max_hp_loss":0.0,"gold_gain":0.0,"event_name":"Wheel of Change","player_choice":"Damaged","floor":22.0,"gold_loss":0.0,"damage_taken":13.0}],"is_beta":false,"boss_relics":[{"not_picked":["Runic Dome","Black Star"],"picked":"Tiny House"}],"items_purged_floors":[],"is_endless":false,"potions_floor_spawned":[8,11,14,16,24],"killed_by":"Cultist and Chosen","ascension_level":15}}