{"host":"dftd5cr6l8m56acq","time":1613686753,"event":{"mods":["AchievementEnabler","BaseMod","Bestiary","Colored Map","Highlight Path","Minty Spire (QoL Compilation)","Relic Stats","StSLib","everything is the same but u backflip on backflip"],"gold_per_floor":[369,382,3,3,18,53,53,82,82,82,82,82,117,117,117,214,214,234,246,300,313,332,359,359,384,463,480,266,282,282,307,307,402,402,412,190,207,226,226,226,257,276,302,352,352,352,124,0,0,0],"floor_reached":51,"language":"ENG","playtime":3217,"items_purged":["Defend_P","Strike_P","Strike_P"],"score":906,"play_id":"a3a50f5f-6ea1-4d90-bb7c-a13fba438d51","local_time":"20210218171913","is_ascension_mode":true,"campfire_choices":[{"floor":7,"key":"REST"},{"floor":10,"key":"REST"},{"data":"InnerPeace","floor":15,"key":"SMITH"},{"data":"Scrawl","floor":30,"key":"SMITH"},{"data":"Tantrum","floor":32,"key":"SMITH"},{"data":"WheelKick","floor":40,"key":"SMITH"},{"data":"Wallop","floor":46,"key":"SMITH"},{"data":"Chrysalis","floor":49,"key":"SMITH"}],"circlet_count":0,"master_deck":["Strike_P","Defend_P+1","Defend_P+1","Defend_P+1","Eruption","Vigilance","Weave","Crescendo+1","Wireheading","InnerPeace+1","FollowUp","FlurryOfBlows","DeusExMachina","JustLucky","WheelKick+1","Scrawl+1","EmptyBody+1","WaveOfTheHand+1","Tantrum+1","Weave+1","Study+1","CrushJoints+1","DevaForm+1","CutThroughFate+1","Wallop+1","Meditate","Evaluate+1","ThirdEye","SashWhip","Chrysalis+1"],"relics":["PureWater","Membership Card","GoldenEye","War Paint","Matryoshka","InkBottle","Regal Pillow","Frozen Egg 2","Sundial","Bottled Lightning","SlaversCollar","Akabeko","Singing Bowl","Mummified Hand","Eternal Feather","Happy Flower","Orichalcum","Gremlin Horn","VioletLotus","Kunai","Art of War","Blood Vial","Calipers","Red Mask"],"acts_visited":["Exordium","TheCity","TheBeyond"],"potions_floor_usage":[16,23,24,31,37,38,50,50,50],"damage_taken":[{"damage":0,"enemies":"Jaw Worm","floor":1,"turns":5},{"damage":0,"enemies":"2 Louse","floor":2,"turns":2},{"damage":1,"enemies":"Small Slimes","floor":5,"turns":4},{"damage":7,"enemies":"Lagavulin","floor":6,"turns":6},{"damage":16,"enemies":"3 Sentries","floor":8,"turns":8},{"damage":16,"enemies":"Lagavulin","floor":13,"turns":6},{"damage":31,"enemies":"Slime Boss","floor":16,"turns":8},{"damage":12,"enemies":"Chosen","floor":18,"turns":3},{"damage":0,"enemies":"Spheric Guardian","floor":19,"turns":1},{"damage":7,"enemies":"Centurion and Healer","floor":21,"turns":3},{"damage":4,"enemies":"3 Cultists","floor":22,"turns":4},{"damage":9,"enemies":"Slavers","floor":23,"turns":3},{"damage":0,"enemies":"Snake Plant","floor":24,"turns":1},{"damage":0,"enemies":"Gremlin Leader","floor":25,"turns":3},{"damage":15,"enemies":"Centurion and Healer","floor":27,"turns":3},{"damage":0,"enemies":"Shelled Parasite and Fungi","floor":29,"turns":2},{"damage":2,"enemies":"Book of Stabbing","floor":31,"turns":2},{"damage":35,"enemies":"Champ","floor":33,"turns":7},{"damage":0,"enemies":"Orb Walker","floor":35,"turns":2},{"damage":2,"enemies":"3 Darklings","floor":37,"turns":3},{"damage":43,"enemies":"Writhing Mass","floor":38,"turns":6},{"damage":0,"enemies":"Nemesis","floor":41,"turns":3},{"damage":16,"enemies":"Sphere and 2 Shapes","floor":42,"turns":2},{"damage":0,"enemies":"Mind Bloom Boss Battle","floor":44,"turns":3},{"damage":17,"enemies":"Awakened One","floor":50,"turns":8}],"seed_played":"2319513673341200868","potions_obtained":[{"floor":8,"key":"SmokeBomb"},{"floor":13,"key":"LiquidMemories"},{"floor":18,"key":"EssenceOfSteel"},{"floor":25,"key":"BlessingOfTheForge"},{"floor":27,"key":"Swift Potion"},{"floor":29,"key":"Block Potion"},{"floor":33,"key":"Strength Potion"},{"floor":44,"key":"Ancient Potion"}],"is_trial":false,"path_per_floor":["M","M","$","?","M","E","R","E","T","R","?","?","E","T","R","B",null,"M","M","T","M","M","E","M","E","T","M","$","M","R","E","R","B",null,"M","$","M","M","?","R","E","M","T","?","?","R","$","?","R","B",null],"character_chosen":"WATCHER","items_purchased":["Membership Card","GoldenEye","Wireheading","InnerPeace","Happy Flower","Orichalcum","Block Potion","Wallop","Kunai","ThirdEye","SashWhip","Chrysalis","Strength Potion"],"campfire_rested":2,"item_purchase_floors":[3,3,3,3,28,28,28,36,36,47,47,47,47],"current_hp_per_floor":[51,51,51,37,36,29,50,34,34,70,70,70,54,54,54,23,72,60,60,60,53,49,42,42,42,42,29,29,29,41,41,53,18,78,78,78,78,37,37,52,54,38,38,40,40,55,55,55,73,58],"gold":0,"neow_bonus":"TWO_FIFTY_GOLD","is_daily":false,"chose_seed":true,"campfire_upgraded":6,"win_rate":0.0,"timestamp":1613686753,"path_taken":["M","M","$","?","M","E","R","E","T","R","?","?","E","?","R","BOSS","M","?","?","M","M","E","M","E","T","M","$","M","R","E","R","BOSS","M","$","M","?","?","R","E","M","T","?","?","R","$","?","R","BOSS"],"items_purchased_type":["Relic","Relic","Card","Card","Relic","Relic","Potion","Card","Relic","Card","Card","Card","Potion"],"build_version":"2020-12-22","purchased_purges":3,"victory":true,"max_hp_per_floor":[72,72,72,72,72,72,72,72,72,72,72,72,72,72,72,72,72,72,72,72,72,72,74,74,74,74,76,76,76,76,78,78,78,78,78,78,80,82,78,78,80,80,80,80,80,80,80,80,80,80],"relic_stats":{"Regal Pillow":15,"Singing Bowl":12,"Happy Flower":[12],"Gremlin Horn":[8,8],"counters":[25,98],"Eternal Feather":72,"War Paint":["Crescendo","Defend_P"],"Orichalcum":[24],"GoldenEye":[107],"Blood Vial":4,"Sundial":[12],"Mummified Hand":[16],"VioletLotus":[13],"Art of War":[0],"Kunai":[29],"obtain_stats":[{"Regal Pillow":9,"Calipers":44,"Singing Bowl":23,"Happy Flower":28,"Gremlin Horn":31,"Eternal Feather":26,"War Paint":6,"Frozen Egg 2":13,"Orichalcum":28,"GoldenEye":3,"Akabeko":20,"Blood Vial":43,"SlaversCollar":17,"Matryoshka":8,"Sundial":14,"Mummified Hand":25,"VioletLotus":34,"Art of War":41,"Red Mask":48,"Membership Card":3,"Bottled Lightning":14,"Kunai":36,"PureWater":0,"InkBottle":9},{"Regal Pillow":5,"Calipers":24,"Singing Bowl":12,"Happy Flower":15,"Gremlin Horn":17,"Eternal Feather":14,"War Paint":4,"Frozen Egg 2":6,"Orichalcum":15,"GoldenEye":2,"Akabeko":9,"Blood Vial":23,"SlaversCollar":7,"Matryoshka":5,"Sundial":6,"Mummified Hand":14,"VioletLotus":18,"Art of War":22,"Red Mask":24,"Membership Card":2,"Bottled Lightning":6,"Kunai":19,"PureWater":0,"InkBottle":5},{"Regal Pillow":25,"Calipers":90,"Singing Bowl":53,"Happy Flower":60,"Gremlin Horn":64,"Eternal Feather":57,"War Paint":17,"Frozen Egg 2":31,"Orichalcum":60,"GoldenEye":7,"Akabeko":43,"Blood Vial":87,"SlaversCollar":39,"Matryoshka":25,"Sundial":31,"Mummified Hand":57,"VioletLotus":71,"Art of War":85,"Red Mask":90,"Membership Card":7,"Bottled Lightning":31,"Kunai":73,"PureWater":0,"InkBottle":25}],"InkBottle":[52]},"card_choices":[{"not_picked":["Prostrate","Halt"],"picked":"Weave","floor":1},{"not_picked":["Protect","Study"],"picked":"Crescendo","floor":2},{"not_picked":["Crescendo","WindmillStrike"],"picked":"FollowUp","floor":5},{"not_picked":["BowlingBash","Evaluate"],"picked":"FlurryOfBlows","floor":6},{"not_picked":["BowlingBash","ForeignInfluence"],"picked":"DeusExMachina","floor":8},{"not_picked":["Study+1","WreathOfFlame"],"picked":"WheelKick","floor":13},{"not_picked":["Omniscience","Judgement"],"picked":"Scrawl","floor":16},{"not_picked":["Protect","SashWhip"],"picked":"EmptyBody+1","floor":18},{"not_picked":["Prostrate+1","JustLucky+1"],"picked":"WaveOfTheHand+1","floor":19},{"not_picked":["EmptyFist","Halt"],"picked":"Tantrum","floor":21},{"not_picked":["MasterReality+1","Crescendo"],"picked":"Weave+1","floor":22},{"not_picked":["EmptyFist","InnerPeace","Pray+1"],"picked":"Singing Bowl","floor":23},{"not_picked":["FlyingSleeves","FlurryOfBlows"],"picked":"Study+1","floor":25},{"not_picked":["Halt","Crescendo","WaveOfTheHand"],"picked":"Singing Bowl","floor":27},{"not_picked":["Conclude","FlurryOfBlows"],"picked":"CrushJoints+1","floor":29},{"not_picked":["Omniscience","EmptyBody","PathToVictory+1"],"picked":"Singing Bowl","floor":31},{"not_picked":["Devotion+1","DeusExMachina"],"picked":"DevaForm+1","floor":33},{"not_picked":["Halt+1","CarveReality+1"],"picked":"CutThroughFate+1","floor":35},{"not_picked":["EmptyMind","Fasting2+1","BowlingBash"],"picked":"Singing Bowl","floor":37},{"not_picked":["ThirdEye+1","FlyingSleeves+1","Conclude+1"],"picked":"Singing Bowl","floor":38},{"not_picked":["BattleHymn+1","MentalFortress+1","Prostrate"],"picked":"Singing Bowl","floor":41},{"not_picked":["FlurryOfBlows+1","ClearTheMind"],"picked":"Meditate","floor":42},{"not_picked":["ClearTheMind+1","CrushJoints+1"],"picked":"Evaluate+1","floor":44}],"player_experience":498685,"relics_obtained":[{"floor":6,"key":"War Paint"},{"floor":8,"key":"Matryoshka"},{"floor":9,"key":"InkBottle"},{"floor":9,"key":"Regal Pillow"},{"floor":13,"key":"Frozen Egg 2"},{"floor":14,"key":"Sundial"},{"floor":14,"key":"Bottled Lightning"},{"floor":20,"key":"Akabeko"},{"floor":23,"key":"Singing Bowl"},{"floor":25,"key":"Mummified Hand"},{"floor":26,"key":"Eternal Feather"},{"floor":31,"key":"Gremlin Horn"},{"floor":41,"key":"Art of War"},{"floor":43,"key":"Blood Vial"},{"floor":44,"key":"Calipers"}],"event_choices":[{"damage_healed":0,"gold_gain":0,"player_choice":"Entered Light","damage_taken":14,"max_hp_gain":0,"max_hp_loss":0,"event_name":"Shining Light","floor":4,"gold_loss":0,"cards_upgraded":["Defend_P","Defend_P"]},{"damage_healed":0,"gold_gain":0,"cards_transformed":["Strike_P"],"player_choice":"Change","damage_taken":0,"max_hp_gain":0,"max_hp_loss":0,"event_name":"Living Wall","floor":11,"gold_loss":0,"cards_obtained":["JustLucky"]},{"damage_healed":0,"gold_gain":0,"player_choice":"Ignored","damage_taken":0,"max_hp_gain":0,"max_hp_loss":0,"event_name":"Liars Game","floor":12,"gold_loss":0},{"damage_healed":0,"gold_gain":0,"player_choice":"Max HP","damage_taken":0,"max_hp_gain":0,"max_hp_loss":4,"event_name":"Winding Halls","floor":39,"gold_loss":0},{"damage_healed":0,"gold_gain":0,"player_choice":"Fight","damage_taken":0,"max_hp_gain":0,"max_hp_loss":0,"event_name":"MindBloom","floor":44,"gold_loss":0},{"damage_healed":0,"gold_gain":0,"player_choice":"Ignored","damage_taken":0,"max_hp_gain":0,"max_hp_loss":0,"event_name":"Mysterious Sphere","floor":45,"gold_loss":0},{"damage_healed":0,"gold_gain":0,"player_choice":"Paid","damage_taken":0,"relics_obtained":["Red Mask"],"max_hp_gain":0,"max_hp_loss":0,"event_name":"Tomb of Lord Red Mask","floor":48,"gold_loss":124}],"is_beta":false,"boss_relics":[{"not_picked":["Astrolabe","Ectoplasm"],"picked":"SlaversCollar"},{"not_picked":["Fusion Hammer","Calling Bell"],"picked":"VioletLotus"}],"items_purged_floors":[28,36,47],"is_endless":false,"potions_floor_spawned":[8,13,18,24,25,27,29,33,44],"ascension_level":2}}