{"host":"p55ahgraoahruc9a","time":1613656721,"event":{"mods":["AchievementEnabler","BaseMod","Colored Map","Keyboard Shortcuts","Minty Spire (QoL Compilation)","Permanent Neow","Quick Restart"],"gold_per_floor":[118,130,141,66,66,80,106,122,168,178,212,212,229,241,241,340,340,356,375,119,132,132,132,145,174,250,250,270,270,294,294,294],"floor_reached":31,"language":"KOR","playtime":1607,"items_purged":["Parasite","Strike_G"],"score":312,"play_id":"e9d87d21-5991-4c8c-a292-6f576910ba77","local_time":"20210218225841","is_ascension_mode":true,"campfire_choices":[{"floor":12.0,"key":"REST"},{"floor":15.0,"key":"REST"},{"floor":23.0,"key":"REST"},{"floor":27.0,"key":"REST"}],"circlet_count":0,"master_deck":["Strike_G","Strike_G","Strike_G","Strike_G","Defend_G","Defend_G","Defend_G","Defend_G","Defend_G","Survivor","Neutralize","Burst","Deadly Poison","PiercingWail","Bane","Die Die Die","Bouncing Flask","Blur","Noxious Fumes","Wraith Form v2","Riddle With Holes+1","Underhanded Strike","Night Terror","Bouncing Flask","Dagger Throw","Dodge and Roll+1","Sucker Punch+1","Eviscerate+1","Underhanded Strike+1"],"relics":["Ring of the Snake","Ornamental Fan","Dream Catcher","Singing Bowl","Snecko Eye","Bronze Scales","PreservedInsect","Molten Egg 2","Oddly Smooth Stone"],"acts_visited":["Exordium","TheCity"],"potions_floor_usage":[],"damage_taken":[{"damage":0.0,"enemies":"2 Louse","floor":1.0,"turns":5.0},{"damage":1.0,"enemies":"Small Slimes","floor":2.0,"turns":4.0},{"damage":0.0,"enemies":"Cultist","floor":3.0,"turns":3.0},{"damage":9.0,"enemies":"Blue Slaver","floor":6.0,"turns":5.0},{"damage":31.0,"enemies":"3 Sentries","floor":7.0,"turns":11.0},{"damage":0.0,"enemies":"Exordium Wildlife","floor":8.0,"turns":4.0},{"damage":3.0,"enemies":"Large Slime","floor":10.0,"turns":4.0},{"damage":17.0,"enemies":"Gremlin Nob","floor":11.0,"turns":3.0},{"damage":9.0,"enemies":"Looter","floor":13.0,"turns":4.0},{"damage":0.0,"enemies":"2 Fungi Beasts","floor":14.0,"turns":3.0},{"damage":25.0,"enemies":"Hexaghost","floor":16.0,"turns":8.0},{"damage":29.0,"enemies":"2 Thieves","floor":18.0,"turns":5.0},{"damage":9.0,"enemies":"3 Byrds","floor":19.0,"turns":5.0},{"damage":31.0,"enemies":"Centurion and Healer","floor":21.0,"turns":4.0},{"damage":9.0,"enemies":"Chosen and Byrds","floor":24.0,"turns":4.0},{"damage":13.0,"enemies":"Slavers","floor":25.0,"turns":4.0},{"damage":16,"enemies":"Snake Plant","floor":28,"turns":3},{"damage":12,"enemies":"Gremlin Leader","floor":31,"turns":2}],"seed_played":"-4096534120445456270","potions_obtained":[{"floor":1.0,"key":"AttackPotion"},{"floor":6.0,"key":"GamblersBrew"},{"floor":7.0,"key":"FearPotion"},{"floor":8.0,"key":"SteroidPotion"},{"floor":19.0,"key":"DuplicationPotion"},{"floor":24.0,"key":"Poison Potion"},{"floor":28,"key":"Poison Potion"}],"is_trial":false,"path_per_floor":["M","M","M","$","?","M","E","M","T","M","E","R","M","M","R","B",null,"M","M","$","M","?","R","M","E","T","R","M","?","T","E"],"character_chosen":"THE_SILENT","items_purchased":["Night Terror"],"campfire_rested":4,"item_purchase_floors":[20],"current_hp_per_floor":[70,69,69,67,67,58,27,27,27,24,7,29,22,24,45,20,73,44,35,35,4,4,25,16,3,3,24,8,8,8,0,0],"gold":294,"neow_bonus":"THREE_RARE_CARDS","is_daily":false,"chose_seed":false,"campfire_upgraded":0,"win_rate":0.0,"timestamp":1613656721,"path_taken":["M","M","M","$","?","M","E","M","T","M","E","R","M","M","R","BOSS","M","M","$","M","?","R","M","E","T","R","?","?","?","E"],"items_purchased_type":["Card"],"build_version":"2020-12-22","purchased_purges":2,"victory":false,"max_hp_per_floor":[70,70,70,67,67,67,67,67,67,67,67,69,71,73,73,73,73,73,73,73,73,73,73,73,73,73,73,73,73,73,73,73],"card_choices":[{"not_picked":["Corpse Explosion","Venomology"],"picked":"Burst","floor":0.0},{"not_picked":["Dodge and Roll","Outmaneuver"],"picked":"Backstab","floor":1.0},{"not_picked":["All Out Attack","Concentrate"],"picked":"Deadly Poison","floor":2.0},{"not_picked":["Expertise","Poisoned Stab"],"picked":"PiercingWail","floor":3.0},{"not_picked":["Deflect","Dagger Spray"],"picked":"Bane","floor":6.0},{"not_picked":["Expertise","Choke","All Out Attack"],"picked":"SKIP","floor":7.0},{"not_picked":["Dagger Throw","Accuracy"],"picked":"Die Die Die","floor":8.0},{"not_picked":["Footwork","Dagger Spray"],"picked":"Bouncing Flask","floor":10.0},{"not_picked":["PiercingWail","Underhanded Strike"],"picked":"Blur","floor":11.0},{"not_picked":["PiercingWail","Underhanded Strike","Quick Slash"],"picked":"Singing Bowl","floor":12.0},{"not_picked":["Tactician","Dagger Throw","Deflect"],"picked":"Singing Bowl","floor":13.0},{"not_picked":["Blade Dance","Outmaneuver","Dagger Spray"],"picked":"Singing Bowl","floor":14.0},{"not_picked":["Blur","Concentrate"],"picked":"Noxious Fumes","floor":15.0},{"not_picked":["Burst","Unload"],"picked":"Wraith Form v2","floor":16.0},{"not_picked":["PiercingWail","Blade Dance"],"picked":"Riddle With Holes+1","floor":18.0},{"not_picked":["Deadly Poison+1","Slice+1"],"picked":"Underhanded Strike","floor":19.0},{"not_picked":["Dagger Spray+1","Sucker Punch"],"picked":"Bouncing Flask","floor":21.0},{"not_picked":["Outmaneuver","Unload"],"picked":"Dagger Throw","floor":23.0},{"not_picked":["Dagger Throw","Deflect"],"picked":"Dodge and Roll+1","floor":24.0},{"not_picked":["Dodge and Roll","Slice+1"],"picked":"Sucker Punch+1","floor":25.0},{"not_picked":["Tactician+1","Distraction"],"picked":"Eviscerate+1","floor":27.0},{"not_picked":["Quick Slash+1","Cloak And Dagger"],"picked":"Underhanded Strike+1","floor":28}],"player_experience":117831,"relics_obtained":[{"floor":7.0,"key":"Ornamental Fan"},{"floor":9.0,"key":"Dream Catcher"},{"floor":11.0,"key":"Singing Bowl"},{"floor":25.0,"key":"PreservedInsect"},{"floor":26.0,"key":"Molten Egg 2"},{"floor":30,"key":"Oddly Smooth Stone"}],"event_choices":[{"damage_healed":0.0,"max_hp_gain":0.0,"max_hp_loss":0.0,"gold_gain":0.0,"event_name":"Liars Game","player_choice":"Ignored","floor":5.0,"gold_loss":0.0,"damage_taken":0.0},{"cards_removed":["Backstab"],"damage_healed":0.0,"max_hp_gain":0.0,"max_hp_loss":0.0,"gold_gain":0.0,"event_name":"WeMeetAgain","player_choice":"Gave Card","floor":22.0,"gold_loss":0.0,"damage_taken":0.0,"relics_obtained":["Bronze Scales"]},{"damage_healed":0,"gold_gain":0,"player_choice":"Ignored","damage_taken":0,"max_hp_gain":0,"max_hp_loss":0,"event_name":"Vampires","floor":29,"gold_loss":0}],"is_beta":false,"boss_relics":[{"not_picked":["Fusion Hammer","Runic Dome"],"picked":"Snecko Eye"}],"items_purged_floors":[4,20],"is_endless":false,"potions_floor_spawned":[1,6,7,8,19,24,28],"killed_by":"Gremlin Leader","ascension_level":3}}