{"host":"rq7gz685gkaokql0","time":1613687269,"event":{"mods":["BaseMod","Infinite Spire","Minty Spire (QoL Compilation)","Replay The Spire","StSLib"],"gold_per_floor":[119,394,411,425,69,99,99,133,133,163,210,236,302,319,319,396,396,408,408,428,38,58,58,78,78,78,113,123,123,223,223,223,296,396,410,239,259,259,259,259,293,293,318,372,372,372,417,437,737,828,840,840],"floor_reached":51,"language":"ENG","playtime":4833,"items_purged":["Regret"],"score":1627,"play_id":"c0a6dd4b-461a-4964-a620-c60fe1a3492d","local_time":"20210218122749","is_ascension_mode":true,"campfire_choices":[{"data":"Streamline","floor":7.0,"key":"SMITH"},{"floor":15.0,"key":"REST"},{"data":"Stack","floor":15.0,"key":"SMITH"},{"floor":23.0,"key":"REST"},{"data":"infinitespire:Starlight","floor":23.0,"key":"SMITH"},{"floor":25.0,"key":"REST"},{"data":"FIFO Queue","floor":25.0,"key":"SMITH"},{"data":"infinitespire:SevenWalls","floor":32.0,"key":"SMITH"},{"data":"Seek","floor":32.0,"key":"SMITH"},{"data":"1","floor":40.0,"key":"LIFT"},{"floor":49,"key":"REST"},{"floor":49,"key":"DIG"}],"circlet_count":0,"master_deck":["AscendersBane","Strike_B+1","Strike_B+1","Strike_B+1","Strike_B+1","Defend_B+1","Defend_B+1","Defend_B+1","Defend_B+1","Zap","Dualcast","Storm","Leap","Streamline+1","Hello World+1","Stack+1","Auto Shields","ReplayRNGCard","ReplaySort","Doom and Gloom","Core Surge","Hello World","BasicCrystalCard","Seek+1","Stack+1","infinitespire:Starlight+1","infinitespire:Collect","Scrape","FIFO Queue+1","Go for the Eyes","Panic Button","BootSequence","Sweeping Beam","infinitespire:SevenWalls+1","Stack","Echo Form","Melter","Rainbow+1","Mirror Shield+1","Undo+1","Streamline+1","Buffer","Reinforced Body+1","infinitespire:Execution+1","Rip and Tear+1","ReplayTheSpireMod:Chaos Vortex","Madness+1","Madness+1","Sunder+1","Static Discharge+1","Echo Form"],"relics":["Cracked Core","NeowsBlessing","Sling","Replay:PocketPolymizer","Replay:Kaleidoscope","Durian","infinitespire:Magic Flask","Whetstone","Meat on the Bone","Pen Nib","SacredBark","Anchor","HornCleat","Girya","infinitespire:EmpoweringShard","Replay:Arrowhead","Toxic Egg 2","Replay:Grab Bag","ChewingGum","Replay:Wanted Poster","Snecko Heart","Replay:Bandana","Akabeko","Replay:Multitool","infinitespire:Satchel","Bird Faced Urn","Old Coin"],"acts_visited":["Exordium","TheCity","TheBeyond"],"potions_floor_usage":[47,47,48],"damage_taken":[{"damage":0.0,"enemies":"Small Slimes","floor":1.0,"turns":1.0},{"damage":0.0,"enemies":"Cultist","floor":3.0,"turns":1.0},{"damage":0.0,"enemies":"2 Louse","floor":4.0,"turns":1.0},{"damage":22.0,"enemies":"3 Sentries","floor":6.0,"turns":6.0},{"damage":24.0,"enemies":"Lagavulin","floor":8.0,"turns":6.0},{"damage":14.0,"enemies":"3 Sentries","floor":10.0,"turns":5.0},{"damage":8.0,"enemies":"Lagavulin","floor":12.0,"turns":5.0},{"damage":6.0,"enemies":"Blue Slaver","floor":14.0,"turns":3.0},{"damage":26.0,"enemies":"Slime Boss","floor":16.0,"turns":9.0},{"damage":3.0,"enemies":"Spheric Guardian","floor":18.0,"turns":8.0},{"damage":7.0,"enemies":"2 Thieves","floor":20.0,"turns":5.0},{"damage":48.0,"enemies":"Shelled Parasite and Fungi","floor":22.0,"turns":5.0},{"damage":28.0,"enemies":"Cultist and Chosen","floor":24.0,"turns":7.0},{"damage":21.0,"enemies":"Nightmare","floor":27.0,"turns":8.0},{"damage":0.0,"enemies":"Centurion and Healer","floor":28.0,"turns":9.0},{"damage":29.0,"enemies":"Colosseum Slavers","floor":30.0,"turns":5.0},{"damage":23.0,"enemies":"Colosseum Nobs","floor":30.0,"turns":7.0},{"damage":13.0,"enemies":"Champ","floor":33.0,"turns":11.0},{"damage":0.0,"enemies":"3 Darklings","floor":35.0,"turns":4.0},{"damage":0.0,"enemies":"3 Shapes","floor":37.0,"turns":5.0},{"damage":0.0,"enemies":"Sphere and 2 Shapes","floor":41.0,"turns":4.0},{"damage":16.0,"enemies":"Reptomancer","floor":44.0,"turns":5.0},{"damage":0,"enemies":"Giant Head","floor":47,"turns":5},{"damage":16,"enemies":"Jaw Worm Horde","floor":48,"turns":4},{"damage":30,"enemies":"infinitespire:MassOfShapes","floor":50,"turns":11},{"damage":90,"enemies":"Awakened One","floor":51,"turns":8}],"seed_played":"8080617035522005180","potions_obtained":[{"floor":4.0,"key":"LiquidMemories"},{"floor":6.0,"key":"PowerPotion"},{"floor":10.0,"key":"FairyPotion"},{"floor":12.0,"key":"Swift Potion"},{"floor":18.0,"key":"PowerPotion"},{"floor":22.0,"key":"DuplicationPotion"},{"floor":28.0,"key":"LiquidMemories"},{"floor":33.0,"key":"GamblersBrew"},{"floor":35.0,"key":"Ancient Potion"},{"floor":44.0,"key":"FocusPotion"},{"floor":47,"key":"SkillPotion"}],"is_trial":false,"path_per_floor":["M","?","M","M","$","E","R","E","T","E","T","E","?","M","R","B",null,"M","AVR","M","$","M","R","M","R","T","NM","M","?","?","?","R","B",null,"M","$","M","$","?","R","M","?","T","E","AVR","?","E","M","R","B","B"],"character_chosen":"DEFECT","items_purchased":["Sling","Hello World+1","Stack","HornCleat","FIFO Queue","Go for the Eyes","Replay:Bandana"],"campfire_rested":4,"item_purchase_floors":[5,5,5,21,21,21,36],"current_hp_per_floor":[64,64,64,64,64,42,42,18,23,9,9,1,22,28,50,36,66,63,63,56,56,30,52,39,61,61,55,70,70,48,48,48,50,70,76,76,76,76,76,76,76,56,56,40,40,26,38,47,69,70,0,0],"gold":840,"neow_bonus":"THREE_ENEMY_KILL","is_daily":false,"chose_seed":false,"campfire_upgraded":6,"win_rate":0.0,"timestamp":1613687269,"path_taken":["M","?","M","?","$","E","R","E","T","E","?","E","?","M","R","BOSS","M","AVR","M","$","M","R","M","R","T","NM","M","?","?","?","R","BOSS","M","?","M","$","?","R","?","?","T","E","AVR","?","E","?","R","BOSS","BOSS"],"items_purchased_type":["Relic","Card","Card","Relic","Card","Card","Relic"],"build_version":"2020-12-22","purchased_purges":1,"victory":false,"max_hp_per_floor":[71,71,71,71,71,71,71,71,76,76,76,76,76,76,76,76,76,76,76,76,76,76,76,76,76,76,76,76,76,76,76,76,76,76,76,76,76,76,76,76,76,76,76,76,76,76,76,76,76,76,76,76],"card_choices":[{"not_picked":["BasicCrystalCard","Barrage"],"picked":"Storm","floor":1.0},{"not_picked":["Compile Driver","Cold Snap"],"picked":"Leap","floor":3.0},{"not_picked":["Conserve Battery","Barrage"],"picked":"Streamline","floor":4.0},{"not_picked":["Beam Cell","Hello World"],"picked":"Auto Shields","floor":6.0},{"not_picked":["Conserve Battery","Reprogram"],"picked":"ReplayRNGCard","floor":8.0},{"not_picked":["Cold Snap","Redo"],"picked":"ReplaySort","floor":10.0},{"not_picked":["Consume","Steam"],"picked":"Doom and Gloom","floor":12.0},{"not_picked":["Turbo","Recycle"],"picked":"Core Surge","floor":13.0},{"not_picked":["Coolheaded","Redo"],"picked":"Hello World","floor":13.0},{"not_picked":["Hello World","Redo"],"picked":"BasicCrystalCard","floor":14.0},{"not_picked":["Mirror Shield","Fission"],"picked":"Seek","floor":16.0},{"not_picked":["BasicCrystalCard","Coolheaded"],"picked":"Stack+1","floor":18.0},{"not_picked":["Blizzard","Skim"],"picked":"Scrape","floor":20.0},{"not_picked":["Reprogram","Compile Driver"],"picked":"Panic Button","floor":22.0},{"not_picked":["Ball Lightning","Coolheaded"],"picked":"BootSequence","floor":24.0},{"not_picked":["Time Bomb","Gash"],"picked":"Sweeping Beam","floor":27.0},{"not_picked":["infinitespire:FutureSight","infinitespire:UltimateForm"],"picked":"infinitespire:SevenWalls","floor":27.0},{"not_picked":["Turbo","Rebound"],"picked":"Stack","floor":28.0},{"not_picked":["ReplayTheSpireMod:Repulse+1","ReplayGash"],"picked":"Echo Form","floor":30.0},{"not_picked":["Machine Learning","ReplayRNGCard+1"],"picked":"Mirror Shield+1","floor":33.0},{"not_picked":["Go for the Eyes","Barrage"],"picked":"Undo+1","floor":35.0},{"not_picked":["Steam+1","Gash+1"],"picked":"Streamline+1","floor":37.0},{"not_picked":["Streamline","Tempest+1"],"picked":"Reinforced Body+1","floor":41.0},{"not_picked":["ReplayTheSpireMod:Haul","Replay:Fractal Strike"],"picked":"infinitespire:Execution","floor":42.0},{"not_picked":["Turbo+1","Chaos+1"],"picked":"Rip and Tear+1","floor":44.0},{"not_picked":["Mirror Shield+1","Conserve Battery+1"],"picked":"Sunder+1","floor":47},{"not_picked":["Beam Cell","Leap+1"],"picked":"Static Discharge+1","floor":48},{"not_picked":["Rainbow+1","Meteor Strike"],"picked":"Echo Form","floor":50}],"player_experience":1312190,"relics_obtained":[{"floor":6.0,"key":"Replay:PocketPolymizer"},{"floor":8.0,"key":"Replay:Kaleidoscope"},{"floor":9.0,"key":"Durian"},{"floor":10.0,"key":"infinitespire:Magic Flask"},{"floor":11.0,"key":"Whetstone"},{"floor":12.0,"key":"Meat on the Bone"},{"floor":13.0,"key":"Pen Nib"},{"floor":26.0,"key":"Girya"},{"floor":27.0,"key":"infinitespire:EmpoweringShard"},{"floor":30.0,"key":"Replay:Arrowhead"},{"floor":30.0,"key":"Toxic Egg 2"},{"floor":43.0,"key":"Akabeko"},{"floor":44.0,"key":"Replay:Multitool"},{"floor":47,"key":"Bird Faced Urn"},{"floor":49,"key":"Old Coin"}],"event_choices":[{"damage_healed":0.0,"max_hp_gain":0.0,"max_hp_loss":0.0,"gold_gain":275.0,"event_name":"Golden Shrine","player_choice":"Desecrate","floor":2.0,"gold_loss":0.0,"damage_taken":0.0,"cards_obtained":["Regret"]},{"damage_healed":0.0,"max_hp_gain":0.0,"max_hp_loss":0.0,"gold_gain":0.0,"event_name":"Back to Basics","player_choice":"Simplicity","floor":29.0,"gold_loss":0.0,"damage_taken":0.0,"cards_upgraded":["Strike_B","Strike_B","Defend_B","Defend_B","Defend_B","Defend_B"]},{"damage_healed":0.0,"max_hp_gain":0.0,"max_hp_loss":0.0,"gold_gain":0.0,"event_name":"Colosseum","player_choice":"Fight","floor":30.0,"gold_loss":0.0,"damage_taken":0.0},{"damage_healed":0.0,"max_hp_gain":0.0,"max_hp_loss":0.0,"gold_gain":0.0,"event_name":"Colosseum","player_choice":"Fought Nobs","floor":30.0,"gold_loss":0.0,"damage_taken":0.0},{"damage_healed":0.0,"max_hp_gain":0.0,"max_hp_loss":0.0,"gold_gain":0.0,"event_name":"Match and Keep!","player_choice":"2 cards matched","floor":31.0,"gold_loss":0.0,"damage_taken":0.0,"cards_obtained":["Melter","Rainbow"]},{"damage_healed":0.0,"max_hp_gain":0.0,"max_hp_loss":0.0,"gold_gain":0.0,"event_name":"Match and Keep!","player_choice":"1 cards matched","floor":39.0,"gold_loss":0.0,"damage_taken":0.0,"cards_obtained":["Buffer"]},{"damage_healed":0.0,"max_hp_gain":0.0,"max_hp_loss":0.0,"gold_gain":0.0,"event_name":"Winding Halls","player_choice":"Embrace Madness","floor":46.0,"gold_loss":0.0,"damage_taken":14.0,"cards_obtained":["Madness","Madness"]}],"is_beta":false,"boss_relics":[{"not_picked":["ReplayTheSpireMod:DimensionalGlitch","Tiny House"],"picked":"SacredBark"},{"not_picked":["Black Star","Replay:Bronze Core"],"picked":"Replay:Grab Bag"},{"not_picked":["Cursed Key","Runic Dome"],"picked":"ChewingGum"},{"not_picked":["Coffee Dripper","ReplayTheSpireMod:Onyx Gauntlets"],"picked":"Replay:Wanted Poster"},{"not_picked":["Pandora\u0027s Box","FrozenCore"],"picked":"Snecko Heart"}],"items_purged_floors":[5],"is_endless":true,"potions_floor_spawned":[4,6,8,10,12,18,22,28,33,35,44,47],"killed_by":"Awakened One","ascension_level":20}}