{"host":"6ulps5ednfgqn0to","time":1613637508,"event":{"mods":["AchievementEnabler","BaseMod","Colored Map","Highlight Path","Minty Spire (QoL Compilation)","Relic Sorter","Relic Stats","StSLib"],"gold_per_floor":[115,14,25,37,54,82,82,117,142,159,11,11,30,205,205,308,308,318,64,64,83,2,2,27,27,51,66,66,116,143,143,143,240,240,259,259,273,286,336,336,10,21,21,21,100,100,126,144,144,144,144,144,42,77,77,77],"floor_reached":55,"language":"ENG","playtime":2544,"items_purged":["Strike_B","Doubt"],"score":787,"play_id":"783a8c26-22bd-4657-842e-3158225aa9c4","local_time":"20210218103827","is_ascension_mode":true,"campfire_choices":[{"data":"Streamline","floor":7,"key":"SMITH"},{"data":"Streamline","floor":12,"key":"SMITH"},{"data":"Hologram","floor":15,"key":"SMITH"},{"data":"Beam Cell","floor":23,"key":"SMITH"},{"floor":28,"key":"REST"},{"data":"Streamline","floor":32,"key":"SMITH"},{"floor":40,"key":"RECALL"},{"data":"Multi-Cast","floor":44,"key":"PURGE"},{"data":"Zap","floor":46,"key":"PURGE"},{"data":"Hyperbeam","floor":49,"key":"SMITH"},{"data":"Go for the Eyes","floor":52,"key":"SMITH"}],"circlet_count":0,"master_deck":["Strike_B","Strike_B","Strike_B","Defend_B+1","Defend_B","Defend_B+1","Defend_B","Streamline+1","Go for the Eyes","All For One","Conserve Battery","Go for the Eyes+1","Conserve Battery","Streamline+1","Hologram+1","Beam Cell+1","Hyperbeam+1","Glacier+1","Finesse","Genetic Algorithm","Necronomicurse","Streamline+1","Leap","Leap","Creative AI","BootSequence+1","Streamline+1","Glacier+1","FTL+1","Apotheosis","Hologram+1","Streamline+1","Hologram","Leap+1"],"relics":["Cracked Core","NeowsBlessing","Bag of Marbles","Bronze Scales","Nunchaku","Potion Belt","SlaversCollar","Pantograph","War Paint","Necronomicon","Tiny Chest","MealTicket","Nuclear Battery","Girya","Membership Card","Peace Pipe","Bottled Flame","White Beast Statue","Lantern"],"acts_visited":["Exordium","TheCity","TheBeyond","TheEnding"],"potions_floor_usage":[30,30,50,50,50,53,55,55],"damage_taken":[{"damage":0,"enemies":"Cultist","floor":1,"turns":1},{"damage":0,"enemies":"Jaw Worm","floor":3,"turns":1},{"damage":0,"enemies":"2 Louse","floor":4,"turns":1},{"damage":4,"enemies":"Blue Slaver","floor":5,"turns":3},{"damage":9,"enemies":"Lagavulin","floor":6,"turns":6},{"damage":15,"enemies":"Gremlin Nob","floor":8,"turns":5},{"damage":5,"enemies":"Large Slime","floor":10,"turns":4},{"damage":1,"enemies":"2 Fungi Beasts","floor":13,"turns":2},{"damage":23,"enemies":"Hexaghost","floor":16,"turns":6},{"damage":25,"enemies":"Spheric Guardian","floor":18,"turns":4},{"damage":0,"enemies":"Chosen","floor":21,"turns":3},{"damage":14,"enemies":"Book of Stabbing","floor":24,"turns":5},{"damage":11,"enemies":"Shelled Parasite and Fungi","floor":27,"turns":3},{"damage":17,"enemies":"Slavers","floor":30,"turns":4},{"damage":20,"enemies":"Champ","floor":33,"turns":8},{"damage":20,"enemies":"3 Darklings","floor":35,"turns":5},{"damage":0,"enemies":"Orb Walker","floor":37,"turns":3},{"damage":5,"enemies":"4 Shapes","floor":38,"turns":2},{"damage":0,"enemies":"Mind Bloom Boss Battle","floor":39,"turns":5},{"damage":0,"enemies":"Jaw Worm Horde","floor":42,"turns":1},{"damage":14,"enemies":"Nemesis","floor":47,"turns":5},{"damage":0,"enemies":"3 Darklings","floor":48,"turns":1},{"damage":73,"enemies":"Time Eater","floor":50,"turns":11},{"damage":6,"enemies":"Shield and Spear","floor":54,"turns":4},{"damage":99,"enemies":"The Heart","floor":55,"turns":9}],"seed_played":"5743942412982125719","potions_obtained":[{"floor":3,"key":"SneckoOil"},{"floor":4,"key":"Fire Potion"},{"floor":6,"key":"Swift Potion"},{"floor":10,"key":"FairyPotion"},{"floor":27,"key":"ColorlessPotion"},{"floor":30,"key":"GamblersBrew"},{"floor":33,"key":"EssenceOfDarkness"},{"floor":54,"key":"FearPotion"}],"is_trial":false,"path_per_floor":["M","?","M","M","M","E","R","E","T","M","$","R","M","?","R","B",null,"M","$","?","M","$","R","E","?","T","M","R","T","E","?","R","B",null,"M","?","M","M","?","R","$","M","T","R","T","R","E","M","R","B",null,"R","$","E","B"],"character_chosen":"DEFECT","items_purchased":["Streamline","Hologram","Pantograph","Finesse","Membership Card","Apotheosis","DistilledChaos","EntropicBrew","Ancient Potion","Hologram"],"campfire_rested":1,"item_purchase_floors":[11,11,19,22,41,41,41,53,53,53],"current_hp_per_floor":[75,75,75,75,71,62,62,47,47,42,42,42,41,41,41,18,75,50,50,50,50,50,50,36,20,20,9,31,31,14,14,14,19,75,55,55,55,50,75,75,75,75,75,75,75,75,61,61,61,2,75,75,75,69,0,0],"gold":77,"neow_bonus":"THREE_ENEMY_KILL","is_daily":false,"chose_seed":false,"campfire_upgraded":7,"win_rate":0.0,"timestamp":1613637507,"path_taken":["M","?","M","M","?","E","R","E","T","M","$","R","M","?","R","BOSS","M","$","?","M","$","R","E","?","T","M","R","?","E","?","R","BOSS","M","?","M","M","?","R","$","M","T","R","?","R","E","M","R","BOSS","R","$","E","BOSS"],"items_purchased_type":["Card","Card","Relic","Card","Relic","Card","Potion","Potion","Potion","Card"],"build_version":"2020-12-22","purchased_purges":2,"victory":false,"max_hp_per_floor":[75,75,75,75,75,75,75,75,75,75,75,75,75,75,75,75,75,75,75,75,75,75,75,75,75,75,75,75,75,75,75,75,75,75,75,75,75,75,75,75,75,75,75,75,75,75,75,75,75,75,75,75,75,75,75,75],"relic_stats":{"Peace Pipe":2,"Nunchaku":[22],"counters":[25,102],"Bronze Scales":[331],"Pantograph":70,"Tiny Chest":1,"MealTicket":0,"Necronomicon":[40],"War Paint":["Defend_B","Defend_B"],"obtain_stats":[{"Potion Belt":9,"Girya":39,"Lantern":54,"NeowsBlessing":0,"War Paint":24,"White Beast Statue":47,"Nuclear Battery":34,"Peace Pipe":43,"SlaversCollar":17,"Nunchaku":8,"Bottled Flame":45,"Bronze Scales":6,"Pantograph":19,"Tiny Chest":29,"MealTicket":30,"Bag of Marbles":2,"Necronomicon":25,"Membership Card":41,"Cracked Core":0},{"Potion Belt":6,"Girya":19,"Lantern":24,"NeowsBlessing":0,"War Paint":12,"White Beast Statue":21,"Nuclear Battery":15,"Peace Pipe":20,"SlaversCollar":9,"Nunchaku":6,"Bottled Flame":20,"Bronze Scales":5,"Pantograph":10,"Tiny Chest":13,"MealTicket":14,"Bag of Marbles":1,"Necronomicon":12,"Membership Card":19,"Cracked Core":0},{"Potion Belt":17,"Girya":71,"Lantern":93,"NeowsBlessing":0,"War Paint":41,"White Beast Statue":77,"Nuclear Battery":56,"Peace Pipe":72,"SlaversCollar":29,"Nunchaku":17,"Bottled Flame":72,"Bronze Scales":12,"Pantograph":33,"Tiny Chest":44,"MealTicket":48,"Bag of Marbles":1,"Necronomicon":41,"Membership Card":71,"Cracked Core":0}]},"card_choices":[{"not_picked":["Steam","Consume"],"picked":"Streamline","floor":1},{"not_picked":["Consume","Recycle"],"picked":"Go for the Eyes","floor":3},{"not_picked":["Turbo","Force Field"],"picked":"All For One","floor":4},{"not_picked":["Barrage","Aggregate"],"picked":"Conserve Battery","floor":5},{"not_picked":["Aggregate","Rip and Tear"],"picked":"Go for the Eyes","floor":6},{"not_picked":["Thunder Strike","Go for the Eyes"],"picked":"Conserve Battery","floor":8},{"not_picked":["Compile Driver","Redo"],"picked":"Static Discharge","floor":10},{"not_picked":["Sweeping Beam","Heatsinks"],"picked":"Beam Cell","floor":13},{"not_picked":["Biased Cognition","Seek"],"picked":"Hyperbeam","floor":16},{"not_picked":["Stack","Chaos+1"],"picked":"Gash","floor":18},{"not_picked":["Genetic Algorithm","Stack"],"picked":"Glacier+1","floor":21},{"not_picked":["Leap","Defragment"],"picked":"Genetic Algorithm","floor":24},{"not_picked":["Barrage","Chaos"],"picked":"Streamline","floor":27},{"not_picked":["Conserve Battery","Static Discharge"],"picked":"Leap","floor":30},{"not_picked":["Rainbow","Biased Cognition"],"picked":"Creative AI","floor":33},{"not_picked":["Streamline","Leap+1"],"picked":"BootSequence+1","floor":35},{"not_picked":["Compile Driver+1","Gash+1"],"picked":"Streamline+1","floor":37},{"not_picked":["Rebound+1","Consume+1"],"picked":"Glacier+1","floor":38},{"not_picked":["Chill","Leap"],"picked":"FTL+1","floor":39},{"not_picked":["Self Repair","Steam+1"],"picked":"Hologram+1","floor":42},{"not_picked":["Force Field+1","Cold Snap+1"],"picked":"Streamline+1","floor":47},{"not_picked":["Compile Driver","Streamline","Gash"],"picked":"SKIP","floor":48},{"not_picked":["Hologram","Chaos"],"picked":"Leap+1","floor":54}],"player_experience":46030,"relics_obtained":[{"floor":6,"key":"Bronze Scales"},{"floor":8,"key":"Nunchaku"},{"floor":9,"key":"Potion Belt"},{"floor":24,"key":"War Paint"},{"floor":25,"key":"Necronomicon"},{"floor":29,"key":"Tiny Chest"},{"floor":30,"key":"MealTicket"},{"floor":39,"key":"Girya"},{"floor":43,"key":"Peace Pipe"},{"floor":45,"key":"Bottled Flame"},{"floor":47,"key":"White Beast Statue"},{"floor":54,"key":"Lantern"}],"event_choices":[{"damage_healed":0,"gold_gain":0,"player_choice":"Paid Gold","damage_taken":0,"relics_obtained":["Bag of Marbles"],"max_hp_gain":0,"max_hp_loss":0,"event_name":"WeMeetAgain","floor":2,"gold_loss":101},{"damage_healed":0,"gold_gain":175,"player_choice":"AGREE","damage_taken":0,"max_hp_gain":0,"max_hp_loss":0,"event_name":"Liars Game","floor":14,"gold_loss":0,"cards_obtained":["Doubt"]},{"damage_healed":0,"gold_gain":0,"player_choice":"Ignored","damage_taken":0,"max_hp_gain":0,"max_hp_loss":0,"event_name":"Vampires","floor":20,"gold_loss":0},{"damage_healed":0,"gold_gain":0,"player_choice":"Obtained Book","damage_taken":16,"max_hp_gain":0,"max_hp_loss":0,"event_name":"Cursed Tome","floor":25,"gold_loss":0},{"damage_healed":0,"gold_gain":0,"cards_transformed":["Gash","Dualcast"],"player_choice":"Became Test Subject","damage_taken":0,"max_hp_gain":0,"max_hp_loss":0,"event_name":"Drug Dealer","floor":31,"gold_loss":0,"cards_obtained":["Multi-Cast","Leap"]},{"cards_removed":["Static Discharge"],"damage_healed":0,"gold_gain":0,"player_choice":"Removed Power","damage_taken":0,"max_hp_gain":0,"max_hp_loss":0,"event_name":"Falling","floor":36,"gold_loss":0},{"damage_healed":0,"gold_gain":0,"player_choice":"Fight","damage_taken":0,"max_hp_gain":0,"max_hp_loss":0,"event_name":"MindBloom","floor":39,"gold_loss":0}],"is_beta":false,"boss_relics":[{"not_picked":["Runic Dome","Fusion Hammer"],"picked":"SlaversCollar"},{"not_picked":["Inserter","Empty Cage"],"picked":"Nuclear Battery"}],"items_purged_floors":[11,41],"is_endless":false,"potions_floor_spawned":[3,4,6,10,27,30,33,42,47,48,54],"killed_by":"The Heart","ascension_level":2}}