{"host":"yyxj6r7867daifnt","time":1613682894,"event":{"mods":["Act Like it!","BaseMod","Better Third Choice","BetterRewards","Card Forge","Colored Map","Colored Powertips","Downfall","Key Reminder","Minty Spire (QoL Compilation)","Permanent Neow","Prisma Mod","Quick Restart","Rare Cards Sparkle","Relic Stats","Spicy Shops","StSLib","The Saiyan","The Senshi"],"gold_per_floor":[131,188,188,188,188,302,335,387,432,533,644,725,725,774,774,1112,1112,1164,1164,384,384,439,537,635,736,736,129,220,51,51,51,51,348,348,402,402,324,324,324,111,189,291,291,291,366,366,366,816,816,816],"floor_reached":51,"language":"ENG","playtime":3877,"items_purged":[],"score":1481,"play_id":"573dd0b5-b543-43e5-b313-1f4f288c3866","local_time":"20210218161454","daily_mods":["Heirloom","Time Dilation","Flight","Lethality","Midas"],"is_ascension_mode":false,"campfire_choices":[{"floor":15,"key":"REST"}],"circlet_count":0,"master_deck":["Saiyan:SAIYA_Strike+1","Saiyan:SAIYA_Strike+1","Saiyan:SAIYA_Strike+1","Saiyan:SAIYA_Defend+1","Saiyan:SAIYA_Defend+1","Saiyan:EnergyBlast+1","Saiyan:KaioKen+1","Saiyan:RuthlessBlow+1","Saiyan:RemoveWeights+1","Saiyan:RemoveWeights+1","Saiyan:SuperSaiyanForm+1","Saiyan:SuperSaiyanThree+1","Saiyan:KiExplosion+1","Saiyan:GenkiDama+1","Saiyan:TurtleShell+1","Saiyan:TurtleShell+1","Saiyan:Quickening+1","Saiyan:DragonFist+1","Saiyan:TurtleShell+1","Saiyan:RemoveWeights+1","Saiyan:MeteorDash+1","Saiyan:SuperSaiyanThree+1","Saiyan:FinalFlash+1","Saiyan:SuperSaiyanForm+1","Saiyan:KiExplosion+1","Saiyan:RemoveWeights+1","Saiyan:UltraInstinct+1"],"relics":["SaiyanSoul","SaiyanHeart","Hammer of Thor","Seething Fire","Anvil of the Gods","Thread and Needle","Bloody Idol","theSenshi:SuperSailorFukuRelic","Omamori","Bronze Scales","Centennial Puzzle","theSenshi:FeatherClipsRelic","Art of War","Coffee Dripper","Toy Ornithopter","bronze:DecasWashers","HandDrill","Lee\u0027s Waffle","Guardian:PocketSentry","Bag of Preparation","Juzu Bracelet","Pear","FossilizedHelix","Lantern","Oddly Smooth Stone","Strange Spoon","Orichalcum","Meat on the Bone","Membership Card","Fusion Hammer","Blood Vial","Guardian:GemstoneGun","bronze:DonusWashers","Ancient Tea Set","Kunai","bronze:BronzeIdol","Anchor","Shuriken","Old Coin"],"acts_visited":["Exordium","TheCity","TheBeyond"],"potions_floor_usage":[16,16,24,50,50,50],"damage_taken":[{"damage":0,"enemies":"2 Louse","floor":1,"turns":2},{"damage":0,"enemies":"Small Slimes","floor":2,"turns":2},{"damage":0,"enemies":"3 Sentries","floor":6,"turns":5},{"damage":0,"enemies":"Jaw Worm","floor":7,"turns":1},{"damage":0,"enemies":"2 Fungi Beasts","floor":8,"turns":1},{"damage":0,"enemies":"Lagavulin","floor":10,"turns":2},{"damage":0,"enemies":"3 Sentries","floor":11,"turns":3},{"damage":0,"enemies":"Gremlin Nob","floor":12,"turns":2},{"damage":0,"enemies":"Lots of Slimes","floor":14,"turns":1},{"damage":0,"enemies":"Hexaghost","floor":16,"turns":2},{"damage":0,"enemies":"Chosen","floor":18,"turns":1},{"damage":0,"enemies":"2 Thieves","floor":22,"turns":2},{"damage":0,"enemies":"Slavers","floor":23,"turns":1},{"damage":0,"enemies":"Book of Stabbing","floor":24,"turns":2},{"damage":0,"enemies":"Slavers","floor":25,"turns":2},{"damage":0,"enemies":"Gremlin Leader","floor":28,"turns":1},{"damage":0,"enemies":"Automaton","floor":33,"turns":4},{"damage":0,"enemies":"3 Shapes","floor":35,"turns":2},{"damage":0,"enemies":"Nemesis","floor":41,"turns":3},{"damage":0,"enemies":"Reptomancer","floor":42,"turns":2},{"damage":0,"enemies":"Giant Head","floor":45,"turns":6},{"damage":0,"enemies":"Mind Bloom Boss Battle","floor":48,"turns":1},{"damage":0,"enemies":"Time Eater","floor":50,"turns":8}],"seed_played":"-4257314157227186035","potions_obtained":[{"floor":1,"key":"PowerPotion"},{"floor":8,"key":"hexamod:SoulburnPotion"},{"floor":10,"key":"EssenceOfSteel"},{"floor":16,"key":"Fire Potion"},{"floor":23,"key":"Weak Potion"},{"floor":25,"key":"ColorlessPotion"},{"floor":28,"key":"champ:CounterPotion"}],"is_trial":true,"path_per_floor":["M","M","?","?","?","E","M","M","T","E","E","E","?","M","R","B",null,"M","?","$","?","M","E","E","E","T","$","E","$","?","?","R","B",null,"M","?","$","?","?","$","E","E","T","?","E","?","T","?","R","B",null],"character_chosen":"SAIYAJIN","items_purchased":["Saiyan:TurtleShell","Toy Ornithopter","bronze:DecasWashers","HandDrill","Lee\u0027s Waffle","Guardian:PocketSentry","Lantern","Saiyan:TurtleShell","Oddly Smooth Stone","Strange Spoon","Orichalcum","Saiyan:RemoveWeights","Membership Card","Saiyan:MeteorDash","Blood Vial","Guardian:GemstoneGun","bronze:DonusWashers","Saiyan:KiExplosion","Saiyan:RemoveWeights"],"campfire_rested":1,"item_purchase_floors":[20,20,20,20,20,20,27,27,27,27,27,27,29,29,37,40,40,40,40],"current_hp_per_floor":[62,63,63,63,63,64,64,65,65,65,65,66,66,66,66,67,67,67,44,74,74,75,76,77,89,89,89,90,90,90,90,90,93,93,95,95,95,95,95,95,96,97,97,92,93,93,93,93,93,96],"gold":816,"neow_bonus":"","is_daily":false,"chose_seed":false,"campfire_upgraded":0,"win_rate":0.0,"timestamp":1613682894,"path_taken":["M","M","?","?","?","E","M","M","T","E","E","E","?","?","R","BOSS","M","?","$","?","?","E","E","E","T","$","E","$","?","?","R","BOSS","M","?","$","?","?","$","E","E","T","?","E","?","?","?","R","BOSS"],"items_purchased_type":["Card","Relic","Relic","Relic","Relic","Relic","Relic","Card","Relic","Relic","Relic","Card","Relic","Card","Relic","Relic","Relic","Card","Card"],"build_version":"2020-12-22","purchased_purges":0,"victory":true,"max_hp_per_floor":[62,63,63,63,63,64,64,65,65,65,65,66,66,66,66,67,67,67,67,74,74,75,76,77,89,89,89,90,90,90,90,90,93,93,95,95,95,95,95,95,96,97,97,92,93,93,93,93,93,96],"relic_stats":{"Lee\u0027s Waffle":30,"counters":[23,56],"Bag of Preparation":[10],"Juzu Bracelet":1,"Orichalcum":[48],"Blood Vial":0,"Strange Spoon":[7],"Centennial Puzzle":[0],"Shuriken":[2],"Bloody Idol":0,"Bronze Scales":[63],"Art of War":[3],"HandDrill":[2],"Kunai":[4],"obtain_stats":[{"theSenshi:SuperSailorFukuRelic":4,"Lantern":27,"Hammer of Thor":0,"theSenshi:FeatherClipsRelic":11,"Bag of Preparation":23,"Juzu Bracelet":24,"Ancient Tea Set":41,"Old Coin":48,"Blood Vial":37,"Centennial Puzzle":10,"Fusion Hammer":34,"HandDrill":20,"Kunai":42,"Lee\u0027s Waffle":20,"bronze:DonusWashers":40,"Pear":25,"Golden Idol":3,"bronze:DecasWashers":20,"Guardian:GemstoneGun":40,"Oddly Smooth Stone":27,"Thread and Needle":0,"SaiyanHeart":0,"Omamori":6,"Guardian:PocketSentry":20,"Seething Fire":0,"Orichalcum":27,"bronze:BronzeIdol":43,"Strange Spoon":27,"Anchor":45,"Anvil of the Gods":0,"Shuriken":47,"Bronze Scales":9,"Bloody Idol":30,"SaiyanSoul":0,"Art of War":12,"Coffee Dripper":17,"Membership Card":29,"Toy Ornithopter":20,"FossilizedHelix":26,"Meat on the Bone":28},{"theSenshi:SuperSailorFukuRelic":2,"Lantern":15,"Hammer of Thor":0,"theSenshi:FeatherClipsRelic":7,"Bag of Preparation":13,"Juzu Bracelet":14,"Ancient Tea Set":19,"Old Coin":22,"Blood Vial":18,"Centennial Puzzle":6,"Fusion Hammer":17,"HandDrill":11,"Kunai":20,"Lee\u0027s Waffle":11,"bronze:DonusWashers":18,"Pear":15,"Golden Idol":2,"bronze:DecasWashers":11,"Guardian:GemstoneGun":18,"Oddly Smooth Stone":15,"Thread and Needle":0,"SaiyanHeart":0,"Omamori":3,"Guardian:PocketSentry":11,"Seething Fire":0,"Orichalcum":15,"bronze:BronzeIdol":20,"Strange Spoon":15,"Anchor":21,"Anvil of the Gods":0,"Shuriken":21,"Bronze Scales":5,"Bloody Idol":16,"SaiyanSoul":0,"Art of War":8,"Coffee Dripper":10,"Membership Card":16,"Toy Ornithopter":11,"FossilizedHelix":15,"Meat on the Bone":16},{"theSenshi:SuperSailorFukuRelic":4,"Lantern":29,"Hammer of Thor":0,"theSenshi:FeatherClipsRelic":16,"Bag of Preparation":25,"Juzu Bracelet":27,"Ancient Tea Set":39,"Old Coin":48,"Blood Vial":36,"Centennial Puzzle":13,"Fusion Hammer":34,"HandDrill":22,"Kunai":41,"Lee\u0027s Waffle":22,"bronze:DonusWashers":36,"Pear":29,"Golden Idol":4,"bronze:DecasWashers":22,"Guardian:GemstoneGun":36,"Oddly Smooth Stone":29,"Thread and Needle":0,"SaiyanHeart":0,"Omamori":9,"Guardian:PocketSentry":22,"Seething Fire":0,"Orichalcum":29,"bronze:BronzeIdol":41,"Strange Spoon":29,"Anchor":47,"Anvil of the Gods":0,"Shuriken":47,"Bronze Scales":11,"Bloody Idol":30,"SaiyanSoul":0,"Art of War":18,"Coffee Dripper":21,"Membership Card":30,"Toy Ornithopter":22,"FossilizedHelix":29,"Meat on the Bone":30}],"Toy Ornithopter":0,"Meat on the Bone":0},"card_choices":[{"not_picked":["Saiyan:Teleport","Saiyan:Reset"],"picked":"Saiyan:RemoveWeights","floor":1},{"not_picked":["Saiyan:Reset","Saiyan:Scouter","Saiyan:Makankosappo"],"picked":"SKIP","floor":2},{"not_picked":["Saiyan:DrainingStrike","Saiyan:Taunt"],"picked":"Saiyan:RemoveWeights","floor":6},{"not_picked":["Saiyan:BigBangAttack","Saiyan:LastResort"],"picked":"Saiyan:Flurry","floor":7},{"not_picked":["Saiyan:ExpandingShockwave","Saiyan:AugmentedBlast"],"picked":"Saiyan:SuperSaiyanForm","floor":8},{"not_picked":["Saiyan:Expend","Saiyan:BackAttack"],"picked":"Saiyan:Momentum","floor":10},{"not_picked":["Saiyan:Afterimage","Saiyan:SpiritSword"],"picked":"Saiyan:SuperSaiyanThree","floor":11},{"not_picked":["Saiyan:SpiritSword","Saiyan:Overexert","Saiyan:Scouter"],"picked":"SKIP","floor":12},{"not_picked":["Saiyan:KameHameHa","Saiyan:PlotArmor"],"picked":"Saiyan:KiExplosion","floor":14},{"not_picked":["Saiyan:SenzuBean","Saiyan:SuperSaiyanThree"],"picked":"Saiyan:GenkiDama","floor":16},{"not_picked":["Saiyan:FingerParry","Saiyan:ExpandingShockwave"],"picked":"Saiyan:TurtleShell","floor":18},{"not_picked":["Saiyan:DoubleMasenko","Saiyan:Scouter"],"picked":"Saiyan:Quickening","floor":22},{"not_picked":["Saiyan:Taunt","Saiyan:DoubleMasenko","Saiyan:Planning"],"picked":"SKIP","floor":23},{"not_picked":["Saiyan:SaiyanHubris","Saiyan:SenzuBean"],"picked":"Saiyan:DragonFist+1","floor":24},{"not_picked":["Saiyan:DrainingStrike","Saiyan:Furor","Saiyan:Planning+1"],"picked":"SKIP","floor":25},{"not_picked":["Saiyan:Endure","Saiyan:Honing","Saiyan:TurtleShell"],"picked":"SKIP","floor":28},{"not_picked":["Saiyan:SenzuBean","Saiyan:GhostAttack"],"picked":"Saiyan:SuperSaiyanThree","floor":33},{"not_picked":["Saiyan:Scouter+1","Saiyan:BigBangAttack"],"picked":"Saiyan:FinalFlash+1","floor":35},{"not_picked":["Saiyan:GhostAttack","Saiyan:AugmentedBlast+1","Saiyan:KiExplosion+1"],"picked":"SKIP","floor":41},{"not_picked":["Saiyan:ReverberatingForce","Saiyan:DoubleMasenko+1","Saiyan:FingerParry+1"],"picked":"SKIP","floor":42},{"not_picked":["Saiyan:TurtleShell","Saiyan:RemoveWeights","Saiyan:Reset"],"picked":"SKIP","floor":45},{"not_picked":["Saiyan:Planning","Saiyan:Scouter"],"picked":"Saiyan:UltraInstinct+1","floor":48}],"player_experience":674155,"relics_obtained":[{"floor":6,"key":"Omamori"},{"floor":9,"key":"Bronze Scales"},{"floor":10,"key":"Centennial Puzzle"},{"floor":11,"key":"theSenshi:FeatherClipsRelic"},{"floor":12,"key":"Art of War"},{"floor":23,"key":"Bag of Preparation"},{"floor":24,"key":"Juzu Bracelet"},{"floor":25,"key":"Pear"},{"floor":26,"key":"FossilizedHelix"},{"floor":28,"key":"Meat on the Bone"},{"floor":41,"key":"Ancient Tea Set"},{"floor":42,"key":"Kunai"},{"floor":43,"key":"bronze:BronzeIdol"},{"floor":45,"key":"Anchor"},{"floor":47,"key":"Shuriken"},{"floor":48,"key":"Old Coin"}],"event_choices":[{"damage_healed":0,"gold_gain":0,"player_choice":"Take Wound","damage_taken":0,"relics_obtained":["Golden Idol"],"max_hp_gain":0,"max_hp_loss":0,"event_name":"Golden Idol","floor":3,"gold_loss":0,"cards_obtained":["Injury"]},{"damage_healed":0,"gold_gain":0,"player_choice":"Box","damage_taken":0,"relics_obtained":["theSenshi:SuperSailorFukuRelic"],"max_hp_gain":0,"max_hp_loss":0,"event_name":"Big Fish","floor":4,"gold_loss":0,"cards_obtained":["Regret"]},{"damage_healed":0,"gold_gain":0,"cards_transformed":["Saiyan:SAIYA_Defend"],"player_choice":"Change","damage_taken":0,"max_hp_gain":0,"max_hp_loss":0,"event_name":"Living Wall","floor":5,"gold_loss":0,"cards_obtained":["Saiyan:DragonRadar"]},{"cards_removed":["Saiyan:SAIYA_Defend"],"damage_healed":0,"gold_gain":0,"player_choice":"Purged","damage_taken":0,"max_hp_gain":0,"max_hp_loss":0,"event_name":"Purifier","floor":13,"gold_loss":0},{"damage_healed":0,"gold_gain":0,"player_choice":"1 cards matched","damage_taken":0,"max_hp_gain":0,"max_hp_loss":0,"event_name":"Match and Keep!","floor":21,"gold_loss":0,"cards_obtained":["Saiyan:GhostAttack"]},{"damage_healed":0,"gold_gain":0,"player_choice":"Gave Idol","damage_taken":0,"relics_obtained":["Bloody Idol"],"max_hp_gain":0,"max_hp_loss":0,"event_name":"Forgotten Altar","floor":30,"relics_lost":["Golden Idol"],"gold_loss":0},{"damage_healed":0,"gold_gain":0,"player_choice":"Ignored","damage_taken":0,"max_hp_gain":0,"max_hp_loss":0,"event_name":"Vampires","floor":31,"gold_loss":0},{"cards_removed":["Saiyan:Flurry"],"damage_healed":0,"gold_gain":0,"player_choice":"Removed Attack","damage_taken":0,"max_hp_gain":0,"max_hp_loss":0,"event_name":"Falling","floor":36,"gold_loss":0},{"damage_healed":0,"gold_gain":0,"player_choice":"Memory 1","damage_taken":0,"max_hp_gain":0,"max_hp_loss":0,"event_name":"SensoryStone","floor":38,"gold_loss":0},{"damage_healed":0,"gold_gain":0,"player_choice":"Copied","damage_taken":0,"max_hp_gain":0,"max_hp_loss":0,"event_name":"Duplicator","floor":39,"gold_loss":0,"cards_obtained":["Saiyan:SuperSaiyanForm"]},{"damage_healed":0,"gold_gain":0,"player_choice":"Max HP","damage_taken":0,"max_hp_gain":0,"max_hp_loss":5,"event_name":"Winding Halls","floor":44,"gold_loss":0},{"damage_healed":0,"gold_gain":0,"player_choice":"Ignored","damage_taken":0,"max_hp_gain":0,"max_hp_loss":0,"event_name":"Tomb of Lord Red Mask","floor":46,"gold_loss":0},{"damage_healed":0,"gold_gain":0,"player_choice":"Fight","damage_taken":0,"max_hp_gain":0,"max_hp_loss":0,"event_name":"MindBloom","floor":48,"gold_loss":0}],"is_beta":false,"boss_relics":[{"not_picked":["bronze:MakeshiftBattery","Snecko Eye"],"picked":"Coffee Dripper"},{"not_picked":["Runic Dome","Calling Bell"],"picked":"Fusion Hammer"}],"items_purged_floors":[],"is_endless":false,"potions_floor_spawned":[1,8,10,14,16,23,25,28,35,45],"ascension_level":0}}