{"host":"axuns55dzq466eei","time":1613661785,"event":{"mods":["BaseMod","Colored Map","Keyboard Shortcuts","Minty Spire (QoL Compilation)","StSLib","SuperFastMode"],"gold_per_floor":[109,125,125,125,143,143,173,173,173,98,108,108,126,26,26,103,103,122,122,82,94,94,94,19,49,49,82,82,82,114,125,125,198,198,216,216,91,116,116,116,116],"floor_reached":40,"language":"KOR","playtime":844,"items_purged":["Defend_P","Strike_P","Defend_P"],"score":936,"play_id":"e54db6d1-21d2-4385-98fb-3c14b87b98a5","local_time":"20210219002305","is_ascension_mode":true,"campfire_choices":[{"data":"CrushJoints","floor":6.0,"key":"SMITH"},{"data":"MentalFortress","floor":8.0,"key":"SMITH"},{"floor":12.0,"key":"REST"},{"data":"Tantrum","floor":15.0,"key":"SMITH"},{"data":"Adaptation","floor":23.0,"key":"SMITH"},{"floor":28,"key":"REST"},{"data":"Halt","floor":32,"key":"SMITH"}],"circlet_count":0,"master_deck":["AscendersBane","Eruption+1","Vigilance","CrushJoints+1","WheelKick+1","MentalFortress+1","Tantrum+1","Collect+1","WaveOfTheHand+1","EmptyBody+1","Adaptation+1","Halt+1"],"relics":["PureWater","Pocketwatch","FossilizedHelix","Astrolabe","Orichalcum","Torii","Strawberry","Red Mask","Sozu","GoldenEye"],"acts_visited":["Exordium","TheCity","TheBeyond"],"potions_floor_usage":[27,27,33],"damage_taken":[{"damage":22.0,"enemies":"Cultist","floor":1.0,"turns":4.0},{"damage":9.0,"enemies":"2 Louse","floor":2.0,"turns":3.0},{"damage":0.0,"enemies":"Small Slimes","floor":5.0,"turns":2.0},{"damage":0.0,"enemies":"Gremlin Nob","floor":7.0,"turns":2.0},{"damage":0.0,"enemies":"Red Slaver","floor":11.0,"turns":2.0},{"damage":0.0,"enemies":"Blue Slaver","floor":13.0,"turns":1.0},{"damage":40.0,"enemies":"Hexaghost","floor":16.0,"turns":4.0},{"damage":0.0,"enemies":"2 Thieves","floor":18.0,"turns":4.0},{"damage":0.0,"enemies":"Spheric Guardian","floor":21.0,"turns":2.0},{"damage":26,"enemies":"Gremlin Leader","floor":25,"turns":4},{"damage":0,"enemies":"Book of Stabbing","floor":27,"turns":3},{"damage":10,"enemies":"Masked Bandits","floor":30,"turns":5},{"damage":0,"enemies":"Centurion and Healer","floor":31,"turns":3},{"damage":1,"enemies":"Collector","floor":33,"turns":8},{"damage":0,"enemies":"3 Darklings","floor":35,"turns":6},{"damage":0,"enemies":"Mind Bloom Boss Battle","floor":38,"turns":4},{"damage":76,"enemies":"Reptomancer","floor":40,"turns":4}],"seed_played":"-6508909701919020447","potions_obtained":[{"floor":5.0,"key":"Strength Potion"},{"floor":7.0,"key":"Energy Potion"},{"floor":18.0,"key":"AttackPotion"},{"floor":30,"key":"ColorlessPotion"}],"is_trial":false,"path_per_floor":["M","M","?","?","M","R","E","R","T","$","M","R","M","$","R","B",null,"M","?","$","M","?","R","?","E","T","E","R","?","?","M","R","B",null,"M","?","$","?","$","E"],"character_chosen":"WATCHER","items_purchased":["Adaptation"],"campfire_rested":2,"item_purchase_floors":[20],"current_hp_per_floor":[39,30,30,30,30,30,30,30,30,30,30,50,50,50,50,10,54,54,54,54,54,54,54,54,28,28,35,57,36,26,26,26,25,66,66,66,66,66,66,0,0],"gold":116,"neow_bonus":"REMOVE_CARD","is_daily":false,"chose_seed":false,"campfire_upgraded":5,"win_rate":0.0,"timestamp":1613661785,"path_taken":["M","?","?","?","M","R","E","R","T","$","M","R","?","$","R","BOSS","M","?","$","?","?","R","?","E","T","E","R","?","?","M","R","BOSS","M","?","$","?","$","E"],"items_purchased_type":["Card"],"build_version":"2020-12-22","purchased_purges":3,"victory":false,"max_hp_per_floor":[68,68,68,68,68,68,68,68,68,68,68,68,68,68,68,68,68,68,68,68,68,68,68,68,68,68,75,75,80,80,80,80,80,80,80,76,76,76,76,76,76],"card_choices":[{"not_picked":["Crescendo","Evaluate"],"picked":"CrushJoints","floor":1.0},{"not_picked":["SashWhip","ClearTheMind"],"picked":"WheelKick","floor":2.0},{"not_picked":["WaveOfTheHand","SandsOfTime"],"picked":"MentalFortress","floor":5.0},{"not_picked":["Protect","Crescendo","Brilliance"],"picked":"SKIP","floor":7.0},{"not_picked":["ThirdEye","DeceiveReality","Weave"],"picked":"SKIP","floor":11.0},{"not_picked":["CutThroughFate","SashWhip"],"picked":"Tantrum","floor":13.0},{"not_picked":["Consecrate","FlyingSleeves","Protect"],"picked":"SKIP","floor":18.0},{"not_picked":["ClearTheMind","CutThroughFate","Evaluate"],"picked":"SKIP","floor":21.0},{"not_picked":["Evaluate","Vengeance","Collect"],"picked":"SKIP","floor":25},{"not_picked":["Nirvana","CarveReality","FlyingSleeves"],"picked":"SKIP","floor":27},{"not_picked":["Tantrum","Protect"],"picked":"Halt","floor":30},{"not_picked":["Protect+1","Indignation","Study"],"picked":"SKIP","floor":31},{"not_picked":["Evaluate","EmptyFist","PathToVictory"],"picked":"SKIP","floor":35}],"player_experience":1127105,"relics_obtained":[{"floor":7.0,"key":"Pocketwatch"},{"floor":9.0,"key":"FossilizedHelix"},{"floor":25,"key":"Orichalcum"},{"floor":26,"key":"Torii"},{"floor":27,"key":"Strawberry"},{"floor":30,"key":"Red Mask"},{"floor":38,"key":"GoldenEye"}],"event_choices":[{"damage_healed":0.0,"max_hp_gain":0.0,"max_hp_loss":0.0,"gold_gain":0.0,"event_name":"Living Wall","player_choice":"Grow","floor":3.0,"gold_loss":0.0,"damage_taken":0.0,"cards_upgraded":["Eruption"]},{"damage_healed":0.0,"max_hp_gain":0.0,"max_hp_loss":0.0,"gold_gain":0.0,"event_name":"Upgrade Shrine","player_choice":"Upgraded","floor":4.0,"gold_loss":0.0,"damage_taken":0.0,"cards_upgraded":["WheelKick"]},{"damage_healed":0.0,"max_hp_gain":0.0,"max_hp_loss":0.0,"gold_gain":0.0,"cards_transformed":["Strike_P"],"event_name":"Transmorgrifier","player_choice":"Transformed","floor":19.0,"gold_loss":0.0,"damage_taken":0.0,"cards_obtained":["Judgement"]},{"damage_healed":0.0,"max_hp_gain":0.0,"max_hp_loss":0.0,"gold_gain":0.0,"event_name":"Vampires","player_choice":"Ignored","floor":22.0,"gold_loss":0.0,"damage_taken":0.0},{"cards_removed":["Judgement"],"damage_healed":0.0,"max_hp_gain":0.0,"max_hp_loss":0.0,"gold_gain":0.0,"event_name":"Beggar","player_choice":"Gave Gold","floor":24.0,"gold_loss":75.0,"damage_taken":0.0},{"damage_healed":0,"gold_gain":0,"player_choice":"Shed Blood","damage_taken":26,"max_hp_gain":5,"max_hp_loss":0,"event_name":"Forgotten Altar","floor":29,"gold_loss":0},{"damage_healed":0,"gold_gain":0,"player_choice":"Fought Bandits","damage_taken":0,"max_hp_gain":0,"max_hp_loss":0,"event_name":"Masked Bandits","floor":30,"gold_loss":0},{"damage_healed":0,"gold_gain":0,"player_choice":"Max HP","damage_taken":0,"max_hp_gain":0,"max_hp_loss":4,"event_name":"Winding Halls","floor":36,"gold_loss":0},{"damage_healed":0,"gold_gain":0,"player_choice":"Fight","damage_taken":0,"max_hp_gain":0,"max_hp_loss":0,"event_name":"MindBloom","floor":38,"gold_loss":0}],"is_beta":false,"boss_relics":[{"not_picked":["Cursed Key","Coffee Dripper"],"picked":"Astrolabe"},{"not_picked":["Philosopher\u0027s Stone","Velvet Choker"],"picked":"Sozu"}],"items_purged_floors":[10,14,37],"is_endless":false,"potions_floor_spawned":[5,7,11,18,25,30,35],"killed_by":"Reptomancer","ascension_level":20}}