{"host":"df48i9djcn92c5sx","time":1613629772,"event":{"mods":["Act Like it!","Arknights","BaseMod","Decade(王小明)","Downfall","Gensokyo","Marisa（F雨　魔理沙）","Minty Spire (QoL Compilation)","READ ME - Guardian Mod","READ ME - Snecko Mod","Reimu（博丽灵梦）","Remilia（蕾米莉亚）","Shop Mod","StSLib","The Jungle","The Servant 0.9.4"],"gold_per_floor":[99,99,99,99,199,232,232,257,271,271,284,313,313,647,665,665,665,665],"floor_reached":16,"language":"ZHS","playtime":520,"items_purged":[],"score":166,"play_id":"d0466525-efa1-467a-85b2-6c0c4804d78e","local_time":"20210218142932","is_ascension_mode":true,"campfire_choices":[{"data":"bronze:Replicate","floor":1,"key":"SMITH"},{"data":"bronze:Break","floor":10,"key":"SMITH"},{"floor":13,"key":"REST"}],"circlet_count":0,"master_deck":["bronze:Strike","bronze:Strike","bronze:Strike","bronze:Strike","bronze:Defend","bronze:Defend","bronze:Defend","bronze:Defend","bronze:Replicate+1","bronze:Goto","bronze:Separator","CurseOfTheBell","CurseOfTheBell","Writhe","bronze:ThunderWave","bronze:Verify","bronze:Break+1","bronze:Branch","bronze:Hardcode"],"relics":["bronze:BronzeCore","downfall:HeartsMalice","downfall:ExtraCursedBell","Centennial Puzzle","HornCleat","Girya","Bag of Marbles","Orichalcum","FossilizedHelix","Shuriken","Old Coin"],"acts_visited":["Exordium"],"potions_floor_usage":[11,15,16],"damage_taken":[{"damage":0,"enemies":"Jaw Worm","floor":2,"turns":1},{"damage":0,"enemies":"2 Louse","floor":3,"turns":1},{"damage":0,"enemies":"Gremlin Nob","floor":6,"turns":1},{"damage":24,"enemies":"3 Sentries","floor":8,"turns":7},{"damage":0,"enemies":"Cultist","floor":9,"turns":2},{"damage":0,"enemies":"Large Slime","floor":11,"turns":2},{"damage":23,"enemies":"Lagavulin","floor":12,"turns":8},{"damage":7,"enemies":"3 Sentries","floor":14,"turns":6},{"damage":17,"enemies":"Gremlin Gang","floor":15,"turns":4},{"damage":36,"enemies":"DF_ARCHETYPE_STREAMLINE","floor":16,"turns":6}],"seed_played":"-5270044619494710044","potions_obtained":[{"floor":8,"key":"FearPotion"},{"floor":14,"key":"Regen Potion"},{"floor":15,"key":"Strength Potion"}],"is_trial":false,"path_per_floor":["R","M","M","?","?","E","T","E","M","R","M","E","R","E","M","B"],"character_chosen":"THE_AUTOMATON","items_purchased":[],"campfire_rested":1,"item_purchase_floors":[],"current_hp_per_floor":[70,70,70,70,70,70,70,46,46,46,46,23,44,37,32,0,0,0],"gold":665,"neow_bonus":"THREE_ENEMY_KILL","is_daily":false,"chose_seed":false,"campfire_upgraded":2,"win_rate":0.0,"timestamp":1613629772,"path_taken":["R","M","M","?","?","E","T","E","?","R","M","E","R","E","M","BOSS"],"items_purchased_type":[],"build_version":"2020-12-22","purchased_purges":0,"victory":false,"max_hp_per_floor":[70,70,70,70,70,70,70,70,70,70,70,70,70,70,70,70,70,70],"card_choices":[{"not_picked":["bronze:BugBarrage","bronze:Iterate","bronze:ClassDefault"],"picked":"SKIP","floor":2},{"not_picked":["bronze:WhirlingStrike","bronze:ForceShield"],"picked":"bronze:Separator","floor":3},{"not_picked":["bronze:BugBarrage","bronze:BronzeArmor"],"picked":"bronze:Verify","floor":6},{"not_picked":["bronze:TinkerersToolbox","bronze:Backtrace"],"picked":"bronze:Break","floor":8},{"not_picked":["bronze:Invalidate","bronze:BronzeArmor"],"picked":"bronze:Branch","floor":9},{"not_picked":["bronze:Return","bronze:FineTuning","bronze:BitShift"],"picked":"SKIP","floor":11},{"not_picked":["bronze:NullPointer","bronze:Shield"],"picked":"bronze:Hardcode","floor":12},{"not_picked":["bronze:Deprecate","bronze:CloningBeam","bronze:Turbo"],"picked":"SKIP","floor":14},{"not_picked":["bronze:BugBarrage","bronze:Shell","bronze:Branch"],"picked":"SKIP","floor":15}],"player_experience":1575916,"relics_obtained":[{"floor":4,"key":"Centennial Puzzle"},{"floor":4,"key":"HornCleat"},{"floor":4,"key":"Girya"},{"floor":6,"key":"Bag of Marbles"},{"floor":7,"key":"Orichalcum"},{"floor":8,"key":"FossilizedHelix"},{"floor":12,"key":"Shuriken"},{"floor":14,"key":"Old Coin"}],"event_choices":[],"is_beta":false,"boss_relics":[],"items_purged_floors":[],"is_endless":false,"potions_floor_spawned":[8,14,15],"killed_by":"DF_ARCHETYPE_STREAMLINE","ascension_level":2}}