{"host":"qxeepl7ydvsgmfdb","time":1613632905,"event":{"mods":["AchievementEnabler","BaseMod","Colored Powertips","Minty Spire (QoL Compilation)","Quick Restart","slay the spire mod where everything is the same but ironclad has a cowboy hat"],"gold_per_floor":[110,110,110,110,120,155,166,196,196,213,229,229,229,12,12,85,85,103,123,123,73,83,109,24,53,78,78,78,89,102,114,114,188,188,205,219,244,82,82,82,108,108,131,160,160,178,65,65,65],"floor_reached":48,"language":"ENG","playtime":1319,"items_purged":["Strike_G"],"score":1067,"play_id":"d53f9850-cf2b-41bd-b54e-f64c906bb116","local_time":"20210218022145","is_ascension_mode":true,"campfire_choices":[{"floor":13.0,"key":"REST"},{"floor":15.0,"key":"REST"},{"floor":27.0,"key":"REST"},{"floor":32.0,"key":"REST"},{"data":"Distraction","floor":40.0,"key":"SMITH"},{"data":"Adrenaline","floor":42.0,"key":"SMITH"}],"circlet_count":0,"master_deck":["AscendersBane","Strike_G","Strike_G","Defend_G","Defend_G","Defend_G","Defend_G","Defend_G","Survivor","Neutralize","Blade Dance","Deflect","PiercingWail","Deadly Poison","Accuracy","Blade Dance","Blade Dance","Adrenaline+1","Blade Dance","Finisher+1","Distraction+1","Cloak And Dagger+1","Accuracy","Well Laid Plans"],"relics":["Ring of the Snake","NeowsBlessing","Paper Crane","Pantograph","InkBottle","Molten Egg 2","Blood Vial","WristBlade","MealTicket","Juzu Bracelet","Bronze Scales","Ancient Tea Set","Black Star","The Specimen","The Courier","Omamori","PreservedInsect","Ice Cream","Centennial Puzzle","Happy Flower"],"acts_visited":["Exordium","TheCity","TheBeyond"],"potions_floor_usage":[],"damage_taken":[{"damage":0.0,"enemies":"2 Louse","floor":1.0,"turns":1.0},{"damage":0.0,"enemies":"Small Slimes","floor":5.0,"turns":1.0},{"damage":0.0,"enemies":"Gremlin Nob","floor":6.0,"turns":1.0},{"damage":2.0,"enemies":"Cultist","floor":7.0,"turns":4.0},{"damage":34.0,"enemies":"Lagavulin","floor":8.0,"turns":9.0},{"damage":22.0,"enemies":"Large Slime","floor":10.0,"turns":8.0},{"damage":7.0,"enemies":"Exordium Wildlife","floor":11.0,"turns":5.0},{"damage":33.0,"enemies":"Hexaghost","floor":16.0,"turns":7.0},{"damage":0.0,"enemies":"Chosen","floor":18.0,"turns":3.0},{"damage":0.0,"enemies":"2 Thieves","floor":19.0,"turns":2.0},{"damage":24.0,"enemies":"Cultist and Chosen","floor":22.0,"turns":4.0},{"damage":3.0,"enemies":"Slavers","floor":23.0,"turns":3.0},{"damage":36.0,"enemies":"Book of Stabbing","floor":25.0,"turns":5.0},{"damage":18.0,"enemies":"Shelled Parasite and Fungi","floor":29.0,"turns":3.0},{"damage":0.0,"enemies":"Sentry and Sphere","floor":30.0,"turns":1.0},{"damage":11.0,"enemies":"Centurion and Healer","floor":31.0,"turns":4.0},{"damage":74.0,"enemies":"Automaton","floor":33.0,"turns":8.0},{"damage":28.0,"enemies":"3 Shapes","floor":35.0,"turns":3.0},{"damage":9.0,"enemies":"Orb Walker","floor":36.0,"turns":2.0},{"damage":7.0,"enemies":"Mind Bloom Boss Battle","floor":37.0,"turns":5.0},{"damage":7.0,"enemies":"Reptomancer","floor":41.0,"turns":3.0},{"damage":30.0,"enemies":"Nemesis","floor":44.0,"turns":5.0},{"damage":9.0,"enemies":"Writhing Mass","floor":46.0,"turns":4.0},{"damage":25,"enemies":"Spire Growth","floor":48,"turns":2}],"seed_played":"-2783443930356413285","potions_obtained":[{"floor":5.0,"key":"Energy Potion"},{"floor":10.0,"key":"FearPotion"},{"floor":11.0,"key":"GhostInAJar"},{"floor":18.0,"key":"SkillPotion"},{"floor":31.0,"key":"FairyPotion"},{"floor":33.0,"key":"ColorlessPotion"},{"floor":37.0,"key":"DuplicationPotion"},{"floor":44.0,"key":"SkillPotion"}],"is_trial":false,"path_per_floor":["M","?","?","?","M","E","M","E","T","M","M","?","R","$","R","B",null,"M","M","?","?","M","E","?","E","T","R","$","M","M","M","R","B",null,"M","M","?","$","?","R","E","R","T","E","?","M","?","M"],"character_chosen":"THE_SILENT","items_purchased":["Blood Vial","Blade Dance","Accuracy"],"campfire_rested":4,"item_purchase_floors":[14,14,38],"current_hp_per_floor":[59,59,52,66,66,66,64,30,30,8,1,1,20,20,39,33,58,60,62,62,62,40,39,39,5,5,24,39,23,25,16,35,19,54,28,21,41,56,56,56,51,51,51,23,23,16,16,0,0],"gold":65,"neow_bonus":"THREE_ENEMY_KILL","is_daily":false,"chose_seed":false,"campfire_upgraded":2,"win_rate":0.0,"timestamp":1613632905,"path_taken":["M","?","?","?","?","E","M","E","T","M","M","?","R","?","R","BOSS","M","M","?","?","?","E","?","E","T","R","$","M","M","M","R","BOSS","M","M","?","$","?","R","E","R","T","E","?","M","?","M"],"items_purchased_type":["Relic","Card","Card"],"build_version":"2020-12-22","purchased_purges":1,"victory":false,"max_hp_per_floor":[66,66,66,66,66,66,66,66,66,66,66,66,66,66,66,66,66,66,66,66,66,66,66,66,66,66,66,66,66,66,66,66,66,66,66,66,66,66,66,66,66,66,66,66,66,66,66,66,66],"card_choices":[{"not_picked":["Backstab","Acrobatics"],"picked":"Blade Dance","floor":1.0},{"not_picked":["Predator","Quick Slash"],"picked":"Deflect","floor":5.0},{"not_picked":["Catalyst","Flying Knee"],"picked":"PiercingWail","floor":6.0},{"not_picked":["Prepared","Burst"],"picked":"Deadly Poison","floor":7.0},{"not_picked":["Flying Knee","Bane"],"picked":"Accuracy","floor":8.0},{"not_picked":["Prepared","Backflip","Sucker Punch+1"],"picked":"SKIP","floor":10.0},{"not_picked":["Malaise","Acrobatics"],"picked":"Blade Dance","floor":11.0},{"not_picked":["Grand Finale+1","Night Terror"],"picked":"Adrenaline","floor":16.0},{"not_picked":["Sucker Punch+1","Blur+1"],"picked":"Blade Dance","floor":18.0},{"not_picked":["Dodge and Roll","PiercingWail","Acrobatics"],"picked":"SKIP","floor":19.0},{"not_picked":["Predator+1","Reflex","Outmaneuver"],"picked":"SKIP","floor":22.0},{"not_picked":["Sucker Punch+1","Acrobatics"],"picked":"Distraction","floor":23.0},{"not_picked":["Unload+1","Well Laid Plans+1","Venomology"],"picked":"SKIP","floor":25.0},{"not_picked":["Expertise","Backflip"],"picked":"Cloak And Dagger+1","floor":29.0},{"not_picked":["Cloak And Dagger","Acrobatics","Crippling Poison"],"picked":"SKIP","floor":30.0},{"not_picked":["Deadly Poison","Prepared","Acrobatics+1"],"picked":"SKIP","floor":31.0},{"not_picked":["Prepared","Escape Plan+1","Backflip+1"],"picked":"SKIP","floor":35.0},{"not_picked":["Acrobatics","Caltrops+1","Masterful Stab+1"],"picked":"SKIP","floor":36.0},{"not_picked":["Unload+1","Tactician","Bane+1"],"picked":"SKIP","floor":41.0},{"not_picked":["Distraction+1","Eviscerate+1","Calculated Gamble"],"picked":"SKIP","floor":44.0},{"not_picked":["Terror","Deadly Poison","Eviscerate+1"],"picked":"SKIP","floor":46.0}],"player_experience":168829,"relics_obtained":[{"floor":6.0,"key":"Pantograph"},{"floor":8.0,"key":"InkBottle"},{"floor":9.0,"key":"Molten Egg 2"},{"floor":23.0,"key":"MealTicket"},{"floor":25.0,"key":"Bronze Scales"},{"floor":26.0,"key":"Ancient Tea Set"},{"floor":37.0,"key":"The Specimen"},{"floor":41.0,"key":"The Courier"},{"floor":41.0,"key":"Omamori"},{"floor":43.0,"key":"PreservedInsect"},{"floor":44.0,"key":"Ice Cream"},{"floor":44.0,"key":"Centennial Puzzle"}],"event_choices":[{"damage_healed":0.0,"max_hp_gain":0.0,"max_hp_loss":0.0,"gold_gain":0.0,"event_name":"Big Fish","player_choice":"Box","floor":2.0,"gold_loss":0.0,"damage_taken":0.0,"relics_obtained":["Paper Crane"],"cards_obtained":["Regret"]},{"cards_removed":["Regret"],"damage_healed":0.0,"max_hp_gain":0.0,"max_hp_loss":0.0,"gold_gain":0.0,"event_name":"Golden Wing","player_choice":"Card Removal","floor":3.0,"gold_loss":0.0,"damage_taken":7.0},{"damage_healed":14.0,"max_hp_gain":0.0,"max_hp_loss":0.0,"gold_gain":0.0,"event_name":"Wheel of Change","player_choice":"Full Heal","floor":4.0,"gold_loss":0.0,"damage_taken":0.0},{"damage_healed":0.0,"max_hp_gain":0.0,"max_hp_loss":0.0,"gold_gain":0.0,"event_name":"Scrap Ooze","player_choice":"Fled","floor":12.0,"gold_loss":0.0,"damage_taken":0.0},{"damage_healed":0.0,"max_hp_gain":0.0,"max_hp_loss":0.0,"gold_gain":0.0,"event_name":"The Library","player_choice":"Read","floor":20.0,"gold_loss":0.0,"damage_taken":0.0,"cards_obtained":["Finisher"]},{"damage_healed":0.0,"max_hp_gain":0.0,"max_hp_loss":0.0,"gold_gain":0.0,"event_name":"The Joust","player_choice":"Bet on Murderer","floor":21.0,"gold_loss":50.0,"damage_taken":0.0},{"damage_healed":0.0,"max_hp_gain":0.0,"max_hp_loss":0.0,"gold_gain":0.0,"event_name":"Addict","player_choice":"Obtained Relic","floor":24.0,"gold_loss":85.0,"damage_taken":0.0,"relics_obtained":["Juzu Bracelet"]},{"damage_healed":0.0,"max_hp_gain":0.0,"max_hp_loss":0.0,"gold_gain":0.0,"event_name":"MindBloom","player_choice":"Fight","floor":37.0,"gold_loss":0.0,"damage_taken":0.0},{"cards_removed":["Strike_G"],"damage_healed":0.0,"max_hp_gain":0.0,"max_hp_loss":0.0,"gold_gain":0.0,"event_name":"Falling","player_choice":"Removed Attack","floor":39.0,"gold_loss":0.0,"damage_taken":0.0},{"damage_healed":0.0,"max_hp_gain":0.0,"max_hp_loss":0.0,"gold_gain":0.0,"cards_transformed":["Strike_G"],"event_name":"Transmorgrifier","player_choice":"Transformed","floor":45.0,"gold_loss":0.0,"damage_taken":0.0,"cards_obtained":["Well Laid Plans"]},{"damage_healed":0.0,"max_hp_gain":0.0,"max_hp_loss":0.0,"gold_gain":0.0,"event_name":"WeMeetAgain","player_choice":"Paid Gold","floor":47.0,"gold_loss":113.0,"damage_taken":0.0,"relics_obtained":["Happy Flower"]}],"is_beta":false,"boss_relics":[{"not_picked":["SacredBark","Runic Dome"],"picked":"WristBlade"},{"not_picked":["Astrolabe","Cursed Key"],"picked":"Black Star"}],"items_purged_floors":[38],"is_endless":false,"potions_floor_spawned":[5,10,11,18,19,31,33,37,44],"killed_by":"Spire Growth","ascension_level":17}}