{"host":"tzwikg9s6mkzv6w0","time":1613656237,"event":{"mods":["BaseMod","Good Game Mod","Minty Spire (QoL Compilation)","Spicy Shops","StSLib"],"gold_per_floor":[116,134,23,98,98,128,128,28,28,55,55,72,100,119,119,221,221,239,257,269,70,88,88,88],"floor_reached":23,"language":"ZHS","playtime":799,"items_purged":["Strike_R","Defend_R","Doubt"],"score":339,"play_id":"a601becb-6d5f-4c02-9fcb-7cab09e4af62","local_time":"20210218215037","is_ascension_mode":true,"campfire_choices":[{"data":"Demon Form","floor":7.0,"key":"SMITH"},{"data":"Pommel Strike","floor":11.0,"key":"SMITH"},{"data":"Heavy Blade","floor":15.0,"key":"SMITH"}],"circlet_count":0,"master_deck":["Strike_R","Strike_R","Strike_R","Defend_R","Defend_R","Defend_R","Bash","Demon Form+1","Flex","Pommel Strike+1","Spot Weakness","Shrug It Off","Heavy Blade+1","True Grit","Disarm","Double Tap","Shrug It Off+1","Armaments"],"relics":["Burning Blood","REME:ComplimentaryCards","NeowsBlessing","MealTicket","Torii","Pen Nib","Black Star","Membership Card","Medical Kit"],"acts_visited":["Exordium","TheCity"],"potions_floor_usage":[23],"damage_taken":[{"damage":0.0,"enemies":"Small Slimes","floor":1.0,"turns":1.0},{"damage":0.0,"enemies":"2 Louse","floor":2.0,"turns":1.0},{"damage":0.0,"enemies":"Lagavulin","floor":6.0,"turns":3.0},{"damage":32.0,"enemies":"Gremlin Nob","floor":10.0,"turns":4.0},{"damage":12.0,"enemies":"Jaw Worm","floor":12.0,"turns":5.0},{"damage":13.0,"enemies":"3 Sentries","floor":13.0,"turns":6.0},{"damage":15.0,"enemies":"Gremlin Gang","floor":14.0,"turns":6.0},{"damage":34.0,"enemies":"The Guardian","floor":16.0,"turns":9.0},{"damage":14.0,"enemies":"3 Byrds","floor":18.0,"turns":7.0},{"damage":2.0,"enemies":"Chosen","floor":19.0,"turns":5.0},{"damage":40.0,"enemies":"Centurion and Healer","floor":20.0,"turns":9.0},{"damage":35.0,"enemies":"Chosen and Byrds","floor":22.0,"turns":8.0},{"damage":13,"enemies":"Gremlin Leader","floor":23,"turns":3}],"seed_played":"2835459518915426995","potions_obtained":[{"floor":2.0,"key":"LiquidBronze"},{"floor":10.0,"key":"BloodPotion"},{"floor":13.0,"key":"Energy Potion"},{"floor":14.0,"key":"Ancient Potion"},{"floor":19.0,"key":"Explosive Potion"},{"floor":20.0,"key":"LiquidBronze"}],"is_trial":false,"path_per_floor":["M","M","$","?","?","E","R","$","T","E","R","M","E","M","R","B",null,"M","M","M","$","M","E"],"character_chosen":"IRONCLAD","items_purchased":["Spot Weakness","Membership Card","Medical Kit"],"campfire_rested":0,"item_purchase_floors":[3,21,21],"current_hp_per_floor":[78,80,80,69,62,68,68,80,80,54,54,48,41,32,32,20,65,57,61,27,42,13,0,0],"gold":88,"neow_bonus":"THREE_ENEMY_KILL","is_daily":false,"chose_seed":false,"campfire_upgraded":3,"win_rate":0.0,"timestamp":1613656237,"path_taken":["M","M","$","?","?","E","R","?","T","E","R","M","E","M","R","BOSS","M","M","?","$","M","E"],"items_purchased_type":["Card","Relic","Relic"],"build_version":"2020-12-22","purchased_purges":3,"victory":false,"max_hp_per_floor":[80,80,80,80,80,80,80,80,80,80,80,80,80,80,80,80,80,80,80,80,80,80,80,80],"card_choices":[{"not_picked":["Body Slam","Clash"],"picked":"Flex","floor":1.0},{"not_picked":["Anger","Hemokinesis"],"picked":"Pommel Strike","floor":2.0},{"not_picked":["Intimidate","Twin Strike"],"picked":"Shrug It Off","floor":6.0},{"not_picked":["Bludgeon","Evolve","Wild Strike"],"picked":"SKIP","floor":10.0},{"not_picked":["Clothesline","Ghostly Armor"],"picked":"Heavy Blade","floor":12.0},{"not_picked":["Perfected Strike","Clothesline"],"picked":"True Grit","floor":13.0},{"not_picked":["Flex","Dropkick"],"picked":"Disarm","floor":14.0},{"not_picked":["Juggernaut","Impervious"],"picked":"Double Tap","floor":16.0},{"not_picked":["Havoc","Flame Barrier"],"picked":"Shrug It Off+1","floor":18.0},{"not_picked":["Fire Breathing","Warcry","Body Slam"],"picked":"SKIP","floor":19.0},{"not_picked":["Clash","Cleave"],"picked":"Armaments","floor":20.0},{"not_picked":["Flame Barrier","Iron Wave","Perfected Strike+1"],"picked":"SKIP","floor":22.0}],"player_experience":153535,"relics_obtained":[{"floor":6.0,"key":"MealTicket"},{"floor":10.0,"key":"Torii"},{"floor":13.0,"key":"Pen Nib"}],"event_choices":[{"damage_healed":0.0,"max_hp_gain":0.0,"max_hp_loss":0.0,"gold_gain":75.0,"event_name":"World of Goop","player_choice":"Gather Gold","floor":4.0,"gold_loss":0.0,"damage_taken":11.0},{"cards_removed":["Strike_R"],"damage_healed":0.0,"max_hp_gain":0.0,"max_hp_loss":0.0,"gold_gain":0.0,"event_name":"Golden Wing","player_choice":"Card Removal","floor":5.0,"gold_loss":0.0,"damage_taken":7.0}],"is_beta":false,"boss_relics":[{"not_picked":["Busted Crown","Ectoplasm"],"picked":"Black Star"}],"items_purged_floors":[3,8,21],"is_endless":false,"potions_floor_spawned":[2,10,13,14,19,20],"killed_by":"Gremlin Leader","ascension_level":6}}