{"host":"bq4pt811tk9yrmjl","time":1613656520,"event":{"mods":["AchievementEnabler","BaseMod","Colored Map","Colored Powertips","Defuse TimeMaze Blight","Minty Spire (QoL Compilation)","Smile Girya","StSLib","SuperFastMode"],"gold_per_floor":[114,114,114,79,79,79,104,104,104,104,129,144,5,5,5,100,100,112,112,112,128,128,128,139,339,339,339,339,368,402,422,422,422,422],"floor_reached":33,"language":"ENG","playtime":589,"items_purged":[],"score":360,"play_id":"6216b638-3b92-4040-beba-a7251bf7a372","local_time":"20210218115520","is_ascension_mode":true,"campfire_choices":[{"data":"Vigilance","floor":6.0,"key":"SMITH"},{"data":"Eruption","floor":8.0,"key":"SMITH"},{"data":"BowlingBash","floor":10.0,"key":"SMITH"},{"data":"FollowUp","floor":15.0,"key":"SMITH"},{"floor":23.0,"key":"REST"},{"data":"Ragnarok","floor":28.0,"key":"SMITH"},{"floor":32,"key":"REST"}],"circlet_count":0,"master_deck":["Strike_P","Defend_P","Defend_P","Defend_P","Defend_P","Eruption+1","Vigilance+1","BowlingBash+1","WreathOfFlame","FollowUp+1","Devotion+1","Ragnarok+1","LikeWater+1","Establishment+1","EmptyBody+1","TalkToTheHand+1","FlyingSleeves+1","FlurryOfBlows+1"],"relics":["PureWater","NeowsBlessing","Tiny Chest","WingedGreaves","Strawberry","Astrolabe","Ancient Tea Set","CeramicFish","Mummified Hand","The Courier"],"acts_visited":["Exordium","TheCity"],"potions_floor_usage":[31,31],"damage_taken":[{"damage":0.0,"enemies":"Jaw Worm","floor":1.0,"turns":1.0},{"damage":0.0,"enemies":"Lagavulin","floor":7.0,"turns":1.0},{"damage":0.0,"enemies":"3 Sentries","floor":11.0,"turns":1.0},{"damage":2.0,"enemies":"2 Louse","floor":12.0,"turns":4.0},{"damage":20.0,"enemies":"The Guardian","floor":16.0,"turns":12.0},{"damage":21.0,"enemies":"3 Byrds","floor":18.0,"turns":9.0},{"damage":9.0,"enemies":"Shell Parasite","floor":21.0,"turns":8.0},{"damage":4.0,"enemies":"Snake Plant","floor":24.0,"turns":6.0},{"damage":5,"enemies":"Shelled Parasite and Fungi","floor":29,"turns":5},{"damage":26,"enemies":"Book of Stabbing","floor":30,"turns":7},{"damage":15,"enemies":"Sentry and Sphere","floor":31,"turns":6},{"damage":21,"enemies":"Champ","floor":33,"turns":7}],"seed_played":"8626935322672423158","potions_obtained":[{"floor":1.0,"key":"Dexterity Potion"},{"floor":21.0,"key":"BottledMiracle"},{"floor":30,"key":"DuplicationPotion"}],"is_trial":false,"path_per_floor":["M","?","$","?","?","R","E","R","T","R","E","M","$","?","R","B",null,"M","T","?","M","$","R","M","?","T","T","R","M","E","M","R","B"],"character_chosen":"WATCHER","items_purchased":["Devotion"],"campfire_rested":2,"item_purchase_floors":[13],"current_hp_per_floor":[72,60,60,72,77,77,77,77,77,77,84,82,82,82,82,62,84,63,63,47,38,38,64,60,60,60,60,60,55,29,14,40,19,19],"gold":422,"neow_bonus":"THREE_ENEMY_KILL","is_daily":false,"chose_seed":false,"campfire_upgraded":5,"win_rate":0.0,"timestamp":1613656520,"path_taken":["M","?","$","?","?","R","E","R","T","R","E","M","$","?","R","BOSS","M","?","?","M","?","R","M","?","T","?","R","M","E","M","R","BOSS"],"items_purchased_type":["Card"],"build_version":"2020-12-22","purchased_purges":0,"victory":false,"max_hp_per_floor":[72,72,72,72,77,77,77,77,77,77,84,84,84,84,84,84,84,84,84,89,89,89,89,89,89,89,89,89,89,89,89,89,89,89],"card_choices":[{"not_picked":["Weave","SashWhip"],"picked":"BowlingBash","floor":1.0},{"not_picked":["ThirdEye","ForeignInfluence","Collect"],"picked":"SKIP","floor":7.0},{"not_picked":["FlyingSleeves","CrushJoints"],"picked":"WreathOfFlame","floor":11.0},{"not_picked":["EmptyFist","WheelKick"],"picked":"FollowUp","floor":12.0},{"not_picked":["MasterReality","Scrawl"],"picked":"Ragnarok","floor":16.0},{"not_picked":["Indignation","Nirvana"],"picked":"TalkToTheHand+1","floor":18.0},{"not_picked":["BowlingBash+1","EmptyFist","ClearTheMind"],"picked":"SKIP","floor":21.0},{"not_picked":["PathToVictory","ForeignInfluence"],"picked":"FlyingSleeves+1","floor":24.0},{"not_picked":["ThirdEye","Tantrum"],"picked":"FlurryOfBlows+1","floor":29},{"not_picked":["Adaptation+1","Collect","BattleHymn+1"],"picked":"SKIP","floor":30},{"not_picked":["Wireheading","JustLucky","EmptyFist"],"picked":"SKIP","floor":31}],"player_experience":268940,"relics_obtained":[{"floor":7.0,"key":"WingedGreaves"},{"floor":11.0,"key":"Strawberry"},{"floor":19.0,"key":"Ancient Tea Set"},{"floor":26.0,"key":"CeramicFish"},{"floor":27.0,"key":"Mummified Hand"},{"floor":30,"key":"The Courier"}],"event_choices":[{"damage_healed":0.0,"max_hp_gain":0.0,"max_hp_loss":0.0,"gold_gain":0.0,"event_name":"Scrap Ooze","player_choice":"Success","floor":2.0,"gold_loss":0.0,"damage_taken":12.0,"relics_obtained":["Tiny Chest"]},{"damage_healed":18.0,"max_hp_gain":0.0,"max_hp_loss":0.0,"gold_gain":0.0,"event_name":"The Cleric","player_choice":"Healed","floor":4.0,"gold_loss":35.0,"damage_taken":0.0},{"damage_healed":0.0,"max_hp_gain":5.0,"max_hp_loss":0.0,"gold_gain":0.0,"event_name":"Big Fish","player_choice":"Donut","floor":5.0,"gold_loss":0.0,"damage_taken":0.0},{"damage_healed":0.0,"max_hp_gain":0.0,"max_hp_loss":0.0,"gold_gain":0.0,"event_name":"Living Wall","player_choice":"Grow","floor":14.0,"gold_loss":0.0,"damage_taken":0.0,"cards_upgraded":["Devotion"]},{"damage_healed":0.0,"max_hp_gain":5.0,"max_hp_loss":0.0,"gold_gain":0.0,"event_name":"Forgotten Altar","player_choice":"Shed Blood","floor":20.0,"gold_loss":0.0,"damage_taken":21.0},{"damage_healed":0.0,"max_hp_gain":0.0,"max_hp_loss":0.0,"gold_gain":250.0,"event_name":"The Joust","player_choice":"Bet on Owner","floor":25.0,"gold_loss":50.0,"damage_taken":0.0}],"is_beta":false,"boss_relics":[{"not_picked":["Calling Bell","Pandora\u0027s Box"],"picked":"Astrolabe"}],"items_purged_floors":[],"is_endless":false,"potions_floor_spawned":[1,21,30],"killed_by":"Champ","ascension_level":1}}