{"host":"n08mv44ohivl39d9","time":1613619827,"event":{"mods":["BaseMod","Bestiary","Highlight Path","Minty Spire (QoL Compilation)","Relic Stats"],"gold_per_floor":[115,135,135,150,165,165,205,205,205,240,240,259,277,291,291,381,381,400,421,440,440,490,490,252,252,252,252,262,8,38,54,54,130,130,143,159,159,159,178,204,204,223,223,223,236,92,92,125,125,125,125,125,125,0,32,32],"floor_reached":57,"language":"ENG","playtime":11811,"items_purged":["Strike_G","Strike_G","Strike_G"],"score":2788,"play_id":"c3099289-21e2-4d38-9244-162d9082a2b0","local_time":"20210217214347","is_ascension_mode":true,"campfire_choices":[{"data":"Dash","floor":6,"key":"SMITH"},{"floor":8,"key":"REST"},{"data":"Die Die Die","floor":11,"key":"SMITH"},{"data":"Blade Dance","floor":15,"key":"SMITH"},{"data":"Wraith Form v2","floor":23,"key":"SMITH"},{"data":"Burst","floor":25,"key":"SMITH"},{"data":"Crippling Poison","floor":27,"key":"SMITH"},{"data":"Well Laid Plans","floor":32,"key":"SMITH"},{"data":"Noxious Fumes","floor":41,"key":"SMITH"},{"data":"Catalyst","floor":47,"key":"SMITH"},{"floor":49,"key":"RECALL"},{"data":"Neutralize","floor":53,"key":"SMITH"}],"circlet_count":0,"master_deck":["AscendersBane","Strike_G","Strike_G","Defend_G","Defend_G","Defend_G","Defend_G","Defend_G","Survivor","Neutralize+1","Dash+1","Footwork+1","All Out Attack","Die Die Die+1","Acrobatics","Blade Dance+1","Blade Dance","Wraith Form v2+1","Crippling Poison+1","Prepared+1","Burst+1","Well Laid Plans+1","Outmaneuver","After Image","Tactician+1","Dodge and Roll","Noxious Fumes+1","After Image","Catalyst+1","PiercingWail","Blur","Cloak And Dagger+1"],"relics":["Ring of the Snake","Bloody Idol","Letter Opener","Bottled Flame","Mercury Hourglass","Coffee Dripper","Membership Card","Ninja Scroll","Runic Pyramid","Dream Catcher","Bottled Tornado","PreservedInsect","Shuriken","ClockworkSouvenir","Bottled Lightning"],"acts_visited":["Exordium","TheCity","TheBeyond","TheEnding"],"potions_floor_usage":[7,16,33,39,40,45],"damage_taken":[{"damage":6,"enemies":"Jaw Worm","floor":1,"turns":5},{"damage":0,"enemies":"2 Louse","floor":2,"turns":4},{"damage":0,"enemies":"Small Slimes","floor":4,"turns":5},{"damage":6,"enemies":"Blue Slaver","floor":5,"turns":5},{"damage":35,"enemies":"Gremlin Nob","floor":7,"turns":5},{"damage":12,"enemies":"3 Sentries","floor":10,"turns":6},{"damage":1,"enemies":"Red Slaver","floor":12,"turns":4},{"damage":0,"enemies":"Exordium Wildlife","floor":13,"turns":2},{"damage":0,"enemies":"Exordium Thugs","floor":14,"turns":2},{"damage":13,"enemies":"The Guardian","floor":16,"turns":14},{"damage":11,"enemies":"2 Thieves","floor":18,"turns":2},{"damage":2,"enemies":"3 Byrds","floor":19,"turns":3},{"damage":0,"enemies":"3 Cultists","floor":20,"turns":4},{"damage":2,"enemies":"Centurion and Healer","floor":28,"turns":6},{"damage":0,"enemies":"Gremlin Leader","floor":30,"turns":6},{"damage":2,"enemies":"Shelled Parasite and Fungi","floor":31,"turns":4},{"damage":29,"enemies":"Champ","floor":33,"turns":19},{"damage":0,"enemies":"Orb Walker","floor":35,"turns":4},{"damage":6,"enemies":"3 Shapes","floor":36,"turns":4},{"damage":5,"enemies":"Writhing Mass","floor":39,"turns":13},{"damage":0,"enemies":"Giant Head","floor":40,"turns":10},{"damage":0,"enemies":"Spire Growth","floor":42,"turns":6},{"damage":0,"enemies":"Jaw Worm Horde","floor":45,"turns":3},{"damage":5,"enemies":"Reptomancer","floor":48,"turns":4},{"damage":27,"enemies":"Time Eater","floor":50,"turns":9},{"damage":7,"enemies":"Awakened One","floor":51,"turns":17},{"damage":57,"enemies":"Shield and Spear","floor":55,"turns":8},{"damage":52,"enemies":"The Heart","floor":56,"turns":11}],"seed_played":"1513857647211800537","potions_obtained":[{"floor":4,"key":"GamblersBrew"},{"floor":10,"key":"Fire Potion"},{"floor":12,"key":"SpeedPotion"},{"floor":18,"key":"Swift Potion"},{"floor":31,"key":"FairyPotion"},{"floor":33,"key":"Explosive Potion"},{"floor":35,"key":"Fruit Juice"},{"floor":39,"key":"ColorlessPotion"},{"floor":42,"key":"FearPotion"}],"is_trial":false,"path_per_floor":["M","M","?","M","M","R","E","R","T","E","R","M","M","M","R","B",null,"M","M","M","?","?","R","$","R","T","R","M","$","E","M","R","B",null,"M","M","?","?","M","E","R","M","T","?","M","$","R","E","R","B","B",null,"R","$","E","B",null],"character_chosen":"THE_SILENT","items_purchased":["Burst","Membership Card","Well Laid Plans","PreservedInsect","ClockworkSouvenir","Blur"],"campfire_rested":1,"item_purchase_floors":[24,29,29,46,54,54],"current_hp_per_floor":[59,59,59,59,53,53,18,37,37,25,25,24,24,24,24,11,52,41,39,39,39,44,44,44,44,44,44,47,47,52,55,55,31,57,62,61,61,61,66,70,70,70,70,70,70,70,70,70,70,43,36,62,62,62,10,11],"gold":32,"neow_bonus":"TEN_PERCENT_HP_BONUS","is_daily":false,"chose_seed":false,"campfire_upgraded":10,"win_rate":0.0,"timestamp":1613619827,"path_taken":["M","M","?","M","M","R","E","R","T","E","R","M","M","M","R","BOSS","M","M","M","?","?","R","$","R","T","R","M","$","E","M","R","BOSS","M","M","?","?","?","E","R","M","T","?","M","$","R","E","R","BOSS","BOSS","R","$","E","BOSS"],"items_purchased_type":["Card","Relic","Card","Relic","Relic","Card"],"build_version":"2020-12-22","purchased_purges":3,"victory":true,"max_hp_per_floor":[72,72,65,65,65,65,65,65,65,65,65,65,65,65,65,65,65,65,65,65,65,65,65,65,65,65,65,65,65,65,65,65,65,65,65,65,65,65,70,70,70,70,70,70,70,70,70,70,70,70,70,70,70,70,70,70],"relic_stats":{"Dream Catcher":0,"counters":[28,183],"Shuriken":[20],"Bloody Idol":54,"PreservedInsect":137,"Letter Opener":[494],"obtain_stats":[{"Golden Idol":3,"PreservedInsect":46,"Letter Opener":7,"Bottled Tornado":43,"Mercury Hourglass":10,"ClockworkSouvenir":54,"Bottled Flame":9,"Dream Catcher":40,"Ninja Scroll":30,"Shuriken":48,"Bloody Idol":21,"Coffee Dripper":17,"Membership Card":29,"Bottled Lightning":55,"Ring of the Snake":0,"Runic Pyramid":34},{"Golden Idol":2,"PreservedInsect":23,"Letter Opener":5,"Bottled Tornado":22,"Mercury Hourglass":6,"ClockworkSouvenir":26,"Bottled Flame":5,"Dream Catcher":21,"Ninja Scroll":15,"Shuriken":24,"Bloody Idol":13,"Coffee Dripper":10,"Membership Card":14,"Bottled Lightning":27,"Ring of the Snake":0,"Runic Pyramid":17},{"Golden Idol":9,"PreservedInsect":134,"Letter Opener":24,"Bottled Tornado":131,"Mercury Hourglass":30,"ClockworkSouvenir":164,"Bottled Flame":24,"Dream Catcher":125,"Ninja Scroll":72,"Shuriken":138,"Bloody Idol":60,"Coffee Dripper":52,"Membership Card":66,"Bottled Lightning":172,"Ring of the Snake":0,"Runic Pyramid":95}],"Ring of the Snake":[56],"Mercury Hourglass":[466]},"card_choices":[{"not_picked":["Backflip","Catalyst"],"picked":"Dash","floor":1},{"not_picked":["Deflect","Prepared"],"picked":"Footwork","floor":2},{"not_picked":["Sucker Punch","Slice"],"picked":"All Out Attack","floor":4},{"not_picked":["Footwork","PiercingWail","Underhanded Strike"],"picked":"SKIP","floor":5},{"not_picked":["Backflip","Riddle With Holes"],"picked":"Die Die Die","floor":7},{"not_picked":["Eviscerate","Escape Plan"],"picked":"Acrobatics","floor":10},{"not_picked":["Distraction","Acrobatics"],"picked":"Blade Dance","floor":12},{"not_picked":["Acrobatics","Caltrops","Poisoned Stab"],"picked":"SKIP","floor":13},{"not_picked":["Reflex","Deflect"],"picked":"Blade Dance","floor":14},{"not_picked":["Tools of the Trade","Bullet Time"],"picked":"Wraith Form v2","floor":16},{"not_picked":["Deflect","Dodge and Roll"],"picked":"Crippling Poison","floor":18},{"not_picked":["Masterful Stab","Underhanded Strike","Prepared"],"picked":"SKIP","floor":19},{"not_picked":["Underhanded Strike","Backstab"],"picked":"Prepared+1","floor":20},{"not_picked":["Blade Dance","Flechettes+1","Prepared"],"picked":"SKIP","floor":28},{"not_picked":["Blade Dance","Flechettes+1","Prepared"],"picked":"SKIP","floor":28},{"not_picked":["Expertise","Sucker Punch"],"picked":"Outmaneuver","floor":30},{"not_picked":["All Out Attack","Crippling Poison","Flying Knee"],"picked":"SKIP","floor":31},{"not_picked":["Adrenaline","A Thousand Cuts"],"picked":"After Image","floor":33},{"not_picked":["Quick Slash","Acrobatics"],"picked":"Tactician+1","floor":35},{"not_picked":["Backflip","Blade Dance"],"picked":"Dodge and Roll","floor":36},{"not_picked":["Sucker Punch","Night Terror"],"picked":"Noxious Fumes","floor":39},{"not_picked":["Blade Dance+1","Poisoned Stab"],"picked":"After Image","floor":40},{"not_picked":["Prepared+1","Setup","Deflect"],"picked":"SKIP","floor":42},{"not_picked":["Prepared+1","Setup","Deflect"],"picked":"SKIP","floor":42},{"not_picked":["Prepared+1","Setup","Deflect"],"picked":"SKIP","floor":42},{"not_picked":["Noxious Fumes+1","Dagger Spray"],"picked":"Catalyst","floor":45},{"not_picked":["Flying Knee","Escape Plan"],"picked":"PiercingWail","floor":48},{"not_picked":["Bullet Time","Deflect"],"picked":"Cloak And Dagger+1","floor":55}],"player_experience":1452917,"relics_obtained":[{"floor":7,"key":"Letter Opener"},{"floor":9,"key":"Bottled Flame"},{"floor":10,"key":"Mercury Hourglass"},{"floor":30,"key":"Ninja Scroll"},{"floor":40,"key":"Dream Catcher"},{"floor":43,"key":"Bottled Tornado"},{"floor":48,"key":"Shuriken"},{"floor":55,"key":"Bottled Lightning"}],"event_choices":[{"damage_healed":0,"gold_gain":0,"player_choice":"Lose Max HP","damage_taken":0,"relics_obtained":["Golden Idol"],"max_hp_gain":0,"max_hp_loss":7,"event_name":"Golden Idol","floor":3,"gold_loss":0},{"damage_healed":0,"gold_gain":0,"player_choice":"Gave Idol","damage_taken":0,"relics_obtained":["Bloody Idol"],"max_hp_gain":0,"max_hp_loss":0,"event_name":"Forgotten Altar","floor":21,"relics_lost":["Golden Idol"],"gold_loss":0},{"damage_healed":0,"gold_gain":50,"player_choice":"Stole From Cult","damage_taken":0,"max_hp_gain":0,"max_hp_loss":0,"event_name":"Nest","floor":22,"gold_loss":0},{"damage_healed":0,"gold_gain":0,"player_choice":"Ignored","damage_taken":0,"max_hp_gain":0,"max_hp_loss":0,"event_name":"Tomb of Lord Red Mask","floor":37,"gold_loss":0},{"damage_healed":0,"gold_gain":0,"player_choice":"Upgraded","damage_taken":0,"max_hp_gain":0,"max_hp_loss":0,"event_name":"Upgrade Shrine","floor":38,"gold_loss":0,"cards_upgraded":["Footwork"]},{"damage_healed":0,"gold_gain":0,"player_choice":"Got Potions","damage_taken":0,"max_hp_gain":0,"max_hp_loss":0,"event_name":"Lab","floor":44,"gold_loss":0}],"is_beta":false,"boss_relics":[{"not_picked":["Astrolabe","Sozu"],"picked":"Coffee Dripper"},{"not_picked":["HoveringKite","Velvet Choker"],"picked":"Runic Pyramid"}],"items_purged_floors":[24,29,46],"is_endless":false,"potions_floor_spawned":[4,10,12,18,31,33,35,39,42],"ascension_level":20}}