{"host":"jlz4is0nf6zo9oab","time":1613678449,"event":{"mods":["AchievementEnabler","BaseMod","Colored Map","Colored Powertips","Highlight Path","Minty Spire (QoL Compilation)","StSLib"],"gold_per_floor":[119,119,132,150,150,185,185,208,278,278,80,93,93,43,43,116,116,136,136,148,230,241,241,276,39,39,39,39,68,68,29,29,100,100,113,113,113,113,113,113],"floor_reached":39,"language":"SPA","playtime":1272,"items_purged":["Pain","Decay","Writhe"],"score":699,"play_id":"d699030c-a86a-4ed6-8e63-a8fa5fe6c22f","local_time":"20210218210049","is_ascension_mode":true,"campfire_choices":[{"floor":7,"key":"REST"},{"floor":10,"key":"REST"},{"floor":13,"key":"REST"},{"data":"A Thousand Cuts","floor":15,"key":"SMITH"},{"floor":23,"key":"REST"},{"floor":30,"key":"REST"},{"floor":32,"key":"REST"}],"circlet_count":0,"master_deck":["AscendersBane","Strike_G","Strike_G","Strike_G","Strike_G","Strike_G","Defend_G","Defend_G","Defend_G","Defend_G","Defend_G","Survivor","Neutralize","Blur","A Thousand Cuts+1","Backflip","Cloak And Dagger","Dagger Spray","The Bomb","Accuracy","Envenom"],"relics":["Cursed Key","WarpedTongs","Smiling Mask","Bronze Scales","Blue Candle","Philosopher\u0027s Stone","Letter Opener","WingedGreaves","Juzu Bracelet","Gambling Chip"],"acts_visited":["Exordium","TheCity","TheBeyond"],"potions_floor_usage":[6,16,20,24,29],"damage_taken":[{"damage":2,"enemies":"Small Slimes","floor":1,"turns":4},{"damage":4,"enemies":"Cultist","floor":3,"turns":5},{"damage":1,"enemies":"2 Louse","floor":4,"turns":4},{"damage":49,"enemies":"Lagavulin","floor":6,"turns":12},{"damage":9,"enemies":"Blue Slaver","floor":12,"turns":4},{"damage":31,"enemies":"Slime Boss","floor":16,"turns":10},{"damage":7,"enemies":"Shell Parasite","floor":18,"turns":6},{"damage":1,"enemies":"3 Byrds","floor":20,"turns":3},{"damage":11,"enemies":"Shelled Parasite and Fungi","floor":22,"turns":6},{"damage":36,"enemies":"Book of Stabbing","floor":24,"turns":6},{"damage":25,"enemies":"Gremlin Leader","floor":29,"turns":5},{"damage":70,"enemies":"Champ","floor":33,"turns":14},{"damage":43,"enemies":"3 Darklings","floor":35,"turns":3},{"damage":108,"enemies":"Time Eater","floor":39,"turns":6}],"seed_played":"2506862952907731107","potions_obtained":[{"floor":4,"key":"LiquidBronze"},{"floor":12,"key":"Block Potion"},{"floor":19,"key":"FairyPotion"},{"floor":19,"key":"AttackPotion"},{"floor":22,"key":"ColorlessPotion"},{"floor":24,"key":"DuplicationPotion"}],"is_trial":false,"path_per_floor":["M","?","M","M","?","E","R","T","T","R","$","M","R","$","R","B",null,"M","?","M","T","M","R","E","$","T","?","?","E","R","$","R","B",null,"M","?","?","?","B"],"character_chosen":"THE_SILENT","items_purchased":["A Thousand Cuts","The Bomb","Accuracy"],"campfire_rested":6,"item_purchase_floors":[11,25,31],"current_hp_per_floor":[57,57,53,52,57,8,29,29,29,50,50,41,62,62,62,31,61,54,54,53,53,42,63,27,27,27,27,27,2,23,23,44,20,58,15,15,77,77,0,0],"gold":113,"neow_bonus":"BOSS_RELIC","is_daily":false,"chose_seed":false,"campfire_upgraded":1,"win_rate":0.0,"timestamp":1613678449,"path_taken":["M","?","?","M","?","E","R","?","T","R","$","M","R","?","R","BOSS","M","?","?","?","M","R","E","$","T","?","?","E","R","?","R","BOSS","M","?","?","?","BOSS"],"items_purchased_type":["Card","Card","Card"],"build_version":"2020-12-22","purchased_purges":3,"victory":false,"max_hp_per_floor":[66,66,66,66,71,71,71,71,71,71,71,71,71,71,71,71,71,71,71,71,71,71,71,71,71,71,71,71,71,71,71,71,71,71,71,67,77,77,77,77],"card_choices":[{"not_picked":["Backflip","Eviscerate"],"picked":"Blur","floor":1},{"not_picked":["Poisoned Stab","Flying Knee","Setup"],"picked":"SKIP","floor":3},{"not_picked":["Flying Knee","Masterful Stab","Underhanded Strike"],"picked":"SKIP","floor":4},{"not_picked":["Deflect","Concentrate","Outmaneuver"],"picked":"SKIP","floor":6},{"not_picked":["Well Laid Plans","Backstab"],"picked":"Backflip","floor":12},{"not_picked":["Dodge and Roll","Underhanded Strike","Distraction"],"picked":"SKIP","floor":18},{"not_picked":["Calculated Gamble","Distraction"],"picked":"Cloak And Dagger","floor":20},{"not_picked":["Quick Slash","Skewer","Backstab"],"picked":"SKIP","floor":22},{"not_picked":["Outmaneuver","Well Laid Plans"],"picked":"Dagger Spray","floor":24},{"not_picked":["Sucker Punch","Distraction","Glass Knife"],"picked":"SKIP","floor":29},{"not_picked":["Glass Knife","Wraith Form v2"],"picked":"Envenom","floor":33},{"not_picked":["Poisoned Stab+1","Deadly Poison","Underhanded Strike"],"picked":"SKIP","floor":35}],"player_experience":974668,"relics_obtained":[{"floor":6,"key":"Smiling Mask"},{"floor":8,"key":"Bronze Scales"},{"floor":9,"key":"Blue Candle"},{"floor":21,"key":"Letter Opener"},{"floor":24,"key":"WingedGreaves"},{"floor":26,"key":"Juzu Bracelet"},{"floor":29,"key":"Gambling Chip"}],"event_choices":[{"damage_healed":0,"gold_gain":0,"player_choice":"Rummage","damage_taken":0,"relics_obtained":["WarpedTongs"],"max_hp_gain":0,"max_hp_loss":0,"event_name":"Accursed Blacksmith","floor":2,"gold_loss":0,"cards_obtained":["Pain"]},{"damage_healed":0,"gold_gain":0,"player_choice":"Donut","damage_taken":0,"max_hp_gain":5,"max_hp_loss":0,"event_name":"Big Fish","floor":5,"gold_loss":0},{"damage_healed":0,"gold_gain":0,"player_choice":"Got Potions","damage_taken":0,"max_hp_gain":0,"max_hp_loss":0,"event_name":"Lab","floor":19,"gold_loss":0},{"cards_removed":["Doubt","Clumsy"],"damage_healed":0,"gold_gain":0,"player_choice":"Removed Curses","damage_taken":0,"max_hp_gain":0,"max_hp_loss":0,"event_name":"Fountain of Cleansing","floor":27,"gold_loss":0},{"damage_healed":0,"gold_gain":0,"player_choice":"1 cards matched","damage_taken":0,"max_hp_gain":0,"max_hp_loss":0,"event_name":"Match and Keep!","floor":28,"gold_loss":0,"cards_obtained":["Die Die Die"]},{"damage_healed":0,"gold_gain":0,"player_choice":"Max HP","damage_taken":0,"max_hp_gain":0,"max_hp_loss":4,"event_name":"Winding Halls","floor":36,"gold_loss":0},{"cards_removed":["Die Die Die"],"damage_healed":52,"gold_gain":0,"player_choice":"Offered Rare","damage_taken":0,"max_hp_gain":10,"max_hp_loss":0,"event_name":"Bonfire Elementals","floor":37,"gold_loss":0},{"damage_healed":0,"gold_gain":0,"player_choice":"Took Portal","damage_taken":0,"max_hp_gain":0,"max_hp_loss":0,"event_name":"SecretPortal","floor":38,"gold_loss":0}],"is_beta":false,"boss_relics":[{"not_picked":["Runic Dome","Runic Pyramid"],"picked":"Philosopher\u0027s Stone"},{"not_picked":["Pandora\u0027s Box","Busted Crown","Fusion Hammer"]}],"items_purged_floors":[11,14,25],"is_endless":false,"potions_floor_spawned":[4,12,22,24],"killed_by":"Time Eater","ascension_level":14}}