{"host":"mi0eibewekhugwl1","time":1613651885,"event":{"mods":["AchievementEnabler","BaseMod","Colored Map","Colored Powertips","DeckTracker","Keyboard Shortcuts","Minty Spire (QoL Compilation)","Quick Restart","Rare Cards Sparkle","Relic Stats","StSLib","SuperFastMode","everything is the same but u backflip on backflip"],"gold_per_floor":[116,131,15,90,90,125,125,151,233,52,52,64,64,92,92,92,92],"floor_reached":16,"language":"KOR","playtime":210,"items_purged":["Strike_G"],"score":291,"play_id":"7c7d6e94-6431-49e4-a63c-df678c8b8ae0","local_time":"20210218213805","is_ascension_mode":true,"campfire_choices":[{"data":"Dagger Spray","floor":7,"key":"SMITH"},{"data":"Tactician","floor":15,"key":"SMITH"}],"circlet_count":0,"master_deck":["AscendersBane","Strike_G","Strike_G","Strike_G","Strike_G","Defend_G","Defend_G","Defend_G","Defend_G","Defend_G","Survivor","Neutralize","Cloak And Dagger","Dagger Spray+1","Choke","Footwork","Tactician+1","Acrobatics","Trip","Phantasmal Killer","Reflex"],"relics":["Ring of the Snake","NeowsBlessing","MealTicket","Mango","Mercury Hourglass","CeramicFish"],"acts_visited":["Exordium"],"potions_floor_usage":[8,16],"damage_taken":[{"damage":0,"enemies":"Small Slimes","floor":1,"turns":1},{"damage":0,"enemies":"2 Louse","floor":2,"turns":1},{"damage":0,"enemies":"3 Sentries","floor":6,"turns":1},{"damage":37,"enemies":"Lagavulin","floor":8,"turns":10},{"damage":12,"enemies":"Jaw Worm","floor":12,"turns":2},{"damage":6,"enemies":"Looter","floor":14,"turns":2},{"damage":27,"enemies":"Hexaghost","floor":16,"turns":9}],"seed_played":"-8572788491699088557","potions_obtained":[{"floor":1,"key":"Weak Potion"},{"floor":12,"key":"Block Potion"}],"is_trial":false,"path_per_floor":["M","M","$","?","?","E","R","E","T","$","?","M","T","M","R","B"],"character_chosen":"THE_SILENT","items_purchased":["Choke","Footwork","Trip"],"campfire_rested":0,"item_purchase_floors":[3,3,10],"current_hp_per_floor":[59,59,59,48,48,48,48,25,25,40,45,33,33,27,27,0,0],"gold":92,"neow_bonus":"THREE_ENEMY_KILL","is_daily":false,"chose_seed":false,"campfire_upgraded":2,"win_rate":0.0,"timestamp":1613651885,"path_taken":["M","M","$","?","?","E","R","E","T","$","?","M","?","?","R","BOSS"],"items_purchased_type":["Card","Card","Card"],"build_version":"2020-12-22","purchased_purges":1,"victory":false,"max_hp_per_floor":[66,66,66,66,66,66,66,80,80,80,85,85,85,85,85,85,85],"relic_stats":{"counters":[7,26],"CeramicFish":9,"MealTicket":15,"obtain_stats":[{"NeowsBlessing":0,"CeramicFish":13,"MealTicket":6,"Mango":8,"Ring of the Snake":0,"Mercury Hourglass":9},{"NeowsBlessing":0,"CeramicFish":5,"MealTicket":3,"Mango":4,"Ring of the Snake":0,"Mercury Hourglass":4},{"NeowsBlessing":0,"CeramicFish":15,"MealTicket":3,"Mango":13,"Ring of the Snake":0,"Mercury Hourglass":13}],"Ring of the Snake":[14],"Mercury Hourglass":[36]},"card_choices":[{"not_picked":["Terror","Outmaneuver"],"picked":"Cloak And Dagger","floor":1},{"not_picked":["Flying Knee","Caltrops"],"picked":"Dagger Spray","floor":2},{"not_picked":["Setup","Poisoned Stab"],"picked":"Tactician","floor":6},{"not_picked":["Bane","Deflect"],"picked":"Acrobatics","floor":8},{"not_picked":["Escape Plan","PiercingWail"],"picked":"Phantasmal Killer","floor":12},{"not_picked":["Acrobatics","Dagger Spray"],"picked":"Reflex","floor":14}],"player_experience":1814157,"relics_obtained":[{"floor":6,"key":"MealTicket"},{"floor":8,"key":"Mango"},{"floor":9,"key":"Mercury Hourglass"},{"floor":13,"key":"CeramicFish"}],"event_choices":[{"damage_healed":0,"gold_gain":75,"player_choice":"Gather Gold","damage_taken":11,"max_hp_gain":0,"max_hp_loss":0,"event_name":"World of Goop","floor":4,"gold_loss":0},{"damage_healed":0,"gold_gain":0,"player_choice":"Ignored","damage_taken":0,"max_hp_gain":0,"max_hp_loss":0,"event_name":"Shining Light","floor":5,"gold_loss":0},{"damage_healed":0,"gold_gain":0,"player_choice":"Donut","damage_taken":0,"max_hp_gain":5,"max_hp_loss":0,"event_name":"Big Fish","floor":11,"gold_loss":0}],"is_beta":false,"boss_relics":[],"items_purged_floors":[10],"is_endless":false,"potions_floor_spawned":[1,12],"killed_by":"Hexaghost","ascension_level":20}}