{"host":"vdohis8gfezcjpr9","time":1613653615,"event":{"mods":["2.2 Compatiblity","Abigail Mod","AchievementEnabler","Act Like it!","BaseMod","BetterRewards","Colored Powertips","Custom Start","Friendly Minions","Gensokyo","Kiyohime£¨?ýï£©","Koishi","Marisa£¨Ùöéë¡¡Øª×âÞÞ£©","Minty Spire (QoL Compilation)","Permanent Neow","Prisma Mod","Rare Cards Sparkle","Reimu£¨ÚÏ???£©","Shop Mod","StSLib","Swap Starting Deck Mod","The Animator"],"gold_per_floor":[109,109,109,126,138,138,151,151,151,167,11,91,91,103,103,204,204,218,233,233,233,31,31,47,47,47],"floor_reached":25,"language":"KOR","playtime":1322,"items_purged":[],"score":257,"play_id":"e029ef7a-8ba7-4bec-877d-667d4a3156b6","local_time":"20210218220655","is_ascension_mode":true,"campfire_choices":[{"floor":6.0,"key":"RECALL"},{"data":"SubAcupoint:ReiMu","floor":8.0,"key":"SMITH"},{"floor":15.0,"key":"REST"},{"floor":23,"key":"REST"}],"circlet_count":0,"master_deck":["SubcavityInstant:ReiMu","SpreadBorder2:ReiMu","SpreadBorder2:ReiMu","Conquer:ReiMu","WonderfulDomain:ReiMu","SubAcupoint:ReiMu+1","Intuition:ReiMu","SafetyPray:ReiMu","Meditation:ReiMu","Meditation:ReiMu","OctopathBindingBorder2:ReiMu","SubAcupoint:ReiMu","YinYang:ReiMu","Gensokyo:CrescentMoonSlash","SubAcupoint:ReiMu","Determination:ReiMu","Meditation:ReiMu","FantasyBorder:ReiMu+1","Gensokyo:FourOfAKind","Gensokyo:FourOfAKind","Gensokyo:FourOfAKind","Gensokyo:FourOfAKind","Gensokyo:LittleGreenMen","RainPray2:ReiMu"],"relics":["FlyPower:ReiMu","swapstartingdeckmod:DeadBlossom","Gensokyo:NagashiBinaDoll","Orichalcum","CrownOfHeavens:ReiMu"],"acts_visited":["Gensokyo:Gensokyo","Gensokyo:Gensokyoer"],"potions_floor_usage":[24],"damage_taken":[{"damage":0.0,"enemies":"Gensokyo:Gryphon","floor":1.0,"turns":3.0},{"damage":0.0,"enemies":"Gensokyo:2_Kodama","floor":4.0,"turns":3.0},{"damage":0.0,"enemies":"Gensokyo:Python","floor":5.0,"turns":4.0},{"damage":7.0,"enemies":"Gensokyo:5_Fairies","floor":7.0,"turns":5.0},{"damage":0.0,"enemies":"Gensokyo:VengefulSpirit","floor":10.0,"turns":6.0},{"damage":7.0,"enemies":"Gensokyo:3_Kodama","floor":14.0,"turns":2.0},{"damage":6.0,"enemies":"Gensokyo:Kokoro","floor":16.0,"turns":11.0},{"damage":32.0,"enemies":"Gensokyo:3_Dogs","floor":18.0,"turns":7.0},{"damage":16,"enemies":"Gensokyo:AngelMirror","floor":19,"turns":3},{"damage":3,"enemies":"Gensokyo:Slime_Group","floor":24,"turns":5},{"damage":26,"enemies":"Gensokyo:Tenshi","floor":25,"turns":2}],"seed_played":"-2531703737856639311","potions_obtained":[{"floor":1.0,"key":"SteroidPotion"},{"floor":10.0,"key":"AttackPotion"},{"floor":14.0,"key":"DistilledChaos"},{"floor":19,"key":"DistilledChaos"},{"floor":24,"key":"SteroidPotion"}],"is_trial":false,"path_per_floor":["M","?","?","M","M","R","M","R","T","M","$","?","?","M","R","B",null,"M","M","?","?","COS","R","M","E"],"character_chosen":"REIMU","items_purchased":["Orichalcum"],"campfire_rested":2,"item_purchase_floors":[11],"current_hp_per_floor":[65,65,65,65,65,65,58,58,58,58,58,58,49,42,52,46,65,33,17,17,17,17,24,21,0,0],"gold":47,"neow_bonus":"","is_daily":false,"chose_seed":false,"campfire_upgraded":1,"win_rate":0.0,"timestamp":1613653615,"path_taken":["M","?","?","M","M","R","M","R","T","?","$","?","?","M","R","BOSS","M","M","?","?","COS","R","M","E"],"items_purchased_type":["Relic"],"build_version":"2020-12-22","purchased_purges":0,"victory":false,"max_hp_per_floor":[65,65,65,65,65,65,65,65,65,65,65,65,65,65,65,65,65,65,65,46,46,46,46,46,46,46],"card_choices":[{"not_picked":["AlertArray:ReiMu","OrbThrow:ReiMu"],"picked":"Meditation:ReiMu","floor":1.0},{"not_picked":["Crusade:ReiMu","RainPray2:ReiMu"],"picked":"OctopathBindingBorder2:ReiMu","floor":4.0},{"not_picked":["SealNeedle:ReiMu","AirStrike:ReiMu","PrepareRite:ReiMu"],"picked":"SKIP","floor":5.0},{"not_picked":["WonderfulDomain:ReiMu","TightArray:ReiMu"],"picked":"SubAcupoint:ReiMu","floor":7.0},{"not_picked":["SealNeedle:ReiMu","CollectionFlower2:ReiMu"],"picked":"YinYang:ReiMu","floor":10.0},{"not_picked":["SpringWay:ReiMu","Conquer:ReiMu"],"picked":"SubAcupoint:ReiMu","floor":14.0},{"not_picked":["RunawayExorcism:ReiMu","Authority:ReiMu"],"picked":"Determination:ReiMu","floor":16.0},{"not_picked":["SubAcupoint:ReiMu","AlertArray:ReiMu+1"],"picked":"Meditation:ReiMu","floor":18.0},{"not_picked":["AirStrike:ReiMu","Conquer:ReiMu+1"],"picked":"FantasyBorder:ReiMu+1","floor":19},{"not_picked":["SpringWay:ReiMu","EmergencyTakeOff:ReiMu"],"picked":"RainPray2:ReiMu","floor":24}],"player_experience":152186,"relics_obtained":[],"event_choices":[],"is_beta":false,"boss_relics":[{"not_picked":["DonationBox:ReiMu","Snecko Eye"],"picked":"CrownOfHeavens:ReiMu"}],"items_purged_floors":[],"is_endless":false,"potions_floor_spawned":[1,10,14,19,24],"killed_by":"Gensokyo:Tenshi","ascension_level":4}}