{"host":"s1zmgfx0020qwdb2","time":1613662055,"event":{"mods":["AchievementEnabler","BaseMod","BetterRewards","Colored Map","Colored Powertips","Minty Spire (QoL Compilation)","StSLib","Together in Spire"],"gold_per_floor":[117,82,82,94,109,141,141,216,216,216,228,244,262,262,262],"floor_reached":14,"language":"DEU","playtime":753,"items_purged":["Defend_B"],"score":92,"play_id":"5200aa07-66c0-43f6-b249-0fd676e05aae","local_time":"20210218162735","is_ascension_mode":false,"campfire_choices":[{"data":"Capacitor","floor":7,"key":"SMITH"},{"floor":10,"key":"REST"}],"circlet_count":0,"master_deck":["Strike_B","Strike_B","Strike_B","Strike_B","Defend_B","Defend_B","Defend_B","Zap","Dualcast","Finesse","Storm","Sweeping Beam","Go for the Eyes","Leap","Ball Lightning","Cold Snap","Capacitor+1","FTL","Capacitor+1","Melter","Auto Shields"],"relics":["Cracked Core","Potion Belt","Nunchaku","Calipers","Frozen Egg 2"],"acts_visited":["Exordium"],"potions_floor_usage":[],"damage_taken":[{"damage":0,"enemies":"Jaw Worm","floor":1,"turns":1},{"damage":0,"enemies":"Cultist","floor":4,"turns":2},{"damage":0,"enemies":"Small Slimes","floor":5,"turns":1},{"damage":14,"enemies":"Lagavulin","floor":6,"turns":4},{"damage":3,"enemies":"3 Louse","floor":11,"turns":2},{"damage":0,"enemies":"Looter","floor":12,"turns":1},{"damage":0,"enemies":"2 Fungi Beasts","floor":13,"turns":1},{"damage":0,"enemies":"Gremlin Nob","floor":14,"turns":1}],"seed_played":"2742265324634851683","potions_obtained":[{"floor":1,"key":"FairyPotion"},{"floor":5,"key":"SkillPotion"},{"floor":6,"key":"AttackPotion"},{"floor":11,"key":"FocusPotion"}],"is_trial":false,"path_per_floor":["M","?","T","M","M","E","R","?","T","R","M","M","M","E"],"character_chosen":"DEFECT","items_purchased":["Potion Belt","Finesse","Storm","Sweeping Beam","Go for the Eyes","Leap","DuplicationPotion"],"campfire_rested":1,"item_purchase_floors":[0,0,0,0,0,0,0],"current_hp_per_floor":[52,70,70,70,70,56,56,45,45,67,64,64,64,64,64],"gold":262,"neow_bonus":"","is_daily":false,"chose_seed":false,"campfire_upgraded":1,"win_rate":0.0,"timestamp":1613662055,"path_taken":["M","?","?","M","?","E","R","?","T","R","M","M","M","E"],"items_purchased_type":["Relic","Card","Card","Card","Card","Card","Potion"],"build_version":"2020-12-22","purchased_purges":1,"victory":false,"max_hp_per_floor":[75,75,75,75,75,75,75,75,75,75,75,75,75,75,75],"card_choices":[{"not_picked":["Compile Driver","Steam Power"],"picked":"Ball Lightning","floor":1},{"not_picked":["Chill","Coolheaded"],"picked":"Cold Snap","floor":4},{"not_picked":["Hello World","Reprogram"],"picked":"Capacitor","floor":5},{"not_picked":["Force Field","Stack"],"picked":"FTL","floor":6},{"not_picked":["Cold Snap","Conserve Battery"],"picked":"Capacitor+1","floor":11},{"not_picked":["Rebound","Streamline"],"picked":"Melter","floor":12},{"not_picked":["FTL","Go for the Eyes"],"picked":"Auto Shields","floor":13}],"player_experience":25160,"relics_obtained":[{"floor":3,"key":"Nunchaku"},{"floor":6,"key":"Calipers"},{"floor":9,"key":"Frozen Egg 2"}],"event_choices":[{"damage_healed":18,"gold_gain":0,"player_choice":"Healed","damage_taken":0,"max_hp_gain":0,"max_hp_loss":0,"event_name":"The Cleric","floor":2,"gold_loss":35},{"damage_healed":0,"gold_gain":75,"player_choice":"Gather Gold","damage_taken":11,"max_hp_gain":0,"max_hp_loss":0,"event_name":"World of Goop","floor":8,"gold_loss":0}],"is_beta":false,"boss_relics":[],"items_purged_floors":[0],"is_endless":false,"potions_floor_spawned":[1,5,6,11],"killed_by":"Gremlin Nob","ascension_level":0}}