{"host":"8anmd7ibyxevnonj","time":1613646682,"event":{"mods":["BaseMod","Curses Come First","Minty Spire (QoL Compilation)","Reliquary","StSLib"],"gold_per_floor":[119,129,129,129,144,172,172,189,189,205,205,130,142,157,157,258,258,273,287,304,304,147,147,177,177,200,234,253,253,269,11,11,114,114,130,130,141,151,151,151],"floor_reached":39,"language":"ENG","playtime":3623,"items_purged":["Pain"],"score":475,"play_id":"3b9938e6-de50-482f-afcf-cbe090b470fa","local_time":"20210218121122","is_ascension_mode":false,"campfire_choices":[{"floor":15,"key":"REST"},{"floor":23,"key":"REST"},{"floor":25,"key":"REST"},{"floor":29,"key":"REST"},{"floor":32,"key":"REST"}],"circlet_count":0,"master_deck":["Strike_B","Defend_B","Defend_B","Zap","Dualcast","Heatsinks","Cold Snap","Loop","Streamline","Ball Lightning","Cold Snap","Go for the Eyes","Coolheaded","Streamline","Reboot","Streamline","Gash","Leap+1","Hello World","FTL+1","Cold Snap+1","Storm+1","FTL","Creative AI+1","Skim+1","Doom and Gloom+1","Fusion+1","Cold Snap","Hologram+1","Force Field+1"],"relics":["Fusion Hammer","Calipers","reliquary:BoilingFlask","Pear","WarpedTongs","Sling","Pear","Potion Belt","reliquary:TatteredRug","reliquary:TridentHead","Astrolabe"],"acts_visited":["Exordium","TheCity","TheBeyond"],"potions_floor_usage":[6,16,20,20,20,24,30],"damage_taken":[{"damage":7,"enemies":"2 Louse","floor":1,"turns":3},{"damage":5,"enemies":"Cultist","floor":2,"turns":4},{"damage":1,"enemies":"Small Slimes","floor":5,"turns":4},{"damage":17,"enemies":"Gremlin Nob","floor":6,"turns":4},{"damage":14,"enemies":"Exordium Thugs","floor":8,"turns":4},{"damage":0,"enemies":"2 Fungi Beasts","floor":10,"turns":3},{"damage":17,"enemies":"Lots of Slimes","floor":13,"turns":3},{"damage":7,"enemies":"Exordium Wildlife","floor":14,"turns":3},{"damage":5,"enemies":"Hexaghost","floor":16,"turns":8},{"damage":27,"enemies":"2 Thieves","floor":18,"turns":4},{"damage":15,"enemies":"Spheric Guardian","floor":19,"turns":4},{"damage":17,"enemies":"3 Cultists","floor":20,"turns":6},{"damage":23,"enemies":"Gremlin Leader","floor":24,"turns":7},{"damage":21,"enemies":"Book of Stabbing","floor":27,"turns":5},{"damage":3,"enemies":"Sentry and Sphere","floor":28,"turns":5},{"damage":22,"enemies":"Shelled Parasite and Fungi","floor":30,"turns":4},{"damage":63,"enemies":"Automaton","floor":33,"turns":12},{"damage":48,"enemies":"3 Darklings","floor":35,"turns":5},{"damage":5,"enemies":"Orb Walker","floor":37,"turns":3},{"damage":43,"enemies":"Spire Growth","floor":38,"turns":5},{"damage":33,"enemies":"Jaw Worm Horde","floor":39,"turns":2}],"seed_played":"6199656991037276595","potions_obtained":[{"floor":1,"key":"EssenceOfSteel"},{"floor":5,"key":"SteroidPotion"},{"floor":8,"key":"SteroidPotion"},{"floor":14,"key":"SteroidPotion"},{"floor":16,"key":"LiquidBronze"},{"floor":18,"key":"EntropicBrew"},{"floor":35,"key":"FairyPotion"}],"is_trial":false,"path_per_floor":["M","M","?","?","M","E","?","M","T","M","?","$","M","M","R","B",null,"M","M","M","?","$","R","E","R","T","E","M","R","M","$","R","B",null,"M","?","M","M","M"],"character_chosen":"DEFECT","items_purchased":["Sling","reliquary:TridentHead"],"campfire_rested":5,"item_purchase_floors":[22,31],"current_hp_per_floor":[68,63,56,56,55,38,38,24,34,34,34,34,17,10,35,30,85,58,43,26,26,26,51,38,66,66,45,42,70,48,48,76,13,95,47,47,42,28,0,0],"gold":151,"neow_bonus":"BOSS_RELIC","is_daily":false,"chose_seed":false,"campfire_upgraded":0,"win_rate":0.0,"timestamp":1613646682,"path_taken":["M","M","?","?","?","E","?","M","T","M","?","$","?","M","R","BOSS","M","?","M","?","?","R","E","R","T","E","M","R","M","$","R","BOSS","M","?","M","M","?"],"items_purchased_type":["Relic","Relic"],"build_version":"2020-12-13","purchased_purges":1,"victory":false,"max_hp_per_floor":[75,75,75,75,75,75,75,75,85,85,85,85,85,85,85,85,85,85,85,85,85,85,85,95,95,95,95,95,95,95,95,95,95,95,95,95,95,95,95,95],"card_choices":[{"not_picked":["Fusion","Compile Driver"],"picked":"Heatsinks","floor":1},{"not_picked":["Go for the Eyes","Barrage"],"picked":"Cold Snap","floor":2},{"not_picked":["Go for the Eyes","Hologram"],"picked":"Streamline","floor":5},{"not_picked":["Reboot","Melter"],"picked":"Ball Lightning","floor":6},{"not_picked":["Conserve Battery","Go for the Eyes"],"picked":"Cold Snap","floor":8},{"not_picked":["Force Field","Hologram"],"picked":"Go for the Eyes","floor":10},{"not_picked":["Go for the Eyes","Scrape"],"picked":"Coolheaded","floor":13},{"not_picked":["Compile Driver","Leap"],"picked":"Streamline","floor":14},{"not_picked":["Fission","Biased Cognition"],"picked":"Reboot","floor":16},{"not_picked":["Redo","Hologram"],"picked":"Streamline","floor":18},{"not_picked":["Glacier","Steam"],"picked":"Gash","floor":19},{"not_picked":["Coolheaded","Barrage+1"],"picked":"Leap+1","floor":20},{"not_picked":["Hologram","Blizzard"],"picked":"FTL+1","floor":24},{"not_picked":["Compile Driver","Beam Cell"],"picked":"Cold Snap+1","floor":27},{"not_picked":["Redo","Aggregate"],"picked":"Storm+1","floor":28},{"not_picked":["Steam Power","Reboot"],"picked":"FTL","floor":30},{"not_picked":["Thunder Strike","Fission"],"picked":"Creative AI","floor":33},{"not_picked":["Rebound","Tempest+1"],"picked":"Cold Snap","floor":35},{"not_picked":["Sweeping Beam+1","Cold Snap"],"picked":"Hologram+1","floor":37},{"not_picked":["Auto Shields","Scrape"],"picked":"Force Field+1","floor":38}],"player_experience":34241,"relics_obtained":[{"floor":6,"key":"reliquary:BoilingFlask"},{"floor":9,"key":"Pear"},{"floor":24,"key":"reliquary:SculptingSteel"},{"floor":26,"key":"Potion Belt"},{"floor":27,"key":"reliquary:TatteredRug"}],"event_choices":[{"damage_healed":0,"gold_gain":0,"player_choice":"Success","damage_taken":7,"relics_obtained":["Calipers"],"max_hp_gain":0,"max_hp_loss":0,"event_name":"Scrap Ooze","floor":3,"gold_loss":0},{"damage_healed":0,"gold_gain":0,"cards_transformed":["Strike_B"],"player_choice":"Transformed","damage_taken":0,"max_hp_gain":0,"max_hp_loss":0,"event_name":"Transmorgrifier","floor":4,"gold_loss":0,"cards_obtained":["Loop"]},{"damage_healed":0,"gold_gain":0,"player_choice":"Ignored","damage_taken":0,"max_hp_gain":0,"max_hp_loss":0,"event_name":"Liars Game","floor":7,"gold_loss":0},{"damage_healed":0,"gold_gain":0,"player_choice":"Rummage","damage_taken":0,"relics_obtained":["WarpedTongs"],"max_hp_gain":0,"max_hp_loss":0,"event_name":"Accursed Blacksmith","floor":11,"gold_loss":0,"cards_obtained":["Pain"]},{"damage_healed":0,"gold_gain":0,"cards_transformed":["Strike_B"],"player_choice":"Transformed","damage_taken":0,"max_hp_gain":0,"max_hp_loss":0,"event_name":"Transmorgrifier","floor":21,"gold_loss":0,"cards_obtained":["Hello World"]},{"damage_healed":0,"gold_gain":0,"player_choice":"Upgraded","damage_taken":0,"max_hp_gain":0,"max_hp_loss":0,"event_name":"Upgrade Shrine","floor":36,"gold_loss":0,"cards_upgraded":["Creative AI"]}],"is_beta":false,"boss_relics":[{"not_picked":["Coffee Dripper","reliquary:Ember","Cursed Key"]},{"not_picked":["Velvet Choker","Runic Pyramid"],"picked":"Astrolabe"}],"items_purged_floors":[12],"is_endless":false,"potions_floor_spawned":[1,5,8,14,16,18,20,35],"killed_by":"Jaw Worm Horde","ascension_level":0}}