{"host":"sc0o2qwpf9j16a4i","time":1613655638,"event":{"mods":["AchievementEnabler","BaseMod","BetterRewards","Block Reminder","Colored Map","Colored Powertips","Custom Start","Highlight Path","Minty Spire (QoL Compilation)","Relic Stats"],"gold_per_floor":[111,111,26,26,4,33,45,76,128,128,128,39,72,72,72,197,197,216,216,260,260,274,274,315,315,315,653,2,26,26,151,151,280,280,298,631,1630,1630,1630,1630,1660,1673,1673,1673,1706,1736,738,748,748,748],"floor_reached":51,"language":"ENG","playtime":1956,"items_purged":["Normality"],"score":1281,"play_id":"1041368b-568c-431e-9b7e-1dde9fba683b","local_time":"20210218154038","daily_mods":["Cursed Run","Flight","Night Terrors"],"is_ascension_mode":false,"campfire_choices":[{"data":"Defragment","floor":15,"key":"SMITH"},{"data":"Fission","floor":23,"key":"SMITH"},{"floor":25,"key":"REST"},{"data":"Hologram","floor":32,"key":"SMITH"},{"floor":40,"key":"REST"},{"floor":49,"key":"REST"}],"circlet_count":0,"master_deck":["Strike_B","Defend_B","Defend_B","Zap","Dualcast","Sunder","Pain","Cold Snap+1","Auto Shields","Loop","Turbo","Ball Lightning+1","Reinforced Body","Hologram+1","Pain","Injury","Regret","Self Repair","Compile Driver","Defragment+1","Pain","Fission+1","Thunder Strike+1","White Noise+1","Hologram+1","BootSequence+1","FTL+1","Conserve Battery","Heatsinks+1","Glacier+1","Injury","Go for the Eyes+1","Stack+1","Stack","Recycle","Capacitor+1","Force Field","Loop","Hologram","RitualDagger+1","Stack","Shame","Meteor Strike+1","Hologram+1","Normality","Ball Lightning+1","Stack+1","Self Repair","Pain","Coolheaded+1","Capacitor","Glacier","Barrage+1","Static Discharge+1","Lockon+1","White Noise+1","Core Surge+1","Pain"],"relics":["Cursed Key","Darkstone Periapt","Du-Vu Doll","WarpedTongs","DataDisk","Whetstone","Dream Catcher","Bird Faced Urn","Molten Egg 2","Astrolabe","Red Mask","Happy Flower","Gremlin Horn","Old Coin","Dead Branch","Bag of Marbles","Orrery","Turnip","Pantograph","Fusion Hammer","Thread and Needle","Bottled Tornado","Pear","Orichalcum","OrangePellets","Frozen Egg 2","HornCleat"],"acts_visited":["Exordium","TheCity","TheBeyond"],"potions_floor_usage":[6,8,16,27,33,33,45,50,50],"damage_taken":[{"damage":6,"enemies":"Jaw Worm","floor":1,"turns":3},{"damage":10,"enemies":"Lagavulin","floor":6,"turns":6},{"damage":0,"enemies":"2 Louse","floor":7,"turns":3},{"damage":5,"enemies":"3 Sentries","floor":8,"turns":5},{"damage":6,"enemies":"Gremlin Nob","floor":13,"turns":3},{"damage":22,"enemies":"The Guardian","floor":16,"turns":8},{"damage":28,"enemies":"2 Thieves","floor":18,"turns":4},{"damage":19,"enemies":"Masked Bandits","floor":20,"turns":5},{"damage":40,"enemies":"Spheric Guardian","floor":22,"turns":6},{"damage":53,"enemies":"Slavers","floor":24,"turns":6},{"damage":13,"enemies":"Book of Stabbing","floor":27,"turns":6},{"damage":9,"enemies":"Centurion and Healer","floor":29,"turns":6},{"damage":13,"enemies":"Colosseum Slavers","floor":31,"turns":6},{"damage":17,"enemies":"Colosseum Nobs","floor":31,"turns":5},{"damage":23,"enemies":"Automaton","floor":33,"turns":9},{"damage":10,"enemies":"3 Shapes","floor":35,"turns":5},{"damage":45,"enemies":"Giant Head","floor":41,"turns":9},{"damage":0,"enemies":"Orb Walker","floor":42,"turns":3},{"damage":36,"enemies":"Reptomancer","floor":45,"turns":5},{"damage":62,"enemies":"Nemesis","floor":46,"turns":11},{"damage":12,"enemies":"Spire Growth","floor":48,"turns":5},{"damage":21,"enemies":"Donu and Deca","floor":50,"turns":5}],"seed_played":"1825779254329686562","potions_obtained":[{"floor":1,"key":"SkillPotion"},{"floor":7,"key":"PowerPotion"},{"floor":13,"key":"CultistPotion"},{"floor":16,"key":"BlessingOfTheForge"},{"floor":24,"key":"Weak Potion"},{"floor":27,"key":"DuplicationPotion"},{"floor":42,"key":"SmokeBomb"},{"floor":44,"key":"Block Potion"},{"floor":44,"key":"Energy Potion"},{"floor":48,"key":"EssenceOfSteel"}],"is_trial":true,"path_per_floor":["M","?","$","?","$","E","M","E","T","?","?","$","E","?","R","B",null,"M","?","?","?","M","R","E","R","T","E","$","M","?","?","R","B",null,"M","?","?","?","?","R","E","M","T","?","E","E","$","M","R","B",null],"character_chosen":"DEFECT","items_purchased":["Cold Snap","Auto Shields","Turbo","Self Repair","Compile Driver","Dead Branch","Bag of Marbles","Orrery","Loop","OrangePellets","Frozen Egg 2","HornCleat","Glacier","Barrage+1","Static Discharge+1","Explosive Potion","Lockon+1"],"campfire_rested":3,"item_purchase_floors":[3,3,5,12,12,28,28,28,28,47,47,47,47,47,47,47,47],"current_hp_per_floor":[69,75,75,75,75,65,65,60,66,72,78,78,81,81,81,78,105,90,90,99,99,77,77,39,100,106,106,106,106,100,101,101,103,112,112,112,124,118,118,113,85,89,95,95,102,72,72,81,124,130],"gold":748,"neow_bonus":"","is_daily":false,"chose_seed":false,"campfire_upgraded":3,"win_rate":0.0,"timestamp":1613655638,"path_taken":["M","?","?","?","$","E","?","E","T","?","?","$","E","?","R","BOSS","M","?","?","?","?","R","E","R","T","E","?","?","?","?","R","BOSS","M","?","?","?","?","R","E","?","T","?","E","E","$","M","R","BOSS"],"items_purchased_type":["Card","Card","Card","Card","Card","Relic","Relic","Relic","Card","Relic","Relic","Relic","Card","Card","Card","Potion","Card"],"build_version":"2020-12-22","purchased_purges":1,"victory":true,"max_hp_per_floor":[75,81,81,81,81,81,81,81,87,93,99,99,99,99,99,105,105,105,105,105,105,105,105,105,100,106,106,106,106,106,106,106,112,112,112,112,124,118,118,113,113,113,119,119,129,129,129,129,124,130],"relic_stats":{"Darkstone Periapt":66,"Happy Flower":[25],"Gremlin Horn":[11,11],"counters":[22,122],"Astrolabe":["Thunder Strike","White Noise","Hologram"],"Dead Branch":[33],"Whetstone":["Ball Lightning","Cold Snap"],"Orichalcum":[6],"Cursed Key":3,"WarpedTongs":[116],"OrangePellets":[1],"Dream Catcher":3,"Bird Faced Urn":[170],"Pantograph":5,"Turnip":[6],"obtain_stats":[{"Darkstone Periapt":0,"Gremlin Horn":26,"Whetstone":8,"Bottled Tornado":43,"Cursed Key":0,"Old Coin":27,"Dream Catcher":9,"HornCleat":47,"Pantograph":31,"Fusion Hammer":34,"Red Mask":20,"Pear":45,"Happy Flower":24,"Golden Idol":10,"Astrolabe":17,"Dead Branch":28,"Thread and Needle":41,"Orichalcum":46,"Frozen Egg 2":47,"WarpedTongs":2,"Du-Vu Doll":0,"OrangePellets":47,"DataDisk":6,"Bird Faced Urn":11,"Orrery":28,"Molten Egg 2":13,"Turnip":31,"Bag of Marbles":28},{"Darkstone Periapt":0,"Gremlin Horn":10,"Whetstone":4,"Bottled Tornado":18,"Cursed Key":0,"Old Coin":11,"Dream Catcher":4,"HornCleat":20,"Pantograph":14,"Fusion Hammer":15,"Red Mask":8,"Pear":19,"Happy Flower":10,"Golden Idol":4,"Astrolabe":6,"Dead Branch":11,"Thread and Needle":17,"Orichalcum":20,"Frozen Egg 2":20,"WarpedTongs":1,"Du-Vu Doll":0,"OrangePellets":20,"DataDisk":2,"Bird Faced Urn":4,"Orrery":11,"Molten Egg 2":5,"Turnip":14,"Bag of Marbles":11},{"Darkstone Periapt":0,"Gremlin Horn":49,"Whetstone":17,"Bottled Tornado":97,"Cursed Key":0,"Old Coin":55,"Dream Catcher":17,"HornCleat":112,"Pantograph":71,"Fusion Hammer":80,"Red Mask":37,"Pear":102,"Happy Flower":49,"Golden Idol":17,"Astrolabe":28,"Dead Branch":55,"Thread and Needle":94,"Orichalcum":112,"Frozen Egg 2":112,"WarpedTongs":3,"Du-Vu Doll":0,"OrangePellets":112,"DataDisk":9,"Bird Faced Urn":17,"Orrery":55,"Molten Egg 2":20,"Turnip":71,"Bag of Marbles":55}]},"card_choices":[{"not_picked":["Lockon","Turbo"],"picked":"Sunder","floor":1},{"not_picked":["Sunder","Melter"],"picked":"Ball Lightning","floor":6},{"not_picked":["Redo","Melter"],"picked":"Reinforced Body","floor":7},{"not_picked":["Reinforced Body","Tempest"],"picked":"Hologram","floor":8},{"not_picked":["Rebound+1","Beam Cell+1"],"picked":"Defragment","floor":13},{"not_picked":["Machine Learning","All For One+1"],"picked":"Fission","floor":16},{"not_picked":["Leap","Compile Driver+1"],"picked":"BootSequence+1","floor":18},{"not_picked":["Redo","Turbo+1"],"picked":"FTL+1","floor":20},{"not_picked":["BootSequence+1","Aggregate","Redo"],"picked":"SKIP","floor":22},{"not_picked":["Tempest","Redo"],"picked":"Heatsinks+1","floor":24},{"not_picked":["Rebound+1","Sweeping Beam+1"],"picked":"Glacier+1","floor":25},{"not_picked":["Reinforced Body","Hello World"],"picked":"Go for the Eyes+1","floor":27},{"not_picked":["Sunder+1","Skim"],"picked":"Stack+1","floor":28},{"not_picked":["Turbo","Lockon+1"],"picked":"Stack","floor":28},{"not_picked":["Redo","Turbo+1"],"picked":"Recycle","floor":28},{"not_picked":["Compile Driver+1","Redo"],"picked":"Capacitor+1","floor":28},{"not_picked":["Reprogram","Fission"],"picked":"Force Field","floor":28},{"not_picked":["Go for the Eyes+1","Rebound+1"],"picked":"Hologram","floor":29},{"not_picked":["Rebound+1","Chill"],"picked":"Stack","floor":31},{"not_picked":["Core Surge+1","Hyperbeam+1"],"picked":"Meteor Strike+1","floor":33},{"not_picked":["Go for the Eyes+1","Ball Lightning+1"],"picked":"Hologram+1","floor":35},{"not_picked":["Melter+1","Conserve Battery"],"picked":"Ball Lightning+1","floor":40},{"not_picked":["Go for the Eyes+1","Hyperbeam+1"],"picked":"Stack+1","floor":41},{"not_picked":["Redo+1","Fusion"],"picked":"Self Repair","floor":42},{"not_picked":["Chill","Skim"],"picked":"Coolheaded+1","floor":45},{"not_picked":["Blizzard+1","Core Surge+1"],"picked":"Capacitor","floor":46},{"not_picked":["Barrage+1","Hello World+1"],"picked":"White Noise+1","floor":48},{"not_picked":["Turbo+1","Sweeping Beam+1"],"picked":"Core Surge+1","floor":49}],"player_experience":1457265,"relics_obtained":[{"floor":6,"key":"DataDisk"},{"floor":8,"key":"Whetstone"},{"floor":9,"key":"Dream Catcher"},{"floor":13,"key":"Molten Egg 2"},{"floor":20,"key":"Red Mask"},{"floor":24,"key":"Happy Flower"},{"floor":26,"key":"Gremlin Horn"},{"floor":27,"key":"Old Coin"},{"floor":31,"key":"Turnip"},{"floor":31,"key":"Pantograph"},{"floor":41,"key":"Thread and Needle"},{"floor":43,"key":"Bottled Tornado"},{"floor":45,"key":"Pear"},{"floor":46,"key":"Orichalcum"}],"event_choices":[{"damage_healed":0,"gold_gain":0,"player_choice":"Rummage","damage_taken":0,"relics_obtained":["WarpedTongs"],"max_hp_gain":0,"max_hp_loss":0,"event_name":"Accursed Blacksmith","floor":2,"gold_loss":0,"cards_obtained":["Pain"]},{"damage_healed":0,"gold_gain":0,"cards_transformed":["Strike_B"],"player_choice":"Transformed","damage_taken":0,"max_hp_gain":0,"max_hp_loss":0,"event_name":"Transmorgrifier","floor":4,"gold_loss":0,"cards_obtained":["Loop"]},{"damage_healed":0,"gold_gain":0,"player_choice":"Take Wound","damage_taken":0,"relics_obtained":["Golden Idol"],"max_hp_gain":0,"max_hp_loss":0,"event_name":"Golden Idol","floor":10,"gold_loss":0,"cards_obtained":["Injury"]},{"damage_healed":0,"gold_gain":0,"player_choice":"Box","damage_taken":0,"relics_obtained":["Bird Faced Urn"],"max_hp_gain":0,"max_hp_loss":0,"event_name":"Big Fish","floor":11,"gold_loss":0,"cards_obtained":["Regret"]},{"damage_healed":0,"gold_gain":0,"player_choice":"Leave","damage_taken":0,"max_hp_gain":0,"max_hp_loss":0,"event_name":"The Cleric","floor":14,"gold_loss":0},{"damage_healed":0,"gold_gain":0,"player_choice":"Ignored","damage_taken":0,"max_hp_gain":0,"max_hp_loss":0,"event_name":"Vampires","floor":19,"gold_loss":0},{"damage_healed":0,"gold_gain":0,"player_choice":"Fought Bandits","damage_taken":0,"max_hp_gain":0,"max_hp_loss":0,"event_name":"Masked Bandits","floor":20,"gold_loss":0},{"damage_healed":0,"gold_gain":0,"player_choice":"Read","damage_taken":0,"max_hp_gain":0,"max_hp_loss":0,"event_name":"The Library","floor":21,"gold_loss":0,"cards_obtained":["Conserve Battery"]},{"damage_healed":0,"gold_gain":0,"player_choice":"Joined the Cult","damage_taken":6,"max_hp_gain":0,"max_hp_loss":0,"event_name":"Nest","floor":30,"gold_loss":0,"cards_obtained":["RitualDagger"]},{"damage_healed":0,"gold_gain":0,"player_choice":"Fight","damage_taken":0,"max_hp_gain":0,"max_hp_loss":0,"event_name":"Colosseum","floor":31,"gold_loss":0},{"damage_healed":0,"gold_gain":0,"player_choice":"Fought Nobs","damage_taken":0,"max_hp_gain":0,"max_hp_loss":0,"event_name":"Colosseum","floor":31,"gold_loss":0},{"damage_healed":0,"gold_gain":333,"player_choice":"Gave Idol","damage_taken":0,"max_hp_gain":0,"max_hp_loss":0,"event_name":"The Moai Head","floor":36,"relics_lost":["Golden Idol"],"gold_loss":0},{"damage_healed":0,"gold_gain":999,"player_choice":"Gold","damage_taken":0,"max_hp_gain":0,"max_hp_loss":0,"event_name":"MindBloom","floor":37,"gold_loss":0,"cards_obtained":["Normality","Normality"]},{"damage_healed":0,"gold_gain":0,"player_choice":"Max HP","damage_taken":0,"max_hp_gain":0,"max_hp_loss":6,"event_name":"Winding Halls","floor":38,"gold_loss":0},{"cards_removed":["Defend_B"],"damage_healed":0,"gold_gain":0,"player_choice":"Offered Basic","damage_taken":0,"max_hp_gain":0,"max_hp_loss":0,"event_name":"Bonfire Elementals","floor":39,"gold_loss":0},{"damage_healed":0,"gold_gain":0,"player_choice":"Got Potions","damage_taken":0,"max_hp_gain":0,"max_hp_loss":0,"event_name":"Lab","floor":44,"gold_loss":0}],"is_beta":false,"boss_relics":[{"not_picked":["Coffee Dripper","Runic Pyramid"],"picked":"Astrolabe"},{"not_picked":["Empty Cage","SlaversCollar"],"picked":"Fusion Hammer"}],"items_purged_floors":[47],"is_endless":false,"potions_floor_spawned":[1,7,13,16,24,27,31,42,48],"ascension_level":0}}