{"host":"684z1xpuwaoqmmh1","time":1613656344,"event":{"mods":["A Magickal Journey","BaseMod","Downfall","Hermit","Jorbs\u0027s Wanderer Trilogy","Marisa????????","Minty Spire (QoL Compilation)","Robot Space Explorer","Shade Mod","StSLib","The Bug Knight","The Dragon Tamer","The Elementalist","The Hayseed","The Hierophant","The Marked","The Mystic","The Runesmith","The Saiyan","The Senshi","The Spell Scribe","The Vixen","TheBandit","TheFirefly"],"gold_per_floor":[115,134,134,146,32,32,66,66,66,101,101,136,136,148,148,226,276,196,209,209,228,228,228,254,266,266,266,291,105,125,151,151,230,230,244,244,244],"floor_reached":36,"language":"ENG","playtime":2313,"items_purged":["theSenshi:SailorKick","theSenshi:SailorBlock"],"score":1076,"play_id":"7088fd56-cd81-4c89-b24e-d76acda76757","local_time":"20210218155224","is_ascension_mode":true,"campfire_choices":[{"data":"theSenshi:KlutzyLuck","floor":6.0,"key":"SMITH"},{"data":"theSenshi:MoonTiaraMagic","floor":8.0,"key":"SMITH"},{"data":"theSenshi:NeptunesGrace","floor":11.0,"key":"SMITH"},{"data":"theSenshi:PlutosSolemnity","floor":15,"key":"SMITH"},{"floor":23,"key":"REST"},{"data":"theSenshi:SailorNeptuneAssists","floor":27,"key":"SMITH"},{"data":"theSenshi:TuxedoMaskAssists","floor":32,"key":"SMITH"}],"circlet_count":0,"master_deck":["AscendersBane","theSenshi:SailorKick+1","theSenshi:SailorKick","theSenshi:SailorKick+1","theSenshi:SailorBlock","theSenshi:SailorBlock","theSenshi:SailorBlock","theSenshi:RoseThrow","theSenshi:MoonPrismPowerMakeUp","theSenshi:SailorPlanetAttack+1","theSenshi:InTheNickOfTime+1","theSenshi:KlutzyLuck+1","theSenshi:SaturnsMystery","theSenshi:MoonTiaraMagic+1","theSenshi:NeptunesGrace+1","theSenshi:SailorVenusAssists","theSenshi:PlutosSolemnity+1","theSenshi:JupitersPower","theSenshi:MoonlightKnight","theSenshi:SailorMarsAssists","theSenshi:SailorNeptuneAssists+1","theSenshi:KlutzyLuck","theSenshi:SailorCosmosAssists","theSenshi:TuxedoMaskAssists+1","theSenshi:SailorSaturnAssists","theSenshi:UranusStrength"],"relics":["theSenshi:TransformationBroochRelic","Regal Pillow","HornCleat","StrikeDummy","theSenshi:SailorFukuRelic","Bronze Scales","Tiny House","Nilry\u0027s Codex","FossilizedHelix","Mummified Hand","Bottled Tornado","Sundial","SlaversCollar"],"acts_visited":["Exordium","TheCity","TheBeyond"],"potions_floor_usage":[14,24,28,36],"damage_taken":[{"damage":1.0,"enemies":"Jaw Worm","floor":1.0,"turns":5.0},{"damage":2.0,"enemies":"Cultist","floor":2.0,"turns":5.0},{"damage":1.0,"enemies":"2 Louse","floor":4.0,"turns":4.0},{"damage":29.0,"enemies":"Lagavulin","floor":7.0,"turns":9.0},{"damage":0.0,"enemies":"HollowMod:MossKnight","floor":10.0,"turns":12.0},{"damage":0.0,"enemies":"Gremlin Nob","floor":12.0,"turns":4.0},{"damage":1,"enemies":"Exordium Thugs","floor":14,"turns":6},{"damage":18,"enemies":"Slime Boss","floor":16,"turns":10},{"damage":0,"enemies":"2 Thieves","floor":18,"turns":4},{"damage":6,"enemies":"3 Byrds","floor":19,"turns":3},{"damage":30,"enemies":"Cultist and Chosen","floor":21,"turns":6},{"damage":27,"enemies":"Book of Stabbing","floor":24,"turns":5},{"damage":17,"enemies":"Centurion and Healer","floor":25,"turns":11},{"damage":0,"enemies":"Gremlin Leader","floor":28,"turns":6},{"damage":16,"enemies":"Snake Plant","floor":30,"turns":3},{"damage":0,"enemies":"HollowMod:Nosk","floor":31,"turns":8},{"damage":14,"enemies":"Champ","floor":33,"turns":11},{"damage":0,"enemies":"Orb Walker","floor":35,"turns":4},{"damage":84,"enemies":"Orin","floor":36,"turns":6}],"seed_played":"1857707248280516493","potions_obtained":[{"floor":4.0,"key":"champ:CounterPotion"},{"floor":10.0,"key":"GamblersBrew"},{"floor":12.0,"key":"FearPotion"},{"floor":17,"key":"Strength Potion"},{"floor":19,"key":"champ:CounterPotion"},{"floor":25,"key":"Strength Potion"},{"floor":31,"key":"champ:CounterPotion"}],"is_trial":false,"path_per_floor":["M","M","?","M","$","R","E","R","T","E","R","E","?","M","R","B",null,"M","M","?","M","?","R","E","M","T","R","E","$","M","E","R","B",null,"M","?"],"character_chosen":"THE_SENSHI","items_purchased":["theSenshi:SaturnsMystery","theSenshi:SailorCosmosAssists"],"campfire_rested":1,"item_purchase_floors":[5,29],"current_hp_per_floor":[67,65,65,64,64,64,44,44,44,54,54,54,31,36,36,28,68,71,72,51,31,31,70,52,55,55,55,64,64,58,67,67,65,76,80,0,0],"gold":244,"neow_bonus":"RANDOM_COMMON_RELIC","is_daily":false,"chose_seed":false,"campfire_upgraded":6,"win_rate":0.0,"timestamp":1613656344,"path_taken":["M","M","?","M","?","R","E","R","T","E","R","E","?","M","R","BOSS","M","M","?","M","?","R","E","M","T","R","E","$","M","E","R","BOSS","M","?"],"items_purchased_type":["Card","Card"],"build_version":"2020-12-22","purchased_purges":2,"victory":false,"max_hp_per_floor":[75,75,75,75,75,75,75,75,75,75,75,75,75,75,75,75,80,80,80,80,80,80,80,80,80,80,80,80,80,80,80,80,80,80,80,80,80],"card_choices":[{"not_picked":["theSenshi:LateForSchool","theSenshi:SailorStarFighterAssists"],"picked":"theSenshi:SailorPlanetAttack","floor":1.0},{"not_picked":["theSenshi:Sidestep","theSenshi:HesSoDreamy"],"picked":"theSenshi:InTheNickOfTime","floor":2.0},{"not_picked":["theSenshi:SailorStarMakerAssists","theSenshi:MoonTiaraMagic"],"picked":"theSenshi:KlutzyLuck","floor":4.0},{"not_picked":["theSenshi:MoonsReflection","theSenshi:CrisisMakeUp"],"picked":"theSenshi:MoonTiaraMagic","floor":7.0},{"not_picked":["theSenshi:MoonPower","theSenshi:TuxedoSmokingBomber"],"picked":"theSenshi:NeptunesGrace","floor":10.0},{"not_picked":["theSenshi:MoonPunch","theSenshi:MoonSpiralHeartAttack"],"picked":"theSenshi:SailorVenusAssists","floor":12.0},{"not_picked":["theSenshi:MarsPride","theSenshi:OdangoHead"],"picked":"theSenshi:PlutosSolemnity","floor":14},{"not_picked":["theSenshi:SilverMoonCrystalPowerKiss","theSenshi:FatedKiss"],"picked":"theSenshi:JupitersPower","floor":16},{"not_picked":["theSenshi:SailorStarFighterAssists","theSenshi:MoonPower"],"picked":"theSenshi:MoonlightKnight","floor":17},{"not_picked":["theSenshi:LateForSchool","theSenshi:HesSoDreamy","theSenshi:TallSilhouette"],"picked":"SKIP","floor":18},{"not_picked":["theSenshi:SchoolBag","theSenshi:MoonPower+1"],"picked":"theSenshi:SailorMarsAssists","floor":19},{"not_picked":["theSenshi:PlutosSolemnity","theSenshi:MoonlightKnight","theSenshi:RainbowMoonHeartAche"],"picked":"SKIP","floor":21},{"not_picked":["theSenshi:MoonPunch","theSenshi:MoonCosmicPowerMakeUp"],"picked":"theSenshi:SailorNeptuneAssists","floor":24},{"not_picked":["theSenshi:MoonPunch","theSenshi:EncouragingSpeech"],"picked":"theSenshi:KlutzyLuck","floor":25},{"not_picked":["theSenshi:MarsPride","theSenshi:LateForSchool+1","theSenshi:SupersonicWaves+1"],"picked":"SKIP","floor":28},{"not_picked":["theSenshi:SailorMarsAssists","theSenshi:SchoolBag","theSenshi:EncouragingSpeech"],"picked":"SKIP","floor":30},{"not_picked":["theSenshi:SupersonicWaves","theSenshi:SailorMarsAssists"],"picked":"theSenshi:TuxedoMaskAssists","floor":31},{"not_picked":["theSenshi:FatedKiss","theSenshi:StarlightHoneymoonTherapyKiss"],"picked":"theSenshi:SailorSaturnAssists","floor":33},{"not_picked":["theSenshi:TuxedoMaskAssists","theSenshi:SailorJupiterAssists"],"picked":"theSenshi:UranusStrength","floor":35}],"player_experience":3324764,"relics_obtained":[{"floor":7.0,"key":"HornCleat"},{"floor":9.0,"key":"StrikeDummy"},{"floor":10.0,"key":"theSenshi:SailorFukuRelic"},{"floor":12.0,"key":"Bronze Scales"},{"floor":20,"key":"Nilry\u0027s Codex"},{"floor":24,"key":"FossilizedHelix"},{"floor":26,"key":"Mummified Hand"},{"floor":28,"key":"Bottled Tornado"},{"floor":31,"key":"Sundial"}],"event_choices":[{"damage_healed":0.0,"max_hp_gain":0.0,"max_hp_loss":0.0,"gold_gain":0.0,"event_name":"Upgrade Shrine","player_choice":"Upgraded","floor":3.0,"gold_loss":0.0,"damage_taken":0.0,"cards_upgraded":["theSenshi:SailorPlanetAttack"]},{"damage_healed":0.0,"max_hp_gain":0.0,"max_hp_loss":0.0,"gold_gain":0.0,"event_name":"Shining Light","player_choice":"Entered Light","floor":13.0,"gold_loss":0.0,"damage_taken":23.0,"cards_upgraded":["theSenshi:InTheNickOfTime","theSenshi:SailorKick"]},{"damage_healed":0,"gold_gain":0,"player_choice":"Obtained Book","damage_taken":21,"max_hp_gain":0,"max_hp_loss":0,"event_name":"Cursed Tome","floor":20,"gold_loss":0},{"damage_healed":0,"gold_gain":0,"player_choice":"Fight","damage_taken":0,"max_hp_gain":0,"max_hp_loss":0,"event_name":"OrinTheCat","floor":36,"gold_loss":0}],"is_beta":false,"boss_relics":[{"not_picked":["Velvet Choker","Runic Dome"],"picked":"Tiny House"},{"not_picked":["Runesmith:UraniumAnvil","SacredBark"],"picked":"SlaversCollar"}],"items_purged_floors":[5,29],"is_endless":false,"potions_floor_spawned":[4,10,12,19,25,31,33],"killed_by":"Orin","ascension_level":20}}