{"host":"Rich","time":1613616061,"event":{"mods":["AchievementEnabler","BaseMod","Highlight Path","Minty Spire (QoL Compilation)","Relic Stats"],"gold_per_floor":[111,111,123,273,273,303,303,314,341,369,381,361,361,374,374,448,448,466,466,466,466,483,483,483,483,483,483,502,502,253,264,264,343,343,356,356,356,356,356],"floor_reached":38,"language":"ENG","playtime":1359,"items_purged":[],"score":810,"play_id":"d83e3c08-56e5-434b-8497-96cfcb8bc21f","local_time":"20210217214101","is_ascension_mode":true,"campfire_choices":[{"data":"Darkness","floor":7.0,"key":"SMITH"},{"data":"Dualcast","floor":13.0,"key":"SMITH"},{"data":"Darkness","floor":15.0,"key":"SMITH"},{"floor":23,"key":"REST"},{"floor":25,"key":"REST"},{"data":"Defragment","floor":27,"key":"SMITH"},{"floor":32,"key":"REST"}],"circlet_count":0,"master_deck":["AscendersBane","Dualcast+1","Darkness+1","Leap","Defragment+1","Reinforced Body+1","Darkness+1","Seek","Seek","Hologram","Rip and Tear","Defragment","Compile Driver","Compile Driver","Defragment","Lockon","Reboot","Leap","Doom and Gloom","Hologram+1","Buffer","CurseOfTheBell","Buffer+1"],"relics":["Cracked Core","NeowsBlessing","Tiny Chest","Art of War","Pandora\u0027s Box","Nunchaku","Mercury Hourglass","Calling Bell","Letter Opener","TungstenRod","War Paint","Frozen Egg 2"],"acts_visited":["Exordium","TheCity","TheBeyond"],"potions_floor_usage":[16,16,33,35,35],"damage_taken":[{"damage":0.0,"enemies":"2 Louse","floor":1.0,"turns":1.0},{"damage":0.0,"enemies":"Small Slimes","floor":3.0,"turns":1.0},{"damage":0.0,"enemies":"Gremlin Nob","floor":6.0,"turns":1.0},{"damage":1.0,"enemies":"Cultist","floor":8.0,"turns":3.0},{"damage":10.0,"enemies":"3 Sentries","floor":10.0,"turns":3.0},{"damage":4.0,"enemies":"Looter","floor":11.0,"turns":3.0},{"damage":8.0,"enemies":"3 Louse","floor":14.0,"turns":3.0},{"damage":14,"enemies":"Hexaghost","floor":16,"turns":9},{"damage":32,"enemies":"Shell Parasite","floor":18,"turns":5},{"damage":12,"enemies":"Spheric Guardian","floor":22,"turns":4},{"damage":32,"enemies":"Shelled Parasite and Fungi","floor":28,"turns":4},{"damage":3,"enemies":"Cultist and Chosen","floor":31,"turns":3},{"damage":19,"enemies":"Collector","floor":33,"turns":6},{"damage":40,"enemies":"3 Darklings","floor":35,"turns":4},{"damage":40,"enemies":"Orb Walker","floor":38,"turns":5}],"seed_played":"6748751401343935640","potions_obtained":[{"floor":8.0,"key":"PowerPotion"},{"floor":10.0,"key":"Regen Potion"},{"floor":11.0,"key":"BlessingOfTheForge"},{"floor":12.0,"key":"EssenceOfDarkness"},{"floor":33,"key":"LiquidBronze"},{"floor":35,"key":"Strength Potion"}],"is_trial":false,"path_per_floor":["M","?","M","?","?","E","R","M","T","E","M","?","R","M","R","B",null,"M","?","?","T","M","R","?","R","T","R","M","$","$","M","R","B",null,"M","T","?","M"],"character_chosen":"DEFECT","items_purchased":["Doom and Gloom","Hologram","Block Potion","Swift Potion"],"campfire_rested":3,"item_purchase_floors":[30,30,30,30],"current_hp_per_floor":[64,69,69,69,62,62,62,61,61,51,47,47,47,39,39,40,67,35,35,35,35,23,45,45,67,67,67,35,35,35,32,54,35,66,26,26,26,0,0],"gold":356,"neow_bonus":"THREE_ENEMY_KILL","is_daily":false,"chose_seed":false,"campfire_upgraded":4,"win_rate":0.0,"timestamp":1613616061,"path_taken":["M","?","M","?","?","E","R","M","T","E","M","?","R","M","R","BOSS","M","?","?","?","?","R","?","R","T","R","M","?","$","M","R","BOSS","M","?","?","?"],"items_purchased_type":["Card","Card","Potion","Potion"],"build_version":"2020-12-18","purchased_purges":0,"victory":false,"max_hp_per_floor":[71,76,76,76,76,76,76,76,76,76,76,76,76,76,76,76,76,76,76,76,76,76,76,76,76,76,76,76,76,76,76,76,76,76,76,76,76,76,76],"relic_stats":{"Nunchaku":[1],"counters":[15,55],"Tiny Chest":2,"Pandora\u0027s Box":["Seek","Hologram","Rip and Tear","Defragment","Compile Driver","Meteor Strike","Compile Driver","Defragment"],"Art of War":[24],"Letter Opener":[35],"War Paint":["Hologram","Reinforced Body"],"obtain_stats":[{"Calling Bell":34,"Nunchaku":21,"NeowsBlessing":0,"Tiny Chest":6,"Pandora\u0027s Box":17,"Art of War":10,"Letter Opener":34,"War Paint":34,"Frozen Egg 2":36,"Cracked Core":0,"TungstenRod":34,"Mercury Hourglass":26},{"Calling Bell":13,"Nunchaku":9,"NeowsBlessing":0,"Tiny Chest":3,"Pandora\u0027s Box":8,"Art of War":5,"Letter Opener":13,"War Paint":13,"Frozen Egg 2":14,"Cracked Core":0,"TungstenRod":13,"Mercury Hourglass":10},{"Calling Bell":46,"Nunchaku":29,"NeowsBlessing":0,"Tiny Chest":3,"Pandora\u0027s Box":24,"Art of War":9,"Letter Opener":46,"War Paint":46,"Frozen Egg 2":50,"Cracked Core":0,"TungstenRod":46,"Mercury Hourglass":33}],"TungstenRod":6,"Mercury Hourglass":[99]},"card_choices":[{"not_picked":["Redo","Go for the Eyes"],"picked":"Darkness","floor":1.0},{"not_picked":["Compile Driver","All For One"],"picked":"Streamline","floor":3.0},{"not_picked":["Sweeping Beam","Steam"],"picked":"Leap","floor":6.0},{"not_picked":["Redo","Beam Cell"],"picked":"Defragment","floor":8.0},{"not_picked":["Fusion","Reprogram"],"picked":"Reinforced Body","floor":10.0},{"not_picked":["Lockon","Go for the Eyes","Hello World"],"picked":"SKIP","floor":11.0},{"not_picked":["Melter","Go for the Eyes"],"picked":"Darkness","floor":14.0},{"not_picked":["Rainbow","Hyperbeam"],"picked":"Seek","floor":16},{"not_picked":["Hello World","Chaos","Static Discharge"],"picked":"SKIP","floor":18},{"not_picked":["Tempest","Beam Cell","Go for the Eyes"],"picked":"SKIP","floor":22},{"not_picked":["Hologram","Capacitor"],"picked":"Leap","floor":28},{"not_picked":["Recycle","Rebound+1","Ball Lightning+1"],"picked":"SKIP","floor":31},{"not_picked":["Thunder Strike","Biased Cognition"],"picked":"Buffer","floor":33},{"not_picked":["Reprogram+1","Cold Snap","Beam Cell"],"picked":"SKIP","floor":35}],"player_experience":2029088,"relics_obtained":[{"floor":6.0,"key":"Tiny Chest"},{"floor":10.0,"key":"Art of War"},{"floor":21,"key":"Nunchaku"},{"floor":26,"key":"Mercury Hourglass"},{"floor":34,"key":"Letter Opener"},{"floor":34,"key":"TungstenRod"},{"floor":34,"key":"War Paint"},{"floor":36,"key":"Frozen Egg 2"}],"event_choices":[{"damage_healed":0.0,"max_hp_gain":5.0,"max_hp_loss":0.0,"gold_gain":0.0,"event_name":"Big Fish","player_choice":"Donut","floor":2.0,"gold_loss":0.0,"damage_taken":0.0},{"damage_healed":0.0,"max_hp_gain":0.0,"max_hp_loss":0.0,"gold_gain":150.0,"event_name":"Liars Game","player_choice":"AGREE","floor":4.0,"gold_loss":0.0,"damage_taken":0.0,"cards_obtained":["Doubt"]},{"cards_removed":["Doubt"],"damage_healed":0.0,"max_hp_gain":0.0,"max_hp_loss":0.0,"gold_gain":0.0,"event_name":"Golden Wing","player_choice":"Card Removal","floor":5.0,"gold_loss":0.0,"damage_taken":7.0},{"damage_healed":0.0,"max_hp_gain":0.0,"max_hp_loss":0.0,"gold_gain":0.0,"event_name":"The Woman in Blue","player_choice":"Bought 1 Potion","floor":12.0,"gold_loss":0.0,"damage_taken":0.0},{"cards_removed":["Streamline"],"damage_healed":0,"gold_gain":0,"player_choice":"Elegance","damage_taken":0,"max_hp_gain":0,"max_hp_loss":0,"event_name":"Back to Basics","floor":19,"gold_loss":0},{"damage_healed":0,"gold_gain":0,"cards_transformed":["Zap","Meteor Strike"],"player_choice":"Became Test Subject","damage_taken":0,"max_hp_gain":0,"max_hp_loss":0,"event_name":"Drug Dealer","floor":20,"gold_loss":0,"cards_obtained":["Lockon","Reboot"]},{"damage_healed":0,"gold_gain":0,"player_choice":"Leave","damage_taken":0,"max_hp_gain":0,"max_hp_loss":0,"event_name":"FaceTrader","floor":24,"gold_loss":0},{"damage_healed":0,"gold_gain":0,"player_choice":"Copied","damage_taken":0,"max_hp_gain":0,"max_hp_loss":0,"event_name":"Duplicator","floor":37,"gold_loss":0,"cards_obtained":["Buffer"]}],"is_beta":true,"boss_relics":[{"not_picked":["Sozu","Cursed Key"],"picked":"Pandora\u0027s Box"},{"not_picked":["Inserter","Snecko Eye"],"picked":"Calling Bell"}],"items_purged_floors":[],"is_endless":false,"potions_floor_spawned":[8,10,11,33,35],"killed_by":"Orb Walker","ascension_level":20}}