{"host":"jwbw4f4imxd0v0b0","time":1613615239,"event":{"mods":["BaseMod","Colored Map","Highlight Path","Minty Spire (QoL Compilation)","Relic Stats","StSLib"],"gold_per_floor":[114,114,133,83,44,82,82,82,107,126,145,145,164,183,183,183,183],"floor_reached":16,"language":"ENG","playtime":317,"items_purged":[],"score":102,"play_id":"8c180d56-ea7a-4802-8b3f-8b6ae75975e5","local_time":"20210217202719","daily_mods":["Cursed Run","Uncertain Future","Lethality"],"is_ascension_mode":false,"campfire_choices":[{"data":"Evolve","floor":7,"key":"SMITH"},{"data":"True Grit","floor":12,"key":"SMITH"},{"data":"Bash","floor":15,"key":"SMITH"}],"circlet_count":0,"master_deck":["Strike_R","Strike_R","Strike_R","Strike_R","Defend_R","Defend_R+1","Defend_R","Defend_R+1","Bash+1","Evolve+1","Injury","Combust","Body Slam+1","Injury","True Grit+1","Sword Boomerang+1","Hemokinesis+1"],"relics":["Cursed Key","Darkstone Periapt","Du-Vu Doll","Golden Idol","Molten Egg 2","Smiling Mask"],"acts_visited":["Exordium"],"potions_floor_usage":[6,11],"damage_taken":[{"damage":9,"enemies":"Jaw Worm","floor":1,"turns":2},{"damage":3,"enemies":"2 Louse","floor":3,"turns":2},{"damage":18,"enemies":"Gremlin Nob","floor":6,"turns":3},{"damage":0,"enemies":"Cultist","floor":10,"turns":2},{"damage":0,"enemies":"Looter","floor":11,"turns":1},{"damage":7,"enemies":"Blue Slaver","floor":13,"turns":3},{"damage":11,"enemies":"Exordium Wildlife","floor":14,"turns":2},{"damage":36,"enemies":"The Guardian","floor":16,"turns":3}],"seed_played":"-4060160915487772418","potions_obtained":[{"floor":1,"key":"FearPotion"},{"floor":6,"key":"Fire Potion"},{"floor":10,"key":"Dexterity Potion"},{"floor":14,"key":"Fire Potion"}],"is_trial":false,"path_per_floor":["M","?","M","?","$","E","R","?","T","M","M","R","M","M","R","B"],"character_chosen":"IRONCLAD","items_purchased":["Combust"],"campfire_rested":0,"item_purchase_floors":[5],"current_hp_per_floor":[71,77,74,74,74,56,56,39,45,45,45,45,38,27,27,0,0],"gold":183,"neow_bonus":"","is_daily":true,"chose_seed":false,"campfire_upgraded":3,"win_rate":0.0,"timestamp":1613615239,"path_taken":["M","?","M","?","$","E","R","?","T","M","M","R","M","M","R","BOSS"],"items_purchased_type":["Card"],"build_version":"2020-12-22","purchased_purges":0,"victory":false,"max_hp_per_floor":[80,86,86,86,86,86,86,86,92,92,92,92,92,92,92,92,92],"relic_stats":{"Darkstone Periapt":12,"counters":[8,18],"Golden Idol":28,"Cursed Key":1,"Smiling Mask":0,"obtain_stats":[{"Darkstone Periapt":0,"Du-Vu Doll":0,"Golden Idol":2,"Molten Egg 2":6,"Cursed Key":0,"Smiling Mask":9},{"Darkstone Periapt":0,"Du-Vu Doll":0,"Golden Idol":1,"Molten Egg 2":3,"Cursed Key":0,"Smiling Mask":3},{"Darkstone Periapt":0,"Du-Vu Doll":0,"Golden Idol":2,"Molten Egg 2":7,"Cursed Key":0,"Smiling Mask":7}]},"card_choices":[{"not_picked":["Spot Weakness","Cleave"],"picked":"Evolve","floor":1},{"not_picked":["Anger","Body Slam","Sentinel"],"picked":"SKIP","floor":3},{"not_picked":["Inflame","Entrench"],"picked":"Body Slam+1","floor":6},{"not_picked":["Heavy Blade+1","Warcry"],"picked":"True Grit","floor":10},{"not_picked":["Reckless Charge+1","Clash+1","Sentinel"],"picked":"SKIP","floor":11},{"not_picked":["Rupture","Pommel Strike+1"],"picked":"Sword Boomerang+1","floor":13},{"not_picked":["Headbutt+1","Inflame"],"picked":"Hemokinesis+1","floor":14}],"player_experience":1287612,"relics_obtained":[{"floor":6,"key":"Molten Egg 2"},{"floor":9,"key":"Smiling Mask"}],"event_choices":[{"damage_healed":0,"gold_gain":0,"player_choice":"Take Wound","damage_taken":0,"relics_obtained":["Golden Idol"],"max_hp_gain":0,"max_hp_loss":0,"event_name":"Golden Idol","floor":2,"gold_loss":0,"cards_obtained":["Injury"]},{"cards_removed":["Strike_R"],"damage_healed":0,"gold_gain":0,"player_choice":"Card Removal","damage_taken":0,"max_hp_gain":0,"max_hp_loss":0,"event_name":"The Cleric","floor":4,"gold_loss":50},{"damage_healed":0,"gold_gain":0,"player_choice":"Entered Light","damage_taken":17,"max_hp_gain":0,"max_hp_loss":0,"event_name":"Shining Light","floor":8,"gold_loss":0,"cards_upgraded":["Defend_R","Defend_R"]}],"is_beta":false,"boss_relics":[],"items_purged_floors":[],"is_endless":false,"potions_floor_spawned":[1,6,10,14],"killed_by":"The Guardian","ascension_level":0}}