{"host":"f0gpob8hq9vgebej","time":1613669003,"event":{"mods":["AchievementEnabler","BaseMod","Minty Spire (QoL Compilation)","Quick Restart","SuperFastMode"],"gold_per_floor":[115,135,150,162,87,87,162,178,178,178,195,208,228,246,246,320,320,339,23,36,36,36,36,55,55,79,95,20,20,20],"floor_reached":29,"language":"KOR","playtime":1040,"items_purged":["Strike_G","Strike_G"],"score":413,"play_id":"def389d2-e645-44b5-a013-c6642c0af5a2","local_time":"20210219022323","is_ascension_mode":true,"campfire_choices":[{"data":"Tactician","floor":6.0,"key":"SMITH"},{"data":"Choke","floor":10.0,"key":"SMITH"},{"data":"Blade Dance","floor":15.0,"key":"SMITH"},{"data":"Leg Sweep","floor":23.0,"key":"SMITH"}],"circlet_count":0,"master_deck":["AscendersBane","Strike_G","Defend_G","Defend_G","Defend_G","Defend_G","Defend_G","Survivor","Neutralize","Cloak And Dagger","Tactician+1","Choke+1","Poisoned Stab","Blade Dance+1","Leg Sweep+1","Blade Dance","Venomology","Dagger Spray","Wraith Form v2","CurseOfTheBell","Well Laid Plans+1","Escape Plan","Acrobatics+1","Footwork+1","Adrenaline","PiercingWail"],"relics":["Ring of the Snake","Eternal Feather","Calling Bell","Bag of Marbles","Frozen Egg 2","Mango","Orrery","Nunchaku"],"acts_visited":["Exordium","TheCity"],"potions_floor_usage":[29],"damage_taken":[{"damage":2.0,"enemies":"Jaw Worm","floor":1.0,"turns":6.0},{"damage":1.0,"enemies":"Small Slimes","floor":2.0,"turns":5.0},{"damage":0.0,"enemies":"2 Louse","floor":3.0,"turns":5.0},{"damage":6.0,"enemies":"2 Fungi Beasts","floor":4.0,"turns":5.0},{"damage":0.0,"enemies":"Blue Slaver","floor":8.0,"turns":7.0},{"damage":8.0,"enemies":"Large Slime","floor":11.0,"turns":5.0},{"damage":10.0,"enemies":"Gremlin Gang","floor":12.0,"turns":7.0},{"damage":0.0,"enemies":"Red Slaver","floor":13.0,"turns":1.0},{"damage":0.0,"enemies":"Exordium Thugs","floor":14.0,"turns":4.0},{"damage":27.0,"enemies":"Slime Boss","floor":16.0,"turns":12.0},{"damage":34.0,"enemies":"3 Byrds","floor":18.0,"turns":8.0},{"damage":11.0,"enemies":"Shell Parasite","floor":20.0,"turns":7.0},{"damage":0.0,"enemies":"Snake Plant","floor":22.0,"turns":1.0},{"damage":28.0,"enemies":"Cultist and Chosen","floor":24.0,"turns":8.0},{"damage":8.0,"enemies":"Snecko","floor":27.0,"turns":7.0},{"damage":8,"enemies":"Snake Plant","floor":29,"turns":2}],"seed_played":"7069342432976438548","potions_obtained":[{"floor":8.0,"key":"Swift Potion"},{"floor":11.0,"key":"GhostInAJar"},{"floor":12.0,"key":"Energy Potion"},{"floor":14.0,"key":"Swift Potion"},{"floor":20.0,"key":"PowerPotion"},{"floor":27.0,"key":"Swift Potion"}],"is_trial":false,"path_per_floor":["M","M","M","M","$","R","?","M","T","R","M","M","M","M","R","B",null,"M","$","M","?","M","R","M","?","T","M","?","M"],"character_chosen":"THE_SILENT","items_purchased":["Well Laid Plans+1","Orrery"],"campfire_rested":0,"item_purchase_floors":[19,19],"current_hp_per_floor":[57,56,56,50,50,50,39,39,39,48,40,30,30,30,42,15,67,33,33,22,22,22,37,9,9,9,1,1,0,0],"gold":20,"neow_bonus":"REMOVE_CARD","is_daily":false,"chose_seed":false,"campfire_upgraded":4,"win_rate":0.0,"timestamp":1613669003,"path_taken":["M","M","M","M","$","R","?","M","T","R","M","M","M","M","R","BOSS","M","$","M","?","M","R","M","?","T","M","?","M"],"items_purchased_type":["Card","Relic"],"build_version":"2020-12-22","purchased_purges":2,"victory":false,"max_hp_per_floor":[66,66,66,66,66,66,66,66,66,66,66,66,66,66,66,66,80,80,80,80,80,80,80,80,80,80,80,80,80,80],"card_choices":[{"not_picked":["Prepared","Flying Knee"],"picked":"Cloak And Dagger","floor":1.0},{"not_picked":["Backflip","All Out Attack"],"picked":"Tactician","floor":2.0},{"not_picked":["Outmaneuver","Poisoned Stab"],"picked":"Choke","floor":3.0},{"not_picked":["Outmaneuver","Deflect"],"picked":"Poisoned Stab","floor":4.0},{"not_picked":["Slice","Dodge and Roll"],"picked":"Blade Dance","floor":8.0},{"not_picked":["Bane","Deflect"],"picked":"Leg Sweep","floor":11.0},{"not_picked":["Deflect","Quick Slash"],"picked":"Blade Dance","floor":12.0},{"not_picked":["Dodge and Roll","Dagger Throw"],"picked":"Venomology","floor":13.0},{"not_picked":["Quick Slash","Dagger Spray","Concentrate"],"picked":"SKIP","floor":14.0},{"not_picked":["Quick Slash","Concentrate"],"picked":"Dagger Spray","floor":14.0},{"not_picked":["Tools of the Trade","Grand Finale"],"picked":"Wraith Form v2","floor":16.0},{"not_picked":["Eviscerate","Poisoned Stab","Heel Hook"],"picked":"SKIP","floor":18.0},{"not_picked":["Blade Dance","Underhanded Strike"],"picked":"Escape Plan","floor":19.0},{"not_picked":["Cloak And Dagger","Venomology"],"picked":"Acrobatics+1","floor":19.0},{"not_picked":["Deadly Poison","Calculated Gamble+1"],"picked":"Footwork+1","floor":19.0},{"not_picked":["Deflect+1","Blade Dance"],"picked":"Adrenaline","floor":20.0},{"not_picked":["Dagger Throw","Sucker Punch"],"picked":"PiercingWail","floor":24.0},{"not_picked":["Underhanded Strike","Blade Dance","Sucker Punch"],"picked":"SKIP","floor":27.0}],"player_experience":386284,"relics_obtained":[{"floor":9.0,"key":"Eternal Feather"},{"floor":17.0,"key":"Bag of Marbles"},{"floor":17.0,"key":"Frozen Egg 2"},{"floor":17.0,"key":"Mango"},{"floor":26.0,"key":"Nunchaku"}],"event_choices":[{"damage_healed":0.0,"max_hp_gain":0.0,"max_hp_loss":0.0,"gold_gain":75.0,"event_name":"World of Goop","player_choice":"Gather Gold","floor":7.0,"gold_loss":0.0,"damage_taken":11.0},{"damage_healed":0.0,"max_hp_gain":0.0,"max_hp_loss":0.0,"gold_gain":0.0,"event_name":"Cursed Tome","player_choice":"Ignored","floor":21.0,"gold_loss":0.0,"damage_taken":0.0},{"damage_healed":0.0,"max_hp_gain":0.0,"max_hp_loss":0.0,"gold_gain":0.0,"event_name":"Ghosts","player_choice":"Ignored","floor":25.0,"gold_loss":0.0,"damage_taken":0.0},{"cards_removed":["Strike_G"],"damage_healed":0.0,"max_hp_gain":0.0,"max_hp_loss":0.0,"gold_gain":0.0,"event_name":"Beggar","player_choice":"Gave Gold","floor":28.0,"gold_loss":75.0,"damage_taken":0.0}],"is_beta":false,"boss_relics":[{"not_picked":["Ectoplasm","Philosopher\u0027s Stone"],"picked":"Calling Bell"}],"items_purged_floors":[5,19],"is_endless":false,"potions_floor_spawned":[8,11,12,14,20,27],"killed_by":"Snake Plant","ascension_level":17}}