{"host":"ij6v9c62x5hkpuac","time":1613664237,"event":{"mods":["BaseMod","BetterRewards","Minty Spire (QoL Compilation)","Permanent Neow","Prisma Mod","Shop Mod","StSLib","Td1madao Mod","The Animator","The Servant 0.9.4","Yuri Mod"],"gold_per_floor":[119,39,114,114,131,131,131,145,145,180,190,208,241,253,253,330,330,346,16,30,30,30,30,30,30,30,30,30,30,30],"floor_reached":29,"language":"ENG","playtime":909,"items_purged":["TrueSight"],"score":414,"play_id":"15070f27-fb4a-4fcb-b4b4-deb786849745","local_time":"20210219000357","is_ascension_mode":true,"campfire_choices":[{"data":"Luminosity","floor":6,"key":"SMITH"},{"data":"Sunlight","floor":15,"key":"SMITH"},{"data":"Barrier","floor":23,"key":"SMITH"},{"data":"Luminosity","floor":27,"key":"SMITH"}],"circlet_count":0,"master_deck":["AscendersBane","KidneyShot","Exchange","Sunlight+1","BottledTime","Luminosity+1","Defy","Ricochet","Sunlight+1","Sabotage","KillingDoll","TimeTheft","StarChef","TimeWarp","Barrier+1","BestPractice","FlawlessForm","KillingDoll","Luminosity+1"],"relics":["Uniform","Omamori","Blood Vial","Dream Catcher","Pandora\u0027s Box","Eternal Feather","Bottled Flame","Pear","Darkstone Periapt"],"acts_visited":["Exordium","TheCity"],"potions_floor_usage":[16,24,29],"damage_taken":[{"damage":4,"enemies":"Jaw Worm","floor":1,"turns":4},{"damage":0,"enemies":"Small Slimes","floor":5,"turns":3},{"damage":0,"enemies":"2 Louse","floor":8,"turns":1},{"damage":1,"enemies":"Lagavulin","floor":10,"turns":5},{"damage":1,"enemies":"Looter","floor":11,"turns":4},{"damage":0,"enemies":"Large Slime","floor":12,"turns":4},{"damage":13,"enemies":"3 Sentries","floor":13,"turns":3},{"damage":0,"enemies":"3 Louse","floor":14,"turns":2},{"damage":28,"enemies":"The Guardian","floor":16,"turns":10},{"damage":2,"enemies":"Chosen","floor":18,"turns":4},{"damage":13,"enemies":"2 Thieves","floor":20,"turns":2},{"damage":0,"enemies":"Gremlin Leader","floor":24,"turns":1},{"damage":74,"enemies":"Book of Stabbing","floor":29,"turns":7}],"seed_played":"1133385162036877896","potions_obtained":[{"floor":8,"key":"Strength Potion"},{"floor":12,"key":"Energy Potion"},{"floor":13,"key":"SmokeBomb"},{"floor":16,"key":"SteroidPotion"}],"is_trial":false,"path_per_floor":["M","$","?","?","M","R","?","M","T","E","M","M","E","M","R","B",null,"M","$","M","?","?","R","E","T","T","R","?","E"],"character_chosen":"THE_SERVANT","items_purchased":["Luminosity","Eternal Feather"],"campfire_rested":0,"item_purchase_floors":[2,19],"current_hp_per_floor":[55,55,55,55,55,55,55,55,55,54,55,57,46,48,48,22,50,50,50,39,39,39,48,50,50,60,69,69,0,0],"gold":30,"neow_bonus":"THREE_RARE_CARDS","is_daily":false,"chose_seed":false,"campfire_upgraded":4,"win_rate":0.0,"timestamp":1613664237,"path_taken":["M","$","?","?","M","R","?","M","T","E","M","M","E","M","R","BOSS","M","$","M","?","?","R","E","?","T","R","?","E"],"items_purchased_type":["Card","Relic"],"build_version":"2020-12-22","purchased_purges":1,"victory":false,"max_hp_per_floor":[59,59,59,59,59,59,59,59,59,59,59,59,59,59,59,59,59,59,59,59,59,59,59,59,59,69,69,69,69,69],"card_choices":[{"not_picked":["Initiator","Duplication"],"picked":"Sunlight","floor":0},{"not_picked":["Rewind","Unruled"],"picked":"BottledTime","floor":1},{"not_picked":["Rewind","Orbit"],"picked":"Defy","floor":5},{"not_picked":["Alleviate","Rearm"],"picked":"Ricochet","floor":8},{"not_picked":["Deny","Unruled"],"picked":"Sunlight","floor":10},{"not_picked":["FastForward","SpecialFormula","DoubleEdge"],"picked":"SKIP","floor":11},{"not_picked":["DancingSilver","Rearm"],"picked":"Sabotage","floor":12},{"not_picked":["Rewind","WasteNot","Ricochet"],"picked":"SKIP","floor":13},{"not_picked":["WasteNot","Starlight","Rearm"],"picked":"SKIP","floor":14},{"not_picked":["FlawlessForm","SoulSculpture"],"picked":"KillingDoll","floor":16},{"not_picked":["Defy","Spin","Moonlight"],"picked":"SKIP","floor":18},{"not_picked":["BottledTime","ShiftingGears"],"picked":"Luminosity","floor":20}],"player_experience":682070,"relics_obtained":[{"floor":9,"key":"Omamori"},{"floor":10,"key":"Blood Vial"},{"floor":13,"key":"Dream Catcher"},{"floor":25,"key":"Bottled Flame"},{"floor":26,"key":"Pear"}],"event_choices":[{"damage_healed":0,"gold_gain":75,"player_choice":"Gained Gold","damage_taken":0,"max_hp_gain":0,"max_hp_loss":0,"event_name":"Golden Wing","floor":3,"gold_loss":0},{"damage_healed":0,"gold_gain":0,"player_choice":"Grow","damage_taken":0,"max_hp_gain":0,"max_hp_loss":0,"event_name":"Living Wall","floor":4,"gold_loss":0,"cards_upgraded":["Sunlight"]},{"damage_healed":0,"gold_gain":0,"player_choice":"Ignored","damage_taken":0,"max_hp_gain":0,"max_hp_loss":0,"event_name":"Liars Game","floor":7,"gold_loss":0},{"damage_healed":0,"gold_gain":0,"player_choice":"Ignored","damage_taken":0,"max_hp_gain":0,"max_hp_loss":0,"event_name":"Ghosts","floor":21,"gold_loss":0},{"damage_healed":0,"gold_gain":0,"player_choice":"Opened","damage_taken":0,"relics_obtained":["Darkstone Periapt"],"max_hp_gain":0,"max_hp_loss":0,"event_name":"The Mausoleum","floor":28,"gold_loss":0}],"is_beta":false,"boss_relics":[{"not_picked":["Black Star","Velvet Choker"],"picked":"Pandora\u0027s Box"}],"items_purged_floors":[19],"is_endless":false,"potions_floor_spawned":[8,12,13,16,20],"killed_by":"Book of Stabbing","ascension_level":13}}