{"host":"97k3n5kp0psabqmo","time":1613666987,"event":{"mods":["BaseMod","Colored Powertips","Minty Spire (QoL Compilation)"],"gold_per_floor":[112,126,76,90,107,107,135,145,197,197,2,2,2,2,2,2,2],"floor_reached":16,"language":"ENG","playtime":412,"items_purged":["Strike_R"],"score":120,"play_id":"e96be2c2-6550-4cf0-8ce5-465879dc1720","local_time":"20210218114947","is_ascension_mode":true,"campfire_choices":[{"data":"True Grit","floor":6,"key":"SMITH"},{"data":"Whirlwind","floor":10,"key":"SMITH"},{"floor":13,"key":"REST"},{"data":"Shrug It Off","floor":15,"key":"SMITH"}],"circlet_count":0,"master_deck":["Strike_R","Strike_R","Strike_R","Strike_R","Defend_R","Defend_R+1","Defend_R","Bash","Limit Break+1","Sword Boomerang","True Grit+1","Shrug It Off+1","Whirlwind+1"],"relics":["Burning Blood","Smiling Mask","Centennial Puzzle","Brimstone"],"acts_visited":["Exordium"],"potions_floor_usage":[7,7],"damage_taken":[{"damage":1,"enemies":"Cultist","floor":1,"turns":3},{"damage":7,"enemies":"Jaw Worm","floor":2,"turns":3},{"damage":3,"enemies":"Small Slimes","floor":4,"turns":4},{"damage":25,"enemies":"3 Louse","floor":5,"turns":4},{"damage":39,"enemies":"3 Sentries","floor":7,"turns":13},{"damage":8,"enemies":"Blue Slaver","floor":8,"turns":4},{"damage":44,"enemies":"Hexaghost","floor":16,"turns":4}],"seed_played":"6950197085033326474","potions_obtained":[{"floor":1,"key":"Dexterity Potion"},{"floor":5,"key":"Ancient Potion"}],"is_trial":false,"path_per_floor":["M","M","?","M","M","R","E","M","T","R","$","?","R","?","R","B"],"character_chosen":"IRONCLAD","items_purchased":["Brimstone"],"campfire_rested":1,"item_purchase_floors":[11],"current_hp_per_floor":[80,79,79,80,61,61,28,26,26,26,26,10,34,39,39,0,0],"gold":2,"neow_bonus":"ONE_RANDOM_RARE_CARD","is_daily":false,"chose_seed":false,"campfire_upgraded":3,"win_rate":0.0,"timestamp":1613666987,"path_taken":["M","M","?","M","M","R","E","M","T","R","$","?","R","?","R","BOSS"],"items_purchased_type":["Relic"],"build_version":"2020-12-22","purchased_purges":1,"victory":false,"max_hp_per_floor":[80,80,80,80,80,80,80,80,80,80,80,80,80,85,85,85,85],"card_choices":[{"not_picked":["Dark Embrace","Headbutt"],"picked":"Sword Boomerang","floor":1},{"not_picked":["Pommel Strike","Wild Strike"],"picked":"True Grit","floor":2},{"not_picked":["Anger","Reckless Charge"],"picked":"Shrug It Off","floor":4},{"not_picked":["Body Slam","Cleave","Flex"],"picked":"SKIP","floor":5},{"not_picked":["Carnage","Cleave","Warcry"],"picked":"SKIP","floor":7},{"not_picked":["Twin Strike","Disarm"],"picked":"Whirlwind","floor":8}],"player_experience":94536,"relics_obtained":[{"floor":7,"key":"Smiling Mask"},{"floor":9,"key":"Centennial Puzzle"}],"event_choices":[{"cards_removed":["Defend_R"],"damage_healed":0,"gold_gain":0,"player_choice":"Card Removal","damage_taken":0,"max_hp_gain":0,"max_hp_loss":0,"event_name":"The Cleric","floor":3,"gold_loss":50},{"damage_healed":0,"gold_gain":0,"player_choice":"Entered Light","damage_taken":16,"max_hp_gain":0,"max_hp_loss":0,"event_name":"Shining Light","floor":12,"gold_loss":0,"cards_upgraded":["Limit Break","Defend_R"]},{"damage_healed":0,"gold_gain":0,"player_choice":"Donut","damage_taken":0,"max_hp_gain":5,"max_hp_loss":0,"event_name":"Big Fish","floor":14,"gold_loss":0}],"is_beta":false,"boss_relics":[],"items_purged_floors":[11],"is_endless":false,"potions_floor_spawned":[1,5],"killed_by":"Hexaghost","ascension_level":4}}