{"host":"tlbbab9afexrkdtf","time":1613607613,"event":{"mods":["2.2 Compatiblity","AchievementEnabler","BaseMod","Colored Map","Colored Powertips","Minty Spire (QoL Compilation)","Rare Cards Sparkle","StSLib"],"gold_per_floor":[118,118,118,128,27,27,39,39,62,137,10,30,30,44,44,145,145,165,14,14,32,32,32,32,32],"floor_reached":24,"language":"ENG","playtime":758,"items_purged":["Strike_R+1","Strike_R"],"score":255,"play_id":"f2bd000c-de7b-427e-826c-6644d0aa8bb2","local_time":"20210217192013","is_ascension_mode":true,"campfire_choices":[{"floor":6,"key":"REST"},{"floor":8,"key":"RECALL"},{"data":"Armaments","floor":13,"key":"SMITH"},{"data":"Flex","floor":15,"key":"SMITH"},{"floor":23,"key":"REST"}],"circlet_count":0,"master_deck":["Strike_R","Strike_R","Strike_R","Defend_R","Defend_R","Defend_R","Defend_R","Bash+1","Flex+1","Power Through","Anger","Disarm","Clothesline","Armaments+1","Hemokinesis","Feed","Rupture","Ghostly Armor"],"relics":["Burning Blood","Orichalcum","SlaversCollar","Tiny Chest"],"acts_visited":["Exordium","TheCity"],"potions_floor_usage":[14,16,16],"damage_taken":[{"damage":4,"enemies":"Jaw Worm","floor":1,"turns":4},{"damage":5,"enemies":"2 Louse","floor":4,"turns":3},{"damage":0,"enemies":"Small Slimes","floor":7,"turns":3},{"damage":4,"enemies":"Blue Slaver","floor":12,"turns":4},{"damage":11,"enemies":"Lots of Slimes","floor":14,"turns":5},{"damage":58,"enemies":"Hexaghost","floor":16,"turns":11},{"damage":27,"enemies":"Shell Parasite","floor":18,"turns":9},{"damage":61,"enemies":"3 Byrds","floor":21,"turns":9},{"damage":88,"enemies":"Gremlin Leader","floor":24,"turns":6}],"seed_played":"-710158105619812797","potions_obtained":[{"floor":1,"key":"PowerPotion"},{"floor":7,"key":"BloodPotion"},{"floor":14,"key":"LiquidMemories"}],"is_trial":false,"path_per_floor":["M","?","?","M","$","R","M","R","T","?","$","M","R","M","R","B",null,"M","$","$","M","?","R","E"],"character_chosen":"IRONCLAD","items_purchased":["Anger","Clothesline","Tiny Chest"],"campfire_rested":2,"item_purchase_floors":[5,11,19],"current_hp_per_floor":[74,79,59,60,60,90,96,96,96,96,96,98,98,93,93,61,91,70,70,70,18,52,83,0,0],"gold":32,"neow_bonus":"TWENTY_PERCENT_HP_BONUS","is_daily":false,"chose_seed":false,"campfire_upgraded":2,"win_rate":0.0,"timestamp":1613607613,"path_taken":["M","?","?","M","$","R","M","R","T","?","?","?","R","M","R","BOSS","M","?","$","?","?","R","E"],"items_purchased_type":["Card","Card","Relic"],"build_version":"2020-12-22","purchased_purges":2,"victory":false,"max_hp_per_floor":[96,101,101,101,101,101,101,101,101,101,101,101,101,101,101,101,101,101,101,101,104,104,104,104,104],"card_choices":[{"not_picked":["Body Slam","Pommel Strike"],"picked":"Flex","floor":1},{"not_picked":["Fire Breathing","True Grit"],"picked":"Power Through","floor":4},{"not_picked":["Sword Boomerang","Havoc"],"picked":"Disarm","floor":7},{"not_picked":["Shrug It Off","Clothesline"],"picked":"Armaments","floor":12},{"not_picked":["True Grit","Evolve"],"picked":"Hemokinesis","floor":14},{"not_picked":["Impervious","Reaper"],"picked":"Feed","floor":16},{"not_picked":["Sentinel","Dark Embrace"],"picked":"Rupture","floor":18},{"not_picked":["Body Slam","Sword Boomerang"],"picked":"Ghostly Armor","floor":21}],"player_experience":323845,"relics_obtained":[{"floor":9,"key":"Orichalcum"}],"event_choices":[{"damage_healed":0,"gold_gain":0,"player_choice":"Donut","damage_taken":0,"max_hp_gain":5,"max_hp_loss":0,"event_name":"Big Fish","floor":2,"gold_loss":0},{"damage_healed":0,"gold_gain":0,"player_choice":"Entered Light","damage_taken":20,"max_hp_gain":0,"max_hp_loss":0,"event_name":"Shining Light","floor":3,"gold_loss":0,"cards_upgraded":["Strike_R","Bash"]},{"damage_healed":0,"gold_gain":75,"player_choice":"Gained Gold","damage_taken":0,"max_hp_gain":0,"max_hp_loss":0,"event_name":"Golden Wing","floor":10,"gold_loss":0},{"damage_healed":34,"gold_gain":0,"player_choice":"Heal","damage_taken":0,"max_hp_gain":0,"max_hp_loss":0,"event_name":"The Library","floor":22,"gold_loss":0}],"is_beta":false,"boss_relics":[{"not_picked":["Philosopher\u0027s Stone","Runic Pyramid"],"picked":"SlaversCollar"}],"items_purged_floors":[5,11],"is_endless":false,"potions_floor_spawned":[1,7,14],"killed_by":"Gremlin Leader","ascension_level":5}}