{"host":"bc854wfl0ro9ufwd","time":1613633500,"event":{"mods":["AchievementEnabler","BaseMod","Colored Powertips","Friendly Minions","Hubris","Infinite Spire","Marisa????????","Minty Spire (QoL Compilation)","Quick Restart","Replay The Spire","Shop Mod","StSLib","The Construct","The Disciple","The Jungle"],"gold_per_floor":[110,188,188,202,202,202,220,220,297,316,243,268,280,290,290,395,395,414,336,355,371,371,371],"floor_reached":22,"language":"ENG","playtime":857,"items_purged":[],"score":207,"play_id":"1045c53a-d285-4177-a916-64f191e361d7","local_time":"20210217233140","is_ascension_mode":true,"campfire_choices":[{"data":"Infinite Blades","floor":6,"key":"SMITH"},{"data":"Hidden Blade","floor":8,"key":"SMITH"},{"floor":15,"key":"REST"}],"circlet_count":0,"master_deck":["Strike_G","Strike_G","Strike_G","Strike_G","Strike_G","Defend_G","Defend_G","Defend_G","Defend_G","Survivor","Neutralize","Slice","Accuracy","Infinite Blades+1","Hidden Blade+1","Cloak And Dagger","ReplayTheSpireMod:Shiv Toss","hubris:Counter","hubris:Sniper","Storm of Steel","Finisher","ReplayTheSpireMod:Scrap Shanks","Hidden Blade"],"relics":["Ring of the Snake","NeowsBlessing","Mummified Hand","infinitespire:BottledMercury","Bird Faced Urn","SlaversCollar"],"acts_visited":["Exordium","TheCity"],"potions_floor_usage":[12,12,16,16,18,21,22],"damage_taken":[{"damage":0,"enemies":"Cultist","floor":1,"turns":1},{"damage":0,"enemies":"Small Slimes","floor":4,"turns":1},{"damage":0,"enemies":"2 Louse","floor":7,"turns":1},{"damage":10,"enemies":"2 Fungi Beasts","floor":10,"turns":3},{"damage":21,"enemies":"Lagavulin","floor":12,"turns":5},{"damage":14,"enemies":"Large Slime","floor":13,"turns":5},{"damage":5,"enemies":"Exordium Thugs","floor":14,"turns":6},{"damage":27,"enemies":"Hexaghost","floor":16,"turns":9},{"damage":7,"enemies":"Chosen","floor":18,"turns":4},{"damage":43,"enemies":"2 Thieves","floor":20,"turns":4},{"damage":24,"enemies":"Centurion and Healer","floor":21,"turns":4},{"damage":13,"enemies":"Shelled Parasite and Fungi","floor":22,"turns":1}],"seed_played":"-8297832872537280250","potions_obtained":[{"floor":7,"key":"Venom Potion"},{"floor":10,"key":"Explosive Potion"},{"floor":12,"key":"ColorlessPotion"},{"floor":14,"key":"PowerPotion"},{"floor":16,"key":"Poison Potion"},{"floor":20,"key":"PowerPotion"},{"floor":21,"key":"FearPotion"}],"is_trial":false,"path_per_floor":["M","T","?","M","$","R","M","R","T","M","$","E","M","M","R","B",null,"M","$","M","M","M"],"character_chosen":"THE_SILENT","items_purchased":["ReplayTheSpireMod:Shiv Toss","ReplayTheSpireMod:Scrap Shanks"],"campfire_rested":1,"item_purchase_floors":[11,19],"current_hp_per_floor":[70,70,70,70,70,70,70,70,70,60,60,39,29,28,49,30,70,63,63,24,8,0,0],"gold":371,"neow_bonus":"THREE_ENEMY_KILL","is_daily":false,"chose_seed":false,"campfire_upgraded":2,"win_rate":0.0,"timestamp":1613633500,"path_taken":["M","?","?","?","$","R","M","R","T","M","$","E","M","M","R","BOSS","M","$","M","M","M"],"items_purchased_type":["Card","Card"],"build_version":"2020-12-22","purchased_purges":0,"victory":false,"max_hp_per_floor":[70,70,70,70,70,70,70,70,70,70,70,70,70,70,70,70,70,70,70,70,70,70,70],"card_choices":[{"not_picked":["Reflex","Dagger Spray"],"picked":"Slice","floor":1},{"not_picked":["Quick Slash","hubris:SlightOfHand"],"picked":"Infinite Blades","floor":4},{"not_picked":["Deflect","Dash"],"picked":"Hidden Blade","floor":7},{"not_picked":["Bouncing Flask","Riddle With Holes"],"picked":"Cloak And Dagger","floor":10},{"not_picked":["Predator","Skewer"],"picked":"hubris:Counter","floor":12},{"not_picked":["Acrobatics","All Out Attack"],"picked":"hubris:Sniper","floor":13},{"not_picked":["Outmaneuver","Poisoned Stab","hubris:SlightOfHand"],"picked":"SKIP","floor":14},{"not_picked":["Night Terror","Tools of the Trade"],"picked":"Storm of Steel","floor":16},{"not_picked":["Expertise","Dagger Throw+1"],"picked":"Finisher","floor":18},{"not_picked":["Skewer+1","Poisoned Stab","Dodge and Roll"],"picked":"SKIP","floor":20},{"not_picked":["Flying Knee","hubris:SlightOfHand"],"picked":"Hidden Blade","floor":21}],"player_experience":58979,"relics_obtained":[{"floor":2,"key":"Mummified Hand"},{"floor":9,"key":"infinitespire:BottledMercury"},{"floor":12,"key":"Bird Faced Urn"}],"event_choices":[{"damage_healed":0,"gold_gain":0,"cards_transformed":["Defend_G"],"player_choice":"Transformed","damage_taken":0,"max_hp_gain":0,"max_hp_loss":0,"event_name":"Transmorgrifier","floor":3,"gold_loss":0,"cards_obtained":["Accuracy"]}],"is_beta":false,"boss_relics":[{"not_picked":["Velvet Choker","Fusion Hammer"],"picked":"SlaversCollar"}],"items_purged_floors":[],"is_endless":false,"potions_floor_spawned":[7,10,12,14,16,20,21],"killed_by":"Shelled Parasite and Fungi","ascension_level":2}}