{"host":"ty9fb48q9oru32qm","time":1613649189,"event":{"mods":["2.2 Compatiblity","AchievementEnabler","Act Like it!","Astrologer","BaseMod","Beaked The Cultist","Better Synergies","Block Reminder","Colored Powertips","Conspire","DeckTracker","Downfall","Ekko","Friendly Minions","GifTheSpireLib","Hermit","Hubris","Infinite Spire","Jorbs\u0027s Wanderer Trilogy","Marisa????????","Minty Spire (QoL Compilation)","Permanent Neow","Quick Restart","Random Character Button","Reliquary","Replay The Spire","Somnambulant","StSLib","Stuff the Spire","The Cursed","The Marked","The Runesmith","TheVacant"],"gold_per_floor":[112,112,131,131,141,141,160,160,160,190,204,217,236,266,266,369,369,392,392,412,412,450,484,500,517,563,597,797,83,83,100,100,198,198,217,217,217,235,81,81,115,191,191,191,35,35,75,92,92,96,96],"floor_reached":50,"language":"ENG","playtime":4943,"items_purged":["Pain","TheCursedMod:Strike_TheCursed"],"score":725,"play_id":"7642cb93-8d13-434b-b192-eec8adbe6c45","local_time":"20210218125309","is_ascension_mode":false,"campfire_choices":[{"data":"TheCursedMod:Hemoplague","floor":6,"key":"SMITH"},{"data":"TheCursedMod:Hemoplague","floor":8,"key":"SMITH"},{"floor":15,"key":"REST"},{"floor":30,"key":"REST"},{"data":"TheCursedMod:CleanUpWorkshop","floor":32,"key":"SMITH"},{"data":"TheCursedMod:LuckyCharm","floor":40,"key":"SMITH"},{"floor":46,"key":"RECALL"},{"data":"TheCursedMod:LuckyCharm","floor":49,"key":"SMITH"}],"circlet_count":0,"master_deck":["TheCursedMod:Strike_TheCursed","TheCursedMod:Defend_TheCursed","TheCursedMod:Defend_TheCursed","TheCursedMod:Defend_TheCursed","TheCursedMod:Defend_TheCursed","TheCursedMod:CursedWand","TheCursedMod:CleanUpWorkshop+1","TheCursedMod:Dregs","TheCursedMod:SpitefulStrike","TheCursedMod:CircleOfCorruption+1","TheCursedMod:Stretching","TheCursedMod:Hemoplague+1","TheCursedMod:Hemoplague+1","TheCursedMod:CursedArmor","TheCursedMod:CircleOfCorruption","TheCursedMod:CircleOfAbyss","TheCursedMod:LuckyCharm+1","TheCursedMod:HellfireBreathing+1","TheCursedMod:SmokeScreen","StuffTheSpire:CelestialWarden","TheCursedMod:CursedAmulet+1","TheCursedMod:Obscuration","TheCursedMod:ReleasedStrength+1","Panacea","TheCursedMod:CursedRelics+1","TheCursedMod:LuckyCharm+1","TheCursedMod:LuckyCharm+1","TheCursedMod:Grudge+1","TheCursedMod:SaltUponWound+1"],"relics":["TheCursedMod:BlackMagic101","infinitespire:Satchel","Iron Hammer","Replay:Bandana","beaked:SacredDeck","Red Mask","reliquary:Aerogel","StuffTheSpire:OldFever","infinitespire:CheckeredPen","reliquary:TridentHead","hubris:EmptyBottle","reliquary:ExpiredCoupon","Philosopher\u0027s Stone","Replay:Rubber Ducky","Blue Candle","ClockworkSouvenir","reliquary:ThirdArm","Oddly Smooth Stone","infinitespire:Beetle Shell"],"acts_visited":["Exordium","TheCity","TheBeyond"],"potions_floor_usage":[33],"damage_taken":[{"damage":1,"enemies":"Cultist","floor":1,"turns":3},{"damage":1,"enemies":"Jaw Worm","floor":3,"turns":3},{"damage":0,"enemies":"2 Louse","floor":5,"turns":2},{"damage":0,"enemies":"Looter","floor":7,"turns":3},{"damage":33,"enemies":"3 Sentries","floor":10,"turns":8},{"damage":7,"enemies":"Exordium Thugs","floor":11,"turns":4},{"damage":22,"enemies":"Gremlin Gang","floor":12,"turns":4},{"damage":0,"enemies":"Large Slime","floor":13,"turns":4},{"damage":0,"enemies":"Lagavulin","floor":14,"turns":5},{"damage":29,"enemies":"The Guardian","floor":16,"turns":8},{"damage":7,"enemies":"Shell Parasite","floor":18,"turns":6},{"damage":0,"enemies":"3 Byrds","floor":20,"turns":3},{"damage":17,"enemies":"Masked Bandits","floor":22,"turns":4},{"damage":9,"enemies":"Gremlin Leader","floor":23,"turns":7},{"damage":3,"enemies":"Centurion and Healer","floor":24,"turns":8},{"damage":2,"enemies":"Snake Plant","floor":25,"turns":4},{"damage":22,"enemies":"Book of Stabbing","floor":27,"turns":6},{"damage":1,"enemies":"Shelled Parasite and Fungi","floor":31,"turns":5},{"damage":0,"enemies":"conspire:MysteriousRune","floor":33,"turns":9},{"damage":3,"enemies":"3 Shapes","floor":35,"turns":2},{"damage":0,"enemies":"Orb Walker","floor":38,"turns":2},{"damage":5,"enemies":"Nightmare","floor":41,"turns":8},{"damage":0,"enemies":"R_Hoarder","floor":47,"turns":7},{"damage":5,"enemies":"Maw","floor":48,"turns":6},{"damage":47,"enemies":"hubris:GrandSnecko","floor":50,"turns":17}],"seed_played":"964316892898519716","potions_obtained":[{"floor":1,"key":"Reflective Coating"},{"floor":5,"key":"sneckomod:MuddlingPotion"},{"floor":11,"key":"Strength Potion"},{"floor":23,"key":"DuplicationPotion"},{"floor":27,"key":"Cursed Concoction"},{"floor":48,"key":"Dexterity Potion"}],"is_trial":false,"path_per_floor":["M","?","M","?","M","R","M","R","T","E","M","M","M","E","R","B",null,"M","?","M","?","?","E","M","M","T","E","?","$","R","M","R","B",null,"M","?","?","M","$","R","NM","?","T","AVR","$","R","E","M","R","B"],"character_chosen":"THE_CURSED","items_purchased":["reliquary:TridentHead","hubris:EmptyBottle","reliquary:ExpiredCoupon","Panacea","Replay:Rubber Ducky","Oddly Smooth Stone"],"campfire_rested":2,"item_purchase_floors":[29,29,29,29,39,45],"current_hp_per_floor":[74,74,73,73,73,73,73,73,73,40,33,11,11,11,33,4,75,68,68,68,68,51,42,39,37,37,15,15,15,37,36,36,36,75,72,72,72,72,72,72,67,37,37,37,37,37,37,32,32,0,0],"gold":96,"neow_bonus":"TRANSFORM_CARD","is_daily":false,"chose_seed":false,"campfire_upgraded":5,"win_rate":0.0,"timestamp":1613649189,"path_taken":["M","?","?","?","M","R","M","R","T","E","M","M","M","E","R","BOSS","M","?","M","?","?","E","M","?","T","E","?","$","R","?","R","BOSS","M","?","?","?","$","R","NM","?","T","AVR","?","R","E","?","R","BOSS"],"items_purchased_type":["Relic","Relic","Relic","Card","Relic","Relic"],"build_version":"2020-12-22","purchased_purges":2,"victory":false,"max_hp_per_floor":[75,75,75,75,75,75,75,75,75,75,75,75,75,75,75,75,75,75,75,75,75,75,75,75,75,75,75,75,75,75,75,75,75,75,75,75,75,75,75,75,75,75,75,75,75,75,75,75,75,75,75],"card_choices":[{"not_picked":["TheCursedMod:DoubleShield","TheCursedMod:CursedAmulet"],"picked":"TheCursedMod:CircleOfCorruption","floor":1},{"not_picked":["TheCursedMod:TacticalStrike","TheCursedMod:Mangle"],"picked":"TheCursedMod:Stretching","floor":3},{"not_picked":["TheCursedMod:RavingStaff","TheCursedMod:FleshFromBone"],"picked":"TheCursedMod:Hemoplague","floor":5},{"not_picked":["TheCursedMod:FleshFromBone","TheCursedMod:Torture"],"picked":"TheCursedMod:Hemoplague","floor":7},{"not_picked":["TheCursedMod:RapidMovement","TheCursedMod:ReleasedStrength","TheCursedMod:CursedShiv"],"picked":"SKIP","floor":10},{"not_picked":["TheCursedMod:ManaCirculation","TheCursedMod:SoulReap","TheCursedMod:Wield"],"picked":"SKIP","floor":11},{"not_picked":["TheCursedMod:Stigma","TheCursedMod:Stretching"],"picked":"TheCursedMod:CursedArmor","floor":12},{"not_picked":["TheCursedMod:SmokeScreen","TheCursedMod:ManaBullet"],"picked":"TheCursedMod:CircleOfCorruption","floor":13},{"not_picked":["TheCursedMod:ForbiddenAlchemy","TheCursedMod:VitalStrike","TheCursedMod:TroublousMinions"],"picked":"SKIP","floor":14},{"not_picked":["TheCursedMod:DarkBarrier","TheCursedMod:ManaCirculation"],"picked":"TheCursedMod:CircleOfAbyss","floor":16},{"not_picked":["TheCursedMod:CursedSpellbook+1","TheCursedMod:ReleasedKnowledge"],"picked":"TheCursedMod:HellfireBreathing+1","floor":18},{"not_picked":["TheCursedMod:TacticalStrike+1","TheCursedMod:VitalStrike"],"picked":"TheCursedMod:SmokeScreen","floor":20},{"not_picked":["TheCursedMod:VitalStrike+1","TheCursedMod:SpitefulStrike+1"],"picked":"TheCursedMod:CursedAmulet+1","floor":22},{"not_picked":["TheCursedMod:Stigma","TheCursedMod:SoulReap+1"],"picked":"TheCursedMod:Obscuration","floor":23},{"not_picked":["TheCursedMod:SmokeScreen","TheCursedMod:Obscuration"],"picked":"TheCursedMod:ReleasedStrength+1","floor":24},{"not_picked":["TheCursedMod:CircleOfWindfury","TheCursedMod:CircleOfFlame","TheCursedMod:WearCloak"],"picked":"SKIP","floor":25},{"not_picked":["TheCursedMod:Torture","TheCursedMod:AshesToAshes","TheCursedMod:BloodBarrier"],"picked":"SKIP","floor":27},{"not_picked":["TheCursedMod:ParallelWorld","TheCursedMod:Obscuration","TheCursedMod:Torture"],"picked":"SKIP","floor":31},{"not_picked":["TheCursedMod:Neurasthenia","TheCursedMod:CircleOfAbyss"],"picked":"TheCursedMod:CursedRelics","floor":33},{"not_picked":["TheCursedMod:VitalStrike+1","TheCursedMod:CircleOfWindfury+1"],"picked":"TheCursedMod:LuckyCharm","floor":35},{"not_picked":["TheCursedMod:BlessingInDisguise+1","TheCursedMod:CursedAmulet+1"],"picked":"TheCursedMod:LuckyCharm+1","floor":38},{"not_picked":["TheCursedMod:SurpriseAttack","TheCursedMod:ShockAndAwe"],"picked":"TheCursedMod:Grudge+1","floor":41},{"not_picked":["TheCursedMod:CursedShiv+1","TheCursedMod:Mangle+1"],"picked":"TheCursedMod:SaltUponWound+1","floor":42},{"not_picked":["TheCursedMod:Evocation+1","TheCursedMod:CursedBoomerang+1","TheCursedMod:LuckyCharm"],"picked":"SKIP","floor":47},{"not_picked":["TheCursedMod:CursedBlade+1","TheCursedMod:VitalStrike+1","TheCursedMod:CircleOfCorruption+1"],"picked":"SKIP","floor":48}],"player_experience":302033,"relics_obtained":[{"floor":9,"key":"infinitespire:Satchel"},{"floor":10,"key":"Iron Hammer"},{"floor":14,"key":"Replay:Bandana"},{"floor":22,"key":"Red Mask"},{"floor":23,"key":"reliquary:Aerogel"},{"floor":26,"key":"StuffTheSpire:OldFever"},{"floor":27,"key":"infinitespire:CheckeredPen"},{"floor":41,"key":"Blue Candle"},{"floor":47,"key":"infinitespire:Beetle Shell"}],"event_choices":[{"cards_removed":["TheCursedMod:Strike_TheCursed"],"damage_healed":0,"gold_gain":0,"player_choice":"Purged","damage_taken":0,"max_hp_gain":0,"max_hp_loss":0,"event_name":"Purifier","floor":2,"gold_loss":0},{"damage_healed":0,"gold_gain":0,"player_choice":"Upgraded","damage_taken":0,"max_hp_gain":0,"max_hp_loss":0,"event_name":"Upgrade Shrine","floor":4,"gold_loss":0,"cards_upgraded":["TheCursedMod:CircleOfCorruption"]},{"damage_healed":0,"gold_gain":0,"player_choice":"Leave","damage_taken":0,"max_hp_gain":0,"max_hp_loss":0,"event_name":"conspire:Investor","floor":19,"gold_loss":0},{"damage_healed":0,"gold_gain":0,"player_choice":"Fought Bandits","damage_taken":0,"max_hp_gain":0,"max_hp_loss":0,"event_name":"Masked Bandits","floor":22,"gold_loss":0},{"damage_healed":0,"gold_gain":250,"player_choice":"Bet on Owner","damage_taken":0,"max_hp_gain":0,"max_hp_loss":0,"event_name":"The Joust","floor":28,"gold_loss":50},{"damage_healed":0,"gold_gain":0,"player_choice":"Ignored","damage_taken":0,"max_hp_gain":0,"max_hp_loss":0,"event_name":"SecretPortal","floor":37,"gold_loss":0}],"is_beta":false,"boss_relics":[{"not_picked":["hubris:ScarierMask","hubris:VirtuousBlindfold"],"picked":"beaked:SacredDeck"},{"not_picked":["hubris:Stopwatch","ChewingGum"],"picked":"Philosopher\u0027s Stone"}],"items_purged_floors":[29,44],"is_endless":false,"potions_floor_spawned":[1,5,11,13,23,27,31,41,48],"killed_by":"hubris:GrandSnecko","ascension_level":0}}