{"host":"jfbo3eu2ui08ej1u","time":1613623781,"event":{"mods":["2.2 Compatiblity","AchievementEnabler","Act Like it!","Aspiration","BaseMod","Better Altar","Better Match","Better Note","Better Sensory Stone","Better Skull","Better Third Choice","Block Reminder","Colored Map","Colored Powertips","Conspire","DeckTracker","Displayed Cursed Tome","Energized Spire","Fox Events","GifTheSpireLib","Hermit","Hubris","Infinite Spire","Marked Mod","Minty Spire (QoL Compilation)","Monster B Gone","Pale of the Ancients","Poor People Problems","Quick Restart","Relic Filter","Reliquary","Reorder Act Four","Replay The Spire","Shop Mod","Spicy Shops","Spire Arcade","StSLib","Stuff the Spire","The Blue Laboratory","The Disciple","The Forsaken","The Hierophant","The Marked","Uncapped","Unceasing Turn Reminder","Wandering Minibosses"],"gold_per_floor":[117,134,154,165,180,180,180,180],"floor_reached":7,"language":"ENG","playtime":298,"items_purged":[],"score":90,"play_id":"8da0ac04-5d64-416a-bac5-4a31133ed123","local_time":"20210217234941","is_ascension_mode":true,"campfire_choices":[{"floor":6.0,"key":"REST"}],"circlet_count":0,"master_deck":["AscendersBane","Strike_P","Strike_P","Strike_P","Strike_P","Defend_P","Defend_P","Defend_P","Defend_P","Eruption","Vigilance","FollowUp","PathToVictory","FollowUp","CrushJoints","MarkedMod:GracefulMovements","Replay:ManipulateFuture"],"relics":["PureWater"],"acts_visited":["Exordium"],"potions_floor_usage":[7],"damage_taken":[{"damage":0.0,"enemies":"Jaw Worm","floor":1.0,"turns":4.0},{"damage":2.0,"enemies":"Cultist","floor":2.0,"turns":3.0},{"damage":0.0,"enemies":"conspire:RoseBush","floor":3.0,"turns":4.0},{"damage":6.0,"enemies":"3 Louse","floor":4.0,"turns":4.0},{"damage":34.0,"enemies":"Exordium Wildlife","floor":5.0,"turns":6.0},{"damage":39,"enemies":"3 Sentries","floor":7,"turns":8}],"seed_played":"-6081767433841709962","potions_obtained":[{"floor":4.0,"key":"FearPotion"},{"floor":5.0,"key":"blueLaboratory:HummingbirdPotion"}],"is_trial":false,"path_per_floor":["M","M","M","M","M","R","E"],"character_chosen":"WATCHER","items_purchased":[],"campfire_rested":1,"item_purchase_floors":[],"current_hp_per_floor":[61,59,59,53,19,39,0,0],"gold":180,"neow_bonus":"THREE_CARDS","is_daily":false,"chose_seed":false,"campfire_upgraded":0,"win_rate":0.0,"timestamp":1613623781,"path_taken":["M","M","M","M","M","R","E"],"items_purchased_type":[],"build_version":"2020-12-22","purchased_purges":0,"victory":false,"max_hp_per_floor":[68,68,68,68,68,68,68,68],"card_choices":[{"not_picked":["Replay:Vibes","Evaluate"],"picked":"FollowUp","floor":0.0},{"not_picked":["Protect","SashWhip"],"picked":"PathToVictory","floor":1.0},{"not_picked":["Replay:AtTheReady","EmptyBody"],"picked":"FollowUp","floor":2.0},{"not_picked":["Pray","SignatureMove"],"picked":"CrushJoints","floor":3.0},{"not_picked":["Replay:Hum","ClearTheMind"],"picked":"MarkedMod:GracefulMovements","floor":4.0},{"not_picked":["Sanctity","ReachHeaven"],"picked":"Replay:ManipulateFuture","floor":5.0}],"player_experience":1341647,"relics_obtained":[],"event_choices":[],"is_beta":false,"boss_relics":[],"items_purged_floors":[],"is_endless":false,"potions_floor_spawned":[4,5],"killed_by":"3 Sentries","ascension_level":20}}