{"host":"u2qrfxkm3wve0vp3","time":1613662327,"event":{"mods":["AchievementEnabler","BaseMod","Downfall","Minty Spire (QoL Compilation)","Quick Restart","Shop Mod","StSLib","The Cursed","The Marked"],"gold_per_floor":[112,112,122,134,152,178,178,198,223,239,189,189,217,228,228,333,333,349,121,138,151,131,165,165,194,220,237,252,252,252],"floor_reached":29,"language":"ZHS","playtime":940,"items_purged":["theMarked:Strike","theMarked:Strike"],"score":279,"play_id":"d28ff88a-8140-4562-a854-fb2a404bd060","local_time":"20210218233207","is_ascension_mode":false,"campfire_choices":[{"data":"theMarked:SoldierOfQuellstein","floor":7,"key":"SMITH"},{"data":"theMarked:EternalStudent","floor":12,"key":"SMITH"},{"floor":15,"key":"RECALL"},{"data":"Mayhem","floor":24,"key":"SMITH"}],"circlet_count":0,"master_deck":["theMarked:Strike","theMarked:Strike+1","theMarked:Strike+1","theMarked:Defend","theMarked:Defend","theMarked:Defend","theMarked:Defend","theMarked:SoldierOfQuellstein+1","theMarked:EternalStudent+1","theMarked:OneWithTheBlade","theMarked:SwordAndMagic","theMarked:FavorableWinds","theMarked:Defy","theMarked:EmpowerWeapon","Mayhem+1","theMarked:Parry+1","theMarked:EmpowerWeapon+1"],"relics":["theMarked:ArtifactOfAir","Smiling Mask","Pen Nib","theMarked:SpiritSword","Whetstone","Shuriken","Toy Ornithopter"],"acts_visited":["Exordium","TheCity"],"potions_floor_usage":[5,6,20,20,23,23,23],"damage_taken":[{"damage":0,"enemies":"Small Slimes","floor":1,"turns":3},{"damage":1,"enemies":"Cultist","floor":3,"turns":3},{"damage":1,"enemies":"Jaw Worm","floor":4,"turns":4},{"damage":11,"enemies":"Lots of Slimes","floor":5,"turns":5},{"damage":3,"enemies":"Lagavulin","floor":6,"turns":5},{"damage":1,"enemies":"Exordium Wildlife","floor":8,"turns":3},{"damage":6,"enemies":"Exordium Thugs","floor":10,"turns":4},{"damage":9,"enemies":"3 Sentries","floor":13,"turns":5},{"damage":0,"enemies":"Looter","floor":14,"turns":3},{"damage":25,"enemies":"Hexaghost","floor":16,"turns":6},{"damage":2,"enemies":"Shell Parasite","floor":18,"turns":4},{"damage":0,"enemies":"3 Byrds","floor":20,"turns":2},{"damage":0,"enemies":"Centurion and Healer","floor":21,"turns":3},{"damage":8,"enemies":"Book of Stabbing","floor":23,"turns":5},{"damage":36,"enemies":"Gremlin Leader","floor":25,"turns":3},{"damage":15,"enemies":"Shelled Parasite and Fungi","floor":27,"turns":3},{"damage":6,"enemies":"Cultist and Chosen","floor":28,"turns":3},{"damage":10,"enemies":"Snecko","floor":29,"turns":2}],"seed_played":"-7015485091888314548","potions_obtained":[{"floor":3,"key":"Strength Potion"},{"floor":4,"key":"Fire Potion"},{"floor":5,"key":"Explosive Potion"},{"floor":13,"key":"SkillPotion"},{"floor":16,"key":"ColorlessPotion"},{"floor":18,"key":"AttackPotion"},{"floor":21,"key":"ColorlessPotion"},{"floor":22,"key":"theMarked:SummonPotion"},{"floor":25,"key":"EssenceOfSteel"}],"is_trial":false,"path_per_floor":["M","?","M","M","M","E","R","M","T","M","$","R","E","M","R","B",null,"M","$","M","M","?","E","R","E","T","M","M","M"],"character_chosen":"THE_DEFAULT","items_purchased":["Mayhem"],"campfire_rested":0,"item_purchase_floors":[19],"current_hp_per_floor":[72,72,71,70,59,56,56,55,55,49,49,49,40,40,40,15,72,70,70,70,70,70,62,62,26,26,11,5,0,0],"gold":252,"neow_bonus":"ONE_RANDOM_RARE_CARD","is_daily":false,"chose_seed":false,"campfire_upgraded":3,"win_rate":0.0,"timestamp":1613662327,"path_taken":["M","?","M","?","M","E","R","M","T","M","?","R","E","?","R","BOSS","M","$","M","M","?","E","R","E","T","M","?","M"],"items_purchased_type":["Card"],"build_version":"2020-12-22","purchased_purges":2,"victory":false,"max_hp_per_floor":[72,72,72,72,72,72,72,72,72,72,72,72,72,72,72,72,72,72,72,72,72,72,72,72,72,72,72,72,72,72],"card_choices":[{"not_picked":["theMarked:WastefulAttack","theMarked:ElectricStrings"],"picked":"theMarked:OneWithTheBlade","floor":1},{"not_picked":["theMarked:ContemptForTheProud","theMarked:ResourceFulStrike","theMarked:WastefulAttack"],"picked":"SKIP","floor":3},{"not_picked":["theMarked:TunnelVision","theMarked:Standoff"],"picked":"theMarked:SwordAndMagic","floor":4},{"not_picked":["theMarked:CreepingChasm","theMarked:Aftermath","theMarked:DispelDoubt"],"picked":"SKIP","floor":5},{"not_picked":["theMarked:Heritage","theMarked:Seal","theMarked:BanishingStrike"],"picked":"SKIP","floor":6},{"not_picked":["theMarked:ChainLightning","theMarked:Pokerface","theMarked:WardOff"],"picked":"SKIP","floor":8},{"not_picked":["theMarked:HeightenedSenses","theMarked:BanishingStrike","theMarked:Improvise"],"picked":"SKIP","floor":10},{"not_picked":["theMarked:Determination","theMarked:SwordAndMagic"],"picked":"theMarked:FavorableWinds","floor":13},{"not_picked":["theMarked:OneWithTheBlade","theMarked:WardOff","theMarked:Frustration"],"picked":"SKIP","floor":14},{"not_picked":["theMarked:Vacuum","theMarked:UnarmedFury"],"picked":"theMarked:Defy","floor":16},{"not_picked":["theMarked:Reabsorb+1","theMarked:CreepingChasm"],"picked":"theMarked:EmpowerWeapon","floor":18},{"not_picked":["theMarked:KeepCalmAndFight","theMarked:TwofoldDefense+1"],"picked":"theMarked:Parry+1","floor":20},{"not_picked":["theMarked:TwofoldDefense","theMarked:TunnelVision+1","theMarked:ShockingTouch+1"],"picked":"SKIP","floor":21},{"not_picked":["theMarked:Parkour+1","theMarked:ElectricStrings"],"picked":"theMarked:EmpowerWeapon+1","floor":23},{"not_picked":["theMarked:ContemptForTheProud","theMarked:SelfDefenseTraining","theMarked:Opportunist+1"],"picked":"SKIP","floor":25},{"not_picked":["theMarked:DispelDoubt","theMarked:TakeCover","theMarked:Improvise"],"picked":"SKIP","floor":27},{"not_picked":["theMarked:SwordAndMagic","theMarked:WastefulAttack+1","theMarked:LightningStrikesTwice"],"picked":"SKIP","floor":28}],"player_experience":325730,"relics_obtained":[{"floor":6,"key":"Smiling Mask"},{"floor":13,"key":"Pen Nib"},{"floor":23,"key":"Whetstone"},{"floor":25,"key":"Shuriken"},{"floor":26,"key":"Toy Ornithopter"}],"event_choices":[{"damage_healed":0,"gold_gain":0,"player_choice":"Full Heal","damage_taken":0,"max_hp_gain":0,"max_hp_loss":0,"event_name":"Wheel of Change","floor":2,"gold_loss":0},{"damage_healed":0,"gold_gain":0,"player_choice":"Bought 1 Potion","damage_taken":0,"max_hp_gain":0,"max_hp_loss":0,"event_name":"The Woman in Blue","floor":22,"gold_loss":0}],"is_beta":false,"boss_relics":[{"not_picked":["Fusion Hammer","Velvet Choker"],"picked":"theMarked:SpiritSword"}],"items_purged_floors":[11,19],"is_endless":false,"potions_floor_spawned":[3,4,5,13,16,18,21,25],"killed_by":"Snecko","ascension_level":0}}