{"host":"ugys05tpep779cl6","time":1613680486,"event":{"mods":["AchievementEnabler","Aspiration","BaseMod","Beaked The Cultist","CatGirl Mod","Colored Powertips","HololiveMod","Lobotomy","Minty Spire (QoL Compilation)","Quick Restart","Replay The Spire","Spicy Shops","StSLib","The Druid"],"gold_per_floor":[110,122,47,47,47,127,127,161,161,194,210,271,285,298,298,343,343],"floor_reached":16,"language":"ENG","playtime":858,"items_purged":["Strike_R"],"score":128,"play_id":"f02c1852-6355-4da0-86b1-9161af30314f","local_time":"20210218213446","is_ascension_mode":true,"campfire_choices":[{"data":"Iron Wave","floor":7.0,"key":"SMITH"},{"data":"Sword Boomerang","floor":15.0,"key":"SMITH"}],"circlet_count":0,"master_deck":["Strike_R","Strike_R","Strike_R","Strike_R","Defend_R","Defend_R","Defend_R","Defend_R","Bash","Metallicize","Iron Wave+1","Voices","Headbutt","Shrug It Off","Sword Boomerang+1"],"relics":["Burning Blood","aspiration:DSix","Ring of Searing","ReplayTheSpireMod:Ring of Challenge","aspiration:HiddenCompartment","Quantum Egg","Chameleon Ring"],"acts_visited":["Exordium"],"potions_floor_usage":[16,16,16],"damage_taken":[{"damage":6.0,"enemies":"Cultist","floor":1.0,"turns":3.0},{"damage":0.0,"enemies":"Small Slimes","floor":2.0,"turns":3.0},{"damage":52.0,"enemies":"3 Sentries","floor":6.0,"turns":13.0},{"damage":5.0,"enemies":"Replay:BlueRogue","floor":8.0,"turns":7.0},{"damage":9.0,"enemies":"Lagavulin","floor":10.0,"turns":8.0},{"damage":1.0,"enemies":"Jaw Worm","floor":11.0,"turns":4.0},{"damage":7.0,"enemies":"Large Slime","floor":12.0,"turns":5.0},{"damage":7.0,"enemies":"3 Louse","floor":13.0,"turns":4.0},{"damage":5.0,"enemies":"Exordium Thugs","floor":14.0,"turns":5.0},{"damage":40,"enemies":"Hexaghost","floor":16,"turns":7}],"seed_played":"-2336027330705682324","potions_obtained":[{"floor":1.0,"key":"Dexterity Potion"},{"floor":6.0,"key":"Weak Potion"},{"floor":8.0,"key":"EntropicBrew"},{"floor":13.0,"key":"Ancient Potion"}],"is_trial":false,"path_per_floor":["M","M","$","?","$","E","R","E","T","E","M","M","M","M","R","B"],"character_chosen":"IRONCLAD","items_purchased":[],"campfire_rested":0,"item_purchase_floors":[],"current_hp_per_floor":[80,80,80,80,80,34,34,35,35,32,37,36,35,36,36,0,0],"gold":343,"neow_bonus":"DSIX","is_daily":false,"chose_seed":false,"campfire_upgraded":2,"win_rate":0.0,"timestamp":1613680486,"path_taken":["M","?","$","?","$","E","R","E","T","E","M","M","M","M","R","BOSS"],"items_purchased_type":[],"build_version":"2020-12-22","purchased_purges":1,"victory":false,"max_hp_per_floor":[80,80,80,80,80,80,80,80,80,80,80,80,80,80,80,80,80],"card_choices":[{"not_picked":["Uppercut","Sword Boomerang"],"picked":"Metallicize","floor":1.0},{"not_picked":["Pommel Strike","True Grit"],"picked":"Iron Wave","floor":2.0},{"not_picked":["Armaments","True Grit","Run Through"],"picked":"SKIP","floor":6.0},{"not_picked":["Battle Trance","Abandon"],"picked":"Headbutt","floor":8.0},{"not_picked":["Flex","Combust","Pommel Strike"],"picked":"SKIP","floor":10.0},{"not_picked":["Pommel Strike","Reckless Charge","Hemokinesis"],"picked":"SKIP","floor":11.0},{"not_picked":["Infernal Blade","Brutality"],"picked":"Shrug It Off","floor":12.0},{"not_picked":["Pommel Strike","ReplayTheSpireMod:Strike From Hell"],"picked":"Sword Boomerang","floor":13.0},{"not_picked":["Searing Blow","ReplayTheSpireMod:Strike From Hell","True Grit"],"picked":"SKIP","floor":14.0}],"player_experience":757314,"relics_obtained":[{"floor":4.0,"key":"Ring of Searing"},{"floor":4.0,"key":"ReplayTheSpireMod:Ring of Challenge"},{"floor":6.0,"key":"aspiration:HiddenCompartment"},{"floor":8.0,"key":"Quantum Egg"},{"floor":10.0,"key":"Chameleon Ring"}],"event_choices":[],"is_beta":false,"boss_relics":[],"items_purged_floors":[3],"is_endless":false,"potions_floor_spawned":[1,6,8,13,14],"killed_by":"Hexaghost","ascension_level":1}}