{"host":"a3gu5zu37ht99mpa","time":1613607726,"event":{"mods":["100% Spire Juice","Act Like it!","BaseMod","Better Silent Start","Better Third Choice","BetterRewards","Conspire","Downfall","Energized Spire","GifTheSpireLib","Gold Saver","Halation","JesterMod","Lobotomy","LobotomyExtend","Luminous","Minty Spire (QoL Compilation)","Reliquary","StSLib","Stuff the Spire","The Animator","The Gatherer","Virulent Crown","Wandering Minibosses","yUi","??????REMEMod"],"gold_per_floor":[291,221,246,246,263,263,263,286,309,114,114,114,141,161,161,161,161],"floor_reached":16,"language":"ENG","playtime":1493,"items_purged":[],"score":97,"play_id":"0431eb62-e441-4b5c-87d3-5ff5166961e8","local_time":"20210217192206","is_ascension_mode":true,"campfire_choices":[{"floor":6,"key":"RECALL"},{"data":"animator:Emilia","floor":15,"key":"SMITH"}],"circlet_count":0,"master_deck":["animator:Strike_MadokaMagica","animator:Defend_MadokaMagica","animator:Strike","animator:Strike","animator:Strike","animator:Defend","animator:Defend","animator:Defend","animator:IrohaTamaki","animator:YuiTsuruno","MHz","animator:YaoHaDucy","animator:NagisaMomoe","ShyLook","Reboot","OSAHOGD","animator:RoryMercury","SpiderBud","animator:LeleiLaLalena","animator:Emilia+1","Parasite","Parasite","Wellcheers","animator:Kyubey","GalaxyChild","animator:UneriGinkaku"],"relics":["animator:LivingPicture","animator:TheMissingPiece","REME_ComplimentaryCards","animator:PurgingStone","CogitoBucket","LetterFromLob","reliquary:BallBearing","AdjustmentMirror"],"acts_visited":["Exordium"],"potions_floor_usage":[14,14],"damage_taken":[{"damage":7,"enemies":"2 Louse","floor":1,"turns":4},{"damage":3,"enemies":"Cultist","floor":3,"turns":5},{"damage":8,"enemies":"Small Slimes","floor":5,"turns":4},{"damage":7,"enemies":"Blue Slaver","floor":8,"turns":3},{"damage":11,"enemies":"3 Louse","floor":13,"turns":3},{"damage":17,"enemies":"Large Slime","floor":14,"turns":8},{"damage":37,"enemies":"Hexaghost","floor":16,"turns":10}],"seed_played":"-6130294108886810867","potions_obtained":[{"floor":3,"key":"animator:FalseLifePotion"},{"floor":14,"key":"Fruit Juice"}],"is_trial":false,"path_per_floor":["M","$","M","?","M","R","T","M","T","$","E","?","M","M","R","B"],"character_chosen":"THE_ANIMATOR","items_purchased":["animator:NagisaMomoe","animator:Emilia"],"campfire_rested":0,"item_purchase_floors":[2,10],"current_hp_per_floor":[59,59,56,61,54,54,54,47,47,47,36,52,41,30,30,0,0],"gold":161,"neow_bonus":"","is_daily":false,"chose_seed":false,"campfire_upgraded":1,"win_rate":0.0,"timestamp":1613607726,"path_taken":["M","$","M","?","?","R","?","M","T","$","E","?","M","M","R","BOSS"],"items_purchased_type":["Card","Card"],"build_version":"2020-12-22","purchased_purges":0,"victory":false,"max_hp_per_floor":[66,66,66,66,67,67,67,67,67,67,67,67,67,73,73,73,73],"card_choices":[{"not_picked":["CrumblingArmor","RedShoes"],"picked":"MHz","floor":1},{"not_picked":["animator:Millim","animator:MaesHughes"],"picked":"animator:YaoHaDucy","floor":1},{"not_picked":["UniverseFragment","BlackSwan"],"picked":"ShyLook","floor":3},{"not_picked":["animator:Shigure","animator:Sloth"],"picked":"animator:Azekura","floor":3},{"not_picked":["VoidDream","Wellcheers"],"picked":"OSAHOGD","floor":5},{"not_picked":["animator:HiiragiShinya","animator:Bozes"],"picked":"animator:RoryMercury","floor":5},{"not_picked":["BeautyBeast","Scorched"],"picked":"SpiderBud","floor":8},{"not_picked":["animator:Kuribayashi","animator:Bozes"],"picked":"animator:LeleiLaLalena","floor":8},{"not_picked":["Freischutz","Bloodbath"],"picked":"Wellcheers","floor":13},{"not_picked":["animator:ZankiKiguchi","animator:KrulTepes"],"picked":"animator:Kyubey","floor":13},{"not_picked":["VoidDream","UniverseFragment"],"picked":"GalaxyChild","floor":14},{"not_picked":["animator:Spearman","animator:Gluttony"],"picked":"animator:UneriGinkaku","floor":14}],"player_experience":105698,"relics_obtained":[{"floor":1,"key":"LetterFromLob"},{"floor":7,"key":"reliquary:BallBearing"}],"event_choices":[{"cards_removed":["animator:Azekura"],"damage_healed":5,"gold_gain":0,"player_choice":"Offered Common","damage_taken":0,"max_hp_gain":0,"max_hp_loss":0,"event_name":"Bonfire Elementals","floor":4,"gold_loss":0},{"cards_removed":["animator:Azekura"],"damage_healed":5,"gold_gain":0,"player_choice":"Offered Special","damage_taken":0,"max_hp_gain":0,"max_hp_loss":0,"event_name":"Bonfire Elementals","floor":4,"gold_loss":0},{"damage_healed":16,"gold_gain":0,"player_choice":"Healed and dodged fight","damage_taken":0,"max_hp_gain":0,"max_hp_loss":0,"event_name":"Mushrooms","floor":12,"gold_loss":0,"cards_obtained":["Parasite"]}],"is_beta":false,"boss_relics":[],"items_purged_floors":[],"is_endless":false,"potions_floor_spawned":[3,14],"killed_by":"Hexaghost","ascension_level":1}}