{"host":"y1oqg7uy0jc6f5mb","time":1613672001,"event":{"mods":["AchievementEnabler","BaseMod","BetterRewards","Colored Map","Colored Powertips","Displayed Cursed Tome","Downfall","Highlight Path","Minty Spire (QoL Compilation)","Permanent Neow","Quick Restart","Relic Stats","Replay The Spire","Smile Girya","StSLib"],"gold_per_floor":[99,119,137,137,148,21,75,89,89,74,105,105,5,20,34,135,135,135,150,35,135,146,6,6,18,18,3,28,23,34,45,60,162,162,162,162,162,181,181,28,38,38,38,38],"floor_reached":42,"language":"ENG","playtime":4009,"items_purged":["downfall:Haunted","bronze:Strike","bronze:Defend"],"score":418,"play_id":"72c9d28e-38f0-4cf2-8903-acceb9402d0e","local_time":"20210219021321","is_ascension_mode":false,"campfire_choices":[{"data":"bronze:Verify","floor":13.0,"key":"SMITH"},{"floor":18.0,"key":"RECALL"},{"data":"bronze:Shell","floor":26.0,"key":"SMITH"}],"circlet_count":0,"master_deck":["bronze:Replicate","bronze:Goto","bronze:Boost","bronze:Verify+1","bronze:Shield","bronze:Shield","bronze:MaxOutput","bronze:DigitalCarnage","bronze:BurnOut","bronze:DarkDash","bronze:CleanCode","bronze:Optimize","bronze:DonuBeam","bronze:BronzeOrb","bronze:Frontload","bronze:Shell+1","bronze:Refactor+1","bronze:Repulsor","bronze:DigitalCarnage","bronze:Turbo+1","bronze:ClassDefault+1","bronze:Overload+1","bronze:BuggyMess+1","bronze:ItsAFeature","bronze:BronzeOrb","bronze:Iterate"],"relics":["bronze:BronzeCore","Bag of Preparation","Vajra","downfall:HeartBlessingGreen","Busted Crown","Ice Cream","Replay:Wax Seal","ReplayTheSpireMod:TigerMarble","Lee\u0027s Waffle","Astrolabe","bronze:BottledCode"],"acts_visited":["Exordium","TheCity","TheBeyond"],"potions_floor_usage":[42],"damage_taken":[{"damage":0.0,"enemies":"Small Slimes","floor":2.0,"turns":3.0},{"damage":1.0,"enemies":"Cultist","floor":3.0,"turns":4.0},{"damage":0.0,"enemies":"Jaw Worm","floor":5.0,"turns":3.0},{"damage":0.0,"enemies":"downfall:FleeingMerchant","floor":6.0,"turns":4.0},{"damage":1.0,"enemies":"Gremlin Gang","floor":8.0,"turns":7.0},{"damage":0.0,"enemies":"downfall:FleeingMerchant","floor":10.0,"turns":4.0},{"damage":12.0,"enemies":"3 Sentries","floor":11.0,"turns":9.0},{"damage":0.0,"enemies":"2 Fungi Beasts","floor":14.0,"turns":4.0},{"damage":0.0,"enemies":"Blue Slaver","floor":15.0,"turns":3.0},{"damage":49.0,"enemies":"IC_STATUS_ARCHETYPE","floor":16.0,"turns":11.0},{"damage":0.0,"enemies":"3 Byrds","floor":19.0,"turns":8.0},{"damage":1.0,"enemies":"downfall:FleeingMerchant","floor":20.0,"turns":4.0},{"damage":3.0,"enemies":"downfall:FleeingMerchant","floor":21.0,"turns":7.0},{"damage":0.0,"enemies":"downfall:LooterAlt2","floor":22.0,"turns":4.0},{"damage":0.0,"enemies":"downfall:FleeingMerchant","floor":23.0,"turns":4.0},{"damage":10.0,"enemies":"Cultist and Chosen","floor":25.0,"turns":6.0},{"damage":6.0,"enemies":"downfall:FleeingMerchant","floor":27.0,"turns":4.0},{"damage":25.0,"enemies":"Gremlin Leader","floor":28.0,"turns":8.0},{"damage":0.0,"enemies":"downfall:FleeingMerchant","floor":29.0,"turns":1.0},{"damage":3.0,"enemies":"Centurion and Healer","floor":30.0,"turns":6.0},{"damage":11.0,"enemies":"Snake Plant","floor":31.0,"turns":5.0},{"damage":6.0,"enemies":"3 Cultists","floor":32.0,"turns":6.0},{"damage":56.0,"enemies":"WA_ARCHETYPE_CALM","floor":33.0,"turns":10.0},{"damage":0.0,"enemies":"3 Shapes","floor":38.0,"turns":5.0},{"damage":0.0,"enemies":"Orb Walker","floor":41.0,"turns":1.0},{"damage":89,"enemies":"Giant Head","floor":42,"turns":8}],"seed_played":"-6540876902441287195","potions_obtained":[{"floor":1.0,"key":"bronze:BuildAFunctionPotion"},{"floor":1.0,"key":"hexamod:SoulburnPotion"},{"floor":2.0,"key":"EssenceOfSteel"},{"floor":14.0,"key":"Strength Potion"},{"floor":16.0,"key":"Elixir"},{"floor":22.0,"key":"Swift Potion"},{"floor":25.0,"key":"Doom Potion"},{"floor":30.0,"key":"Weak Potion"},{"floor":31.0,"key":"Reflective Coating"},{"floor":33.0,"key":"SteroidPotion"}],"is_trial":false,"path_per_floor":["R_BF","M","M","?","M","$","T","M","?","$","E","?","R","M","M","B",null,"R_BF","M","$","?","M","$","T","M","R","$","E","$","M","M","M","B",null,"R_BF","PTL","R_BF","M","?","$","M","E"],"character_chosen":"THE_AUTOMATON","items_purchased":["bronze:Shield","ReplayTheSpireMod:TigerMarble","Lee\u0027s Waffle","bronze:Repulsor","bronze:ItsAFeature","bronze:BronzeOrb","bronze:Iterate"],"campfire_rested":0,"item_purchase_floors":[6,29,29,29,40,40,40],"current_hp_per_floor":[77,77,76,76,76,76,76,75,80,80,68,68,68,68,68,19,82,82,82,81,78,78,78,78,68,68,62,37,89,86,75,69,13,89,89,89,89,89,79,79,79,0,0,0],"gold":38,"neow_bonus":"TEN_PERCENT_HP_BONUS","is_daily":false,"chose_seed":false,"campfire_upgraded":2,"win_rate":0.0,"timestamp":1613672001,"path_taken":["R_BF","M","M","?","M","$","T","?","?","$","E","?","R","M","M","BOSS","R_BF","M","?","?","M","$","T","?","R","$","E","$","M","?","M","BOSS","R_BF","PTL","R_BF","M","?","$","M","E"],"items_purchased_type":["Card","Relic","Relic","Card","Card","Card","Card"],"build_version":"2020-12-22","purchased_purges":3,"victory":false,"max_hp_per_floor":[77,77,77,77,77,77,77,77,82,82,82,82,82,82,82,82,82,82,82,82,82,82,82,82,82,82,82,82,89,89,89,89,89,89,89,89,89,89,79,79,79,79,79,79],"relic_stats":{"Lee\u0027s Waffle":52,"Busted Crown":32,"counters":[26,139],"Astrolabe":["bronze:Turbo","bronze:ClassDefault","bronze:Overload"],"Bag of Preparation":[44],"obtain_stats":[{"Ice Cream":24,"bronze:BottledCode":39,"Lee\u0027s Waffle":29,"bronze:BronzeCore":0,"Busted Crown":17,"Astrolabe":34,"Vajra":11,"downfall:HeartBlessingGreen":13,"Bag of Preparation":7,"ReplayTheSpireMod:TigerMarble":29,"Replay:Wax Seal":28},{"Ice Cream":15,"bronze:BottledCode":24,"Lee\u0027s Waffle":19,"bronze:BronzeCore":0,"Busted Crown":10,"Astrolabe":23,"Vajra":7,"downfall:HeartBlessingGreen":7,"Bag of Preparation":4,"ReplayTheSpireMod:TigerMarble":19,"Replay:Wax Seal":18},{"Ice Cream":79,"bronze:BottledCode":130,"Lee\u0027s Waffle":98,"bronze:BronzeCore":0,"Busted Crown":52,"Astrolabe":125,"Vajra":34,"downfall:HeartBlessingGreen":34,"Bag of Preparation":14,"ReplayTheSpireMod:TigerMarble":98,"Replay:Wax Seal":97}]},"card_choices":[{"not_picked":["bronze:BronzeArmor","bronze:ChosenStrike"],"picked":"bronze:Boost","floor":2.0},{"not_picked":["bronze:CutThrough","bronze:WildBeam","bronze:Turbo"],"picked":"SKIP","floor":3.0},{"not_picked":["bronze:NullPointer","bronze:WildBeam"],"picked":"bronze:Shield","floor":5.0},{"not_picked":["bronze:OilSpill","bronze:Iterate"],"picked":"bronze:Verify","floor":6.0},{"not_picked":["bronze:Frontload","bronze:OilSpill"],"picked":"bronze:MaxOutput","floor":8.0},{"not_picked":["bronze:Constructor","bronze:FineTuning"],"picked":"bronze:DigitalCarnage","floor":10.0},{"not_picked":["bronze:Deprecate","bronze:Turbo"],"picked":"bronze:BurnOut","floor":11.0},{"not_picked":["bronze:ForLoop","bronze:FineTuning"],"picked":"bronze:DarkDash","floor":14.0},{"not_picked":["bronze:Turbo","bronze:OilSpill","bronze:Constructor"],"picked":"SKIP","floor":15.0},{"not_picked":["bronze:BurnOut","bronze:SpaghettiCode"],"picked":"bronze:CleanCode","floor":16.0},{"not_picked":[],"picked":"bronze:Optimize","floor":19.0},{"not_picked":["bronze:ForLoop"],"picked":"SKIP","floor":20.0},{"not_picked":[],"picked":"bronze:DonuBeam","floor":21.0},{"not_picked":[],"picked":"bronze:BronzeOrb","floor":21.0},{"not_picked":[],"picked":"bronze:Frontload","floor":22.0},{"not_picked":[],"picked":"bronze:Shell","floor":23.0},{"not_picked":[],"picked":"bronze:Refactor+1","floor":25.0},{"not_picked":["bronze:DelayedGuard"],"picked":"SKIP","floor":27.0},{"not_picked":["bronze:GetLatest"],"picked":"SKIP","floor":28.0},{"not_picked":["bronze:Constructor"],"picked":"SKIP","floor":29.0},{"not_picked":["bronze:OilSpill"],"picked":"SKIP","floor":30.0},{"not_picked":["bronze:OilSpill"],"picked":"SKIP","floor":30.0},{"not_picked":[],"picked":"bronze:DigitalCarnage","floor":31.0},{"not_picked":["bronze:CutThrough"],"picked":"SKIP","floor":32.0},{"not_picked":[],"picked":"bronze:BuggyMess+1","floor":38.0},{"not_picked":["bronze:Turbo"],"picked":"SKIP","floor":41.0}],"player_experience":437199,"relics_obtained":[{"floor":7.0,"key":"Bag of Preparation"},{"floor":11.0,"key":"Vajra"},{"floor":24.0,"key":"Ice Cream"},{"floor":28.0,"key":"Replay:Wax Seal"}],"event_choices":[{"damage_healed":0.0,"max_hp_gain":5.0,"max_hp_loss":0.0,"gold_gain":0.0,"event_name":"Big Fish","player_choice":"Donut","floor":9.0,"gold_loss":0.0,"damage_taken":0.0},{"cards_removed":["bronze:Strike"],"damage_healed":0.0,"max_hp_gain":0.0,"max_hp_loss":0.0,"gold_gain":0.0,"event_name":"Bonfire Elementals","player_choice":"Offered Basic","floor":12.0,"gold_loss":0.0,"damage_taken":0.0}],"is_beta":false,"boss_relics":[{"not_picked":["Abe\u0027s Treasure","ReplayTheSpireMod:DimensionalGlitch"],"picked":"Busted Crown"},{"not_picked":["Replay:Bronze Core","Kintsugi"],"picked":"Astrolabe"}],"items_purged_floors":[6,20,23],"is_endless":false,"potions_floor_spawned":[2,14,16,22,25,30,31,32,33,38],"killed_by":"Giant Head","ascension_level":0}}