{"host":"igj4vwc42ivwqexo","time":1613679114,"event":{"mods":["BaseMod","Better Third Choice","Koishi","Marisa????????","Minty Spire (QoL Compilation)","Potionbrewer","Shop Mod","StS++","StSLib","The Disciple","The Hierophant","The Sage","The Servant 0.9.4"],"gold_per_floor":[365,440,450,468,479,479,491,491,541,600,620,620,631,663,663,768,1068,1087,1087,1102,1116,1128,1128,1141,313,340,340,49,80,92,115,127,239,251,280,292,304,331,354,391,403,446,484,515,527,554,27,47,47,47],"floor_reached":51,"language":"ENG","playtime":6949,"items_purged":["Strike_R","StSpp:Betrayal"],"score":896,"play_id":"b15e7b9a-ee8d-4ee8-967a-aed1a927d9e1","local_time":"20210218211154","is_ascension_mode":true,"campfire_choices":[{"data":"Infernal Blade","floor":6,"key":"SMITH"},{"data":"Whirlwind","floor":8,"key":"SMITH"},{"data":"Clothesline","floor":12,"key":"SMITH"},{"data":"Rupture","floor":15,"key":"SMITH"},{"data":"Barricade","floor":23,"key":"SMITH"},{"data":"Flame Barrier","floor":30,"key":"SMITH"},{"data":"Flame Barrier","floor":32,"key":"SMITH"},{"floor":41,"key":"RECALL"},{"floor":45,"key":"REST"},{"data":"Brutality","floor":49,"key":"SMITH"}],"circlet_count":0,"master_deck":["Strike_R","Strike_R","Strike_R","Strike_R","Defend_R","Defend_R","Defend_R","Defend_R","Bash","Clothesline+1","Whirlwind+1","Infernal Blade+1","Feel No Pain","Flame Barrier+1","Rupture+1","Feel No Pain","Flame Barrier+1","Combust","Barricade+1","CurseOfTheBell","Clothesline+1","Heavy Blade","Sever Soul","Disarm+1","Clothesline+1","Shrug It Off+1","Juggernaut","StSpp:Succumb+1","Ghostly+1","Ghostly+1","Ghostly+1","Ghostly+1","Ghostly+1","StSpp:Succumb+1","Shrug It Off+1","Secret Technique+1","Intimidate+1","Entrench+1","Reaper","Barricade","StSpp:Turnabout","Fiend Fire","Limit Break","Bludgeon","Feed","Demon Form","Berserk","Offering","Double Tap","Brutality+1","StSpp:IntoTheAbyss","Juggernaut","Corruption","Reaper","Impervious","Burning Pact+1","Heavy Blade+1","Pummel+1","StSpp:CounterStrike+1","Warcry+1","Shrug It Off+1","Demon Form","Uppercut+1"],"relics":["Burning Blood","Akabeko","Mummified Hand","Toy Ornithopter","Calling Bell","Toxic Egg 2","Old Coin","Bag of Marbles","potionbrewer:ToyAutogyro","Ornamental Fan","StSpp:JackpotMachine","Blood Vial","MawBank","StSpp:CrystalBall","StSpp:PetrifiedCaterpillar","Boot","PreservedInsect","Anchor"],"acts_visited":["Exordium","TheCity","TheBeyond"],"potions_floor_usage":[5,7,14,16,22,24,24,24,31,35,38,39,46,50,50,50],"damage_taken":[{"damage":4,"enemies":"Cultist","floor":1,"turns":4},{"damage":7,"enemies":"Small Slimes","floor":3,"turns":4},{"damage":11,"enemies":"Jaw Worm","floor":4,"turns":4},{"damage":15,"enemies":"Gremlin Gang","floor":5,"turns":7},{"damage":3,"enemies":"Lots of Slimes","floor":7,"turns":4},{"damage":0,"enemies":"3 Sentries","floor":10,"turns":1},{"damage":0,"enemies":"Large Slime","floor":11,"turns":4},{"damage":5,"enemies":"Looter","floor":13,"turns":4},{"damage":10,"enemies":"Gremlin Nob","floor":14,"turns":3},{"damage":40,"enemies":"The Guardian","floor":16,"turns":7},{"damage":0,"enemies":"2 Thieves","floor":18,"turns":1},{"damage":14,"enemies":"Shell Parasite","floor":20,"turns":7},{"damage":27,"enemies":"Chosen and Byrds","floor":21,"turns":7},{"damage":9,"enemies":"Cultist and Chosen","floor":22,"turns":4},{"damage":35,"enemies":"Sentry and Sphere","floor":24,"turns":8},{"damage":9,"enemies":"Book of Stabbing","floor":29,"turns":7},{"damage":12,"enemies":"Snake Plant","floor":31,"turns":4},{"damage":13,"enemies":"Champ","floor":33,"turns":14},{"damage":1,"enemies":"3 Shapes","floor":35,"turns":6},{"damage":0,"enemies":"Orb Walker","floor":38,"turns":4},{"damage":11,"enemies":"Maw","floor":39,"turns":8},{"damage":14,"enemies":"Giant Head","floor":40,"turns":10},{"damage":58,"enemies":"Nemesis","floor":42,"turns":5},{"damage":44,"enemies":"Jaw Worm Horde","floor":44,"turns":9},{"damage":20,"enemies":"Sphere and 2 Shapes","floor":46,"turns":6},{"damage":3,"enemies":"Transient","floor":48,"turns":5},{"damage":23,"enemies":"Awakened One","floor":50,"turns":10}],"seed_played":"3709403100828688081","potions_obtained":[{"floor":3,"key":"Weak Potion"},{"floor":4,"key":"Fire Potion"},{"floor":5,"key":"HeartOfIron"},{"floor":7,"key":"FairyPotion"},{"floor":14,"key":"Swift Potion"},{"floor":16,"key":"StSpp:SecondWindPotion"},{"floor":21,"key":"potionbrewer:SplittingPotion"},{"floor":24,"key":"Energy Potion"},{"floor":29,"key":"Fruit Juice"},{"floor":33,"key":"PowerPotion"},{"floor":35,"key":"SkillPotion"},{"floor":44,"key":"potionbrewer:ToxicPotion"},{"floor":46,"key":"BlessingOfTheForge"},{"floor":48,"key":"SteroidPotion"}],"is_trial":false,"path_per_floor":["M","?","M","M","M","R","M","R","T","?","M","R","M","E","R","B",null,"M","?","M","M","M","R","M","$","T","?","$","E","R","M","R","B",null,"M","?","?","M","M","E","R","E","T","M","R","M","$","M","R","B",null],"character_chosen":"IRONCLAD","items_purchased":["potionbrewer:ToyAutogyro","Ornamental Fan","Shrug It Off+1","Juggernaut","StSpp:Succumb+1","StSpp:JackpotMachine","StSpp:Succumb+1","Shrug It Off+1","Secret Technique+1","Anchor","CultistPotion","Demon Form"],"campfire_rested":1,"item_purchase_floors":[25,25,25,25,25,25,28,28,28,47,47,47],"current_hp_per_floor":[80,72,71,66,57,57,60,60,60,66,72,72,73,69,69,40,80,80,80,72,51,53,53,39,39,39,39,39,37,37,40,40,35,45,48,46,56,56,56,54,54,28,28,14,30,23,23,33,33,49],"gold":47,"neow_bonus":"TWO_FIFTY_GOLD","is_daily":false,"chose_seed":false,"campfire_upgraded":8,"win_rate":0.0,"timestamp":1613679114,"path_taken":["M","?","M","M","?","R","M","R","T","?","M","R","M","E","R","BOSS","M","?","M","?","?","R","M","$","T","?","$","E","R","M","R","BOSS","M","?","?","M","?","E","R","E","T","M","R","M","$","M","R","BOSS"],"items_purchased_type":["Relic","Relic","Card","Card","Card","Relic","Card","Card","Card","Relic","Potion","Card"],"build_version":"2020-12-22","purchased_purges":2,"victory":true,"max_hp_per_floor":[80,80,80,80,80,80,80,80,80,80,80,80,80,80,80,80,80,80,80,80,80,80,80,80,80,80,40,40,40,40,45,45,45,45,48,46,56,56,56,56,56,56,56,56,56,56,56,56,56,56],"card_choices":[{"not_picked":["Rage","Twin Strike"],"picked":"Clothesline","floor":1},{"not_picked":["Anger","StSpp:TheBiggerTheyAre"],"picked":"Whirlwind","floor":3},{"not_picked":["Cleave","Flex"],"picked":"Infernal Blade","floor":4},{"not_picked":["StSpp:Succumb","Power Through"],"picked":"Feel No Pain","floor":5},{"not_picked":["Clash","Metallicize"],"picked":"Flame Barrier","floor":7},{"not_picked":["StSpp:TheBiggerTheyAre","Carnage"],"picked":"Rupture","floor":10},{"not_picked":["Shockwave","Clothesline"],"picked":"Feel No Pain","floor":11},{"not_picked":["Second Wind","Anger"],"picked":"Flame Barrier","floor":13},{"not_picked":["Reckless Charge","Power Through"],"picked":"Combust","floor":14},{"not_picked":["Limit Break","StSpp:Turnabout"],"picked":"Barricade","floor":16},{"not_picked":["Iron Wave","Armaments+1"],"picked":"Clothesline+1","floor":18},{"not_picked":["Headbutt","Sword Boomerang"],"picked":"Heavy Blade","floor":20},{"not_picked":["Power Through+1","StSpp:Vengeance+1"],"picked":"Sever Soul","floor":21},{"not_picked":["StSpp:TheBiggerTheyAre+1","Twin Strike"],"picked":"Disarm+1","floor":22},{"not_picked":["Iron Wave","Twin Strike"],"picked":"Clothesline+1","floor":24},{"not_picked":["Headbutt","Iron Wave"],"picked":"Intimidate+1","floor":29},{"not_picked":["Body Slam+1","Perfected Strike"],"picked":"Entrench+1","floor":31},{"not_picked":["Corruption","Demon Form"],"picked":"Reaper","floor":33},{"not_picked":["Clothesline","Thunderclap+1","True Grit+1"],"picked":"SKIP","floor":35},{"not_picked":["Iron Wave","Anger+1"],"picked":"Burning Pact+1","floor":38},{"not_picked":["Flex+1","Uppercut"],"picked":"Heavy Blade+1","floor":39},{"not_picked":["StSpp:Succumb+1","Blood for Blood+1"],"picked":"Pummel+1","floor":40},{"not_picked":["Metallicize","Body Slam"],"picked":"StSpp:CounterStrike+1","floor":42},{"not_picked":["Seeing Red+1","StSpp:TheBiggerTheyAre"],"picked":"Warcry+1","floor":44},{"not_picked":["Power Through+1","Flex+1"],"picked":"Shrug It Off+1","floor":46},{"not_picked":["Fiend Fire","Clothesline"],"picked":"Uppercut+1","floor":48}],"player_experience":423626,"relics_obtained":[{"floor":9,"key":"Akabeko"},{"floor":14,"key":"Toy Ornithopter"},{"floor":17,"key":"Toxic Egg 2"},{"floor":17,"key":"Old Coin"},{"floor":17,"key":"Bag of Marbles"},{"floor":26,"key":"Blood Vial"},{"floor":29,"key":"MawBank"},{"floor":40,"key":"StSpp:PetrifiedCaterpillar"},{"floor":42,"key":"Boot"},{"floor":43,"key":"PreservedInsect"}],"event_choices":[{"damage_healed":0,"gold_gain":75,"player_choice":"Touch","damage_taken":8,"max_hp_gain":0,"max_hp_loss":0,"event_name":"FaceTrader","floor":2,"gold_loss":0},{"damage_healed":0,"gold_gain":0,"player_choice":"Searched \u00273\u0027 times","damage_taken":0,"relics_obtained":["Mummified Hand"],"max_hp_gain":0,"max_hp_loss":0,"event_name":"Dead Adventurer","floor":10,"gold_loss":0},{"cards_removed":["Clumsy"],"damage_healed":0,"gold_gain":0,"player_choice":"Purged","damage_taken":0,"max_hp_gain":0,"max_hp_loss":0,"event_name":"Purifier","floor":19,"gold_loss":0},{"damage_healed":0,"gold_gain":0,"player_choice":"Became a Ghost","damage_taken":0,"max_hp_gain":0,"max_hp_loss":40,"event_name":"Ghosts","floor":27,"gold_loss":0,"cards_obtained":["Ghostly","Ghostly","Ghostly","Ghostly","Ghostly"]},{"damage_healed":0,"gold_gain":0,"player_choice":"Max HP","damage_taken":0,"max_hp_gain":0,"max_hp_loss":2,"event_name":"Winding Halls","floor":36,"gold_loss":0},{"cards_removed":["StSpp:BladeOfBlood"],"damage_healed":0,"gold_gain":0,"player_choice":"Offered Rare","damage_taken":0,"max_hp_gain":10,"max_hp_loss":0,"event_name":"Bonfire Elementals","floor":37,"gold_loss":0}],"is_beta":false,"boss_relics":[{"not_picked":["StSpp:FireArrow","Sozu"],"picked":"Calling Bell"},{"not_picked":["StSpp:PileOfSugar","Snecko Eye"],"picked":"StSpp:CrystalBall"}],"items_purged_floors":[25,47],"is_endless":false,"potions_floor_spawned":[3,4,5,7,14,16,21,24,29,33,35,44,46,48],"ascension_level":1}}