{"host":"pvi1ua0l3an81qfu","time":1613661469,"event":{"mods":["AchievementEnabler","BaseMod","Curses Come First","Highlight Path","Infinite Spire","Minty Spire (QoL Compilation)","Quick Restart","Replay The Spire","Shop Mod","StSLib"],"gold_per_floor":[117,133,64,76,76,106,126,126,126,126,51,51,51,69,69,169,169,182,14,32,32,32,64,64,95,95,139,79,106,106,106,106,222,222,268,268,319,373,379,379],"floor_reached":39,"language":"ENG","playtime":2442,"items_purged":["Strike_B","Defend_B","Dualcast"],"score":594,"play_id":"76e64c58-6d14-4759-b529-4c3ebf4e3ef5","local_time":"20210218171749","is_ascension_mode":false,"campfire_choices":[{"data":"Gash","floor":8,"key":"SMITH"},{"data":"Gash","floor":10,"key":"SMITH"},{"data":"ReplayGash","floor":12,"key":"SMITH"},{"data":"Zap","floor":15,"key":"SMITH"},{"data":"infinitespire:Gouge","floor":24,"key":"SMITH"},{"floor":30,"key":"REST"},{"floor":32,"key":"REST"}],"circlet_count":0,"master_deck":["Defend_B","Defend_B","Defend_B","Zap+1","Dramatic Entrance","Gash+1","ReplayGash+1","Gash+1","Reprogram+1","infinitespire:Gouge+1","Echo Form+1","Chaos+1","Gash+1","Gash"],"relics":["Cracked Core","Garlic","Golden Egg","Replay:Bottled Flurry","Painkiller Herb","Frozen Eye","Replay:Kaleidoscope","Replay:Bandana","Pen Nib","Sundial","infinitespire:EvilPickle","Astrolabe"],"acts_visited":["Exordium","TheCity","TheBeyond"],"potions_floor_usage":[27,38],"damage_taken":[{"damage":0,"enemies":"Cultist","floor":1,"turns":2},{"damage":6,"enemies":"Jaw Worm","floor":2,"turns":2},{"damage":0,"enemies":"Small Slimes","floor":4,"turns":2},{"damage":13,"enemies":"Replay:BlueRogue","floor":6,"turns":5},{"damage":0,"enemies":"2 Fungi Beasts","floor":7,"turns":2},{"damage":8,"enemies":"Red Slaver","floor":14,"turns":2},{"damage":35,"enemies":"Hexaghost","floor":16,"turns":9},{"damage":0,"enemies":"3 Byrds","floor":18,"turns":4},{"damage":8,"enemies":"2 Thieves","floor":20,"turns":3},{"damage":33,"enemies":"Slavers","floor":23,"turns":5},{"damage":2,"enemies":"Chosen and Byrds","floor":25,"turns":4},{"damage":14,"enemies":"Book of Stabbing","floor":27,"turns":4},{"damage":6,"enemies":"Centurion and Healer","floor":29,"turns":5},{"damage":57,"enemies":"Pondfish","floor":33,"turns":13},{"damage":15,"enemies":"3 Shapes","floor":35,"turns":4},{"damage":27,"enemies":"3 Darklings","floor":37,"turns":4},{"damage":24,"enemies":"4 Shapes","floor":38,"turns":5},{"damage":12,"enemies":"Writhing Mass","floor":39,"turns":1}],"seed_played":"-1213634973007073943","potions_obtained":[{"floor":1,"key":"Elixir"},{"floor":4,"key":"Explosive Potion"},{"floor":16,"key":"LifebloodPotion"},{"floor":23,"key":"FairyPotion"},{"floor":27,"key":"PotionOfCapacity"},{"floor":35,"key":"Block Potion"}],"is_trial":false,"path_per_floor":["M","M","$","M","?","E","M","R","T","R","$","R","T","M","R","B",null,"?","T","?","AVR","?","E","T","?","T","E","?","?","T","T","T","B",null,"?","?","?","?","?"],"character_chosen":"DEFECT","items_purchased":["ReplayGash","Reprogram"],"campfire_rested":2,"item_purchase_floors":[3,19],"current_hp_per_floor":[75,69,69,69,69,56,56,56,56,56,56,56,56,48,48,13,75,75,75,67,67,67,34,34,32,32,18,18,12,34,34,56,22,75,60,60,33,9,0,0],"gold":379,"neow_bonus":"RANDOM_COLORLESS","is_daily":false,"chose_seed":false,"campfire_upgraded":5,"win_rate":0.0,"timestamp":1613661469,"path_taken":["M","M","?","M","?","E","M","R","T","R","$","R","?","?","R","BOSS","?","T","?","AVR","?","E","T","?","T","E","?","?","T","T","T","BOSS","?","?","?","?","?"],"items_purchased_type":["Card","Card"],"build_version":"2020-12-22","purchased_purges":3,"victory":false,"max_hp_per_floor":[75,75,75,75,75,75,75,75,75,75,75,75,75,75,75,75,75,75,75,75,75,75,75,75,75,75,75,75,75,75,75,75,75,75,75,75,75,75,75,75],"card_choices":[{"not_picked":["Replay:BasicMightCard","Flash of Steel"],"picked":"Dramatic Entrance","floor":0.0},{"not_picked":["Rebound","Go for the Eyes"],"picked":"Gash","floor":1},{"not_picked":["Force Field","Auto Shields","Go for the Eyes"],"picked":"SKIP","floor":2},{"not_picked":["Hologram","Steam"],"picked":"Gash","floor":4},{"not_picked":["Beam Cell","Chaos","ReplaySolidLightProjector"],"picked":"SKIP","floor":6},{"not_picked":["Heatsinks","Fusion","ReplaySolidLightProjector"],"picked":"SKIP","floor":7},{"not_picked":["Hologram","Redo","ReplayTheSpireMod:Reroute Power"],"picked":"SKIP","floor":14},{"not_picked":["Stack","Turbo","FTL"],"picked":"SKIP","floor":18},{"not_picked":["Beam Cell","Barrage","Heatsinks"],"picked":"SKIP","floor":20},{"not_picked":["Hologram+1","Turbo","Redo+1"],"picked":"SKIP","floor":23},{"not_picked":["Beam Cell","Go for the Eyes","Steam"],"picked":"SKIP","floor":25},{"not_picked":["Darkness","ReplayTheSpireMod:System Scan","Capacitor"],"picked":"SKIP","floor":27},{"not_picked":["Cold Snap+1","Recycle","Go for the Eyes"],"picked":"SKIP","floor":29},{"not_picked":["Multi-Cast","Fission"],"picked":"Echo Form","floor":33},{"not_picked":["Skim+1","Darkness+1","Sweeping Beam"],"picked":"SKIP","floor":35},{"not_picked":["Defragment","BasicCrystalCard","Redo+1"],"picked":"SKIP","floor":37},{"not_picked":["Auto Shields+1","Rebound"],"picked":"Gash","floor":38}],"player_experience":185013,"relics_obtained":[{"floor":6,"key":"Garlic"},{"floor":9,"key":"Golden Egg"},{"floor":13,"key":"Replay:Bottled Flurry"},{"floor":23,"key":"Replay:Bandana"},{"floor":26,"key":"Pen Nib"},{"floor":27,"key":"Sundial"}],"event_choices":[{"damage_healed":0,"gold_gain":0,"player_choice":"Ignored","damage_taken":0,"max_hp_gain":0,"max_hp_loss":0,"event_name":"Tomb of Lord Red Mask","floor":36,"gold_loss":0}],"is_beta":false,"boss_relics":[{"not_picked":["infinitespire:Cupcake","ChewingGum"],"picked":"Painkiller Herb"},{"not_picked":["Busted Crown","Kintsugi"],"picked":"Astrolabe"}],"items_purged_floors":[11,19,21],"is_endless":false,"potions_floor_spawned":[1,4,16,23,25,27,35],"killed_by":"Writhing Mass","ascension_level":0}}