{"host":"dmtlrev5pkc1867p","time":1613663448,"event":{"mods":["A Magickal Journey","AchievementEnabler","BaseMod","Colored Map","Colored Powertips","Downfall","Hermit","Highlight Path","Hubris","Infinite Spire","Marisa¡]Ãú«B¡@Å]²z¨F¡^","Minty Spire (QoL Compilation)","Permanent Neow","Quick Restart","Rare Cards Sparkle","Relic Sorter","Relic Stats","Replay The Spire","StSLib","SuperFastMode","The Construct","The Cursed","The Disciple","The Hierophant","The Necromancer","The Runesmith","The Servant 0.9.4"],"gold_per_floor":[114,57,69,69,144,144,174,189,189,189,255,283,283,300,300,404,404,417,436,105,119,169,197,197,197,224,224,242,242,311,324,324,428,428,442,454,504,504,521,521,546,596,619,619,687,687,704,816,816,816,816,816,182,214,214,214],"floor_reached":55,"language":"ZHS","playtime":1751,"items_purged":[],"score":998,"play_id":"dfda205d-dff7-48e1-a7d6-be375ef22832","local_time":"20210218235048","is_ascension_mode":true,"campfire_choices":[{"floor":6.0,"key":"REST"},{"floor":13.0,"key":"REST"},{"floor":15.0,"key":"RECALL"},{"floor":25.0,"key":"REST"},{"data":"1","floor":27.0,"key":"LIFT"},{"data":"2","floor":29.0,"key":"LIFT"},{"data":"3","floor":32.0,"key":"LIFT"},{"floor":40.0,"key":"REST"},{"floor":44,"key":"REST"},{"data":"Searing Blow+2","floor":46,"key":"SMITH"},{"data":"Searing Blow+3","floor":49,"key":"SMITH"},{"data":"Searing Blow+4","floor":52,"key":"SMITH"}],"circlet_count":0,"master_deck":["Strike_R","Strike_R","Strike_R+1","Strike_R+1","Defend_R","Defend_R","Defend_R+1","Defend_R","Bash","Survivor","Strike_B","Spot Weakness","ReplayTheSpireMod:Muscle Training+1","Clothesline","Intimidate","Headbutt+1","Hemogenesis+1","Heavy Blade+1","Reaper+1","Twin Strike+1","hubris:StunningStrike+1","Battle Trance","Heavy Blade+1","Pommel Strike+1","Rampage+1","Heavy Blade+1","Blood for Blood+1","Immolate+1","Life Link+1","Body Slam+1","Madness","Madness","Intimidate+1","Searing Blow+5","Flame Barrier+1","Clothesline+1","Body Slam+1","ReplayTheSpireMod:Limb From Limb+1","Dual Wield","Warcry+1","Run Through+1"],"relics":["Burning Blood","Another Sword","hubris:Icosahedron","ReplayTheSpireMod:Ninjato","Molten Egg 2","SsserpentHead","PreservedInsect","Black Star","Shuriken","Pocketwatch","Replay:Accelerometer","Mark of Pain","Girya","expansioncontent:StudyCardRelic","Bag of Preparation","MealTicket","infinitespire:BottledMercury","Gremlin Food","Simple Rune","Toolbox","ReplayTheSpireMod:TigerMarble","Art of War","hubris:TenFootPole","Akabeko"],"acts_visited":["Exordium","TheCity","TheBeyond","TheEnding"],"potions_floor_usage":[50,54],"damage_taken":[{"damage":7.0,"enemies":"Jaw Worm","floor":1.0,"turns":3.0},{"damage":8.0,"enemies":"Small Slimes","floor":3.0,"turns":3.0},{"damage":29.0,"enemies":"Lagavulin","floor":7.0,"turns":5.0},{"damage":1.0,"enemies":"2 Louse","floor":8.0,"turns":3.0},{"damage":17.0,"enemies":"Gremlin Gang","floor":11.0,"turns":5.0},{"damage":10.0,"enemies":"3 Sentries","floor":12.0,"turns":6.0},{"damage":18.0,"enemies":"Large Slime","floor":14.0,"turns":4.0},{"damage":53.0,"enemies":"The Guardian","floor":16.0,"turns":9.0},{"damage":39.0,"enemies":"Shell Parasite","floor":18.0,"turns":6.0},{"damage":23.0,"enemies":"2 Thieves","floor":19.0,"turns":3.0},{"damage":31.0,"enemies":"Snake Plant","floor":21.0,"turns":4.0},{"damage":15.0,"enemies":"Book of Stabbing","floor":23.0,"turns":4.0},{"damage":2.0,"enemies":"Snecko","floor":28.0,"turns":4.0},{"damage":14.0,"enemies":"Centurion and Healer","floor":30.0,"turns":3.0},{"damage":8.0,"enemies":"Cultist and Chosen","floor":31.0,"turns":3.0},{"damage":36.0,"enemies":"Champ","floor":33.0,"turns":5.0},{"damage":15.0,"enemies":"3 Shapes","floor":35.0,"turns":3.0},{"damage":0.0,"enemies":"Orb Walker","floor":36.0,"turns":3.0},{"damage":21.0,"enemies":"Spire Growth","floor":39.0,"turns":4.0},{"damage":43,"enemies":"Nightmare","floor":41,"turns":6},{"damage":0,"enemies":"Jaw Worm Horde","floor":45,"turns":2},{"damage":1,"enemies":"Transient","floor":47,"turns":5},{"damage":30,"enemies":"hubris:GrandSnecko","floor":50,"turns":8},{"damage":16,"enemies":"Shield and Spear","floor":54,"turns":3},{"damage":84,"enemies":"The Heart","floor":55,"turns":5}],"seed_played":"-2171684504698825628","potions_obtained":[{"floor":1.0,"key":"Fruit Juice"},{"floor":7.0,"key":"LifebloodPotion"},{"floor":11.0,"key":"LiquidMemories"},{"floor":16.0,"key":"Explosive Potion"},{"floor":19.0,"key":"LiquidMemories"},{"floor":21.0,"key":"DuplicationPotion"},{"floor":28.0,"key":"LiquidBronze"},{"floor":30.0,"key":"AttackPotion"},{"floor":31.0,"key":"ElixirPotion"},{"floor":39.0,"key":"Explosive Potion"},{"floor":41,"key":"PowerPotion"},{"floor":48,"key":"Strength Potion"},{"floor":48,"key":"SmokeBomb"}],"is_trial":false,"path_per_floor":["M","$","M","?","?","R","E","M","T","?","M","E","R","M","R","B",null,"M","M","$","M","?","E","AVR","R","T","R","M","R","M","M","R","B",null,"M","M","?","AVR","M","R","NM","?","T","R","M","R","M","?","R","B",null,"R","$","E","B"],"character_chosen":"IRONCLAD","items_purchased":["ReplayTheSpireMod:Muscle Training+1","Shuriken","Battle Trance","Heavy Blade+1","ReplayTheSpireMod:Limb From Limb+1","Dual Wield","Warcry+1","Toolbox","ReplayTheSpireMod:TigerMarble","Art of War"],"campfire_rested":5,"item_purchase_floors":[2,20,20,20,53,53,53,53,53,53],"current_hp_per_floor":[76,76,74,74,63,85,62,67,67,67,56,52,77,73,73,37,73,60,51,51,45,45,52,52,77,77,77,85,85,77,75,75,53,77,80,85,74,74,70,85,64,64,64,85,85,85,85,85,85,72,82,82,85,75,0,0],"gold":214,"neow_bonus":"ONE_RARE_RELIC","is_daily":false,"chose_seed":false,"campfire_upgraded":3,"win_rate":0.0,"timestamp":1613663448,"path_taken":["M","$","M","?","?","R","E","M","T","?","?","E","R","M","R","BOSS","BOSS","M","M","$","M","?","E","AVR","R","T","R","M","R","?","M","R","BOSS","BOSS","M","M","?","AVR","M","R","NM","?","T","R","?","R","M","?","R","BOSS","R","$","E","BOSS"],"items_purchased_type":["Card","Relic","Card","Card","Card","Card","Card","Relic","Relic","Relic"],"build_version":"2020-12-22","purchased_purges":0,"victory":false,"max_hp_per_floor":[85,85,85,85,85,85,85,85,85,85,85,85,85,85,85,85,85,85,85,85,85,85,85,85,85,85,85,85,85,85,85,85,85,85,85,85,85,85,85,85,85,85,85,85,85,85,85,85,85,85,85,85,85,85,85,85],"relic_stats":{"SsserpentHead":350,"counters":[25,109],"Shuriken":[30],"MealTicket":3,"PreservedInsect":207,"Black Star":3,"Bag of Preparation":[14],"Art of War":[0],"obtain_stats":[{"Gremlin Food":43,"Replay:Accelerometer":23,"Girya":24,"infinitespire:BottledMercury":41,"ReplayTheSpireMod:Ninjato":7,"PreservedInsect":12,"expansioncontent:StudyCardRelic":34,"Bag of Preparation":38,"Burning Blood":0,"Akabeko":54,"SsserpentHead":10,"hubris:Icosahedron":4,"Shuriken":20,"Toolbox":53,"Molten Egg 2":9,"MealTicket":41,"Simple Rune":48,"Another Sword":0,"Mark of Pain":24,"Black Star":17,"ReplayTheSpireMod:TigerMarble":53,"Art of War":53,"hubris:TenFootPole":54,"Pocketwatch":23},{"Gremlin Food":20,"Replay:Accelerometer":12,"Girya":12,"infinitespire:BottledMercury":20,"ReplayTheSpireMod:Ninjato":3,"PreservedInsect":6,"expansioncontent:StudyCardRelic":16,"Bag of Preparation":18,"Burning Blood":0,"Akabeko":24,"SsserpentHead":4,"hubris:Icosahedron":2,"Shuriken":10,"Toolbox":23,"Molten Egg 2":4,"MealTicket":20,"Simple Rune":22,"Another Sword":0,"Mark of Pain":12,"Black Star":8,"ReplayTheSpireMod:TigerMarble":23,"Art of War":23,"hubris:TenFootPole":24,"Pocketwatch":12},{"Gremlin Food":86,"Replay:Accelerometer":55,"Girya":55,"infinitespire:BottledMercury":86,"ReplayTheSpireMod:Ninjato":11,"PreservedInsect":25,"expansioncontent:StudyCardRelic":70,"Bag of Preparation":76,"Burning Blood":0,"Akabeko":104,"SsserpentHead":14,"hubris:Icosahedron":6,"Shuriken":47,"Toolbox":101,"Molten Egg 2":14,"MealTicket":86,"Simple Rune":93,"Another Sword":0,"Mark of Pain":55,"Black Star":38,"ReplayTheSpireMod:TigerMarble":101,"Art of War":101,"hubris:TenFootPole":104,"Pocketwatch":55}],"Burning Blood":128,"Pocketwatch":[24]},"card_choices":[{"not_picked":["Bloodletting","Armaments"],"picked":"Spot Weakness","floor":1.0},{"not_picked":["Warcry","Clash"],"picked":"Clothesline","floor":3.0},{"not_picked":["Cleave","Bloodletting"],"picked":"Intimidate","floor":7.0},{"not_picked":["Perfected Strike","Reckless Charge","Replay:Undeath\u0027s Touch"],"picked":"SKIP","floor":8.0},{"not_picked":["ReplayTheSpireMod:Corrosion Curse","Thunderclap+1"],"picked":"Headbutt+1","floor":11.0},{"not_picked":["Clothesline+1","Wild Strike+1"],"picked":"Hemogenesis+1","floor":12.0},{"not_picked":["ReplayTheSpireMod:Strike From Hell+1","Havoc"],"picked":"Heavy Blade+1","floor":14.0},{"not_picked":["Barricade","Offering"],"picked":"Reaper+1","floor":16.0},{"not_picked":["Clash+1","ReplayReversal"],"picked":"Twin Strike+1","floor":18.0},{"not_picked":["Replay:Undeath\u0027s Touch+1","Second Wind"],"picked":"hubris:StunningStrike+1","floor":19.0},{"not_picked":["Wild Strike+1","Infernal Blade"],"picked":"Pommel Strike+1","floor":21.0},{"not_picked":["Intimidate","Sever Soul+1","ReplayReversal"],"picked":"SKIP","floor":23.0},{"not_picked":["Sever Soul+1","Rage+1"],"picked":"Heavy Blade+1","floor":28.0},{"not_picked":["Anger+1","Wild Strike+1"],"picked":"Blood for Blood+1","floor":30.0},{"not_picked":["ReplayTheSpireMod:Strike From Hell+1","ReplayReversal+1","Massacre+1"],"picked":"SKIP","floor":31.0},{"not_picked":["Double Tap","Reaper+1"],"picked":"Immolate+1","floor":33.0},{"not_picked":["Flex+1","Replay:Undeath\u0027s Touch+1"],"picked":"Life Link+1","floor":35.0},{"not_picked":["Clothesline+1","Anger+1"],"picked":"Body Slam+1","floor":36.0},{"not_picked":["True Grit","Rage"],"picked":"Intimidate+1","floor":39.0},{"not_picked":["Thunderclap+1","Warcry+1"],"picked":"Searing Blow+1","floor":41},{"not_picked":["Disarm+1","Twin Strike+1"],"picked":"Flame Barrier+1","floor":45},{"not_picked":["Wild Strike+1","infinitespire:OneForAll+1"],"picked":"Clothesline+1","floor":47},{"not_picked":["Clothesline+1","Spot Weakness"],"picked":"Body Slam+1","floor":48},{"not_picked":["ReplayTheSpireMod:Strike From Hell+1","Thunderclap+1"],"picked":"Run Through+1","floor":54}],"player_experience":724928,"relics_obtained":[{"floor":7.0,"key":"ReplayTheSpireMod:Ninjato"},{"floor":9.0,"key":"Molten Egg 2"},{"floor":12.0,"key":"PreservedInsect"},{"floor":23.0,"key":"Pocketwatch"},{"floor":23.0,"key":"Replay:Accelerometer"},{"floor":41,"key":"MealTicket"},{"floor":41,"key":"infinitespire:BottledMercury"},{"floor":43,"key":"Gremlin Food"},{"floor":48,"key":"Simple Rune"},{"floor":54,"key":"hubris:TenFootPole"},{"floor":54,"key":"Akabeko"}],"event_choices":[{"damage_healed":0.0,"max_hp_gain":0.0,"max_hp_loss":0.0,"gold_gain":75.0,"event_name":"World of Goop","player_choice":"Gather Gold","floor":5.0,"gold_loss":0.0,"damage_taken":11.0},{"damage_healed":0.0,"max_hp_gain":0.0,"max_hp_loss":0.0,"gold_gain":0.0,"event_name":"FaceTrader","player_choice":"Trade","floor":10.0,"gold_loss":0.0,"damage_taken":0.0,"relics_obtained":["SsserpentHead"]},{"damage_healed":0.0,"max_hp_gain":0.0,"max_hp_loss":0.0,"gold_gain":0.0,"cards_transformed":["Strike_R"],"event_name":"Transmorgrifier","player_choice":"Transformed","floor":22.0,"gold_loss":0.0,"damage_taken":0.0,"cards_obtained":["Rampage"]},{"damage_healed":0.0,"max_hp_gain":0.0,"max_hp_loss":0.0,"gold_gain":0.0,"event_name":"Winding Halls","player_choice":"Embrace Madness","floor":37.0,"gold_loss":0.0,"damage_taken":11.0,"cards_obtained":["Madness","Madness"]},{"damage_healed":0,"gold_gain":0,"player_choice":"Upgraded","damage_taken":0,"max_hp_gain":0,"max_hp_loss":0,"event_name":"Upgrade Shrine","floor":42,"gold_loss":0,"cards_upgraded":["Searing Blow"]}],"is_beta":false,"boss_relics":[{"not_picked":["Empty Cage","Runic Pyramid"],"picked":"Black Star"},{"not_picked":["hubris:VirtuousBlindfold","Ooze Armor"],"picked":"expansioncontent:StudyCardRelic"}],"items_purged_floors":[],"is_endless":false,"potions_floor_spawned":[1,7,11,16,19,21,28,30,31,39,41],"killed_by":"The Heart","ascension_level":8}}