{"host":"adi","time":1613690078,"event":{"mods":["AchievementEnabler","BaseMod","Bestiary","Colored Powertips","Minty Spire (QoL Compilation)","StSLib"],"gold_per_floor":[119,119,138,150,167,180,180,180,180,208,231,256,185,185,209,227,327,327,327,415,415,434,443,443,443,289,312,312,336,379,379,379,379,409,207,219,238,238,238,238,238],"floor_reached":40,"language":"ENG","playtime":4472,"items_purged":["Writhe"],"score":568,"play_id":"d6d8b9ac-6c44-4816-87d0-0f2e36f514f6","local_time":"20210219001438","is_ascension_mode":true,"campfire_choices":[{"data":"Immolate","floor":7,"key":"SMITH"},{"data":"Combust","floor":9,"key":"SMITH"},{"data":"Metallicize","floor":14,"key":"SMITH"},{"data":"Carnage","floor":18,"key":"SMITH"},{"data":"Shrug It Off","floor":19,"key":"SMITH"},{"data":"Inflame","floor":28,"key":"SMITH"},{"floor":33,"key":"REST"},{"data":"Sword Boomerang","floor":38,"key":"SMITH"},{"floor":39,"key":"REST"}],"circlet_count":0,"master_deck":["AscendersBane","Strike_R+1","Strike_R+1","Strike_R+1","Strike_R+1","Defend_R+1","Defend_R+1","Defend_R+1","Defend_R+1","Bash+1","Corruption","Twin Strike+1","Combust+1","Intimidate+1","Shrug It Off+1","Immolate+1","Metallicize+1","Carnage+1","Reaper+1","True Grit+1","Inflame+1","Warcry","Exhume","Sword Boomerang+1"],"relics":["Burning Blood","Strawberry","Bag of Preparation","CeramicFish","Mark of Pain","Nunchaku","Boot","Whetstone","Eternal Feather","Bottled Lightning","Vajra"],"acts_visited":["Exordium","TheCity"],"potions_floor_usage":[6,16,20,30,40],"damage_taken":[{"damage":4,"enemies":"2 Louse","floor":1,"turns":4},{"damage":0,"enemies":"Cultist","floor":3,"turns":2},{"damage":13,"enemies":"Small Slimes","floor":4,"turns":3},{"damage":11,"enemies":"3 Louse","floor":5,"turns":3},{"damage":21,"enemies":"Exordium Thugs","floor":6,"turns":3},{"damage":10,"enemies":"3 Sentries","floor":10,"turns":4},{"damage":18,"enemies":"Gremlin Nob","floor":12,"turns":3},{"damage":13,"enemies":"Lots of Slimes","floor":15,"turns":3},{"damage":0,"enemies":"Looter","floor":16,"turns":1},{"damage":34,"enemies":"Slime Boss","floor":20,"turns":7},{"damage":6,"enemies":"Chosen","floor":22,"turns":3},{"damage":19,"enemies":"Shell Parasite","floor":27,"turns":5},{"damage":21,"enemies":"Centurion and Healer","floor":29,"turns":5},{"damage":37,"enemies":"Slavers","floor":30,"turns":4},{"damage":49,"enemies":"Book of Stabbing","floor":34,"turns":6},{"damage":8,"enemies":"Sentry and Sphere","floor":36,"turns":5},{"damage":10,"enemies":"3 Cultists","floor":37,"turns":3},{"damage":85,"enemies":"Collector","floor":40,"turns":6}],"seed_played":"-7163079808537307029","potions_obtained":[{"floor":4,"key":"FearPotion"},{"floor":10,"key":"Energy Potion"},{"floor":12,"key":"SteroidPotion"},{"floor":34,"key":"Strength Potion"}],"is_trial":false,"path_per_floor":["M","?","M","M","M","M","R","?","R","E","T","E","$","R","M","M","?","R","R","B",null,"M","?","?","?","$","M","R","M","E","T","T","R","E","$","M","M","R","R","B"],"character_chosen":"IRONCLAD","items_purchased":["Metallicize","Inflame","PowerPotion","Vajra","PowerPotion"],"campfire_rested":2,"item_purchase_floors":[13,26,26,35,35],"current_hp_per_floor":[70,70,75,68,63,48,48,48,48,51,51,39,39,39,32,38,38,38,38,10,64,64,64,64,64,64,51,51,40,27,27,27,63,28,28,34,30,42,78,0,0],"gold":238,"neow_bonus":"ONE_RANDOM_RARE_CARD","is_daily":false,"chose_seed":false,"campfire_upgraded":7,"win_rate":0.0,"timestamp":1613690078,"path_taken":["M","?","M","M","?","M","R","?","R","E","T","E","$","R","?","M","?","R","R","BOSS","M","?","?","?","$","M","R","M","E","T","T","R","E","$","?","M","R","R","BOSS"],"items_purchased_type":["Card","Card","Potion","Relic","Potion"],"build_version":"2020-12-18","purchased_purges":1,"victory":false,"max_hp_per_floor":[75,75,75,75,75,75,75,75,75,82,82,82,82,82,82,82,82,82,82,82,82,82,82,82,82,82,82,82,82,82,82,82,82,82,82,82,82,82,82,82,82],"card_choices":[{"not_picked":["Flex","Uppercut"],"picked":"Twin Strike","floor":1},{"not_picked":["Pommel Strike","Body Slam"],"picked":"Combust","floor":3},{"not_picked":["Flame Barrier","Havoc"],"picked":"Intimidate","floor":4},{"not_picked":["Iron Wave","Dropkick"],"picked":"Shrug It Off","floor":5},{"not_picked":["Pummel","Sword Boomerang"],"picked":"Immolate","floor":6},{"not_picked":["Rage","Shrug It Off","Perfected Strike"],"picked":"SKIP","floor":10},{"not_picked":["Heavy Blade","Thunderclap","Second Wind"],"picked":"SKIP","floor":12},{"not_picked":["Anger","Intimidate"],"picked":"Carnage","floor":15},{"not_picked":["Iron Wave","Body Slam","Wild Strike"],"picked":"SKIP","floor":16},{"not_picked":["Impervious","Double Tap"],"picked":"Reaper","floor":20},{"not_picked":["Heavy Blade","Searing Blow"],"picked":"True Grit+1","floor":22},{"not_picked":["Flex","Entrench"],"picked":"Warcry","floor":27},{"not_picked":["Blood for Blood","Heavy Blade"],"picked":"Exhume","floor":29},{"not_picked":["Intimidate","Reckless Charge"],"picked":"Sword Boomerang","floor":30},{"not_picked":["Perfected Strike+1","Power Through","Wild Strike"],"picked":"SKIP","floor":34},{"not_picked":["Clothesline","Armaments","Heavy Blade"],"picked":"SKIP","floor":36},{"not_picked":["Corruption","Wild Strike","Body Slam"],"picked":"SKIP","floor":37}],"player_experience":446945,"relics_obtained":[{"floor":10,"key":"Strawberry"},{"floor":11,"key":"Bag of Preparation"},{"floor":12,"key":"CeramicFish"},{"floor":30,"key":"Boot"},{"floor":31,"key":"Whetstone"},{"floor":32,"key":"Eternal Feather"},{"floor":34,"key":"Bottled Lightning"}],"event_choices":[{"damage_healed":0,"gold_gain":0,"player_choice":"Forge","damage_taken":0,"max_hp_gain":0,"max_hp_loss":0,"event_name":"Accursed Blacksmith","floor":2,"gold_loss":0,"cards_upgraded":["Twin Strike"]},{"cards_removed":["Strike_R"],"damage_healed":0,"gold_gain":0,"player_choice":"Purged","damage_taken":0,"max_hp_gain":0,"max_hp_loss":0,"event_name":"Purifier","floor":8,"gold_loss":0},{"damage_healed":0,"gold_gain":100,"player_choice":"Pray","damage_taken":0,"max_hp_gain":0,"max_hp_loss":0,"event_name":"Golden Shrine","floor":17,"gold_loss":0},{"damage_healed":0,"gold_gain":0,"player_choice":"Opened","damage_taken":0,"relics_obtained":["Nunchaku"],"max_hp_gain":0,"max_hp_loss":0,"event_name":"The Mausoleum","floor":23,"gold_loss":0,"cards_obtained":["Writhe"]},{"damage_healed":0,"gold_gain":0,"player_choice":"Simplicity","damage_taken":0,"max_hp_gain":0,"max_hp_loss":0,"event_name":"Back to Basics","floor":24,"gold_loss":0,"cards_upgraded":["Strike_R","Strike_R","Strike_R","Strike_R","Defend_R","Defend_R","Defend_R","Defend_R"]},{"damage_healed":0,"gold_gain":0,"player_choice":"Upgraded","damage_taken":0,"max_hp_gain":0,"max_hp_loss":0,"event_name":"Upgrade Shrine","floor":25,"gold_loss":0,"cards_upgraded":["Intimidate"]}],"is_beta":true,"boss_relics":[{"not_picked":["Astrolabe","Runic Pyramid"],"picked":"Mark of Pain"}],"items_purged_floors":[26],"is_endless":false,"potions_floor_spawned":[4,10,12,15,34,36,37],"killed_by":"Collector","ascension_level":14}}