{"host":"nx6ib2o6hmd449ys","time":1613621745,"event":{"mods":["2.2 Compatiblity","Act Like it!","Aspiration","BaseMod","BetterRewards","CCEM","Colorless Booster Pack","Conjunction","Conspire","Dota2Spire","Downfall","Energized Spire","Fox Events","Friendly Minions","Gensokyo","GifTheSpireLib","GungeonMod","Halation","Hubris","Infinite Spire","Jedi Mod","Kalas","Marisa????????","Minty Spire (QoL Compilation)","MostiFishMod","Quick Restart","RRrroohrrRGHHhhh!!","Rare Cards Sparkle","RatMod","Reliquary","Replay The Spire","Retaliation","Ruina","RumiaBox-????????","Shop Mod","Small Relic Pack","Spicy Shops","Spikes Relics","Spire Arcade","StS++","StSLib","Stuff the Spire","SuperFastMode","TestMod","The Blue Laboratory","The Exalted","The Factory","The Jungle","Wandering Minibosses","Wide Potions","[IsaacMod]????","noobMod","sanctuary","vexMod","??????REMEMod"],"gold_per_floor":[114,164,30,30,50,50,154,154,179,312,327,342,105,129,129,203,203],"floor_reached":16,"language":"ENG","playtime":803,"items_purged":["Voices","Overencumbered"],"score":342,"play_id":"7f838ae6-aa6a-4531-babd-6a73e50d393b","local_time":"20210218051545","is_ascension_mode":true,"campfire_choices":[{"data":"ReplayTheSpireMod:LeadingStrike","floor":6,"key":"SMITH"},{"data":"testmod-Reflect","floor":8,"key":"SMITH"},{"data":"Pummel","floor":15,"key":"SMITH"}],"circlet_count":0,"master_deck":["AscendersBane","Strike_R","Strike_R","Strike_R","Strike_R","Defend_R","Defend_R","Defend_R","Defend_R","Bash","Bomb","testmod-Reflect+1","Offering","ReplayTheSpireMod:LeadingStrike+1","Flex","Pummel+1","relicPack:TruthCard","StuffTheSpire:Incineration","Thunderclap","Injury"],"relics":["Burning Blood","testmod-TestBox","HushsDoor","DaveBox","REME_ComplimentaryCards","SteamSale","testmod-CrystalShield","xbg","Red Skull","FossilizedHelix","Dota2Spire:DrumOfEndurance","infinitespire:Lychee Nut","rorgmod:Ceramic Fish","testmod-TheFather","SynthV:TestCard","Ring of Greed","The Courier","Replay:Wax Seal","SnailShell","Mango","relicPack:DSword","relicPack:DarknessArmor","SalivaCoin","vexMod:PlasmaPancake","Ccalipers","Vajra","rat:BigChungusPlushie","rorgmod:The Boot","MiniBlackHole"],"acts_visited":["Exordium"],"potions_floor_usage":[],"damage_taken":[{"damage":0,"enemies":"Gensokyo:Python","floor":1,"turns":2},{"damage":0,"enemies":"Gensokyo:Gryphon","floor":5,"turns":1},{"damage":0,"enemies":"Gensokyo:Aya","floor":7,"turns":3},{"damage":0,"enemies":"Gensokyo:Cirno","floor":10,"turns":6},{"damage":0,"enemies":"Gensokyo:3_Fairies","floor":11,"turns":5},{"damage":0,"enemies":"Gensokyo:Gryphon_and_Rabbit","floor":12,"turns":1},{"damage":78,"enemies":"Gensokyo:Yukari","floor":16,"turns":9}],"seed_played":"-6167651993608539110","potions_obtained":[{"floor":5,"key":"Explosive Potion"}],"is_trial":false,"path_per_floor":["M","?","$","?","M","R","E","R","T","E","M","M","$","T","R","B"],"character_chosen":"IRONCLAD","items_purchased":["Red Skull","FossilizedHelix","Dota2Spire:DrumOfEndurance","rorgmod:Ceramic Fish","SnailShell","Mango","Ccalipers","Vajra","rat:BigChungusPlushie","rorgmod:The Boot"],"campfire_rested":0,"item_purchase_floors":[0,0,0,0,3,3,13,13,13,13],"current_hp_per_floor":[42,42,56,21,27,27,38,38,38,56,68,71,71,71,71,0,0],"gold":203,"neow_bonus":"","is_daily":false,"chose_seed":false,"campfire_upgraded":3,"win_rate":0.0,"timestamp":1613621745,"path_taken":["M","?","$","?","M","R","E","R","T","E","M","M","$","?","R","BOSS"],"items_purchased_type":["Relic","Relic","Relic","Relic","Relic","Relic","Relic","Relic","Relic","Relic"],"build_version":"2020-12-13","purchased_purges":2,"victory":false,"max_hp_per_floor":[51,51,65,65,65,65,65,65,65,71,71,71,71,71,71,71,71],"card_choices":[{"not_picked":[],"picked":"Bomb","floor":0},{"not_picked":["True Grit","hubris:ReadiedAction"],"picked":"ReplayTheSpireMod:LeadingStrike","floor":1},{"not_picked":["Infernal Blade","hubris:StunningStrike","Shrug It Off","DDmod:SpikedSkill"],"picked":"Flex","floor":5},{"not_picked":["Blood for Blood","StSpp:Vengeance","StSpp:Sprint","Headbutt"],"picked":"Pummel","floor":7},{"not_picked":["Heavy Blade","Iron Wave","MostiFishMod:OrdinaryWorld","Reckless Charge"],"picked":"StuffTheSpire:Incineration","floor":10},{"not_picked":["Cleave","Clash","Armaments","Sword Boomerang","Shrug It Off"],"picked":"SKIP","floor":11},{"not_picked":["Fire Breathing","StSpp:Sprint","rat:Decimate","StuffTheSpire:Slingshot"],"picked":"Thunderclap","floor":12}],"player_experience":343408,"relics_obtained":[{"floor":1,"key":"SynthV:TestCard"},{"floor":2,"key":"Ring of Greed"},{"floor":2,"key":"The Courier"},{"floor":2,"key":"Replay:Wax Seal"},{"floor":7,"key":"relicPack:DarknessArmor"},{"floor":9,"key":"SalivaCoin"},{"floor":10,"key":"vexMod:PlasmaPancake"},{"floor":14,"key":"MiniBlackHole"}],"event_choices":[],"is_beta":false,"boss_relics":[],"items_purged_floors":[3,13],"is_endless":false,"potions_floor_spawned":[5,7],"killed_by":"Gensokyo:Yukari","ascension_level":20}}