{"host":"goda751pbqw5j0wn","time":1613626880,"event":{"mods":["Act Like it!","Arknights","BaseMod","Highlight Path","Minty Spire (QoL Compilation)","READ ME - Guardian Mod","Shop Mod","StSLib","óô»ðÖ¸ÄÏ"],"gold_per_floor":[112,62,62,79,98,98,110,110,161,2,21,21,46,21,21,21,21],"floor_reached":16,"language":"ZHS","playtime":740,"items_purged":[],"score":100,"play_id":"c0c58029-fd80-4988-8dbb-a894562a4880","local_time":"20210218134120","is_ascension_mode":false,"campfire_choices":[{"floor":6,"key":"RECALL"},{"floor":12,"key":"REST"},{"data":"ats:Literary Storm","floor":15,"key":"SMITH"}],"circlet_count":0,"master_deck":["ats:Strike C","ats:Strike G","ats:Strike V","ats:Armor Crushing Shot","ats:Defend","ats:Defend","ats:Defend","ats:Emotion Absorption+1","ats:Curse Doll","ats:Flexible Camouflage","ats:Chain Hook","ats:Song Of Battle","ats:Wolf Pack","ats:Literary Storm+1","ats:Guard Mode","ats:Revitalization","ats:Hammer On"],"relics":["ats:Sanity","Omamori","ats:Originium","Tiny Chest"],"acts_visited":["Exordium"],"potions_floor_usage":[11,11,13],"damage_taken":[{"damage":2,"enemies":"ats:Genji","floor":1,"turns":4},{"damage":14,"enemies":"2 Louse","floor":4,"turns":3},{"damage":2,"enemies":"Jaw Worm","floor":5,"turns":4},{"damage":9,"enemies":"Large Slime","floor":7,"turns":6},{"damage":20,"enemies":"Exordium Thugs","floor":11,"turns":5},{"damage":23,"enemies":"3 Sentries","floor":13,"turns":12},{"damage":34,"enemies":"Slime Boss","floor":16,"turns":8}],"seed_played":"-8467928670293185788","potions_obtained":[{"floor":1,"key":"Fire Potion"},{"floor":4,"key":"EssenceOfSteel"},{"floor":7,"key":"LiquidMemories"},{"floor":8,"key":"Energy Potion"}],"is_trial":false,"path_per_floor":["M","?","?","M","M","R","M","?","T","$","M","R","E","$","R","B"],"character_chosen":"DOCTOR_CLASS","items_purchased":["ats:Wolf Pack","ats:Literary Storm","ats:Hammer On"],"campfire_rested":1,"item_purchase_floors":[10,10,14],"current_hp_per_floor":[70,70,70,56,54,54,45,45,45,45,25,46,23,23,23,0,0],"gold":21,"neow_bonus":"REMOVE_CARD","is_daily":false,"chose_seed":false,"campfire_upgraded":1,"win_rate":0.0,"timestamp":1613626880,"path_taken":["M","?","?","M","M","R","?","?","T","$","M","R","E","?","R","BOSS"],"items_purchased_type":["Card","Card","Card"],"build_version":"2020-12-22","purchased_purges":0,"victory":false,"max_hp_per_floor":[72,72,72,72,72,72,72,72,72,72,72,72,72,72,72,72,72],"card_choices":[{"not_picked":["ats:Healing Drone","ats:Demon Strength"],"picked":"ats:Curse Doll","floor":1},{"not_picked":["ats:Neurotoxin","ats:Charging Defense"],"picked":"ats:Flexible Camouflage","floor":4},{"not_picked":["ats:Consecutive Shot Auto","ats:Very Hot Blade"],"picked":"ats:Chain Hook","floor":5},{"not_picked":["ats:Very Hot Blade","ats:Poison Spread"],"picked":"ats:Song Of Battle","floor":7},{"not_picked":["ats:Explosion Area Strengthen","ats:Fractured Body"],"picked":"ats:Guard Mode","floor":11},{"not_picked":["ats:Serious Mode","ats:Shadow Assault"],"picked":"ats:Revitalization","floor":13}],"player_experience":533910,"relics_obtained":[{"floor":9,"key":"Omamori"},{"floor":13,"key":"ats:Originium"},{"floor":13,"key":"Tiny Chest"}],"event_choices":[{"cards_removed":["ats:Strike S"],"damage_healed":0,"gold_gain":0,"player_choice":"Card Removal","damage_taken":0,"max_hp_gain":0,"max_hp_loss":0,"event_name":"The Cleric","floor":2,"gold_loss":50},{"damage_healed":0,"gold_gain":0,"player_choice":"Upgraded","damage_taken":0,"max_hp_gain":0,"max_hp_loss":0,"event_name":"Upgrade Shrine","floor":3,"gold_loss":0,"cards_upgraded":["ats:Emotion Absorption"]},{"damage_healed":0,"gold_gain":0,"player_choice":"Got Potions","damage_taken":0,"max_hp_gain":0,"max_hp_loss":0,"event_name":"Lab","floor":8,"gold_loss":0}],"is_beta":false,"boss_relics":[],"items_purged_floors":[],"is_endless":false,"potions_floor_spawned":[1,4,7],"killed_by":"Slime Boss","ascension_level":0}}