{"host":"3rmac7zu3wzgmaxs","time":1613662761,"event":{"mods":["BaseMod","Better Third Choice","Downfall","Hubris","Infinite Spire","Minty Spire (QoL Compilation)","StSLib"],"gold_per_floor":[99,115,128,128,29,129,208,222,233,233,359,321,338,32,49,149,149,149,168,84,184,300,300,300,300,300,300,300],"floor_reached":26,"language":"ENG","playtime":3149,"items_purged":["Slimebound:Strike_Slimebound"],"score":208,"play_id":"24b15125-3050-4b22-8be2-96114a812fe7","local_time":"20210218103921","is_ascension_mode":false,"campfire_choices":[{"data":"Slimebound:Split","floor":1,"key":"SMITH"},{"data":"Slimebound:CorrosiveSpit","floor":10,"key":"SMITH"},{"data":"Slimebound:Overexert","floor":18,"key":"SMITH"},{"data":"Slimebound:Gluttony","floor":23,"key":"SMITH"},{"data":"Slimebound:LeadByExample","floor":25,"key":"SMITH"}],"circlet_count":0,"master_deck":["Slimebound:Strike_Slimebound","Slimebound:Tackle","Slimebound:Defend_Slimebound","Slimebound:Defend_Slimebound","Slimebound:Defend_Slimebound","Slimebound:Split+1","Slimebound:CorrosiveSpit+1","Slimebound:SplitMire","Slimebound:GoopSpray","Slimebound:Replication","Slimebound:LeadByExample+1","Slimebound:LeechEnergy","Slimebound:ItLooksTasty","Slimebound:RollThrough","Slimebound:GoopTackle","Slimebound:Repurpose","Slimebound:Schlurp","Slimebound:TongueLash","Slimebound:MassRepurpose","Slimebound:Gluttony+1","Slimebound:MegaLick","Slimebound:Prepare","Slimebound:LivingWall","Slimebound:AcidTongue","Slimebound:AcidTongue","Slimebound:Overexert+1","Slimebound:SlimeBarrage+1","Slimebound:RollThrough","Slimebound:BestDefense","Slimebound:ComboTackle","Slimebound:GoopSpray","J.A.X.","Slimebound:RejuvenatingLick"],"relics":["Slimebound:AbsorbEndCombat","hubris:Icosahedron","hubris:Metronome","Pen Nib","Orrery","infinitespire:Cupcake","MutagenicStrength","Centennial Puzzle"],"acts_visited":["Exordium","TheCity"],"potions_floor_usage":[3,15,16,16,21],"damage_taken":[{"damage":8,"enemies":"Jaw Worm","floor":2,"turns":4},{"damage":5,"enemies":"2 Louse","floor":3,"turns":2},{"damage":0,"enemies":"downfall:FleeingMerchant","floor":5,"turns":4},{"damage":6,"enemies":"Cultist","floor":8,"turns":3},{"damage":16,"enemies":"Lots of Slimes","floor":9,"turns":5},{"damage":24,"enemies":"Gremlin Nob","floor":11,"turns":4},{"damage":0,"enemies":"Large Slime","floor":12,"turns":2},{"damage":19,"enemies":"Blue Slaver","floor":13,"turns":3},{"damage":9,"enemies":"downfall:FleeingMerchant","floor":14,"turns":4},{"damage":0,"enemies":"2 Fungi Beasts","floor":15,"turns":2},{"damage":12,"enemies":"SI_SHIV_ARCHETYPE","floor":16,"turns":5},{"damage":34,"enemies":"Shell Parasite","floor":19,"turns":5},{"damage":0,"enemies":"downfall:FleeingMerchant","floor":20,"turns":4},{"damage":33,"enemies":"downfall:Augmenter","floor":21,"turns":7},{"damage":9,"enemies":"Spheric Guardian","floor":22,"turns":4},{"damage":39,"enemies":"Snake Plant","floor":26,"turns":3}],"seed_played":"-877053554814832101","potions_obtained":[{"floor":2,"key":"Fire Potion"},{"floor":3,"key":"DuplicationPotion"},{"floor":12,"key":"DuplicationPotion"},{"floor":13,"key":"Block Potion"},{"floor":15,"key":"Guardian:BlockOnCardUsePotion"},{"floor":19,"key":"LiquidMemories"}],"is_trial":false,"path_per_floor":["R","M","M","?","$","?","T","M","M","R","E","M","M","$","M","B",null,"R","M","$","?","M","R","T","R","M"],"character_chosen":"SLIMEBOUND","items_purchased":["Slimebound:LeadByExample","Slimebound:LeechEnergy","Orrery","Slimebound:AcidTongue","Slimebound:BestDefense"],"campfire_rested":0,"item_purchase_floors":[5,5,14,14,20],"current_hp_per_floor":[71,65,60,60,66,66,66,64,52,52,36,40,25,24,28,22,71,71,45,71,42,35,35,35,35,0,0,0],"gold":300,"neow_bonus":"TEN_PERCENT_HP_BONUS","is_daily":false,"chose_seed":false,"campfire_upgraded":5,"win_rate":0.0,"timestamp":1613662761,"path_taken":["R","M","M","?","$","?","T","M","?","R","E","M","M","?","M","BOSS","R","M","$","?","M","R","T","R","M"],"items_purchased_type":["Card","Card","Relic","Card","Card"],"build_version":"2020-12-13","purchased_purges":1,"victory":false,"max_hp_per_floor":[71,71,71,71,71,71,71,71,71,71,71,71,71,71,71,71,71,71,71,71,71,71,71,71,71,71,71,71],"card_choices":[{"not_picked":["Slimebound:SlimeBarrage","Slimebound:DisruptingSlam"],"picked":"Slimebound:SplitMire","floor":2},{"not_picked":["Slimebound:RainOfGoop","Slimebound:ViciousTackle"],"picked":"Slimebound:GoopSpray","floor":3},{"not_picked":["Slimebound:ForwardTackle","Slimebound:FormOfPuddle"],"picked":"Slimebound:Replication","floor":5},{"not_picked":["Slimebound:FormOfPuddle","Slimebound:Grow"],"picked":"Slimebound:ItLooksTasty","floor":8},{"not_picked":["Slimebound:SplitBruiser","Slimebound:FinishingTackle"],"picked":"Slimebound:RollThrough","floor":9},{"not_picked":["Slimebound:ItLooksTasty","Slimebound:GoopSpray"],"picked":"Slimebound:GoopTackle","floor":11},{"not_picked":["Slimebound:ItLooksTasty","Slimebound:ViciousTackle"],"picked":"Slimebound:Repurpose","floor":12},{"not_picked":["Slimebound:ComboTackle","Slimebound:PressTheAttack"],"picked":"Slimebound:Schlurp","floor":13},{"not_picked":["Slimebound:LeechingTouch","Slimebound:PressTheAttack"],"picked":"Slimebound:TongueLash","floor":14},{"not_picked":["Slimebound:RollThrough","Slimebound:PressTheAttack"],"picked":"Slimebound:MassRepurpose","floor":14},{"not_picked":["Slimebound:ComboTackle","Slimebound:BestDefense"],"picked":"Slimebound:Gluttony","floor":14},{"not_picked":["Slimebound:LeechLife","Slimebound:SplitMire"],"picked":"Slimebound:MegaLick","floor":14},{"not_picked":["Slimebound:FinishingTackle","Slimebound:SlimeTap"],"picked":"Slimebound:Prepare","floor":14},{"not_picked":["Slimebound:SlimeSpikes","Slimebound:FlameTackle"],"picked":"Slimebound:LivingWall","floor":14},{"not_picked":["Slimebound:SplitLeeching","Slimebound:TongueLash"],"picked":"Slimebound:AcidTongue","floor":15},{"not_picked":["Slimebound:PrepareCrush","Slimebound:SlimeSlap"],"picked":"Slimebound:Overexert","floor":16},{"not_picked":["Slimebound:FinishingTackle","Slimebound:PressTheAttack"],"picked":"Slimebound:SlimeBarrage+1","floor":19},{"not_picked":["Slimebound:SplitAcid+1","Slimebound:PressTheAttack+1"],"picked":"Slimebound:RollThrough","floor":20},{"not_picked":[],"picked":"J.A.X.","floor":21},{"not_picked":["Slimebound:AcidTongue","Slimebound:GoopSpray+1"],"picked":"Slimebound:RejuvenatingLick","floor":21},{"not_picked":["Slimebound:PrepareCrush","Slimebound:GoopTackle+1","Slimebound:FinishingTackle"],"picked":"SKIP","floor":22}],"player_experience":3056,"relics_obtained":[{"floor":7,"key":"hubris:Metronome"},{"floor":11,"key":"Pen Nib"},{"floor":21,"key":"MutagenicStrength"},{"floor":24,"key":"Centennial Puzzle"}],"event_choices":[],"is_beta":false,"boss_relics":[{"not_picked":["hubris:ScarierMask","Cursed Key"],"picked":"infinitespire:Cupcake"}],"items_purged_floors":[14],"is_endless":false,"potions_floor_spawned":[2,3,12,13,15,19],"killed_by":"Snake Plant","ascension_level":0}}