{"host":"i45hfqkcke4zequp","time":1613654134,"event":{"mods":["AchievementEnabler","BaseMod","BetterRewards","Minty Spire (QoL Compilation)","Permanent Neow","Shop Mod","SuperFastMode"],"gold_per_floor":[112,78,78,97,116,116,131,131,131,131,142,155,155,172,172,271,271,283,283,297,297,297,297,297],"floor_reached":23,"language":"KOR","playtime":792,"items_purged":[],"score":256,"play_id":"583990b1-56a8-432d-904c-73d2684c5379","local_time":"20210218221534","is_ascension_mode":true,"campfire_choices":[{"floor":6.0,"key":"REST"},{"data":"JustLucky","floor":8.0,"key":"SMITH"},{"data":"Consecrate","floor":10.0,"key":"SMITH"},{"data":"FlurryOfBlows","floor":15.0,"key":"SMITH"}],"circlet_count":0,"master_deck":["Strike_P","Strike_P","Strike_P","Strike_P","Defend_P","Defend_P","Defend_P","Defend_P","Eruption+1","Vigilance","Consecrate+1","Tantrum","SandsOfTime","JustLucky+1","FlurryOfBlows+1","Conclude","Devotion","EmptyBody","LessonLearned","Indignation","Protect","Pray","LessonLearned","Eruption","FlurryOfBlows"],"relics":["PureWater","Calipers","Turnip","Kunai","Juzu Bracelet","Pantograph","VioletLotus","Matryoshka","Enchiridion"],"acts_visited":["Exordium","TheCity"],"potions_floor_usage":[],"damage_taken":[{"damage":0.0,"enemies":"Small Slimes","floor":1.0,"turns":4.0},{"damage":0.0,"enemies":"Cultist","floor":4.0,"turns":2.0},{"damage":0.0,"enemies":"2 Louse","floor":5.0,"turns":1.0},{"damage":5.0,"enemies":"Red Slaver","floor":7.0,"turns":2.0},{"damage":2.0,"enemies":"Lots of Slimes","floor":11.0,"turns":2.0},{"damage":10.0,"enemies":"Looter","floor":12.0,"turns":2.0},{"damage":2.0,"enemies":"3 Louse","floor":14.0,"turns":2.0},{"damage":0.0,"enemies":"Slime Boss","floor":16.0,"turns":4.0},{"damage":30.0,"enemies":"Shell Parasite","floor":18.0,"turns":6.0},{"damage":18,"enemies":"3 Byrds","floor":20,"turns":4},{"damage":12,"enemies":"Book of Stabbing","floor":23,"turns":1}],"seed_played":"-4523893796219079571","potions_obtained":[{"floor":5.0,"key":"Ancient Potion"},{"floor":12.0,"key":"AttackPotion"},{"floor":20,"key":"Ancient Potion"}],"is_trial":false,"path_per_floor":["M","$","?","M","M","R","M","R","T","R","M","M","?","M","R","B",null,"M","?","M","?","?","E"],"character_chosen":"WATCHER","items_purchased":["Kunai","Tantrum"],"campfire_rested":1,"item_purchase_floors":[0,2],"current_hp_per_floor":[40,40,40,40,40,61,56,56,56,56,54,44,44,42,42,67,72,42,42,24,24,8,0,0],"gold":297,"neow_bonus":"","is_daily":false,"chose_seed":false,"campfire_upgraded":3,"win_rate":0.0,"timestamp":1613654134,"path_taken":["M","$","?","?","M","R","M","R","T","R","M","M","?","M","R","BOSS","M","?","M","?","?","E"],"items_purchased_type":["Relic","Card"],"build_version":"2020-12-22","purchased_purges":0,"victory":false,"max_hp_per_floor":[72,72,72,72,72,72,72,72,72,72,72,72,72,72,72,72,72,72,72,72,72,72,72,72],"card_choices":[{"not_picked":["Halt","SashWhip"],"picked":"Consecrate","floor":1.0},{"not_picked":["Consecrate","JustLucky"],"picked":"SandsOfTime","floor":4.0},{"not_picked":["Weave","ThirdEye"],"picked":"JustLucky","floor":5.0},{"not_picked":["Evaluate","FollowUp"],"picked":"FlurryOfBlows","floor":7.0},{"not_picked":["DeceiveReality","Tantrum"],"picked":"Conclude","floor":11.0},{"not_picked":["Sanctity","ClearTheMind"],"picked":"Devotion","floor":12.0},{"not_picked":["Swivel","PathToVictory"],"picked":"EmptyBody","floor":14.0},{"not_picked":["SpiritShield","ConjureBlade"],"picked":"LessonLearned","floor":16.0},{"not_picked":["JustLucky","PathToVictory"],"picked":"Indignation","floor":18.0},{"not_picked":["BowlingBash+1","Fasting2"],"picked":"FlurryOfBlows","floor":20}],"player_experience":556958,"relics_obtained":[{"floor":9.0,"key":"Juzu Bracelet"},{"floor":22,"key":"Enchiridion"}],"event_choices":[{"damage_healed":0.0,"max_hp_gain":0.0,"max_hp_loss":0.0,"gold_gain":0.0,"event_name":"Upgrade Shrine","player_choice":"Upgraded","floor":3.0,"gold_loss":0.0,"damage_taken":0.0,"cards_upgraded":["Eruption"]},{"damage_healed":0.0,"max_hp_gain":0.0,"max_hp_loss":0.0,"gold_gain":0.0,"event_name":"WeMeetAgain","player_choice":"Gave Potion","floor":13.0,"gold_loss":0.0,"damage_taken":0.0,"relics_obtained":["Pantograph"]},{"damage_healed":0,"gold_gain":0,"player_choice":"4 cards matched","damage_taken":0,"max_hp_gain":0,"max_hp_loss":0,"event_name":"Match and Keep!","floor":19,"gold_loss":0,"cards_obtained":["Protect","Pray","LessonLearned","Eruption"]},{"damage_healed":0,"gold_gain":0,"player_choice":"Opened","damage_taken":0,"relics_obtained":["Matryoshka"],"max_hp_gain":0,"max_hp_loss":0,"event_name":"The Mausoleum","floor":21,"gold_loss":0},{"damage_healed":0,"gold_gain":0,"player_choice":"Obtained Book","damage_taken":16,"max_hp_gain":0,"max_hp_loss":0,"event_name":"Cursed Tome","floor":22,"gold_loss":0}],"is_beta":false,"boss_relics":[{"not_picked":["Tiny House","Runic Dome"],"picked":"VioletLotus"}],"items_purged_floors":[],"is_endless":false,"potions_floor_spawned":[5,12,20],"killed_by":"Book of Stabbing","ascension_level":2}}