{"host":"rb2p2z6v6vieend5","time":1613609616,"event":{"mods":["BaseMod","Block Reminder","Colored Map","DeckTracker","Highlight Path","Minty Spire (QoL Compilation)","Random Character Button","Relic Stats"],"gold_per_floor":[118,168,188,200,125,125,144,109,109,142,142,157,72,84,84,155,155,172,172,172,184,29,29,29,29],"floor_reached":24,"language":"ENG","playtime":678,"items_purged":["Strike_R","Strike_R"],"score":372,"play_id":"259f3498-be6b-41af-9128-789dfc01295b","local_time":"20210218015336","is_ascension_mode":true,"campfire_choices":[{"data":"Searing Blow","floor":6,"key":"SMITH"},{"data":"Searing Blow+1","floor":11,"key":"SMITH"},{"data":"Searing Blow+2","floor":15,"key":"SMITH"},{"data":"Searing Blow+3","floor":23,"key":"SMITH"}],"circlet_count":0,"master_deck":["AscendersBane","Strike_R","Strike_R","Strike_R","Defend_R","Defend_R","Defend_R","Defend_R","Bash","Wild Strike","Carnage","Searing Blow+4","True Grit","Seeing Red","Evolve","Fire Breathing","Impervious","Ghostly","Ghostly","Ghostly","Shrug It Off"],"relics":["Burning Blood","NeowsBlessing","White Beast Statue","Bottled Flame","Mark of Pain"],"acts_visited":["Exordium","TheCity"],"potions_floor_usage":[16],"damage_taken":[{"damage":0,"enemies":"Small Slimes","floor":1,"turns":1},{"damage":0,"enemies":"Cultist","floor":3,"turns":1},{"damage":0,"enemies":"2 Louse","floor":4,"turns":1},{"damage":11,"enemies":"Exordium Wildlife","floor":7,"turns":3},{"damage":31,"enemies":"3 Sentries","floor":10,"turns":9},{"damage":11,"enemies":"Looter","floor":12,"turns":2},{"damage":1,"enemies":"3 Louse","floor":14,"turns":4},{"damage":37,"enemies":"Slime Boss","floor":16,"turns":7},{"damage":16,"enemies":"Spheric Guardian","floor":18,"turns":5},{"damage":14,"enemies":"Shell Parasite","floor":21,"turns":5},{"damage":24,"enemies":"Snake Plant","floor":24,"turns":5}],"seed_played":"5271282452926486310","potions_obtained":[{"floor":10,"key":"BlessingOfTheForge"},{"floor":12,"key":"Strength Potion"},{"floor":16,"key":"DuplicationPotion"}],"is_trial":false,"path_per_floor":["M","?","M","M","$","R","M","?","T","E","R","M","$","M","R","B",null,"M","?","?","M","$","R","M"],"character_chosen":"IRONCLAD","items_purchased":["Evolve","Shrug It Off"],"campfire_rested":0,"item_purchase_floors":[13,22],"current_hp_per_floor":[74,74,75,75,75,75,70,70,70,45,45,40,40,45,45,14,60,50,29,29,21,21,21,0,0],"gold":29,"neow_bonus":"THREE_ENEMY_KILL","is_daily":false,"chose_seed":false,"campfire_upgraded":4,"win_rate":0.0,"timestamp":1613609616,"path_taken":["M","?","M","?","$","R","M","?","T","E","R","M","?","M","R","BOSS","M","?","?","M","$","R","M"],"items_purchased_type":["Card","Card"],"build_version":"2020-12-22","purchased_purges":2,"victory":false,"max_hp_per_floor":[75,75,75,75,75,75,75,75,75,75,75,75,75,75,75,75,75,75,80,40,40,40,40,40,40],"relic_stats":{"counters":[11,43],"obtain_stats":[{"Bottled Flame":10,"NeowsBlessing":0,"Mark of Pain":17,"Burning Blood":0,"White Beast Statue":9},{"Bottled Flame":5,"NeowsBlessing":0,"Mark of Pain":8,"Burning Blood":0,"White Beast Statue":4},{"Bottled Flame":15,"NeowsBlessing":0,"Mark of Pain":28,"Burning Blood":0,"White Beast Statue":6}],"Burning Blood":49},"card_choices":[{"not_picked":["Flex","Heavy Blade"],"picked":"Wild Strike","floor":1},{"not_picked":["Sword Boomerang","Body Slam"],"picked":"Carnage","floor":3},{"not_picked":["Body Slam","Fiend Fire"],"picked":"Searing Blow","floor":4},{"not_picked":["Perfected Strike","Rampage"],"picked":"True Grit","floor":7},{"not_picked":["Barricade","Searing Blow"],"picked":"Seeing Red","floor":10},{"not_picked":["Rampage","Thunderclap","Body Slam"],"picked":"SKIP","floor":12},{"not_picked":["Bloodletting","Whirlwind"],"picked":"Fire Breathing","floor":14},{"not_picked":["Berserk","Juggernaut"],"picked":"Impervious","floor":16},{"not_picked":["Flex","Pummel","Twin Strike"],"picked":"SKIP","floor":18},{"not_picked":["Iron Wave","Warcry","Twin Strike"],"picked":"SKIP","floor":21}],"player_experience":771027,"relics_obtained":[{"floor":9,"key":"White Beast Statue"},{"floor":10,"key":"Bottled Flame"}],"event_choices":[{"damage_healed":0,"gold_gain":50,"player_choice":"Pray","damage_taken":0,"max_hp_gain":0,"max_hp_loss":0,"event_name":"Golden Shrine","floor":2,"gold_loss":0},{"damage_healed":0,"gold_gain":0,"player_choice":"Left Gold","damage_taken":0,"max_hp_gain":0,"max_hp_loss":0,"event_name":"World of Goop","floor":8,"gold_loss":35},{"damage_healed":0,"gold_gain":0,"player_choice":"Shed Blood","damage_taken":26,"max_hp_gain":5,"max_hp_loss":0,"event_name":"Forgotten Altar","floor":19,"gold_loss":0},{"damage_healed":0,"gold_gain":0,"player_choice":"Became a Ghost","damage_taken":0,"max_hp_gain":0,"max_hp_loss":40,"event_name":"Ghosts","floor":20,"gold_loss":0,"cards_obtained":["Ghostly","Ghostly","Ghostly"]}],"is_beta":false,"boss_relics":[{"not_picked":["Coffee Dripper","Fusion Hammer"],"picked":"Mark of Pain"}],"items_purged_floors":[5,22],"is_endless":false,"potions_floor_spawned":[10,12,14,16,18,21],"killed_by":"Snake Plant","ascension_level":18}}