{"host":"nlbr7nnijupf3yfg","time":1613622845,"event":{"mods":["AchievementEnabler","BaseMod","BetterRewards","Card Forge","Colored Powertips","DeckTracker","Downfall","Hubris","Infinite Spire","Minty Spire (QoL Compilation)","Quick Restart","Relic Stats","Replay The Spire","Shop Mod","StSLib","SuperFastMode"],"gold_per_floor":[118,118,136,35,35,61,61,86,168,180,31,31,44,63,63,63,63],"floor_reached":16,"language":"ENG","playtime":272,"items_purged":["Pain","Decay"],"score":116,"play_id":"6a975e49-47b4-44b4-a13c-2a162b78a888","local_time":"20210217233405","is_ascension_mode":true,"campfire_choices":[{"data":"Rainbow","floor":12,"key":"SMITH"},{"data":"ReplayTheSpireMod:Fabricate Wheel","floor":15,"key":"SMITH"}],"circlet_count":0,"master_deck":["Strike_B","Strike_B","Strike_B","Strike_B","Defend_B","Defend_B","Defend_B","Defend_B","Zap","Dualcast","Cold Snap","Storm","Leap+1","Ball Lightning","Rainbow+1","Go for the Eyes","Consume+1","Go for the Eyes","Buffer"],"relics":["Cracked Core","Hammer of Thor","Seething Fire","Anvil of the Gods","Blue Doll","WarpedTongs","Bag of Marbles","Pen Nib","hubris:MysteriousPyramids","Prayer Wheel"],"acts_visited":["Exordium"],"potions_floor_usage":[6,16,16],"damage_taken":[{"damage":1,"enemies":"Jaw Worm","floor":1,"turns":3},{"damage":5,"enemies":"Cultist","floor":3,"turns":3},{"damage":11,"enemies":"Lagavulin","floor":6,"turns":5},{"damage":15,"enemies":"Gremlin Nob","floor":8,"turns":4},{"damage":0,"enemies":"2 Louse","floor":10,"turns":2},{"damage":15,"enemies":"Exordium Thugs","floor":13,"turns":5},{"damage":4,"enemies":"2 Fungi Beasts","floor":14,"turns":2},{"damage":25,"enemies":"Hexaghost","floor":16,"turns":11}],"seed_played":"7234428421578373615","potions_obtained":[{"floor":1,"key":"AttackPotion"},{"floor":6,"key":"bronze:BurnAndBuffPotion"},{"floor":10,"key":"hexamod:SoulburnPotion"},{"floor":13,"key":"Doom Potion"}],"is_trial":false,"path_per_floor":["M","?","M","$","$","E","?","E","T","M","$","R","M","M","R","B"],"character_chosen":"DEFECT","items_purchased":["Leap+1","Consume+1"],"campfire_rested":0,"item_purchase_floors":[4,11],"current_hp_per_floor":[74,74,69,69,69,58,58,43,43,43,43,43,28,24,24,0,0],"gold":63,"neow_bonus":"RANDOM_COMMON_RELIC","is_daily":false,"chose_seed":false,"campfire_upgraded":2,"win_rate":0.0,"timestamp":1613622845,"path_taken":["M","?","M","?","$","E","?","E","T","M","$","R","?","M","R","BOSS"],"items_purchased_type":["Card","Card"],"build_version":"2020-12-22","purchased_purges":2,"victory":false,"max_hp_per_floor":[75,75,75,75,75,75,75,75,75,75,75,75,75,75,75,75,75],"relic_stats":{"counters":[8,35],"Prayer Wheel":0,"Pen Nib":[2],"obtain_stats":[{"Anvil of the Gods":0,"Blue Doll":0,"Prayer Wheel":16,"Hammer of Thor":0,"Pen Nib":8,"Bag of Marbles":6,"Seething Fire":0,"hubris:MysteriousPyramids":9,"Cracked Core":0,"WarpedTongs":2},{"Anvil of the Gods":0,"Blue Doll":0,"Prayer Wheel":8,"Hammer of Thor":0,"Pen Nib":4,"Bag of Marbles":3,"Seething Fire":0,"hubris:MysteriousPyramids":4,"Cracked Core":0,"WarpedTongs":1},{"Anvil of the Gods":0,"Blue Doll":0,"Prayer Wheel":26,"Hammer of Thor":0,"Pen Nib":15,"Bag of Marbles":11,"Seething Fire":0,"hubris:MysteriousPyramids":15,"Cracked Core":0,"WarpedTongs":3}],"WarpedTongs":[31]},"card_choices":[{"not_picked":["Streamline","BootSequence"],"picked":"Cold Snap","floor":1},{"not_picked":["Auto Shields","Compile Driver"],"picked":"Storm","floor":3},{"not_picked":["Stack","Rebound"],"picked":"Ball Lightning","floor":6},{"not_picked":["Time Bomb","Redo"],"picked":"Rainbow","floor":8},{"not_picked":["ReplayGash","Coolheaded"],"picked":"Go for the Eyes","floor":10},{"not_picked":["Hello World","Steam Power"],"picked":"Go for the Eyes","floor":13},{"not_picked":["Streamline","Rebound"],"picked":"ReplayTheSpireMod:Fabricate Wheel","floor":14}],"player_experience":107430,"relics_obtained":[{"floor":6,"key":"Bag of Marbles"},{"floor":8,"key":"Pen Nib"},{"floor":9,"key":"hubris:MysteriousPyramids"}],"event_choices":[{"damage_healed":0,"gold_gain":0,"player_choice":"Rummage","damage_taken":0,"relics_obtained":["WarpedTongs"],"max_hp_gain":0,"max_hp_loss":0,"event_name":"Accursed Blacksmith","floor":2,"gold_loss":0,"cards_obtained":["Pain"]},{"damage_healed":0,"gold_gain":0,"player_choice":"Cursed","damage_taken":0,"max_hp_gain":0,"max_hp_loss":0,"event_name":"Wheel of Change","floor":7,"gold_loss":0,"cards_obtained":["Decay"]}],"is_beta":false,"boss_relics":[],"items_purged_floors":[4,11],"is_endless":false,"potions_floor_spawned":[1,6,10,13],"killed_by":"Hexaghost","ascension_level":1}}