{"host":"z2dev7aeib1ulpz6","time":1613657165,"event":{"mods":["2.2 Compatiblity","Abigail Mod","AchievementEnabler","Act Like it!","AlwaysNeverKeys","Aspiration","BaseMod","Beaked The Cultist","Better Altar","Better Match","Better Note","Better Sensory Stone","Better Skull","Better Third Choice","Better Vampires","BetterRewards","CapriCore","Colored Map","Colored Powertips","Conspire","Downfall","Duelist Mod","Elementarium","Emptier Cage","Fiend Mod","Friendly Minions","FruityMod","Gensokyo","GifTheSpireLib","Googly Eyes","Hallownest","Highlight Path","Hubris","Infinite Spire","Marisa????????","Menagerie","Minty Spire (QoL Compilation)","Random Character Button","Relic Filter","Relic Sorter","Relic Stats","Reliquary","Replay The Spire","Robot Space Explorer","Ruina","Shop Mod","Spicy Shops","Spikes Relics","StS++","StSLib","Stuff the Spire","SuperFastMode","The Awakened One except there are too many feathers","The Bug Knight","The IronCluck","The Marked","The Mystic","The Problem Sleuth","The Runesmith","The Servant 0.9.4","Trackpad","Transform Curses","Wandering Minibosses","[JumpMod]????","egg","slay the spire mod where everything is the same but ironclad has a cowboy hat","thorton"],"gold_per_floor":[116,76,76,89,89,106,106,124,193,193,43,56,56,89,89,191,191,203,203,108,18,18,42,42,42,42,55,86,103,103,120,120,220,220,235,248,261,273,289,66,66,92,92,108,108,108,108],"floor_reached":45,"language":"ENG","playtime":2655,"items_purged":["Voices"],"score":617,"play_id":"5f71c517-0076-4db1-a477-653f14ccd806","local_time":"20210218140605","is_ascension_mode":false,"campfire_choices":[{"data":"bronze:ChosenStrike","floor":10,"key":"SMITH"},{"data":"ReplayTheSpireMod:Chaos Vortex","floor":15,"key":"SMITH"},{"data":"bronze:HardenedForm","floor":24,"key":"SMITH"},{"data":"bronze:Overload","floor":32,"key":"SMITH"},{"data":"bronze:RecursiveStrike","floor":41,"key":"SMITH"}],"circlet_count":0,"master_deck":["bronze:Strike+1","bronze:Strike","bronze:Strike+1","bronze:Defend+1","bronze:Defend+1","bronze:Defend+1","bronze:Replicate","bronze:Goto","bronze:FineTuning","bronze:ChildClass","bronze:ChosenStrike+1","bronze:WildBeam","bronze:CloningBeam","bronze:Overload+1","Writhe","hubris:Despair","ReplayTheSpireMod:Chaos Vortex+1","bronze:DigitalCarnage","bronze:HardenedForm+1","Eviscerate","StuffTheSpire:Incantation","Crippling Poison","bronze:RecursiveStrike+1","bronze:FindAndReplace","bronze:WhirlingStrike","bronze:Repair"],"relics":["bronze:BronzeCore","HowToJump","Guardian:GemstoneGun","MerchantsRug","Boot","Ring of Panic","Ring of Searing","Pantograph","StuffTheSpire:OccultApparatus","Snecko Eye","ReplayTheSpireMod:CursedCoin","hubris:SphereOfDissonance","MiniBlackHole","Durian","Replay:Bottled Eggs","hubris:ToyBattleship","reliquary:WritOfMandamus","Du-Vu Doll","hubris:SlimyHat","Mummified Hand"],"acts_visited":["Hallownest:Greenpath","ruina:Briah","TheBeyond"],"potions_floor_usage":[14,14,18,21],"damage_taken":[{"damage":6,"enemies":"2_ Uuma","floor":1,"turns":5},{"damage":0,"enemies":"Hallownest:monsterHuskWarrior","floor":4,"turns":3},{"damage":0,"enemies":"Hallownest:2_Baldur","floor":6,"turns":3},{"damage":16,"enemies":"Hallownest:1_Ooma_and_2_Uuma","floor":8,"turns":5},{"damage":0,"enemies":"Hallownest:monsterAspidMother","floor":12,"turns":2},{"damage":0,"enemies":"Hallownest:eliteMossKnight","floor":14,"turns":5},{"damage":10,"enemies":"Hallownest:BossBrokenVessel","floor":16,"turns":5},{"damage":10,"enemies":"ruina:2_Scarecrows","floor":18,"turns":3},{"damage":15,"enemies":"ruina:BadWolf","floor":21,"turns":3},{"damage":12,"enemies":"ruina:3_Scarecrows","floor":27,"turns":2},{"damage":6,"enemies":"ruina:RoadHome","floor":28,"turns":3},{"damage":0,"enemies":"ruina:KnightOfDespair","floor":29,"turns":2},{"damage":6,"enemies":"ruina:QueenOfHate","floor":31,"turns":2},{"damage":0,"enemies":"ruina:Red_and_Wolf","floor":33,"turns":5},{"damage":6,"enemies":"3 Darklings","floor":35,"turns":3},{"damage":1,"enemies":"Orb Walker","floor":36,"turns":2},{"damage":14,"enemies":"Writhing Mass","floor":37,"turns":2},{"damage":0,"enemies":"Sphere and 2 Shapes","floor":38,"turns":2},{"damage":0,"enemies":"Maw","floor":39,"turns":3},{"damage":0,"enemies":"Nemesis","floor":42,"turns":1},{"damage":1,"enemies":"3 Darklings","floor":44,"turns":3},{"damage":0,"enemies":"infinitespire:Three Voidlings","floor":45,"turns":1},{"damage":70,"enemies":"Nightmare_Alpha","floor":45,"turns":4}],"seed_played":"-3883140081523836778","potions_obtained":[{"floor":6,"key":"Fire Potion"},{"floor":8,"key":"Milkshake"},{"floor":16,"key":"Energy Potion"},{"floor":18,"key":"Adrenaline Potion"},{"floor":27,"key":"Dexterity Potion"},{"floor":28,"key":"FearPotion"}],"is_trial":false,"path_per_floor":["M","?","?","M","?","M","?","M","T","R","$","M","?","E","R","B",null,"M","?","$","M","?","T","R","?","T","M","E","M","AVR","M","R","B",null,"M","M","M","M","M","$","R","E","T","M","?"],"character_chosen":"THE_AUTOMATON","items_purchased":["Guardian:GemstoneGun","MerchantsRug","bronze:FineTuning","Boot","aspiration:Nostalgia","ReplayTheSpireMod:CursedCoin","hubris:SphereOfDissonance","Du-Vu Doll","bronze:Repair"],"campfire_rested":0,"item_purchase_floors":[0,0,0,0,11,20,20,40,40],"current_hp_per_floor":[32,51,51,51,51,51,51,35,35,35,35,35,35,35,35,50,70,60,60,60,45,45,45,45,49,54,42,36,36,36,30,30,55,75,69,68,54,54,54,54,54,54,54,60,0,0,0],"gold":108,"neow_bonus":"","is_daily":false,"chose_seed":false,"campfire_upgraded":5,"win_rate":0.0,"timestamp":1613657165,"path_taken":["M","?","?","M","?","M","?","M","T","R","$","M","?","E","R","BOSS","M","?","$","?","?","?","R","?","T","M","E","M","AVR","M","R","BOSS","M","?","M","M","?","$","R","E","T","M","?"],"items_purchased_type":["Relic","Relic","Card","Relic","Relic","Relic","Relic","Relic","Card"],"build_version":"2020-12-22","purchased_purges":1,"victory":false,"max_hp_per_floor":[70,70,70,70,70,70,70,70,70,70,70,70,70,70,70,70,70,70,70,70,70,70,70,70,70,75,75,75,75,75,75,75,75,75,75,75,75,75,75,75,75,75,75,75,75,75,75],"relic_stats":{"counters":[77,300],"Mummified Hand":[9],"Pantograph":50,"Snecko Eye":[74,63,61,73],"Boot":[30],"obtain_stats":[{"Ice Cream":45,"trackpad:Mousetrap":5,"trackpad:IceCube":3,"downfall:HeartBlessingGreen":11,"aspiration:PoetsPen_weak":45,"trackpad:WondrousWand":26,"Sling":31,"Boot":0,"Ring of Searing":7,"Sozu":27,"m_BookOfShivs":11,"Strawberry":7,"Honey Jar":34,"HandDrill":22,"HollowMod:PaleOreRelic":4,"trackpad:CultistFigurine":5,"hexamod:SpiritBrand":0,"MerchantsRug":0,"conspire:TreasureMap":40,"Ring of Hypnosis":38,"Happy Flower":41,"ReplayTheSpireMod:CursedCoin":28,"aspiration:Nostalgia":11,"Astrolabe":45,"Oddly Smooth Stone":5,"hubris:SphereOfDissonance":20,"wanderingMiniBosses:MasterThiefsPresence":19,"Charon\u0027s Ashes":34,"SpikesRelics:SneckoPlush":8,"War Paint":6,"Du-Vu Doll":40,"aspiration:EmptySkull":46,"Bronze Scales":29,"Snecko Eye":17,"infinitespire:EmpoweringShard":10,"hubris:ToyBattleship":30,"reliquary:WritOfMandamus":34,"trackpad:WindUpAutoDealer":39,"ReplayFunnel":11,"ReplayTheSpireMod:Ring of Exchange":38,"aspiration:Lifesprig":29,"Regal Pillow":39,"Lantern":41,"bronze:BronzeCore":0,"champ:ChampionCrown":0,"hubris:SlimyHat":42,"Replay:Mystery Machine":0,"StuffTheSpire:OccultApparatus":22,"Frozen Eye":18,"hubris:Backtick":34,"hubris:Icosahedron":37,"Matryoshka":31,"downfall:HeartBlessingBlue":18,"Mummified Hand":43,"Gambling Chip":0,"Pantograph":9,"MiniBlackHole":46,"Ring of Panic":7,"Replay:Bottled Eggs":28,"aspiration:ChemicalBlood":14,"Runesmith:Nanobots":18,"HowToJump":0,"Guardian:GemstoneGun":0,"infinitespire:FocusingShard":24,"PreservedInsect":41,"aspiration:SecretTechniqueScroll":17,"Orichalcum":28,"Ring of Misfortune":38,"Snack Pack":14,"SpikesRelics:DaevaFist":24,"Garlic":28,"Durian":26,"Membership Card":27},{"Ice Cream":50,"trackpad:Mousetrap":3,"trackpad:IceCube":2,"downfall:HeartBlessingGreen":6,"aspiration:PoetsPen_weak":21,"trackpad:WondrousWand":13,"Sling":44,"Boot":54,"Ring of Searing":57,"Sozu":13,"m_BookOfShivs":58,"Strawberry":3,"Honey Jar":46,"HandDrill":11,"HollowMod:PaleOreRelic":3,"trackpad:CultistFigurine":30,"hexamod:SpiritBrand":0,"MerchantsRug":25,"conspire:TreasureMap":19,"Ring of Hypnosis":18,"Happy Flower":48,"ReplayTheSpireMod:CursedCoin":41,"aspiration:Nostalgia":58,"Astrolabe":21,"Oddly Smooth Stone":3,"hubris:SphereOfDissonance":62,"wanderingMiniBosses:MasterThiefsPresence":36,"Charon\u0027s Ashes":16,"SpikesRelics:SneckoPlush":32,"War Paint":31,"Du-Vu Doll":73,"aspiration:EmptySkull":50,"Bronze Scales":14,"Snecko Eye":61,"infinitespire:EmpoweringShard":6,"hubris:ToyBattleship":66,"reliquary:WritOfMandamus":68,"trackpad:WindUpAutoDealer":47,"ReplayFunnel":33,"ReplayTheSpireMod:Ring of Exchange":18,"aspiration:Lifesprig":42,"Regal Pillow":47,"Lantern":48,"bronze:BronzeCore":54,"champ:ChampionCrown":0,"hubris:SlimyHat":74,"Replay:Mystery Machine":0,"StuffTheSpire:OccultApparatus":63,"Frozen Eye":61,"hubris:Backtick":16,"hubris:Icosahedron":18,"Matryoshka":44,"downfall:HeartBlessingBlue":35,"Mummified Hand":74,"Gambling Chip":54,"Pantograph":58,"MiniBlackHole":22,"Ring of Panic":57,"Replay:Bottled Eggs":65,"aspiration:ChemicalBlood":60,"Runesmith:Nanobots":35,"HowToJump":0,"Guardian:GemstoneGun":54,"infinitespire:FocusingShard":12,"PreservedInsect":19,"aspiration:SecretTechniqueScroll":8,"Orichalcum":41,"Ring of Misfortune":47,"Snack Pack":7,"SpikesRelics:DaevaFist":38,"Garlic":41,"Durian":63,"Membership Card":13},{"Ice Cream":209,"trackpad:Mousetrap":11,"trackpad:IceCube":7,"downfall:HeartBlessingGreen":21,"aspiration:PoetsPen_weak":94,"trackpad:WondrousWand":59,"Sling":184,"Boot":231,"Ring of Searing":242,"Sozu":59,"m_BookOfShivs":247,"Strawberry":11,"Honey Jar":192,"HandDrill":49,"HollowMod:PaleOreRelic":11,"trackpad:CultistFigurine":131,"hexamod:SpiritBrand":0,"MerchantsRug":111,"conspire:TreasureMap":85,"Ring of Hypnosis":81,"Happy Flower":198,"ReplayTheSpireMod:CursedCoin":175,"aspiration:Nostalgia":247,"Astrolabe":94,"Oddly Smooth Stone":11,"hubris:SphereOfDissonance":262,"wanderingMiniBosses:MasterThiefsPresence":156,"Charon\u0027s Ashes":73,"SpikesRelics:SneckoPlush":139,"War Paint":135,"Du-Vu Doll":291,"aspiration:EmptySkull":209,"Bronze Scales":61,"Snecko Eye":259,"infinitespire:EmpoweringShard":21,"hubris:ToyBattleship":272,"reliquary:WritOfMandamus":279,"trackpad:WindUpAutoDealer":195,"ReplayFunnel":141,"ReplayTheSpireMod:Ring of Exchange":81,"aspiration:Lifesprig":179,"Regal Pillow":195,"Lantern":198,"bronze:BronzeCore":231,"champ:ChampionCrown":0,"hubris:SlimyHat":292,"Replay:Mystery Machine":0,"StuffTheSpire:OccultApparatus":265,"Frozen Eye":259,"hubris:Backtick":73,"hubris:Icosahedron":81,"Matryoshka":184,"downfall:HeartBlessingBlue":151,"Mummified Hand":292,"Gambling Chip":231,"Pantograph":247,"MiniBlackHole":98,"Ring of Panic":242,"Replay:Bottled Eggs":270,"aspiration:ChemicalBlood":254,"Runesmith:Nanobots":151,"HowToJump":0,"Guardian:GemstoneGun":231,"infinitespire:FocusingShard":53,"PreservedInsect":85,"aspiration:SecretTechniqueScroll":34,"Orichalcum":175,"Ring of Misfortune":195,"Snack Pack":23,"SpikesRelics:DaevaFist":163,"Garlic":175,"Durian":265,"Membership Card":59}]},"card_choices":[{"not_picked":["bronze:ClassDefault","bronze:GetLatest"],"picked":"bronze:ChildClass","floor":1},{"not_picked":["bronze:BronzeArmor","bronze:Iterate"],"picked":"bronze:ChosenStrike","floor":4},{"not_picked":["bronze:ForceShield","bronze:Turbo"],"picked":"bronze:WildBeam","floor":6},{"not_picked":["bronze:Turbo","bronze:BronzeArmor"],"picked":"bronze:CloningBeam","floor":8},{"not_picked":["bronze:BronzeArmor","Escape Plan"],"picked":"bronze:Overload","floor":12},{"not_picked":["infinitespire:DeathsTouch","infinitespire:Starlight"],"picked":"ReplayTheSpireMod:Chaos Vortex","floor":13},{"not_picked":["bronze:Return","ReplayTheSpireMod:Scrap Shanks"],"picked":"bronze:DigitalCarnage","floor":14},{"not_picked":["bronze:ShipIt","Burst"],"picked":"bronze:HardenedForm","floor":16},{"not_picked":["bronze:Backtrace","bronze:WildBeam","bronze:Frontload+1"],"picked":"SKIP","floor":18},{"not_picked":["bronze:FineTuning","bronze:BugBarrage+1","bronze:Fortify"],"picked":"SKIP","floor":21},{"not_picked":["bronze:Overheat","bronze:FineTuning+1","bronze:Turbo"],"picked":"SKIP","floor":27},{"not_picked":["bronze:CutThrough","bronze:BugBarrage"],"picked":"bronze:RecursiveStrike","floor":28},{"not_picked":["bronze:Turbo","bronze:Deprecate","bronze:Invalidate"],"picked":"SKIP","floor":29},{"not_picked":["bronze:DelayedGuard","bronze:ForLoop","bronze:Turbo"],"picked":"SKIP","floor":31},{"not_picked":["bronze:Assembly","bronze:HyperBeam"],"picked":"bronze:FindAndReplace","floor":33},{"not_picked":["bronze:DelayedGuard+1","bronze:Overheat","bronze:WildBeam+1"],"picked":"SKIP","floor":35},{"not_picked":["bronze:OilSpill+1","bronze:FineTuning+1"],"picked":"bronze:WhirlingStrike","floor":36},{"not_picked":["bronze:BugBarrage","bronze:FineTuning","bronze:DarkDash"],"picked":"SKIP","floor":37},{"not_picked":["bronze:Backtrace+1","bronze:ClassDefault","bronze:Overheat+1"],"picked":"SKIP","floor":38},{"not_picked":["bronze:ChildClass+1","bronze:Invalidate+1","bronze:Backtrace+1"],"picked":"SKIP","floor":39},{"not_picked":["bronze:WildBeam+1","bronze:Virus","bronze:Repair"],"picked":"SKIP","floor":42},{"not_picked":["bronze:OilSpill","bronze:Iterate","bronze:Optimize"],"picked":"SKIP","floor":44}],"player_experience":1145376,"relics_obtained":[{"floor":7,"key":"Ring of Panic"},{"floor":7,"key":"Ring of Searing"},{"floor":9,"key":"Pantograph"},{"floor":14,"key":"aspiration:ChemicalBlood"},{"floor":23,"key":"MiniBlackHole"},{"floor":26,"key":"Durian"},{"floor":28,"key":"Replay:Bottled Eggs"},{"floor":42,"key":"hubris:SlimyHat"},{"floor":43,"key":"Mummified Hand"}],"event_choices":[{"damage_healed":0,"gold_gain":0,"player_choice":"Leave","damage_taken":0,"max_hp_gain":0,"max_hp_loss":0,"event_name":"conspire:Investor","floor":5,"gold_loss":0},{"damage_healed":4,"gold_gain":0,"player_choice":"LEAVE ","damage_taken":0,"relics_obtained":[],"max_hp_gain":0,"max_hp_loss":0,"event_name":"betterSkull:BetterSkull","floor":25,"gold_loss":0,"cards_upgraded":[]}],"is_beta":false,"boss_relics":[{"not_picked":["Honey Jar","Ring of Chaos"],"picked":"Snecko Eye"},{"not_picked":["trackpad:Trackpad","hubris:BlackHole"],"picked":"reliquary:WritOfMandamus"}],"items_purged_floors":[20],"is_endless":false,"potions_floor_spawned":[6,8,16,18,27,28,35,36,44],"killed_by":"Nightmare_Alpha","ascension_level":0}}