{"host":"je99lgdwtlinqp9h","time":1613642292,"event":{"mods":["Act Like it!","Arknights","BaseMod","Colored Map","HololiveMod","Minty Spire (QoL Compilation)","MostiFishMod","Reimu£®≤©¿ˆ¡È√Œ£©","Relic Stats","Replay The Spire","Shop Mod","Spicy Shops","StSLib","noobMod","°æ“≈ŒÔø®≈∆°øREMEMod"],"gold_per_floor":[77,27,27,27,27,71,86,86,138,156,169,187,222,232,232,330,330,342,354,269,269,280,280,300,343,343,158,158,272,272,272,272,395,395,415,415,433,433,446,482,482,482,531,551,650,664,664,776,776,782],"floor_reached":51,"language":"ZHS","playtime":5630,"items_purged":[],"score":1107,"play_id":"41a1a5e9-acc4-4989-973a-f0373b4776ef","local_time":"20210218175812","is_ascension_mode":false,"campfire_choices":[{"data":"Hololive_Recruit","floor":8,"key":"SMITH"},{"data":"Hololive_CallHimemoriLuna","floor":15,"key":"SMITH"},{"data":"Hololive_DDD","floor":23,"key":"SMITH"},{"data":"REME_WheelOfFate","floor":28,"key":"SMITH"},{"data":"Hololive_CallManoAloe","floor":32,"key":"SMITH"},{"data":"Hololive_DurableLive","floor":41,"key":"SMITH"},{"data":"Hololive_CallYozoraMel","floor":47,"key":"SMITH"},{"data":"Hololive_Thief","floor":49,"key":"SMITH"}],"circlet_count":0,"master_deck":["Hololive_CallHoushouMarine","Hololive_CallShiroganeNoel","Hololive_CallUruhaRushia","Hololive_CallShiranuiFlare","Hololive_CallUsadaPekora","Hololive_StrengthChampion","Hololive_Defend","Hololive_Defend","Hololive_CallNatsuiroMatsuri","Hololive_Recruit+1","Hololive_Sequa+1","Hololive_StrengthChampion+1","Hololive_Psychosis","Hololive_Watashimo","Hololive_CallHimemoriLuna+1","Hololive_CallManoAloe+1","Hololive_CallYozoraMel+1","Hololive_DDD+1","Hololive_CallKiryuuCoco","Hololive_CallAkiRosenthal","Hololive_StrengthChampion+1","Hololive_CallSpadeEcho","REME_WheelOfFate+1","Hololive_StarCraft","Hololive_DurableLive+1","Hololive_DurableLive","Madness","Madness","Hololive_CocoNews+1","Hololive_Thief+1","Hololive_ScarfAndHalo","Hololive_CallAmaneKanata","Hololive_OvertimeWork+1","Hololive_CallMinatoAqua+1","Hololive_CallYogiri"],"relics":["Hololive_TheStar","DaveBox","REME_ComplimentaryCards","ice","SynthV:TestCard","Hololive_FriedShrimpLion","Divine Protection","HereWithMe","Potion Belt","Nloth\u0027s Gift","Replay:WaspNest","CrazyTorch:ReiMu","Strawberry","NightmareShop","Pen Nib","REME_PuzzleBoxRelic","Pet Ghost","Whetstone","ReplayTheSpireMod:Ninjato"],"acts_visited":["Exordium","TheCity","TheBeyond"],"potions_floor_usage":[],"damage_taken":[{"damage":0,"enemies":"ats:Genji","floor":1,"turns":2},{"damage":0,"enemies":"3 Sentries","floor":6,"turns":6},{"damage":0,"enemies":"Jaw Worm","floor":7,"turns":2},{"damage":0,"enemies":"Cultist","floor":10,"turns":2},{"damage":0,"enemies":"Red Slaver","floor":11,"turns":2},{"damage":0,"enemies":"Exordium Wildlife","floor":12,"turns":1},{"damage":1,"enemies":"Gremlin Nob","floor":13,"turns":4},{"damage":0,"enemies":"2 Fungi Beasts","floor":14,"turns":1},{"damage":0,"enemies":"Hexaghost","floor":16,"turns":5},{"damage":0,"enemies":"Shell Parasite","floor":18,"turns":2},{"damage":0,"enemies":"2 Thieves","floor":19,"turns":2},{"damage":0,"enemies":"3 Cultists","floor":22,"turns":3},{"damage":0,"enemies":"Centurion and Healer","floor":24,"turns":4},{"damage":0,"enemies":"Gremlin Leader","floor":25,"turns":5},{"damage":9,"enemies":"Replay:Snechameleon","floor":29,"turns":4},{"damage":0,"enemies":"Automaton","floor":33,"turns":8},{"damage":0,"enemies":"3 Shapes","floor":35,"turns":4},{"damage":0,"enemies":"3 Darklings","floor":37,"turns":4},{"damage":0,"enemies":"Transient","floor":39,"turns":5},{"damage":0,"enemies":"Nemesis","floor":40,"turns":5},{"damage":0,"enemies":"Maw","floor":44,"turns":4},{"damage":0,"enemies":"3 Darklings","floor":45,"turns":4},{"damage":0,"enemies":"Giant Head","floor":46,"turns":5},{"damage":0,"enemies":"Sphere and 2 Shapes","floor":48,"turns":4},{"damage":0,"enemies":"Donu and Deca","floor":50,"turns":6}],"seed_played":"-633804926186494505","potions_obtained":[{"floor":6,"key":"GamblersBrew"},{"floor":7,"key":"LiquidBronze"},{"floor":11,"key":"SkillPotion"},{"floor":22,"key":"ZuzhouPotion:ReiMu"},{"floor":24,"key":"Venom Potion"},{"floor":45,"key":"Elixir"},{"floor":48,"key":"BlessingOfTheForge"}],"is_trial":false,"path_per_floor":["M","?","$","?","?","E","M","R","T","M","M","M","E","M","R_BF","B",null,"M","M","?","?","M","R","M","E","T","$","R","E","$","?","R","B",null,"M","?","M","?","M","E","R","?","T","M","M","E","R","M","R","B",null],"character_chosen":"Hololive_HololiveCharacter","items_purchased":["REME_WheelOfFate"],"campfire_rested":0,"item_purchase_floors":[27],"current_hp_per_floor":[38,38,38,31,31,31,31,31,31,31,31,31,30,30,30,30,38,38,38,38,38,38,38,38,38,38,38,38,36,36,30,30,50,50,50,44,44,44,44,44,44,44,44,46,46,46,46,52,52,52],"gold":782,"neow_bonus":"TEN_PERCENT_HP_BONUS","is_daily":false,"chose_seed":false,"campfire_upgraded":8,"win_rate":0.0,"timestamp":1613642292,"path_taken":["M","?","$","?","?","E","M","R","T","?","M","M","E","M","R_BF","BOSS","M","M","?","?","M","R","?","E","T","$","R","E","?","?","R","BOSS","M","?","M","?","M","E","R","?","T","?","M","E","R","M","R","BOSS"],"items_purchased_type":["Card"],"build_version":"2020-12-22","purchased_purges":0,"victory":true,"max_hp_per_floor":[38,38,38,38,38,38,38,38,38,38,38,38,38,38,38,38,38,38,38,38,38,38,38,38,38,38,38,38,45,45,50,50,50,50,50,50,50,50,50,50,50,50,50,52,52,52,52,52,52,52],"relic_stats":{"counters":[25,94],"Pen Nib":[5],"Nloth\u0027s Gift":9,"Whetstone":["Hololive_StrengthChampion","Hololive_Sequa"],"obtain_stats":[{"Potion Belt":20,"Divine Protection":13,"ReplayTheSpireMod:Ninjato":46,"DaveBox":0,"Replay:WaspNest":25,"Pen Nib":40,"ice":0,"Whetstone":46,"SynthV:C4":6,"Pet Ghost":43,"SynthV:TestCard":1,"NightmareShop":34,"Strawberry":29,"Hololive_TheStar":0,"CrazyTorch:ReiMu":26,"HereWithMe":17,"Hololive_FriedShrimpLion":9,"Nloth\u0027s Gift":21,"REME_PuzzleBoxRelic":40,"REME_ComplimentaryCards":0},{"Potion Belt":11,"Divine Protection":7,"ReplayTheSpireMod:Ninjato":23,"DaveBox":0,"Replay:WaspNest":14,"Pen Nib":20,"ice":0,"Whetstone":23,"SynthV:C4":2,"Pet Ghost":20,"SynthV:TestCard":1,"NightmareShop":16,"Strawberry":15,"Hololive_TheStar":0,"CrazyTorch:ReiMu":14,"HereWithMe":9,"Hololive_FriedShrimpLion":3,"Nloth\u0027s Gift":11,"REME_PuzzleBoxRelic":20,"REME_ComplimentaryCards":0},{"Potion Belt":29,"Divine Protection":19,"ReplayTheSpireMod:Ninjato":84,"DaveBox":0,"Replay:WaspNest":41,"Pen Nib":67,"ice":0,"Whetstone":82,"SynthV:C4":8,"Pet Ghost":71,"SynthV:TestCard":2,"NightmareShop":53,"Strawberry":45,"Hololive_TheStar":0,"CrazyTorch:ReiMu":41,"HereWithMe":25,"Hololive_FriedShrimpLion":10,"Nloth\u0027s Gift":29,"REME_PuzzleBoxRelic":71,"REME_ComplimentaryCards":0}]},"card_choices":[{"not_picked":["Hololive_RevenueBasedLive","Hololive_CallAkaiHaato","Hololive_Drill"],"picked":"Hololive_CallNatsuiroMatsuri","floor":1},{"not_picked":["Hololive_CallTokinoSora","Hololive_FlyingPonyTail","Hololive_Teleport","Hololive_FlareMind","Hololive_RevenueBasedLive"],"picked":"Hololive_StrengthChampion","floor":6},{"not_picked":["Hololive_CallAmaneKanata","Hololive_CallShiranuiFlare","Hololive_Sequa","Hololive_CallNatsuiroMatsuri","Hololive_Breathe","Hololive_Yoholoon"],"picked":"SKIP","floor":7},{"not_picked":["Hololive_Rebound","Hololive_Sequa","Hololive_CallSakuraMiko","Hololive_Breathe","Hololive_OvertimeWork"],"picked":"Hololive_Psychosis","floor":10},{"not_picked":["Hololive_Breathe","Hololive_MaximGun","Hololive_CallNatsuiroMatsuri","Hololive_LuckPotion","Hololive_CocoNews"],"picked":"Hololive_Watashimo","floor":11},{"not_picked":["Hololive_FlyingPonyTail","Hololive_Breathe","Hololive_Drill","Hololive_Yoholoon","Hololive_CallKiryuuCoco"],"picked":"Hololive_CallHimemoriLuna","floor":12},{"not_picked":["Hololive_ManjiGathering","Hololive_CandyCastle","Hololive_CallAiraniIofifteen","Hololive_Psychosis","Hololive_CallKiryuuCoco"],"picked":"Hololive_CallManoAloe","floor":13},{"not_picked":["Hololive_CallNatsuiroMatsuri","Hololive_RevenueBasedLive","Hololive_Psychosis","Hololive_CallFriendA","Hololive_FlyingPonyTail"],"picked":"Hololive_CallYozoraMel","floor":14},{"not_picked":["Hololive_DiamondStrike","Hololive_Thief","Hololive_Recruit","Hololive_ASMR","Hololive_Rebirth"],"picked":"Hololive_DDD","floor":16},{"not_picked":["Hololive_CallAkaiHaato","Hololive_HuntDinosaur+1","Hololive_CallUsadaPekora","Hololive_FlyingPonyTail","Hololive_Rebound+1"],"picked":"Hololive_CallKiryuuCoco","floor":18},{"not_picked":["Hololive_CocoNews","Hololive_Psychosis","Hololive_FlyingPonyTail","Hololive_Watashimo","Hololive_OvertimeWork+1"],"picked":"Hololive_CallAkiRosenthal","floor":19},{"not_picked":["Hololive_BringToTrial+1","Hololive_Sequa","Hololive_HighAtkLowDef","Hololive_Breathe+1","Hololive_LuckPotion"],"picked":"Hololive_StrengthChampion+1","floor":22},{"not_picked":["Hololive_Breathe","Hololive_CallKiryuuCoco","Hololive_Drill","Hololive_CallRosalyn","Hololive_CandyCastle+1"],"picked":"Hololive_RevenueBasedLive+1","floor":24},{"not_picked":["Hololive_CandyCastle","Hololive_CallShiranuiFlare","Hololive_OpenUp","Hololive_FlareMind","Hololive_Drill"],"picked":"Hololive_CallSpadeEcho","floor":25},{"not_picked":["Hololive_RevenueBasedLive","Hololive_Sequa","Hololive_DevilCharm","Hololive_ASMR","Hololive_Watashimo"],"picked":"Hololive_StarCraft","floor":29},{"not_picked":["Hololive_DDD","Hololive_OpenUp","Hololive_DiamondStrike","Hololive_Nanodesu","Hololive_FlareMind"],"picked":"Hololive_DurableLive","floor":33},{"not_picked":["Hololive_FlyingPonyTail+1","Hololive_RevenueBasedLive","Hololive_Sequa","Hololive_Drill","Hololive_CallNekomataOkayu"],"picked":"Hololive_DurableLive","floor":35},{"not_picked":["Hololive_CallNekomataOkayu+1","Hololive_CallTokinoSora","Hololive_LuckPotion+1","Hololive_RevenueBasedLive","Hololive_Rebound"],"picked":"Hololive_CocoNews+1","floor":37},{"not_picked":["Hololive_CallYogiri+1","Hololive_CallOkamiMio+1","Hololive_MaximGun","Hololive_CallNatsuiroMatsuri","Hololive_CallKiryuuCoco+1"],"picked":"Hololive_Thief","floor":39},{"not_picked":["Hololive_ASMR","Hololive_CocoNews","Hololive_FlareMind","Hololive_CallNatsuiroMatsuri+1","Hololive_CallTokinoSora+1"],"picked":"Hololive_ScarfAndHalo","floor":40},{"not_picked":["Hololive_CallYukihanaLamy","Hololive_StrengthChampion+1","Hololive_CallSpadeEcho+1","Hololive_Psychosis","Hololive_Sequa+1"],"picked":"Hololive_CallAmaneKanata","floor":44},{"not_picked":["Hololive_HuntDinosaur","Hololive_CallNatsuiroMatsuri+1","Hololive_CocoNews+1","Hololive_HighAtkLowDef","Hololive_Psychosis"],"picked":"Hololive_OvertimeWork+1","floor":45},{"not_picked":["Hololive_CallAmaneKanata","Hololive_Rebound","Hololive_Psychosis","Hololive_HuntDinosaur+1","Hololive_Trident"],"picked":"Hololive_CallMinatoAqua+1","floor":46},{"not_picked":["Hololive_HuntDinosaur+1","Hololive_CallAkiRosenthal","Hololive_CallKiryuuCoco","Hololive_Trident+1","Hololive_Psychosis"],"picked":"Hololive_CallYogiri","floor":48}],"player_experience":23695,"relics_obtained":[{"floor":1,"key":"SynthV:TestCard"},{"floor":6,"key":"SynthV:C4"},{"floor":9,"key":"Hololive_FriedShrimpLion"},{"floor":13,"key":"Divine Protection"},{"floor":25,"key":"Replay:WaspNest"},{"floor":26,"key":"CrazyTorch:ReiMu"},{"floor":29,"key":"Strawberry"},{"floor":40,"key":"REME_PuzzleBoxRelic"},{"floor":43,"key":"Pet Ghost"},{"floor":46,"key":"ReplayTheSpireMod:Ninjato"}],"event_choices":[{"cards_removed":["Hololive_Strike"],"damage_healed":0,"gold_gain":0,"player_choice":"Card Removal","damage_taken":0,"max_hp_gain":0,"max_hp_loss":0,"event_name":"The Cleric","floor":2,"gold_loss":50},{"cards_removed":["Hololive_Strike"],"damage_healed":0,"gold_gain":0,"player_choice":"Card Removal","damage_taken":7,"max_hp_gain":0,"max_hp_loss":0,"event_name":"Golden Wing","floor":4,"gold_loss":0},{"damage_healed":0,"gold_gain":0,"player_choice":"2 cards matched","damage_taken":0,"max_hp_gain":0,"max_hp_loss":0,"event_name":"Match and Keep!","floor":5,"gold_loss":0,"cards_obtained":["Hololive_Recruit","Hololive_Sequa"]},{"damage_healed":0,"gold_gain":0,"player_choice":"2 cards matched","damage_taken":0,"max_hp_gain":0,"max_hp_loss":0,"event_name":"Match and Keep!","floor":5,"gold_loss":0,"cards_obtained":["Hololive_Recruit","Hololive_Sequa"]},{"damage_healed":0,"gold_gain":0,"player_choice":"Obtained Relic","damage_taken":0,"relics_obtained":["Potion Belt"],"max_hp_gain":0,"max_hp_loss":0,"event_name":"Addict","floor":20,"gold_loss":85},{"damage_healed":0,"gold_gain":0,"player_choice":"Traded Relic","damage_taken":0,"relics_obtained":["Nloth\u0027s Gift"],"max_hp_gain":0,"max_hp_loss":0,"event_name":"N\u0027loth","floor":21,"relics_lost":["SynthV:C4"],"gold_loss":0},{"damage_healed":0,"gold_gain":0,"player_choice":"Shed Blood","damage_taken":11,"max_hp_gain":5,"max_hp_loss":0,"event_name":"Forgotten Altar","floor":31,"gold_loss":0},{"damage_healed":0,"gold_gain":0,"player_choice":"Embrace Madness","damage_taken":6,"max_hp_gain":0,"max_hp_loss":0,"event_name":"Winding Halls","floor":36,"gold_loss":0,"cards_obtained":["Madness","Madness"]},{"cards_removed":["Hololive_RevenueBasedLive"],"damage_healed":0,"gold_gain":0,"player_choice":"Removed Skill","damage_taken":0,"max_hp_gain":0,"max_hp_loss":0,"event_name":"Falling","floor":38,"gold_loss":0},{"damage_healed":0,"gold_gain":0,"player_choice":"Ignored","damage_taken":0,"max_hp_gain":0,"max_hp_loss":0,"event_name":"Tomb of Lord Red Mask","floor":42,"gold_loss":0}],"is_beta":false,"boss_relics":[{"not_picked":["REME_DuelDisc","REME_DemonsWealth"],"picked":"HereWithMe"},{"not_picked":["FeatherPendant","TimeKeys"],"picked":"NightmareShop"}],"items_purged_floors":[],"is_endless":false,"potions_floor_spawned":[6,7,11,14,19,22,24,39,45,46,48],"ascension_level":0}}