{"host":"gc8yb33y1dm65mio","time":1613672906,"event":{"mods":["BaseMod","Bestiary","Colored Map","Colored Powertips","Curses Come First","Highlight Path","Minty Spire (QoL Compilation)","Quick Restart","Relic Stats","StSLib"],"gold_per_floor":[117,132,57,133,152,152,185,185,212,262,276,294,304,336,336,413,413,431,431,431],"floor_reached":19,"language":"ENG","playtime":834,"items_purged":["Strike_G"],"score":349,"play_id":"184e1808-8f78-4a93-bf8f-0725536b40d0","local_time":"20210218102826","is_ascension_mode":true,"campfire_choices":[{"data":"Dash","floor":6.0,"key":"SMITH"},{"data":"Neutralize","floor":8.0,"key":"SMITH"},{"data":"Catalyst","floor":15.0,"key":"SMITH"}],"circlet_count":0,"master_deck":["AscendersBane","Strike_G","Strike_G","Strike_G","Strike_G","Defend_G","Defend_G","Defend_G","Defend_G","Defend_G","Survivor","Neutralize+1","Dash+1","Bane","Catalyst+1","Blade Dance","Backflip","Deadly Poison","PiercingWail","Burst"],"relics":["Ring of the Snake","NeowsBlessing","Strawberry","Dream Catcher","PreservedInsect","Black Star"],"acts_visited":["Exordium","TheCity"],"potions_floor_usage":[],"damage_taken":[{"damage":0.0,"enemies":"Cultist","floor":1.0,"turns":1.0},{"damage":0.0,"enemies":"Small Slimes","floor":2.0,"turns":1.0},{"damage":0.0,"enemies":"2 Louse","floor":5.0,"turns":1.0},{"damage":25.0,"enemies":"3 Sentries","floor":7.0,"turns":13.0},{"damage":3.0,"enemies":"Exordium Wildlife","floor":11.0,"turns":6.0},{"damage":0.0,"enemies":"3 Louse","floor":12.0,"turns":5.0},{"damage":10.0,"enemies":"2 Fungi Beasts","floor":13.0,"turns":4.0},{"damage":10.0,"enemies":"Lagavulin","floor":14.0,"turns":6.0},{"damage":9.0,"enemies":"The Guardian","floor":16.0,"turns":7.0},{"damage":0.0,"enemies":"Chosen","floor":18.0,"turns":4.0},{"damage":57,"enemies":"Spheric Guardian","floor":19,"turns":9}],"seed_played":"-1447517015234068337","potions_obtained":[{"floor":1.0,"key":"Swift Potion"},{"floor":7.0,"key":"DuplicationPotion"},{"floor":13.0,"key":"Fire Potion"},{"floor":14.0,"key":"LiquidMemories"},{"floor":16.0,"key":"Poison Potion"}],"is_trial":false,"path_per_floor":["M","M","$","?","M","R","E","R","T","?","M","M","M","E","R","B",null,"M","M"],"character_chosen":"THE_SILENT","items_purchased":[],"campfire_rested":0,"item_purchase_floors":[],"current_hp_per_floor":[59,59,59,59,59,59,41,41,41,41,38,38,28,18,18,9,57,57,0,0],"gold":431,"neow_bonus":"THREE_ENEMY_KILL","is_daily":false,"chose_seed":false,"campfire_upgraded":3,"win_rate":0.0,"timestamp":1613672906,"path_taken":["M","M","$","?","M","R","E","R","T","?","M","?","M","E","R","BOSS","M","M"],"items_purchased_type":[],"build_version":"2020-12-22","purchased_purges":1,"victory":false,"max_hp_per_floor":[66,66,66,66,66,66,73,73,73,73,73,73,73,73,73,73,73,73,73,73],"relic_stats":{"Dream Catcher":0,"counters":[11,57],"PreservedInsect":0,"Black Star":0,"obtain_stats":[{"Dream Catcher":9,"NeowsBlessing":0,"Strawberry":7,"PreservedInsect":14,"Black Star":17,"Ring of the Snake":0},{"Dream Catcher":4,"NeowsBlessing":0,"Strawberry":4,"PreservedInsect":8,"Black Star":9,"Ring of the Snake":0},{"Dream Catcher":16,"NeowsBlessing":0,"Strawberry":16,"PreservedInsect":37,"Black Star":44,"Ring of the Snake":0}],"Ring of the Snake":[22]},"card_choices":[{"not_picked":["Choke","Infinite Blades"],"picked":"Dash","floor":1.0},{"not_picked":["Deflect","Poisoned Stab"],"picked":"Bane","floor":2.0},{"not_picked":["Skewer","Dagger Throw","Backflip"],"picked":"SKIP","floor":5.0},{"not_picked":["All Out Attack","Infinite Blades"],"picked":"Catalyst","floor":7.0},{"not_picked":["Prepared","Backflip"],"picked":"Blade Dance","floor":11.0},{"not_picked":["Slice","Backflip","Tactician"],"picked":"SKIP","floor":12.0},{"not_picked":["Slice","Tactician"],"picked":"Backflip","floor":12.0},{"not_picked":["Wraith Form v2","Expertise"],"picked":"Deadly Poison","floor":13.0},{"not_picked":["Sucker Punch","Cloak And Dagger"],"picked":"PiercingWail","floor":14.0},{"not_picked":["Phantasmal Killer","Glass Knife"],"picked":"Burst","floor":16.0},{"not_picked":["Poisoned Stab","Deflect","Backflip"],"picked":"SKIP","floor":18.0}],"player_experience":1094172,"relics_obtained":[{"floor":7.0,"key":"Strawberry"},{"floor":9.0,"key":"Dream Catcher"},{"floor":14.0,"key":"PreservedInsect"}],"event_choices":[{"damage_healed":0.0,"max_hp_gain":0.0,"max_hp_loss":0.0,"gold_gain":76.0,"event_name":"Golden Wing","player_choice":"Gained Gold","floor":4.0,"gold_loss":0.0,"damage_taken":0.0},{"damage_healed":0.0,"max_hp_gain":0.0,"max_hp_loss":0.0,"gold_gain":50.0,"event_name":"Golden Shrine","player_choice":"Pray","floor":10.0,"gold_loss":0.0,"damage_taken":0.0}],"is_beta":false,"boss_relics":[{"not_picked":["Ring of the Serpent","Fusion Hammer"],"picked":"Black Star"}],"items_purged_floors":[3],"is_endless":false,"potions_floor_spawned":[1,7,13,14,16],"killed_by":"Spheric Guardian","ascension_level":19}}