{"host":"2qjaxirufppn0bk8","time":1613626264,"event":{"mods":["AchievementEnabler","BaseMod","Bestiary","Block Reminder","Dark Map","Minty Spire (QoL Compilation)","Quick Restart","RNG Fix","Relic Stats","StSLib","egg","everything is the same but u backflip on backflip"],"gold_per_floor":[119,119,119,294,304,304,7,7,34,34,61,71,96,108,108,211,211,228,228,143,106,106,106,133,153,177,177,177],"floor_reached":27,"language":"ENG","playtime":1321,"items_purged":["Doubt"],"score":249,"play_id":"8c2a3720-db92-4dee-a164-4879fa165282","local_time":"20210218003104","is_ascension_mode":true,"campfire_choices":[{"data":"Clothesline","floor":6.0,"key":"SMITH"},{"data":"Spot Weakness","floor":8.0,"key":"SMITH"},{"data":"Cleave","floor":10.0,"key":"SMITH"},{"data":"Rampage","floor":15.0,"key":"SMITH"},{"data":"RitualDagger","floor":23.0,"key":"SMITH"}],"circlet_count":0,"master_deck":["Strike_R+1","Strike_R+1","Strike_R+1","Strike_R+1","Defend_R+1","Defend_R+1","Defend_R+1","Defend_R+1","Clothesline+1","Spot Weakness+1","Inflame","Cleave+1","Battle Trance","Rampage+1","Pummel","Exhume","Shrug It Off","Intimidate","RitualDagger+1","Heavy Blade","Rage"],"relics":["Burning Blood","Blood Vial","Paper Frog","Strawberry","Empty Cage","Blue Candle","Ancient Tea Set","Happy Flower"],"acts_visited":["Exordium","TheCity"],"potions_floor_usage":[],"damage_taken":[{"damage":5.0,"enemies":"2 Louse","floor":1.0,"turns":3.0},{"damage":0.0,"enemies":"Cultist","floor":5.0,"turns":3.0},{"damage":10.0,"enemies":"3 Sentries","floor":11.0,"turns":5.0},{"damage":3.0,"enemies":"Jaw Worm","floor":12.0,"turns":3.0},{"damage":20.0,"enemies":"Gremlin Nob","floor":13.0,"turns":4.0},{"damage":12.0,"enemies":"Looter","floor":14.0,"turns":3.0},{"damage":27.0,"enemies":"Slime Boss","floor":16.0,"turns":8.0},{"damage":6.0,"enemies":"Chosen","floor":18.0,"turns":3.0},{"damage":64.0,"enemies":"Slavers","floor":24.0,"turns":9.0},{"damage":15,"enemies":"3 Byrds","floor":25,"turns":6},{"damage":20,"enemies":"Book of Stabbing","floor":27,"turns":5}],"seed_played":"-2974522550261501614","potions_obtained":[{"floor":1.0,"key":"Explosive Potion"},{"floor":13.0,"key":"AttackPotion"},{"floor":14.0,"key":"Weak Potion"}],"is_trial":false,"path_per_floor":["M","?","?","?","M","R","$","R","T","R","E","M","E","M","R","B",null,"M","?","?","$","?","R","E","M","T","E"],"character_chosen":"IRONCLAD","items_purchased":["Spot Weakness","Inflame","Cleave","SteroidPotion","Intimidate"],"campfire_rested":0,"item_purchase_floors":[7,7,7,7,21],"current_hp_per_floor":[80,80,80,80,80,80,80,80,80,80,76,80,73,69,69,50,87,87,87,87,87,81,81,25,18,18,0,0],"gold":177,"neow_bonus":"UPGRADE_CARD","is_daily":false,"chose_seed":false,"campfire_upgraded":5,"win_rate":0.0,"timestamp":1613626264,"path_taken":["M","?","?","?","M","R","?","R","T","R","E","M","E","M","R","BOSS","M","?","?","$","?","R","E","M","T","E"],"items_purchased_type":["Card","Card","Card","Potion","Card"],"build_version":"2020-12-22","purchased_purges":1,"victory":false,"max_hp_per_floor":[80,80,80,80,80,80,80,80,80,80,80,80,87,87,87,87,87,87,87,87,87,87,87,87,87,87,87,87],"relic_stats":{"Blood Vial":12,"Happy Flower":[1],"counters":[11,52],"Blue Candle":[0],"obtain_stats":[{"Blood Vial":9,"Happy Flower":26,"Strawberry":13,"Blue Candle":20,"Empty Cage":17,"Ancient Tea Set":24,"Burning Blood":0,"Paper Frog":11},{"Blood Vial":2,"Happy Flower":10,"Strawberry":5,"Blue Candle":8,"Empty Cage":7,"Ancient Tea Set":9,"Burning Blood":0,"Paper Frog":3},{"Blood Vial":6,"Happy Flower":47,"Strawberry":18,"Blue Candle":32,"Empty Cage":29,"Ancient Tea Set":41,"Burning Blood":0,"Paper Frog":11}],"Burning Blood":52},"card_choices":[{"not_picked":["Headbutt","Warcry","Dual Wield"],"picked":"SKIP","floor":1.0},{"not_picked":["Second Wind","Shrug It Off"],"picked":"Clothesline","floor":5.0},{"not_picked":["Cleave","Seeing Red"],"picked":"Battle Trance","floor":11.0},{"not_picked":["Feel No Pain","Wild Strike","Pommel Strike"],"picked":"SKIP","floor":12.0},{"not_picked":["Twin Strike","Spot Weakness"],"picked":"Rampage","floor":13.0},{"not_picked":["Dark Embrace","Wild Strike","Pummel"],"picked":"SKIP","floor":14.0},{"not_picked":["Dark Embrace","Wild Strike"],"picked":"Pummel","floor":14.0},{"not_picked":["Juggernaut","Reaper"],"picked":"Exhume","floor":16.0},{"not_picked":["Wild Strike+1","Reckless Charge"],"picked":"Shrug It Off","floor":18.0},{"not_picked":["Clash","Armaments"],"picked":"Heavy Blade","floor":24.0},{"not_picked":["Perfected Strike","Wild Strike"],"picked":"Rage","floor":25}],"player_experience":102349,"relics_obtained":[{"floor":9.0,"key":"Blood Vial"},{"floor":11.0,"key":"Paper Frog"},{"floor":13.0,"key":"Strawberry"},{"floor":24.0,"key":"Ancient Tea Set"},{"floor":26,"key":"Happy Flower"}],"event_choices":[{"damage_healed":0.0,"max_hp_gain":0.0,"max_hp_loss":0.0,"gold_gain":0.0,"event_name":"Accursed Blacksmith","player_choice":"Forge","floor":2.0,"gold_loss":0.0,"damage_taken":0.0,"cards_upgraded":["Defend_R"]},{"damage_healed":0.0,"max_hp_gain":0.0,"max_hp_loss":0.0,"gold_gain":0.0,"event_name":"Upgrade Shrine","player_choice":"Upgraded","floor":3.0,"gold_loss":0.0,"damage_taken":0.0,"cards_upgraded":["Strike_R"]},{"damage_healed":0.0,"max_hp_gain":0.0,"max_hp_loss":0.0,"gold_gain":175.0,"event_name":"Liars Game","player_choice":"AGREE","floor":4.0,"gold_loss":0.0,"damage_taken":0.0,"cards_obtained":["Doubt"]},{"damage_healed":0.0,"max_hp_gain":0.0,"max_hp_loss":0.0,"gold_gain":0.0,"event_name":"Back to Basics","player_choice":"Simplicity","floor":19.0,"gold_loss":0.0,"damage_taken":0.0,"cards_upgraded":["Strike_R","Strike_R","Strike_R","Defend_R","Defend_R","Defend_R"]},{"damage_healed":0.0,"max_hp_gain":0.0,"max_hp_loss":0.0,"gold_gain":0.0,"event_name":"Addict","player_choice":"Obtained Relic","floor":20.0,"gold_loss":85.0,"damage_taken":0.0,"relics_obtained":["Blue Candle"]},{"damage_healed":0.0,"max_hp_gain":0.0,"max_hp_loss":0.0,"gold_gain":0.0,"event_name":"Nest","player_choice":"Joined the Cult","floor":22.0,"gold_loss":0.0,"damage_taken":6.0,"cards_obtained":["RitualDagger"]}],"is_beta":false,"boss_relics":[{"not_picked":["Cursed Key","Velvet Choker"],"picked":"Empty Cage"}],"items_purged_floors":[7],"is_endless":false,"potions_floor_spawned":[1,13,14],"killed_by":"Book of Stabbing","ascension_level":1}}