{"host":"4k1o517shm2ba6vh","time":1613685928,"event":{"mods":["AchievementEnabler","BaseMod","Downfall","Minty Spire (QoL Compilation)","Smile Girya","StSLib","everything is the same but u backflip on backflip"],"gold_per_floor":[114,129,149,164,164,193,16,16,16],"floor_reached":8,"language":"ENG","playtime":412,"items_purged":[],"score":64,"play_id":"6e2d3a09-c104-45db-a820-8e9140232e26","local_time":"20210218160528","is_ascension_mode":true,"campfire_choices":[],"circlet_count":0,"master_deck":["Strike_B","Strike_B","Strike_B","Strike_B","Defend_B","Defend_B","Defend_B","Defend_B","Zap","Dualcast","Loop","Steam","Steam","Turbo","Capacitor","Self Repair"],"relics":["Cracked Core","Anchor","Membership Card"],"acts_visited":["Exordium"],"potions_floor_usage":[8,8,8],"damage_taken":[{"damage":3,"enemies":"Small Slimes","floor":1,"turns":3},{"damage":2,"enemies":"2 Louse","floor":2,"turns":3},{"damage":0,"enemies":"Cultist","floor":3,"turns":4},{"damage":5,"enemies":"2 Fungi Beasts","floor":4,"turns":3},{"damage":28,"enemies":"3 Sentries","floor":6,"turns":9},{"damage":54,"enemies":"Gremlin Nob","floor":8,"turns":4}],"seed_played":"3781131043704237968","potions_obtained":[{"floor":1,"key":"Energy Potion"},{"floor":2,"key":"Swift Potion"},{"floor":4,"key":"Swift Potion"}],"is_trial":false,"path_per_floor":["M","M","M","M","?","E","$","E"],"character_chosen":"DEFECT","items_purchased":["Membership Card","Self Repair"],"campfire_rested":0,"item_purchase_floors":[7,7],"current_hp_per_floor":[79,77,77,72,77,49,49,0,0],"gold":16,"neow_bonus":"TEN_PERCENT_HP_BONUS","is_daily":false,"chose_seed":false,"campfire_upgraded":0,"win_rate":0.0,"timestamp":1613685928,"path_taken":["M","M","M","M","?","E","$","E"],"items_purchased_type":["Relic","Card"],"build_version":"2020-12-22","purchased_purges":0,"victory":false,"max_hp_per_floor":[82,82,82,82,87,87,87,87,87],"card_choices":[{"not_picked":["Chaos","Sunder"],"picked":"Loop","floor":1},{"not_picked":["Doom and Gloom","Sunder"],"picked":"Steam","floor":2},{"not_picked":["Rip and Tear","Barrage"],"picked":"Steam","floor":3},{"not_picked":["Sweeping Beam","Stack"],"picked":"Turbo","floor":4},{"not_picked":["Rip and Tear","Recycle"],"picked":"Capacitor","floor":6}],"player_experience":501231,"relics_obtained":[{"floor":6,"key":"Anchor"}],"event_choices":[{"damage_healed":0,"gold_gain":0,"player_choice":"Donut","damage_taken":0,"max_hp_gain":5,"max_hp_loss":0,"event_name":"Big Fish","floor":5,"gold_loss":0}],"is_beta":false,"boss_relics":[],"items_purged_floors":[],"is_endless":false,"potions_floor_spawned":[1,2,4],"killed_by":"Gremlin Nob","ascension_level":2}}