{"host":"xr2w6q7a088fu8w2","time":1613648630,"event":{"mods":["AchievementEnabler","BaseMod","Colored Powertips","Good Game Mod","Mimic Mod","Minty Spire (QoL Compilation)","MostiFishMod","Reliquary","StSLib","UnlockEverythingMod"],"gold_per_floor":[109,109,129,141,141,141,66,66,91,123,186,200,220,245,245,319,319,334,348,360,360,17,17,52,65,90,8,8,20,20,36,36,36,36],"floor_reached":33,"language":"ZHS","playtime":1117,"items_purged":["Defend_G","Defend_G"],"score":684,"play_id":"93cff2f4-a286-4980-9129-01afd3b72253","local_time":"20210218194350","is_ascension_mode":true,"campfire_choices":[{"floor":6,"key":"REST"},{"floor":8,"key":"RECALL"},{"floor":15,"key":"REST"},{"data":"Dramatic Entrance","floor":23,"key":"SMITH"},{"data":"Grand Finale","floor":28,"key":"SMITH"},{"data":"Die Die Die","floor":30,"key":"SMITH"},{"data":"Backstab","floor":32,"key":"SMITH"}],"circlet_count":0,"master_deck":["AscendersBane","Strike_G","Strike_G","Strike_G","Strike_G","Strike_G","Defend_G","Defend_G","Defend_G+1","Survivor","Neutralize","Endless Agony","Finisher+1","Blade Dance","Slice","Endless Agony","Flying Knee","Die Die Die+1","Glass Knife","Backstab+1","Poisoned Stab","Dramatic Entrance+1","Sucker Punch","Grand Finale+1","Endless Agony"],"relics":["Ring of the Snake","REME:ComplimentaryCards","DaveBox","EGODaCapo","SynthV:TestCard","Ornamental Fan","PreservedInsect","StrikeDummy","reliquary:RosewoodLute","GreenFoldingFan","Potion Belt","Membership Card","Akabeko","Orichalcum","reliquary:RadioactivePellet","Orrery"],"acts_visited":["Exordium","TheCity"],"potions_floor_usage":[10,16,16,33],"damage_taken":[{"damage":0,"enemies":"Jaw Worm","floor":1,"turns":4},{"damage":0,"enemies":"2 Louse","floor":3,"turns":2},{"damage":0,"enemies":"Cultist","floor":4,"turns":3},{"damage":9,"enemies":"Gremlin Nob","floor":10,"turns":4},{"damage":3,"enemies":"Lagavulin Event","floor":11,"turns":3},{"damage":0,"enemies":"Blue Slaver","floor":12,"turns":2},{"damage":0,"enemies":"Gremlin Gang","floor":13,"turns":3},{"damage":0,"enemies":"Hexaghost","floor":16,"turns":8},{"damage":4,"enemies":"Shell Parasite","floor":18,"turns":2},{"damage":8,"enemies":"3 Byrds","floor":19,"turns":4},{"damage":13,"enemies":"Cultist and Chosen","floor":20,"turns":5},{"damage":4,"enemies":"Slavers","floor":24,"turns":2},{"damage":8,"enemies":"Centurion and Healer","floor":25,"turns":4},{"damage":4,"enemies":"Shelled Parasite and Fungi","floor":29,"turns":2},{"damage":6,"enemies":"Cultist and Chosen","floor":31,"turns":3},{"damage":73,"enemies":"Champ","floor":33,"turns":9}],"seed_played":"-9210395292503066424","potions_obtained":[{"floor":1,"key":"SkillPotion"},{"floor":3,"key":"BlessingOfTheForge"},{"floor":11,"key":"Regen Potion"},{"floor":19,"key":"LiquidBronze"},{"floor":20,"key":"Weak Potion"}],"is_trial":false,"path_per_floor":["M","?","M","M","?","R","$","R","T","E","?","M","M","T","R","B",null,"M","M","M","?","$","R","E","M","T","$","R","M","R","M","R","B"],"character_chosen":"THE_SILENT","items_purchased":["Membership Card","Dramatic Entrance","Akabeko","Orrery"],"campfire_rested":2,"item_purchase_floors":[22,22,22,27],"current_hp_per_floor":[65,39,39,39,17,38,38,38,38,29,26,26,26,26,47,62,70,72,72,69,69,69,69,72,72,72,72,72,72,72,72,72,0,0],"gold":36,"neow_bonus":"TEN_PERCENT_HP_BONUS","is_daily":false,"chose_seed":false,"campfire_upgraded":4,"win_rate":0.0,"timestamp":1613648630,"path_taken":["M","?","M","M","?","R","$","R","T","E","?","M","M","?","R","BOSS","M","?","M","?","$","R","E","?","T","$","R","M","R","M","R","BOSS"],"items_purchased_type":["Relic","Card","Relic","Relic"],"build_version":"2020-12-22","purchased_purges":2,"victory":false,"max_hp_per_floor":[72,72,72,72,72,72,72,72,72,72,72,72,72,72,72,72,72,72,72,72,72,72,72,72,72,72,72,72,72,72,72,72,72,72],"card_choices":[{"not_picked":["Acrobatics","Setup"],"picked":"Finisher","floor":1},{"not_picked":["Endless Agony","MostiFishMod:VineMother","Heel Hook","Flechettes"],"picked":"Blade Dance","floor":3},{"not_picked":["MostiFishMod:PerfectParry","PiercingWail","Underhanded Strike","Cloak And Dagger"],"picked":"Slice","floor":4},{"not_picked":["Wraith Form v2","Dodge and Roll","MostiFishMod:LethalBlade","Outmaneuver"],"picked":"Endless Agony","floor":10},{"not_picked":["Dodge and Roll","Deflect","MostiFishMod:PerfectParry","Bouncing Flask"],"picked":"Flying Knee","floor":11},{"not_picked":["Backflip","PiercingWail","Outmaneuver","Dodge and Roll","Flying Knee"],"picked":"SKIP","floor":12},{"not_picked":["Dagger Spray","Underhanded Strike","Bouncing Flask","Flying Knee"],"picked":"Die Die Die","floor":13},{"not_picked":["Wraith Form v2","MostiFishMod:Confrontation","Bullet Time","Doppelganger"],"picked":"Glass Knife","floor":16},{"not_picked":["Blade Dance","Slice","Dodge and Roll","Expertise+1","Crippling Poison"],"picked":"SKIP","floor":18},{"not_picked":["Expertise","Sucker Punch","Backflip","Flying Knee"],"picked":"Backstab","floor":19},{"not_picked":["PiercingWail","Backflip+1","Acrobatics","Blur"],"picked":"Poisoned Stab","floor":20},{"not_picked":["Accuracy","Prepared","Dodge and Roll","Acrobatics","Dagger Throw"],"picked":"SKIP","floor":24},{"not_picked":["All Out Attack","Slice","Caltrops","Infinite Blades","MostiFishMod:VineMother+1"],"picked":"SKIP","floor":25},{"not_picked":["MostiFishMod:PreservedThorns","Noxious Fumes","Slice","Blade Dance"],"picked":"Sucker Punch","floor":27},{"not_picked":["Blade Dance","MostiFishMod:PreservedThorns","Poisoned Stab","PiercingWail"],"picked":"Grand Finale","floor":27},{"not_picked":["Backflip+1","Sucker Punch","Acrobatics","Cloak And Dagger"],"picked":"Endless Agony","floor":27},{"not_picked":["Catalyst","Outmaneuver+1","Heel Hook","Reflex","MostiFishMod:Wind"],"picked":"SKIP","floor":29},{"not_picked":["Dagger Throw+1","Accuracy","Predator","Poisoned Stab+1","Dash"],"picked":"SKIP","floor":31}],"player_experience":110862,"relics_obtained":[{"floor":1,"key":"SynthV:TestCard"},{"floor":10,"key":"PreservedInsect"},{"floor":14,"key":"reliquary:RosewoodLute"},{"floor":24,"key":"Orichalcum"},{"floor":26,"key":"reliquary:RadioactivePellet"}],"event_choices":[{"damage_healed":0,"gold_gain":0,"player_choice":"Success","damage_taken":26,"relics_obtained":["Ornamental Fan"],"max_hp_gain":0,"max_hp_loss":0,"event_name":"Scrap Ooze","floor":2,"gold_loss":0},{"damage_healed":0,"gold_gain":0,"player_choice":"Entered Light","damage_taken":22,"max_hp_gain":0,"max_hp_loss":0,"event_name":"Shining Light","floor":5,"gold_loss":0,"cards_upgraded":["Finisher","Defend_G"]},{"damage_healed":0,"gold_gain":0,"player_choice":"Searched \u00272\u0027 times","damage_taken":0,"relics_obtained":["StrikeDummy"],"max_hp_gain":0,"max_hp_loss":0,"event_name":"Dead Adventurer","floor":11,"gold_loss":0},{"damage_healed":0,"gold_gain":0,"player_choice":"Gave Potion","damage_taken":0,"relics_obtained":["Potion Belt"],"max_hp_gain":0,"max_hp_loss":0,"event_name":"WeMeetAgain","floor":21,"gold_loss":0}],"is_beta":false,"boss_relics":[{"not_picked":["RhineFirstAidKit","HoveringKite"],"picked":"GreenFoldingFan"}],"items_purged_floors":[7,22],"is_endless":false,"potions_floor_spawned":[1,3,11,13,19,20],"killed_by":"Champ","ascension_level":20}}