{"host":"2d926qfvvz477zl6","time":1613686964,"event":{"mods":["Aspiration","BaseMod","Challenge The Spire","Conspire","Downfall","GifTheSpireLib","Halation","Hermit","Hubris","Infinite Spire","Minty Spire (QoL Compilation)","Morshu Shopkeeper","Permanent Neow","Quick Restart","Rare Cards Sparkle","Reliquary","Replay The Spire","Shedinja","Somnambulant","Spicy Shops","StSLib","Stuff the Spire","Td1madao Mod","The Blue Laboratory","The Bug Knight","The Construct","The Cursed","The Disciple","The Forsaken","The Hierophant","TheFirefly","Wandering Minibosses","Wide Potions","everything is the same but u backflip on backflip","slay the spire mod where everything is the same but ironclad has a cowboy hat"],"gold_per_floor":[99,114,127,141,158,17,96,4,27,45,60,83,83,83,89,89,89,89],"floor_reached":16,"language":"ENG","playtime":797,"items_purged":[],"score":120,"play_id":"374ec2f5-1455-48a1-909a-ca0f637ee468","local_time":"20210218172244","is_ascension_mode":true,"campfire_choices":[{"floor":1,"key":"DIG"},{"data":"bronze:OilSpill","floor":13,"key":"SMITH"}],"circlet_count":0,"master_deck":["bronze:Strike","bronze:Strike","bronze:Strike","bronze:Strike","bronze:Defend","bronze:Defend","bronze:Defend","bronze:Defend","bronze:Replicate","bronze:Goto","bronze:Boost","bronze:WhirlingStrike","bronze:FineTuning","bronze:SpaghettiCode","bronze:CutThrough","bronze:WildBeam","bronze:HardenedForm","bronze:Format","bronze:OilSpill+1","bronze:Turbo","bronze:Philosophize","bronze:DelayedSlice"],"relics":["bronze:BronzeCore","Replay:Wax Seal","conspire:BottledYoYo","StuffTheSpire:OldFever","White Beast Statue","StuffTheSpire:DarkSteelAnvil","reliquary:ExpiredCoupon","ReplayTheSpireMod:Ninjato","hubris:Icosahedron"],"acts_visited":["Exordium"],"potions_floor_usage":[6,6,9,11,12,12,12,16,16],"damage_taken":[{"damage":0,"enemies":"Cultist","floor":2,"turns":4},{"damage":0,"enemies":"Small Slimes","floor":3,"turns":4},{"damage":2,"enemies":"2 Louse","floor":4,"turns":2},{"damage":11,"enemies":"2 Fungi Beasts","floor":5,"turns":4},{"damage":0,"enemies":"downfall:FleeingMerchant","floor":6,"turns":7},{"damage":7,"enemies":"downfall:FleeingMerchant","floor":8,"turns":4},{"damage":10,"enemies":"Replay:BlueRogue","floor":9,"turns":3},{"damage":0,"enemies":"Gremlin Gang","floor":10,"turns":2},{"damage":15,"enemies":"Exordium Thugs","floor":11,"turns":3},{"damage":3,"enemies":"Lagavulin","floor":12,"turns":4},{"damage":10,"enemies":"Lots of Slimes","floor":15,"turns":2},{"damage":36,"enemies":"WA_ARCHETYPE_RETAIN","floor":16,"turns":4}],"seed_played":"-8777320822309760542","potions_obtained":[{"floor":2,"key":"Venom Potion"},{"floor":3,"key":"Cursed Concoction"},{"floor":4,"key":"blueLaboratory:PhilterOfMotion"},{"floor":8,"key":"PowerPotion"},{"floor":9,"key":"blueLaboratory:TrueEctoplasm"},{"floor":10,"key":"blueLaboratory:FruitPreserves"},{"floor":11,"key":"EntropicBrew"},{"floor":12,"key":"bronze:FreeFunctionsPotion"}],"is_trial":false,"path_per_floor":["R","M","M","M","M","$","T","$","E","M","M","E","R","?","M","B"],"character_chosen":"THE_AUTOMATON","items_purchased":["StuffTheSpire:OldFever","bronze:WildBeam","StuffTheSpire:DarkSteelAnvil"],"campfire_rested":0,"item_purchase_floors":[6,6,8],"current_hp_per_floor":[70,70,70,68,57,57,57,50,40,40,35,32,32,32,22,0,0,0],"gold":89,"neow_bonus":"RANDOM_COMMON_RELIC","is_daily":false,"chose_seed":false,"campfire_upgraded":1,"win_rate":0.0,"timestamp":1613686964,"path_taken":["R","M","M","M","?","$","T","?","E","M","?","E","R","?","M","BOSS"],"items_purchased_type":["Relic","Card","Relic"],"build_version":"2020-12-22","purchased_purges":0,"victory":false,"max_hp_per_floor":[70,70,70,70,70,70,70,70,70,70,70,70,70,70,70,70,70,70],"card_choices":[{"not_picked":["bronze:Branch","bronze:Overheat"],"picked":"bronze:Boost","floor":2},{"not_picked":["bronze:WildBeam","bronze:Shield"],"picked":"bronze:WhirlingStrike","floor":3},{"not_picked":["bronze:Invalidate","bronze:WildBeam"],"picked":"bronze:FineTuning","floor":4},{"not_picked":["bronze:BuggyMess","bronze:BronzeOrb"],"picked":"bronze:SpaghettiCode","floor":5},{"not_picked":["bronze:ForLoop","bronze:Overload"],"picked":"bronze:CutThrough","floor":6},{"not_picked":["bronze:BitShift","bronze:GetLatest"],"picked":"bronze:HardenedForm","floor":8},{"not_picked":["bronze:GetLatest","bronze:Overload"],"picked":"bronze:Format","floor":9},{"not_picked":["bronze:Deprecate","bronze:WhirlingStrike"],"picked":"bronze:OilSpill","floor":10},{"not_picked":["bronze:WildBeam","bronze:Frontload"],"picked":"bronze:Turbo","floor":11},{"not_picked":["bronze:Overheat","bronze:BugBarrage"],"picked":"bronze:Philosophize","floor":12},{"not_picked":["bronze:Optimize","bronze:BugBarrage"],"picked":"bronze:DelayedSlice","floor":15}],"player_experience":483436,"relics_obtained":[{"floor":1,"key":"conspire:BottledYoYo"},{"floor":7,"key":"White Beast Statue"},{"floor":9,"key":"reliquary:ExpiredCoupon"},{"floor":12,"key":"ReplayTheSpireMod:Ninjato"}],"event_choices":[],"is_beta":false,"boss_relics":[],"items_purged_floors":[],"is_endless":false,"potions_floor_spawned":[2,3,4,5,8,9,10,11,12,15],"killed_by":"WA_ARCHETYPE_RETAIN","ascension_level":1}}