{"host":"oigynbtg272c19pw","time":1613645647,"event":{"mods":["BaseMod","Colored Map","Minty Spire (QoL Compilation)","Relic Stats","Slay the Relics Exporter","StSLib"],"gold_per_floor":[111,8,22,22,22,22,66,66,66,99,117,117,137,175,175,268,268,286,211,232,282,295,326,326,365,365,365,403,451,451,451,451,545,545,569,902,922,935,935,964,964,201,280,155,166,192,212,247,247,247,247,247,247,40,65,65],"floor_reached":57,"playtime":4697,"items_purged":["Strike_P","Writhe","Normality"],"score":3113,"play_id":"2bdad573-56ec-4076-8584-5a9b06123db8","local_time":"20210218115407","is_ascension_mode":true,"campfire_choices":[{"data":"Sanctity","floor":6.0,"key":"SMITH"},{"data":"CutThroughFate","floor":8.0,"key":"SMITH"},{"data":"Wallop","floor":15.0,"key":"SMITH"},{"floor":24.0,"key":"REST"},{"data":"Halt","floor":27.0,"key":"SMITH"},{"data":"MentalFortress","floor":32.0,"key":"SMITH"},{"floor":41,"key":"RECALL"},{"data":"DevaForm","floor":49,"key":"SMITH"},{"data":"Tantrum","floor":53,"key":"SMITH"}],"circlet_count":0,"master_deck":["AscendersBane","Defend_P","Defend_P","Eruption","Vigilance","Halt+1","CutThroughFate+1","Sanctity+1","Tantrum+1","ClearTheMind+1","Swivel+1","Wallop+1","SpiritShield+1","DeusExMachina+1","EmptyBody+1","InnerPeace+1","EmptyFist+1","Halt+1","Clumsy","Vault+1","DevaForm+1","Collect+1","MentalFortress+1","Scrawl+1","Wireheading+1","Nirvana","TalkToTheHand+1","WaveOfTheHand+1","LikeWater"],"relics":["PureWater","NeowsBlessing","Letter Opener","Toxic Egg 2","Matryoshka","Regal Pillow","Cursed Key","Kunai","Red Mask","Eternal Feather","White Beast Statue","Bottled Flame","Bronze Scales","Boot","Snecko Eye","Pantograph","Bird Faced Urn","Toy Ornithopter","Lee\u0027s Waffle","Centennial Puzzle","Blue Candle","OrangePellets","Art of War"],"acts_visited":["Exordium","TheCity","TheBeyond","TheEnding"],"potions_floor_usage":[38,47,56,56],"damage_taken":[{"damage":0.0,"enemies":"Jaw Worm","floor":1.0,"turns":1.0},{"damage":0.0,"enemies":"2 Louse","floor":3.0,"turns":2.0},{"damage":0.0,"enemies":"Lagavulin","floor":7.0,"turns":1.0},{"damage":10.0,"enemies":"Gremlin Nob","floor":10.0,"turns":3.0},{"damage":0.0,"enemies":"Cultist","floor":11.0,"turns":3.0},{"damage":1.0,"enemies":"2 Fungi Beasts","floor":13.0,"turns":3.0},{"damage":0.0,"enemies":"Lagavulin","floor":14.0,"turns":5.0},{"damage":21.0,"enemies":"The Guardian","floor":16.0,"turns":15.0},{"damage":7.0,"enemies":"3 Byrds","floor":18.0,"turns":5.0},{"damage":16.0,"enemies":"Chosen","floor":20.0,"turns":5.0},{"damage":15.0,"enemies":"Snake Plant","floor":22.0,"turns":4.0},{"damage":0.0,"enemies":"Book of Stabbing","floor":23.0,"turns":5.0},{"damage":11.0,"enemies":"Masked Bandits","floor":25.0,"turns":4.0},{"damage":0.0,"enemies":"Gremlin Leader","floor":28.0,"turns":9.0},{"damage":0.0,"enemies":"Collector","floor":33.0,"turns":16.0},{"damage":10.0,"enemies":"3 Darklings","floor":35.0,"turns":6.0},{"damage":0.0,"enemies":"Orb Walker","floor":37.0,"turns":4.0},{"damage":0.0,"enemies":"Maw","floor":38.0,"turns":8.0},{"damage":0,"enemies":"Reptomancer","floor":40,"turns":7},{"damage":0,"enemies":"Transient","floor":45,"turns":7},{"damage":0,"enemies":"Giant Head","floor":46,"turns":9},{"damage":0,"enemies":"3 Darklings","floor":47,"turns":6},{"damage":10,"enemies":"Nemesis","floor":48,"turns":6},{"damage":15,"enemies":"Donu and Deca","floor":50,"turns":12},{"damage":13,"enemies":"Awakened One","floor":51,"turns":16},{"damage":25,"enemies":"Shield and Spear","floor":55,"turns":8},{"damage":32,"enemies":"The Heart","floor":56,"turns":10}],"seed_played":"-305220339281194447","potions_obtained":[{"floor":1.0,"key":"EssenceOfSteel"},{"floor":10.0,"key":"BottledMiracle"},{"floor":11.0,"key":"SneckoOil"},{"floor":20.0,"key":"Energy Potion"},{"floor":22.0,"key":"SkillPotion"},{"floor":28.0,"key":"SneckoOil"},{"floor":33.0,"key":"Regen Potion"},{"floor":35.0,"key":"LiquidBronze"},{"floor":38,"key":"Fruit Juice"},{"floor":40,"key":"SneckoOil"},{"floor":47,"key":"Energy Potion"},{"floor":48,"key":"DuplicationPotion"}],"is_trial":false,"path_per_floor":["M","$","M","$","?","R","E","R","T","E","M","?","M","E","R","B",null,"M","?","M","?","M","E","R","?","T","R","E","T","?","?","R","B",null,"M","?","M","M","?","E","R","$","T","$","M","E","M","E","R","B","B",null,"R","$","E","B",null],"character_chosen":"WATCHER","items_purchased":["CutThroughFate","Bird Faced Urn","Toy Ornithopter","Lee\u0027s Waffle","OrangePellets","LikeWater"],"campfire_rested":1,"item_purchase_floors":[2,42,42,42,54,54],"current_hp_per_floor":[61,61,61,61,38,38,38,38,38,28,28,28,27,27,27,6,53,46,46,30,30,15,15,50,39,39,51,51,51,51,51,66,66,68,58,58,58,63,63,63,73,80,80,80,80,80,80,72,80,71,73,78,80,80,57,59],"gold":65,"neow_bonus":"THREE_ENEMY_KILL","is_daily":false,"chose_seed":false,"campfire_upgraded":7,"win_rate":0.0,"timestamp":1613645647,"path_taken":["M","$","M","$","?","R","E","R","T","E","M","?","M","E","R","BOSS","M","?","M","?","?","E","R","?","T","R","E","?","?","?","R","BOSS","M","?","M","M","?","E","R","$","T","$","M","E","M","E","R","BOSS","BOSS","R","$","E","BOSS"],"items_purchased_type":["Card","Relic","Relic","Relic","Relic","Card"],"build_version":"2020-12-13","purchased_purges":3,"victory":true,"max_hp_per_floor":[68,68,68,68,68,68,68,68,68,68,68,68,68,68,68,68,68,68,68,68,68,68,68,68,68,68,68,68,68,68,68,68,68,68,68,68,68,73,73,73,73,80,80,80,80,80,80,80,80,80,80,80,80,80,80,80],"relic_stats":{"Regal Pillow":15,"Lee\u0027s Waffle":7,"counters":[27,180],"Blue Candle":[0],"Eternal Feather":47,"Letter Opener":[756],"Cursed Key":3,"Boot":[456],"OrangePellets":[5],"Centennial Puzzle":[15],"Bronze Scales":[455],"Pantograph":32,"Bird Faced Urn":[23],"Snecko Eye":[188,186,178,138],"Art of War":[1],"Kunai":[56],"obtain_stats":[{"Regal Pillow":14,"Lee\u0027s Waffle":42,"NeowsBlessing":0,"Golden Idol":5,"Blue Candle":48,"Eternal Feather":26,"Letter Opener":7,"Cursed Key":17,"Boot":29,"White Beast Statue":26,"OrangePellets":54,"Bottled Flame":28,"Centennial Puzzle":46,"Matryoshka":10,"Bronze Scales":29,"Pantograph":40,"Bird Faced Urn":42,"Snecko Eye":34,"Red Mask":25,"Art of War":55,"Kunai":23,"PureWater":0,"Toxic Egg 2":9,"Toy Ornithopter":42},{"Regal Pillow":7,"Lee\u0027s Waffle":19,"NeowsBlessing":0,"Golden Idol":2,"Blue Candle":23,"Eternal Feather":13,"Letter Opener":3,"Cursed Key":8,"Boot":14,"White Beast Statue":13,"OrangePellets":25,"Bottled Flame":14,"Centennial Puzzle":21,"Matryoshka":4,"Bronze Scales":14,"Pantograph":19,"Bird Faced Urn":19,"Snecko Eye":15,"Red Mask":13,"Art of War":26,"Kunai":12,"PureWater":0,"Toxic Egg 2":3,"Toy Ornithopter":19},{"Regal Pillow":18,"Lee\u0027s Waffle":106,"NeowsBlessing":0,"Golden Idol":3,"Blue Candle":134,"Eternal Feather":56,"Letter Opener":4,"Cursed Key":33,"Boot":65,"White Beast Statue":56,"OrangePellets":162,"Bottled Flame":65,"Centennial Puzzle":122,"Matryoshka":7,"Bronze Scales":65,"Pantograph":106,"Bird Faced Urn":106,"Snecko Eye":81,"Red Mask":56,"Art of War":170,"Kunai":52,"PureWater":0,"Toxic Egg 2":4,"Toy Ornithopter":106}],"Toy Ornithopter":4},"card_choices":[{"not_picked":["EmptyBody","Protect"],"picked":"Halt","floor":1.0},{"not_picked":["Collect","JustLucky"],"picked":"Sanctity","floor":3.0},{"not_picked":["DeceiveReality","Prostrate"],"picked":"Tantrum","floor":7.0},{"not_picked":["WreathOfFlame+1","BattleHymn"],"picked":"ClearTheMind+1","floor":10.0},{"not_picked":["FlyingSleeves","Study"],"picked":"Swivel+1","floor":11.0},{"not_picked":["Prostrate+1","Evaluate+1"],"picked":"Wallop","floor":13.0},{"not_picked":["FlyingSleeves","Tantrum"],"picked":"SpiritShield+1","floor":14.0},{"not_picked":["Devotion","Omniscience+1"],"picked":"DeusExMachina+1","floor":16.0},{"not_picked":["DeceiveReality+1","Vengeance+1"],"picked":"EmptyBody+1","floor":18.0},{"not_picked":["PathToVictory+1","SashWhip+1","LikeWater"],"picked":"SKIP","floor":20.0},{"not_picked":["Consecrate","Wireheading"],"picked":"InnerPeace+1","floor":22.0},{"not_picked":["InnerPeace+1","Nirvana+1"],"picked":"EmptyFist+1","floor":23.0},{"not_picked":["FlyingSleeves","Fasting2"],"picked":"Halt+1","floor":25.0},{"not_picked":["JustLucky","CarveReality"],"picked":"Vault+1","floor":28.0},{"not_picked":["Establishment","DeusExMachina+1"],"picked":"Scrawl+1","floor":33.0},{"not_picked":["Crescendo+1","Protect+1"],"picked":"Wireheading+1","floor":35.0},{"not_picked":["Halt+1","Crescendo+1","Consecrate"],"picked":"SKIP","floor":37.0},{"not_picked":["Evaluate+1","Protect+1","LessonLearned"],"picked":"SKIP","floor":38},{"not_picked":["CarveReality","JustLucky","PathToVictory+1"],"picked":"SKIP","floor":40},{"not_picked":["WreathOfFlame+1","EmptyFist","ReachHeaven"],"picked":"SKIP","floor":45},{"not_picked":["PathToVictory+1","LikeWater"],"picked":"TalkToTheHand+1","floor":46},{"not_picked":["Consecrate","Prostrate+1"],"picked":"WaveOfTheHand+1","floor":47},{"not_picked":["CutThroughFate+1","EmptyBody+1","Prostrate+1"],"picked":"SKIP","floor":48},{"not_picked":["WheelKick","InnerPeace+1","FearNoEvil"],"picked":"SKIP","floor":55}],"player_experience":1621512,"relics_obtained":[{"floor":7.0,"key":"Letter Opener"},{"floor":9.0,"key":"Toxic Egg 2"},{"floor":10.0,"key":"Matryoshka"},{"floor":14.0,"key":"Regal Pillow"},{"floor":23.0,"key":"Kunai"},{"floor":25.0,"key":"Red Mask"},{"floor":26.0,"key":"Eternal Feather"},{"floor":26.0,"key":"White Beast Statue"},{"floor":28.0,"key":"Bottled Flame"},{"floor":29.0,"key":"Bronze Scales"},{"floor":29.0,"key":"Boot"},{"floor":40,"key":"Pantograph"},{"floor":46,"key":"Centennial Puzzle"},{"floor":48,"key":"Blue Candle"},{"floor":55,"key":"Art of War"}],"event_choices":[{"damage_healed":0.0,"max_hp_gain":0.0,"max_hp_loss":0.0,"gold_gain":0.0,"event_name":"Golden Idol","player_choice":"Take Damage","floor":5.0,"gold_loss":0.0,"damage_taken":23.0,"relics_obtained":["Golden Idol"]},{"cards_removed":["Defend_P"],"damage_healed":0.0,"max_hp_gain":0.0,"max_hp_loss":0.0,"gold_gain":0.0,"event_name":"Purifier","player_choice":"Purged","floor":12.0,"gold_loss":0.0,"damage_taken":0.0},{"cards_removed":["Strike_P"],"damage_healed":0.0,"max_hp_gain":0.0,"max_hp_loss":0.0,"gold_gain":0.0,"event_name":"Beggar","player_choice":"Gave Gold","floor":19.0,"gold_loss":75.0,"damage_taken":0.0},{"damage_healed":0.0,"max_hp_gain":0.0,"max_hp_loss":0.0,"gold_gain":100.0,"event_name":"The Joust","player_choice":"Bet on Murderer","floor":21.0,"gold_loss":50.0,"damage_taken":0.0},{"damage_healed":0.0,"max_hp_gain":0.0,"max_hp_loss":0.0,"gold_gain":0.0,"event_name":"Masked Bandits","player_choice":"Fought Bandits","floor":25.0,"gold_loss":0.0,"damage_taken":0.0},{"damage_healed":0.0,"max_hp_gain":0.0,"max_hp_loss":0.0,"gold_gain":0.0,"cards_transformed":["Strike_P","Strike_P"],"event_name":"Drug Dealer","player_choice":"Became Test Subject","floor":30.0,"gold_loss":0.0,"damage_taken":0.0,"cards_obtained":["DevaForm","Collect"]},{"damage_healed":0.0,"max_hp_gain":0.0,"max_hp_loss":0.0,"gold_gain":0.0,"event_name":"The Library","player_choice":"Read","floor":31.0,"gold_loss":0.0,"damage_taken":0.0,"cards_obtained":["MentalFortress"]},{"damage_healed":0.0,"max_hp_gain":0.0,"max_hp_loss":0.0,"gold_gain":333.0,"event_name":"The Moai Head","player_choice":"Gave Idol","floor":36.0,"relics_lost":["Golden Idol"],"gold_loss":0.0,"damage_taken":0.0},{"damage_healed":0,"gold_gain":0,"cards_transformed":["Defend_P"],"player_choice":"Transformed","damage_taken":0,"max_hp_gain":0,"max_hp_loss":0,"event_name":"Transmorgrifier","floor":39,"gold_loss":0,"cards_obtained":["Nirvana"]}],"is_beta":false,"boss_relics":[{"not_picked":["Astrolabe","Ectoplasm"],"picked":"Cursed Key"},{"not_picked":["Busted Crown","SacredBark"],"picked":"Snecko Eye"}],"items_purged_floors":[2,42,44],"is_endless":false,"potions_floor_spawned":[1,10,11,20,22,28,33,35,37,38,40,45,46,47,48,55],"ascension_level":20}}