{"host":"ueur771it0nnharr","time":1613686315,"event":{"mods":["AchievementEnabler","BaseMod","Colored Map","Colored Powertips","Highlight Path","Hubris","Minty Spire (QoL Compilation)","StSLib"],"gold_per_floor":[110,110,110,110,110,110,145,145,169,12,12,25,25,69,69,192,192,212,137,162,162,0,0,19,62,62,87,87,87,101,114,114,238,238,257,257,257,280,280,280,304,304,304,156,10,10,31,49,49,49,49],"floor_reached":50,"language":"ENG","playtime":2753,"items_purged":[],"score":536,"play_id":"f2da6b13-c653-491d-9d14-bcb7dfccc9a7","local_time":"20210218171155","is_ascension_mode":true,"campfire_choices":[{"floor":6.0,"key":"REST"},{"floor":8.0,"key":"REST"},{"floor":11.0,"key":"REST"},{"floor":15.0,"key":"REST"},{"floor":23.0,"key":"REST"},{"floor":28.0,"key":"REST"},{"floor":32.0,"key":"REST"},{"data":"Establishment","floor":40,"key":"SMITH"},{"floor":46,"key":"REST"},{"floor":49,"key":"REST"}],"circlet_count":0,"master_deck":["Devotion","Strike_P","Strike_P","Defend_P","Defend_P","Defend_P","Defend_P","Eruption","Vigilance","SandsOfTime","Brilliance","SashWhip","Brilliance","WreathOfFlame+1","Worship","BattleHymn","DevaForm","Prostrate+1","Evaluate+1","Prostrate+1","Perseverance+1","FollowUp+1","Establishment+1","FlurryOfBlows","BattleHymn+1","ConjureBlade","Ragnarok","EmptyBody+1","BattleHymn+1","FollowUp+1","TalkToTheHand+1"],"relics":["HolyWater","Happy Flower","Golden Idol","hubris:Towel","Damaru","Bag of Marbles","Prayer Wheel","hubris:Stopwatch","Anchor","Boot","hubris:Icosahedron","HornCleat","Membership Card","Kunai"],"acts_visited":["Exordium","TheCity","TheBeyond"],"potions_floor_usage":[35,35,41,41,47],"damage_taken":[{"damage":2.0,"enemies":"2 Louse","floor":1.0,"turns":3.0},{"damage":38.0,"enemies":"Lagavulin","floor":7.0,"turns":10.0},{"damage":0.0,"enemies":"Small Slimes","floor":12.0,"turns":1.0},{"damage":13.0,"enemies":"Gremlin Nob","floor":14.0,"turns":3.0},{"damage":16.0,"enemies":"Slime Boss","floor":16.0,"turns":6.0},{"damage":16.0,"enemies":"Shell Parasite","floor":18.0,"turns":4.0},{"damage":29.0,"enemies":"3 Byrds","floor":20.0,"turns":6.0},{"damage":38.0,"enemies":"3 Cultists","floor":24.0,"turns":5.0},{"damage":13.0,"enemies":"Gremlin Leader","floor":25.0,"turns":6.0},{"damage":0.0,"enemies":"Cultist and Chosen","floor":27.0,"turns":3.0},{"damage":0.0,"enemies":"Chosen and Byrds","floor":30.0,"turns":4.0},{"damage":2.0,"enemies":"Centurion and Healer","floor":31.0,"turns":5.0},{"damage":20,"enemies":"Automaton","floor":33,"turns":6},{"damage":13,"enemies":"3 Darklings","floor":35,"turns":5},{"damage":1,"enemies":"Orb Walker","floor":38,"turns":3},{"damage":24,"enemies":"4 Shapes","floor":41,"turns":4},{"damage":8,"enemies":"3 Darklings","floor":47,"turns":5},{"damage":44,"enemies":"Spire Growth","floor":48,"turns":4},{"damage":67,"enemies":"Awakened One","floor":50,"turns":5}],"seed_played":"5792426645831858543","potions_obtained":[{"floor":7.0,"key":"FearPotion"},{"floor":12.0,"key":"Ancient Potion"},{"floor":20.0,"key":"BlessingOfTheForge"},{"floor":25.0,"key":"Weak Potion"},{"floor":31.0,"key":"StancePotion"},{"floor":33,"key":"BlessingOfTheForge"},{"floor":35,"key":"LiquidBronze"},{"floor":38,"key":"BlessingOfTheForge"}],"is_trial":false,"path_per_floor":["M","?","?","?","?","R","E","R","T","$","R","M","$","E","R","B",null,"M","?","M","?","$","R","M","E","T","M","R","?","M","M","R","B",null,"M","?","?","M","?","R","M","?","T","$","$","R","M","M","R","B"],"character_chosen":"WATCHER","items_purchased":["Brilliance","DevaForm","Membership Card","Kunai","SkillPotion"],"campfire_rested":9,"item_purchase_floors":[10,22,44,45,45],"current_hp_per_floor":[70,63,68,49,49,72,34,57,57,57,77,77,77,64,77,61,77,61,61,32,32,32,55,17,4,4,4,27,27,27,25,48,28,77,64,64,64,63,63,63,39,39,39,39,39,62,54,10,33,0,0],"gold":49,"neow_bonus":"RANDOM_COMMON_RELIC","is_daily":false,"chose_seed":false,"campfire_upgraded":1,"win_rate":0.0,"timestamp":1613686315,"path_taken":["M","?","?","?","?","R","E","R","T","$","R","?","$","E","R","BOSS","M","?","M","?","$","R","M","E","T","M","R","?","M","M","R","BOSS","M","?","?","M","?","R","M","?","T","?","$","R","M","?","R","BOSS"],"items_purchased_type":["Card","Card","Relic","Relic","Potion"],"build_version":"2020-12-22","purchased_purges":0,"victory":false,"max_hp_per_floor":[72,72,77,77,77,77,77,77,77,77,77,77,77,77,77,77,77,77,77,77,77,77,77,77,77,77,77,77,77,77,77,77,77,77,77,77,77,77,77,77,77,77,77,77,77,77,77,77,77,77,77],"card_choices":[{"not_picked":["EmptyFist","WaveOfTheHand"],"picked":"SashWhip","floor":1.0},{"not_picked":["Sanctity","FlurryOfBlows"],"picked":"SandsOfTime","floor":7.0},{"not_picked":["SignatureMove","InnerPeace"],"picked":"SashWhip","floor":12.0},{"not_picked":["Wireheading","EmptyBody","Vault"],"picked":"SKIP","floor":14.0},{"not_picked":["Vault","Omniscience"],"picked":"Brilliance","floor":16.0},{"not_picked":["CrushJoints","Evaluate"],"picked":"WreathOfFlame+1","floor":18.0},{"not_picked":["EmptyBody","Indignation","Tantrum"],"picked":"SKIP","floor":18.0},{"not_picked":["Meditate","Adaptation"],"picked":"Worship","floor":20.0},{"not_picked":["EmptyFist","Pray"],"picked":"BattleHymn","floor":20.0},{"not_picked":["FlurryOfBlows","Crescendo"],"picked":"Prostrate+1","floor":24.0},{"not_picked":["EmptyMind+1","LikeWater"],"picked":"Evaluate+1","floor":24.0},{"not_picked":["ThirdEye","FlurryOfBlows+1"],"picked":"Prostrate+1","floor":25.0},{"not_picked":["Pray","SashWhip"],"picked":"Perseverance+1","floor":27.0},{"not_picked":["Evaluate","ForeignInfluence","ThirdEye"],"picked":"SKIP","floor":27.0},{"not_picked":["CrushJoints","JustLucky"],"picked":"FollowUp+1","floor":30.0},{"not_picked":["MentalFortress","FlyingSleeves"],"picked":"Establishment","floor":30.0},{"not_picked":["FlyingSleeves+1","PathToVictory"],"picked":"FlurryOfBlows","floor":31.0},{"not_picked":["WheelKick","FlyingSleeves"],"picked":"BattleHymn+1","floor":31.0},{"not_picked":["Ragnarok","DevaForm"],"picked":"ConjureBlade","floor":33},{"not_picked":["FollowUp","CutThroughFate"],"picked":"Ragnarok","floor":35},{"not_picked":["LikeWater","Halt"],"picked":"EmptyBody+1","floor":35},{"not_picked":["Fasting2+1","PathToVictory+1"],"picked":"BattleHymn+1","floor":38},{"not_picked":["Weave+1","Nirvana+1","EmptyMind+1"],"picked":"SKIP","floor":38},{"not_picked":["JustLucky","BowlingBash","PathToVictory+1"],"picked":"SKIP","floor":41},{"not_picked":["Tantrum","Collect","ForeignInfluence"],"picked":"SKIP","floor":41},{"not_picked":["BowlingBash","TalkToTheHand"],"picked":"FollowUp+1","floor":47},{"not_picked":["Protect","Consecrate","InnerPeace+1"],"picked":"SKIP","floor":47},{"not_picked":["Perseverance","ReachHeaven+1"],"picked":"TalkToTheHand+1","floor":48},{"not_picked":["ClearTheMind","FlurryOfBlows+1","Weave"],"picked":"SKIP","floor":48}],"player_experience":799345,"relics_obtained":[{"floor":7.0,"key":"Damaru"},{"floor":9.0,"key":"Bag of Marbles"},{"floor":14.0,"key":"Prayer Wheel"},{"floor":25.0,"key":"Anchor"},{"floor":26.0,"key":"Boot"},{"floor":43,"key":"HornCleat"}],"event_choices":[{"cards_removed":["Strike_P"],"damage_healed":0.0,"max_hp_gain":0.0,"max_hp_loss":0.0,"gold_gain":0.0,"event_name":"Golden Wing","player_choice":"Card Removal","floor":2.0,"gold_loss":0.0,"damage_taken":7.0},{"damage_healed":0.0,"max_hp_gain":5.0,"max_hp_loss":0.0,"gold_gain":0.0,"event_name":"Big Fish","player_choice":"Donut","floor":3.0,"gold_loss":0.0,"damage_taken":0.0},{"damage_healed":0.0,"max_hp_gain":0.0,"max_hp_loss":0.0,"gold_gain":0.0,"event_name":"Golden Idol","player_choice":"Take Damage","floor":4.0,"gold_loss":0.0,"damage_taken":19.0,"relics_obtained":["Golden Idol"]},{"cards_removed":["Strike_P"],"damage_healed":0.0,"max_hp_gain":0.0,"max_hp_loss":0.0,"gold_gain":0.0,"event_name":"Beggar","player_choice":"Gave Gold","floor":19.0,"gold_loss":75.0,"damage_taken":0.0},{"damage_healed":0.0,"max_hp_gain":0.0,"max_hp_loss":0.0,"gold_gain":0.0,"event_name":"Vampires","player_choice":"Ignored","floor":21.0,"gold_loss":0.0,"damage_taken":0.0},{"damage_healed":0.0,"max_hp_gain":0.0,"max_hp_loss":0.0,"gold_gain":0.0,"event_name":"Cursed Tome","player_choice":"Ignored","floor":29.0,"gold_loss":0.0,"damage_taken":0.0},{"cards_removed":["SashWhip"],"damage_healed":0,"gold_gain":0,"player_choice":"Removed Attack","damage_taken":0,"max_hp_gain":0,"max_hp_loss":0,"event_name":"Falling","floor":36,"gold_loss":0},{"damage_healed":0,"gold_gain":0,"player_choice":"Ignored","damage_taken":0,"max_hp_gain":0,"max_hp_loss":0,"event_name":"Tomb of Lord Red Mask","floor":39,"gold_loss":0},{"damage_healed":0,"gold_gain":0,"player_choice":"Ignored","damage_taken":0,"max_hp_gain":0,"max_hp_loss":0,"event_name":"Mysterious Sphere","floor":42,"gold_loss":0}],"is_beta":false,"boss_relics":[{"not_picked":["hubris:CrackedHourglass","hubris:TerracottaHorce"],"picked":"hubris:Stopwatch"},{"not_picked":["hubris:BlackHole","Coffee Dripper"],"picked":"HolyWater"}],"items_purged_floors":[],"is_endless":false,"potions_floor_spawned":[7,12,20,25,31,33,35,38],"killed_by":"Awakened One","ascension_level":3}}