{"host":"fogez99mhgto9ydu","time":1613624217,"event":{"mods":["AchievementEnabler","BaseMod","Colored Map","Colored Powertips","Minty Spire (QoL Compilation)","SuperFastMode"],"gold_per_floor":[112,287,298,298,0,13,13,46,46,0,0,0,14,25,25,125,125,125,125],"floor_reached":18,"language":"ENG","playtime":346,"items_purged":[],"score":160,"play_id":"6f9e8f04-1a47-4549-81d6-1042d34e4484","local_time":"20210218055657","is_ascension_mode":false,"campfire_choices":[{"floor":7.0,"key":"RECALL"},{"floor":11.0,"key":"REST"},{"floor":15.0,"key":"REST"}],"circlet_count":0,"master_deck":["Eruption","Vigilance","PathToVictory+1","Doubt","Evaluate","Scrawl","PathToVictory","Perseverance","InnerPeace","Fasting2","WreathOfFlame","Wallop","Indignation","EmptyBody","Meditate","ClearTheMind"],"relics":["PureWater","NeowsBlessing","Orichalcum","Strawberry","White Beast Statue","Pandora\u0027s Box"],"acts_visited":["Exordium","TheCity"],"potions_floor_usage":[],"damage_taken":[{"damage":0.0,"enemies":"Jaw Worm","floor":1.0,"turns":1.0},{"damage":0.0,"enemies":"2 Louse","floor":3.0,"turns":1.0},{"damage":0.0,"enemies":"Cultist","floor":6.0,"turns":1.0},{"damage":48.0,"enemies":"Gremlin Nob","floor":8.0,"turns":7.0},{"damage":1.0,"enemies":"3 Louse","floor":13.0,"turns":3.0},{"damage":0.0,"enemies":"Lots of Slimes","floor":14.0,"turns":1.0},{"damage":32.0,"enemies":"The Guardian","floor":16.0,"turns":10.0},{"damage":0,"enemies":"Spheric Guardian","floor":18,"turns":1}],"seed_played":"-3689714285974385781","potions_obtained":[{"floor":3.0,"key":"FairyPotion"},{"floor":6.0,"key":"Block Potion"},{"floor":13.0,"key":"ColorlessPotion"},{"floor":14.0,"key":"SkillPotion"},{"floor":16.0,"key":"SteroidPotion"}],"is_trial":false,"path_per_floor":["M","?","M","?","$","M","R","E","T","$","R","?","M","M","R","B",null,"M"],"character_chosen":"WATCHER","items_purchased":["Orichalcum","Strawberry","PathToVictory"],"campfire_rested":2,"item_purchase_floors":[5,5,10],"current_hp_per_floor":[72,72,72,77,84,84,84,36,36,36,61,44,43,43,68,36,84,84,84],"gold":125,"neow_bonus":"THREE_ENEMY_KILL","is_daily":false,"chose_seed":false,"campfire_upgraded":0,"win_rate":0.0,"timestamp":1613624217,"path_taken":["M","?","M","?","?","M","R","E","T","$","R","?","M","M","R","BOSS","M"],"items_purchased_type":["Relic","Relic","Card"],"build_version":"2020-12-22","purchased_purges":0,"victory":false,"max_hp_per_floor":[72,72,72,77,84,84,84,84,84,84,84,84,84,84,84,84,84,84,84],"card_choices":[{"not_picked":["FlurryOfBlows","Consecrate"],"picked":"PathToVictory","floor":1.0},{"not_picked":["CarveReality","SashWhip","FollowUp"],"picked":"SKIP","floor":3.0},{"not_picked":["BattleHymn","Protect"],"picked":"Evaluate","floor":6.0},{"not_picked":["Fasting2","BattleHymn"],"picked":"Scrawl","floor":8.0},{"not_picked":["Pray","FlyingSleeves","Consecrate"],"picked":"SKIP","floor":13.0},{"not_picked":["BattleHymn","EmptyBody"],"picked":"Perseverance","floor":14.0}],"player_experience":434873,"relics_obtained":[{"floor":8.0,"key":"White Beast Statue"}],"event_choices":[{"damage_healed":0.0,"max_hp_gain":0.0,"max_hp_loss":0.0,"gold_gain":175.0,"event_name":"Liars Game","player_choice":"AGREE","floor":2.0,"gold_loss":0.0,"damage_taken":0.0,"cards_obtained":["Doubt"]},{"damage_healed":0.0,"max_hp_gain":5.0,"max_hp_loss":0.0,"gold_gain":0.0,"event_name":"Big Fish","player_choice":"Donut","floor":4.0,"gold_loss":0.0,"damage_taken":0.0},{"damage_healed":0.0,"max_hp_gain":0.0,"max_hp_loss":0.0,"gold_gain":0.0,"event_name":"Shining Light","player_choice":"Entered Light","floor":12.0,"gold_loss":0.0,"damage_taken":17.0,"cards_upgraded":["PathToVictory","Strike_P"]}],"is_beta":false,"boss_relics":[{"not_picked":["Black Star","Runic Pyramid"],"picked":"Pandora\u0027s Box"}],"items_purged_floors":[],"is_endless":false,"potions_floor_spawned":[3,6,13,14,16],"killed_by":"Spheric Guardian","ascension_level":0}}