{"host":"en4narc5947t7k9n","time":1613672263,"event":{"mods":["AchievementEnabler","BaseMod","Colored Map","Minty Spire (QoL Compilation)","SuperFastMode"],"gold_per_floor":[109,123,134,134,134,134,162,162,162,189,189,200,219,62,62,62,62],"floor_reached":16,"language":"KOR","playtime":573,"items_purged":[],"score":110,"play_id":"2c89e75b-8adb-4ed9-abc9-1e1102198796","local_time":"20210219031743","is_ascension_mode":false,"campfire_choices":[{"data":"Crippling Poison","floor":6,"key":"SMITH"},{"data":"Crippling Poison","floor":8,"key":"SMITH"},{"data":"Corpse Explosion","floor":11,"key":"SMITH"},{"data":"Terror","floor":15,"key":"SMITH"}],"circlet_count":0,"master_deck":["Strike_G","Strike_G","Strike_G+1","Strike_G","Defend_G","Defend_G","Defend_G","Defend_G","Defend_G","Survivor","Neutralize+1","Dagger Spray","Dodge and Roll","Crippling Poison+1","Crippling Poison+1","Corpse Explosion+1","Crippling Poison","Terror+1","Bandage Up","Infinite Blades"],"relics":["Ring of the Snake","NeowsBlessing","Question Card","Mummified Hand","Ancient Tea Set"],"acts_visited":["Exordium"],"potions_floor_usage":[10,16],"damage_taken":[{"damage":0,"enemies":"Cultist","floor":1,"turns":1},{"damage":0,"enemies":"Jaw Worm","floor":2,"turns":1},{"damage":0,"enemies":"Small Slimes","floor":3,"turns":1},{"damage":24,"enemies":"Gremlin Nob","floor":7,"turns":5},{"damage":3,"enemies":"3 Sentries","floor":10,"turns":4},{"damage":0,"enemies":"Red Slaver","floor":12,"turns":3},{"damage":1,"enemies":"Blue Slaver","floor":13,"turns":5},{"damage":33,"enemies":"The Guardian","floor":16,"turns":5}],"seed_played":"-1990279797843291239","potions_obtained":[{"floor":7,"key":"SkillPotion"},{"floor":10,"key":"Ancient Potion"},{"floor":12,"key":"Ancient Potion"}],"is_trial":false,"path_per_floor":["M","M","M","?","?","R","E","R","T","E","R","M","M","$","R","B"],"character_chosen":"THE_SILENT","items_purchased":["Bandage Up","Infinite Blades"],"campfire_rested":0,"item_purchase_floors":[14,14],"current_hp_per_floor":[70,70,70,56,56,56,32,32,32,29,29,29,28,28,28,0,0],"gold":62,"neow_bonus":"THREE_ENEMY_KILL","is_daily":false,"chose_seed":false,"campfire_upgraded":4,"win_rate":0.0,"timestamp":1613672263,"path_taken":["M","?","?","?","?","R","E","R","T","E","R","M","?","$","R","BOSS"],"items_purchased_type":["Card","Card"],"build_version":"2020-12-22","purchased_purges":0,"victory":false,"max_hp_per_floor":[70,70,70,70,70,70,70,70,70,70,70,70,70,70,70,70,70],"card_choices":[{"not_picked":["Sucker Punch","Outmaneuver"],"picked":"Dagger Spray","floor":1},{"not_picked":["Escape Plan","Sucker Punch"],"picked":"Dodge and Roll","floor":2},{"not_picked":["Bouncing Flask","Infinite Blades"],"picked":"Crippling Poison","floor":3},{"not_picked":["Underhanded Strike","Prepared"],"picked":"Crippling Poison","floor":7},{"not_picked":["Poisoned Stab","Dagger Spray","Leg Sweep"],"picked":"Corpse Explosion","floor":10},{"not_picked":["Flying Knee","Tactician","Sucker Punch"],"picked":"Crippling Poison","floor":12},{"not_picked":["Leg Sweep","Outmaneuver","Slice"],"picked":"Terror","floor":13}],"player_experience":68452,"relics_obtained":[{"floor":7,"key":"Question Card"},{"floor":9,"key":"Mummified Hand"},{"floor":10,"key":"Ancient Tea Set"}],"event_choices":[{"damage_healed":0,"gold_gain":0,"player_choice":"Entered Light","damage_taken":14,"max_hp_gain":0,"max_hp_loss":0,"event_name":"Shining Light","floor":4,"gold_loss":0,"cards_upgraded":["Strike_G","Neutralize"]},{"cards_removed":["Strike_G"],"damage_healed":0,"gold_gain":0,"player_choice":"Purged","damage_taken":0,"max_hp_gain":0,"max_hp_loss":0,"event_name":"Purifier","floor":5,"gold_loss":0}],"is_beta":false,"boss_relics":[],"items_purged_floors":[],"is_endless":false,"potions_floor_spawned":[7,10,12],"killed_by":"The Guardian","ascension_level":0}}