{"host":"6aycdg1azw3gf4o9","time":1613644845,"event":{"mods":["Act Like it!","Arknights","BaseMod","CapriCore","Friendly Minions","Koishi","Marisa£®ÏF”Í°°ƒß¿Ì…≥£©","Minty Spire (QoL Compilation)","READ ME - Guardian Mod","Remilia£®¿Ÿ√◊¿Ú—«£©","StSLib"],"gold_per_floor":[109,284,284,359,370,370,16,49,74,74,6,6,6],"floor_reached":12,"language":"ZHS","playtime":411,"items_purged":["Doubt"],"score":78,"play_id":"34e68a4a-7583-4ac2-99b6-da82dce64ea0","local_time":"20210218184045","is_ascension_mode":true,"campfire_choices":[{"data":"ats:Emotion Absorption","floor":6,"key":"SMITH"},{"floor":10,"key":"REST"}],"circlet_count":0,"master_deck":["ats:Strike C","ats:Strike G","ats:Strike S","ats:Armor Crushing Shot","ats:Defend","ats:Defend","ats:Defend","ats:Emotion Absorption+1","ats:Thorns","ats:Assault Order","ats:Flexible Camouflage","ats:Guard Mode+1","ats:Curse Doll+1","ats:Encircling Forest+1","ats:Shadow Assault","ats:Hook Shot+1"],"relics":["ats:Sanity","Toxic Egg 2","Art of War","ats:Originium","ats:Berate","Boot"],"acts_visited":["Exordium"],"potions_floor_usage":[8,8],"damage_taken":[{"damage":4,"enemies":"Small Slimes","floor":1,"turns":4},{"damage":8,"enemies":"Jaw Worm","floor":5,"turns":4},{"damage":12,"enemies":"Lagavulin","floor":8,"turns":8},{"damage":43,"enemies":"Gremlin Nob","floor":12,"turns":5}],"seed_played":"2809045087891196450","potions_obtained":[{"floor":5,"key":"Strength Potion"},{"floor":8,"key":"Fruit Juice"}],"is_trial":false,"path_per_floor":["M","?","?","?","M","R","$","E","T","R","$","E"],"character_chosen":"DOCTOR_CLASS","items_purchased":["ats:Curse Doll+1","ats:Encircling Forest+1","Art of War","ats:Hook Shot+1"],"campfire_rested":1,"item_purchase_floors":[7,7,7,11],"current_hp_per_floor":[47,47,35,24,16,16,16,9,9,32,32,0,0],"gold":6,"neow_bonus":"TRANSFORM_TWO_CARDS","is_daily":false,"chose_seed":false,"campfire_upgraded":1,"win_rate":0.0,"timestamp":1613644845,"path_taken":["M","?","?","?","?","R","$","E","T","R","?","E"],"items_purchased_type":["Card","Card","Relic","Card"],"build_version":"2020-12-22","purchased_purges":1,"victory":false,"max_hp_per_floor":[72,72,72,72,72,72,72,77,77,77,77,77,77],"card_choices":[{"not_picked":["ats:Assault Order","ats:Rapid Magazine"],"picked":"ats:Flexible Camouflage","floor":1},{"not_picked":["ats:Assault Order+1","ats:Healing Drone+1"],"picked":"ats:Guard Mode+1","floor":5},{"not_picked":["ats:Ignite","ats:Part Time Job"],"picked":"ats:Shadow Assault","floor":8}],"player_experience":524289,"relics_obtained":[{"floor":8,"key":"ats:Originium"},{"floor":8,"key":"ats:Berate"},{"floor":9,"key":"Boot"}],"event_choices":[{"damage_healed":0,"gold_gain":175,"player_choice":"AGREE","damage_taken":0,"max_hp_gain":0,"max_hp_loss":0,"event_name":"Liars Game","floor":2,"gold_loss":0,"cards_obtained":["Doubt"]},{"damage_healed":0,"gold_gain":0,"player_choice":"Success","damage_taken":12,"relics_obtained":["Toxic Egg 2"],"max_hp_gain":0,"max_hp_loss":0,"event_name":"Scrap Ooze","floor":3,"gold_loss":0},{"damage_healed":0,"gold_gain":75,"player_choice":"Gather Gold","damage_taken":11,"max_hp_gain":0,"max_hp_loss":0,"event_name":"World of Goop","floor":4,"gold_loss":0}],"is_beta":false,"boss_relics":[],"items_purged_floors":[7],"is_endless":false,"potions_floor_spawned":[5,8],"killed_by":"Gremlin Nob","ascension_level":1}}