{"host":"Vegetablebread","time":1613684886,"event":{"mods":["BaseMod","Bestiary","Minty Spire (QoL Compilation)","Relic Stats"],"gold_per_floor":[114,133,133,152,167,167,181,210,210,240,7,7,7,34,34,113,113,124,14,34,50,62,94,94,124,124,124,124,24,24,50,50,127,127,137,150,163,175,50,75,75,106,133,133,149,161,174,203,203,203,203,203,203,34,68,68],"floor_reached":57,"language":"ENG","playtime":14076,"items_purged":["Strike_R","Strike_R","Strike_R"],"score":3194,"play_id":"bbefe745-54f4-4310-9145-642750620fa7","local_time":"20210218134806","is_ascension_mode":true,"campfire_choices":[{"floor":6.0,"key":"REST"},{"data":"Entrench","floor":13.0,"key":"SMITH"},{"data":"Battle Trance","floor":15.0,"key":"SMITH"},{"data":"Double Tap","floor":24.0,"key":"SMITH"},{"data":"Shockwave","floor":28.0,"key":"SMITH"},{"data":"Bash","floor":32.0,"key":"SMITH"},{"floor":41.0,"key":"RECALL"},{"floor":49,"key":"REST"},{"floor":53,"key":"REST"}],"circlet_count":0,"master_deck":["AscendersBane","Defend_R","Defend_R","Defend_R+1","Defend_R","Bash+1","Rampage+1","Battle Trance+1","Second Wind","Shockwave+1","Feel No Pain","Double Tap+1","Entrench+1","Exhume","Feel No Pain","Dropkick","Rage+1","Second Wind","Shockwave","Warcry+1"],"relics":["Burning Blood","Mango","Oddly Smooth Stone","Thread and Needle","Meat on the Bone","Bag of Preparation","Torii","Runic Pyramid","Tiny Chest","Pen Nib","Lantern","Fusion Hammer","StrikeDummy","Anchor","Blood Vial","Singing Bowl","TheAbacus","Toy Ornithopter"],"acts_visited":["Exordium","TheCity","TheBeyond","TheEnding"],"potions_floor_usage":[56,56],"damage_taken":[{"damage":26.0,"enemies":"Small Slimes","floor":1.0,"turns":5.0},{"damage":6.0,"enemies":"Cultist","floor":2.0,"turns":4.0},{"damage":10.0,"enemies":"2 Louse","floor":4.0,"turns":3.0},{"damage":12.0,"enemies":"Gremlin Gang","floor":5.0,"turns":5.0},{"damage":3.0,"enemies":"2 Fungi Beasts","floor":7.0,"turns":3.0},{"damage":12.0,"enemies":"Gremlin Nob","floor":8.0,"turns":4.0},{"damage":2.0,"enemies":"Lagavulin","floor":10.0,"turns":6.0},{"damage":21.0,"enemies":"Gremlin Nob","floor":14.0,"turns":4.0},{"damage":1.0,"enemies":"Slime Boss","floor":16.0,"turns":11.0},{"damage":12.0,"enemies":"2 Thieves","floor":18.0,"turns":4.0},{"damage":0.0,"enemies":"Shell Parasite","floor":20.0,"turns":4.0},{"damage":0.0,"enemies":"Snecko","floor":21.0,"turns":6.0},{"damage":0.0,"enemies":"Centurion and Healer","floor":22.0,"turns":5.0},{"damage":18.0,"enemies":"Gremlin Leader","floor":23.0,"turns":6.0},{"damage":0.0,"enemies":"Book of Stabbing","floor":25.0,"turns":4.0},{"damage":59.0,"enemies":"Slavers","floor":31.0,"turns":9.0},{"damage":13.0,"enemies":"Collector","floor":33.0,"turns":4.0},{"damage":0.0,"enemies":"3 Darklings","floor":35.0,"turns":5.0},{"damage":0.0,"enemies":"3 Shapes","floor":36.0,"turns":5.0},{"damage":0.0,"enemies":"Spire Growth","floor":37.0,"turns":5.0},{"damage":9.0,"enemies":"Jaw Worm Horde","floor":38.0,"turns":6.0},{"damage":0.0,"enemies":"Giant Head","floor":40.0,"turns":3.0},{"damage":0.0,"enemies":"Nemesis","floor":42.0,"turns":7.0},{"damage":0.0,"enemies":"Writhing Mass","floor":45.0,"turns":4.0},{"damage":1.0,"enemies":"4 Shapes","floor":46.0,"turns":14.0},{"damage":0,"enemies":"Jaw Worm Horde","floor":47,"turns":4},{"damage":0,"enemies":"Giant Head","floor":48,"turns":4},{"damage":1,"enemies":"Donu and Deca","floor":50,"turns":5},{"damage":0,"enemies":"Time Eater","floor":51,"turns":6},{"damage":0,"enemies":"Shield and Spear","floor":55,"turns":5},{"damage":8,"enemies":"The Heart","floor":56,"turns":8}],"seed_played":"6954683314449562253","potions_obtained":[{"floor":4.0,"key":"Dexterity Potion"},{"floor":8.0,"key":"SkillPotion"},{"floor":10.0,"key":"SteroidPotion"},{"floor":14.0,"key":"Block Potion"},{"floor":18.0,"key":"FairyPotion"},{"floor":31.0,"key":"Regen Potion"},{"floor":33.0,"key":"Ancient Potion"},{"floor":36.0,"key":"Energy Potion"},{"floor":38.0,"key":"Energy Potion"},{"floor":42.0,"key":"Energy Potion"},{"floor":46,"key":"Ancient Potion"}],"is_trial":false,"path_per_floor":["M","M","?","M","M","R","M","E","T","E","$","?","R","E","R","B",null,"M","?","M","M","M","E","R","E","T","?","R","$","?","E","R","B",null,"M","M","M","M","$","E","R","E","T","?","M","M","M","E","R","B","B",null,"R","$","E","B",null],"character_chosen":"IRONCLAD","items_purchased":["Bag of Preparation","TheAbacus"],"campfire_rested":3,"item_purchase_floors":[11,54],"current_hp_per_floor":[62,62,62,58,52,76,79,73,73,77,77,77,77,62,62,67,78,72,72,78,82,82,70,70,76,76,76,76,76,52,43,43,57,80,86,87,87,84,84,87,87,87,87,87,87,87,87,89,89,89,89,89,89,89,91,91],"gold":68,"neow_bonus":"ONE_RARE_RELIC","is_daily":false,"chose_seed":false,"campfire_upgraded":5,"win_rate":0.0,"timestamp":1613684886,"path_taken":["M","M","?","?","M","R","M","E","T","E","$","?","R","E","R","BOSS","M","?","M","?","M","E","R","E","T","?","R","$","?","E","R","BOSS","M","M","M","M","$","E","R","E","T","?","M","M","M","E","R","BOSS","BOSS","R","$","E","BOSS"],"items_purchased_type":["Relic","Relic"],"build_version":"2020-12-18","purchased_purges":3,"victory":true,"max_hp_per_floor":[82,82,82,82,82,82,82,82,82,82,82,82,82,82,82,82,82,82,82,82,82,82,82,82,82,82,82,82,82,87,87,87,87,87,87,87,87,87,87,87,87,87,87,87,87,87,87,89,89,89,89,89,89,89,91,91],"relic_stats":{"Blood Vial":0,"TheAbacus":[594],"Torii":20,"Singing Bowl":4,"counters":[31,168],"Tiny Chest":0,"Pen Nib":[39],"Bag of Preparation":[48],"obtain_stats":[{"Lantern":31,"Torii":14,"Singing Bowl":48,"Oddly Smooth Stone":8,"Mango":0,"Thread and Needle":9,"Pen Nib":25,"Bag of Preparation":11,"Burning Blood":0,"Blood Vial":43,"Anchor":42,"TheAbacus":54,"Tiny Chest":23,"Fusion Hammer":34,"StrikeDummy":40,"Toy Ornithopter":55,"Meat on the Bone":10,"Runic Pyramid":17},{"Lantern":16,"Torii":8,"Singing Bowl":27,"Oddly Smooth Stone":6,"Mango":0,"Thread and Needle":6,"Pen Nib":15,"Bag of Preparation":7,"Burning Blood":0,"Blood Vial":23,"Anchor":23,"TheAbacus":29,"Tiny Chest":14,"Fusion Hammer":17,"StrikeDummy":22,"Toy Ornithopter":30,"Meat on the Bone":7,"Runic Pyramid":9},{"Lantern":83,"Torii":34,"Singing Bowl":144,"Oddly Smooth Stone":24,"Mango":0,"Thread and Needle":24,"Pen Nib":74,"Bag of Preparation":30,"Burning Blood":0,"Blood Vial":118,"Anchor":118,"TheAbacus":155,"Tiny Chest":70,"Fusion Hammer":87,"StrikeDummy":111,"Toy Ornithopter":160,"Meat on the Bone":30,"Runic Pyramid":45}],"Burning Blood":115,"Toy Ornithopter":5,"Meat on the Bone":24},"card_choices":[{"not_picked":["Warcry","True Grit"],"picked":"Rampage","floor":1.0},{"not_picked":["Sentinel","Dark Embrace"],"picked":"Battle Trance","floor":2.0},{"not_picked":["Pommel Strike","Clothesline"],"picked":"Second Wind","floor":4.0},{"not_picked":["Clothesline","Dropkick"],"picked":"Shockwave","floor":5.0},{"not_picked":["Heavy Blade","Pommel Strike"],"picked":"Feel No Pain","floor":7.0},{"not_picked":["Shrug It Off","Inflame"],"picked":"Double Tap","floor":8.0},{"not_picked":["Warcry","True Grit"],"picked":"Entrench","floor":10.0},{"not_picked":["Wild Strike","Flex","Blood for Blood"],"picked":"SKIP","floor":14.0},{"not_picked":["Juggernaut","Limit Break"],"picked":"Exhume","floor":16.0},{"not_picked":["Clash","Flex"],"picked":"Feel No Pain","floor":18.0},{"not_picked":["Havoc","Iron Wave"],"picked":"Dropkick","floor":20.0},{"not_picked":["True Grit","Uppercut"],"picked":"Rage","floor":21.0},{"not_picked":["Iron Wave+1","Heavy Blade+1","Headbutt"],"picked":"SKIP","floor":22.0},{"not_picked":["Cleave","Anger"],"picked":"Second Wind","floor":23.0},{"not_picked":["Infernal Blade","Sentinel","Immolate"],"picked":"SKIP","floor":25.0},{"not_picked":["Whirlwind","Shrug It Off"],"picked":"Shockwave","floor":31.0},{"not_picked":["Headbutt","True Grit","Wild Strike"],"picked":"SKIP","floor":35.0},{"not_picked":["Headbutt","True Grit","Wild Strike"],"picked":"SKIP","floor":35.0},{"not_picked":["Armaments","Flex","Dual Wield"],"picked":"SKIP","floor":36.0},{"not_picked":["Heavy Blade","Headbutt","Spot Weakness+1"],"picked":"SKIP","floor":37.0},{"not_picked":["Clothesline","Dual Wield+1","Iron Wave+1"],"picked":"SKIP","floor":38.0},{"not_picked":["Pummel+1","Sever Soul","Armaments"],"picked":"SKIP","floor":40.0},{"not_picked":["True Grit","Immolate","Inflame"],"picked":"SKIP","floor":42.0},{"not_picked":["True Grit","Anger+1","Warcry"],"picked":"SKIP","floor":45.0},{"not_picked":["Shrug It Off","Metallicize","Sword Boomerang"],"picked":"SKIP","floor":46},{"not_picked":["Sword Boomerang+1","Body Slam+1"],"picked":"Warcry+1","floor":47},{"not_picked":["Reaper","Searing Blow","Anger+1"],"picked":"Singing Bowl","floor":48},{"not_picked":["Headbutt","Armaments","Shockwave"],"picked":"Singing Bowl","floor":55}],"player_experience":10557687,"relics_obtained":[{"floor":8.0,"key":"Oddly Smooth Stone"},{"floor":9.0,"key":"Thread and Needle"},{"floor":10.0,"key":"Meat on the Bone"},{"floor":14.0,"key":"Torii"},{"floor":23.0,"key":"Tiny Chest"},{"floor":25.0,"key":"Pen Nib"},{"floor":31.0,"key":"Lantern"},{"floor":40.0,"key":"StrikeDummy"},{"floor":42.0,"key":"Anchor"},{"floor":43.0,"key":"Blood Vial"},{"floor":48,"key":"Singing Bowl"},{"floor":55,"key":"Toy Ornithopter"}],"event_choices":[{"damage_healed":0.0,"max_hp_gain":0.0,"max_hp_loss":0.0,"gold_gain":0.0,"event_name":"Upgrade Shrine","player_choice":"Upgraded","floor":3.0,"gold_loss":0.0,"damage_taken":0.0,"cards_upgraded":["Rampage"]},{"cards_removed":["Strike_R"],"damage_healed":0.0,"max_hp_gain":0.0,"max_hp_loss":0.0,"gold_gain":0.0,"event_name":"Living Wall","player_choice":"Forget","floor":12.0,"gold_loss":0.0,"damage_taken":0.0},{"cards_removed":["Strike_R"],"damage_healed":0.0,"max_hp_gain":0.0,"max_hp_loss":0.0,"gold_gain":0.0,"event_name":"Designer","player_choice":"Upgrade and Remove","floor":19.0,"gold_loss":110.0,"damage_taken":0.0,"cards_upgraded":["Defend_R"]},{"damage_healed":0.0,"max_hp_gain":0.0,"max_hp_loss":0.0,"gold_gain":0.0,"event_name":"Vampires","player_choice":"Ignored","floor":27.0,"gold_loss":0.0,"damage_taken":0.0},{"damage_healed":0.0,"max_hp_gain":5.0,"max_hp_loss":0.0,"gold_gain":0.0,"event_name":"Forgotten Altar","player_choice":"Shed Blood","floor":30.0,"gold_loss":0.0,"damage_taken":29.0},{"damage_healed":0.0,"max_hp_gain":0.0,"max_hp_loss":0.0,"gold_gain":0.0,"event_name":"Accursed Blacksmith","player_choice":"Forge","floor":44.0,"gold_loss":0.0,"damage_taken":0.0,"cards_upgraded":["Rage"]}],"is_beta":true,"boss_relics":[{"not_picked":["Snecko Eye","Black Blood"],"picked":"Runic Pyramid"},{"not_picked":["Runic Cube","Astrolabe"],"picked":"Fusion Hammer"}],"items_purged_floors":[11,29,39],"is_endless":false,"potions_floor_spawned":[4,8,10,14,18,31,33,36,38,42,46,47],"ascension_level":20}}