{"host":"c3mohl8225ccym5l","time":1613612119,"event":{"mods":["Act Like it!","BaseMod","Beaked The Cultist","BetterRewards","Card Forge","Downfall","Duelist Mod","Glutton Mod","GungeonMod","Hallownest","Hermit","Ironclad Rager","Jorbs\u0027s Wanderer Trilogy","Koishi","Marisa????????","Marked Mod","Minty Spire (QoL Compilation)","Pikachu Mod","Shade Mod","Shop Mod","StSLib","Td1madao Mod","The Administrix","The Blackbeard","The Bladedancer","The Bug Knight","The Clintock","The Construct","The Cursed","The Disciple","The Hierophant","The Jungle","The Kombatant","The Marked","The Necromancer","The Poker Player","The Senshi","The Servant 0.9.4","The Wild Card","TheBandit","TheFirefly","TheVacant","Yuri Mod"],"gold_per_floor":[115,125,125,145,320,320,338,338,338,338,349,428,428,447,447,568,568,587,128,149,149,55,73,86,99,124,34,34,34,54,74,74,198,198,217,35,55,76,76,76,76,76],"floor_reached":41,"language":"ENG","playtime":2028,"items_purged":["Doubt"],"score":437,"play_id":"a023d84f-7bf8-4f20-a5fa-07e008976c17","local_time":"20210217193519","is_ascension_mode":false,"campfire_choices":[{"data":"theMarked:SoldierOfQuellstein","floor":6,"key":"SMITH"},{"data":"theMarked:ChainLightning","floor":8,"key":"SMITH"},{"data":"theMarked:Aftermath","floor":10,"key":"SMITH"},{"data":"theMarked:Improvise","floor":15,"key":"SMITH"},{"data":"theMarked:BindingBlade","floor":29,"key":"SMITH"},{"data":"theMarked:SwordAndMagic","floor":32,"key":"SMITH"},{"floor":40,"key":"REST"}],"circlet_count":0,"master_deck":["theMarked:Strike+1","theMarked:Strike+1","theMarked:Strike+1","theMarked:Strike+1","theMarked:Strike+1","theMarked:Defend+1","theMarked:Defend+1","theMarked:Defend+1","theMarked:Defend+1","theMarked:SoldierOfQuellstein+1","theMarked:HeightenedSenses+1","theMarked:Aftermath","theMarked:Aftermath+1","theMarked:ChainLightning+1","theMarked:Improvise+1","theMarked:BindingBlade+1","theMarked:Polarize","theMarked:Opportunist","theMarked:Frustration","downfall:Haunted","downfall:Haunted","theDuelist:CurseAnubis","theMarked:OneWithTheBlade","theMarked:Pokerface+1","theMarked:WastefulAttack","theMarked:WardOff","theMarked:SwordAndMagic+1","theMarked:EternalStudent","theMarked:Memento+1","theMarked:GodGivenPower","theMarked:Frustration"],"relics":["theMarked:ArtifactOfAir","Hammer of Thor","Seething Fire","Anvil of the Gods","Ornamental Fan","Golden Idol","Velvet Choker","Lee\u0027s Waffle","Strawberry","Darkstone Periapt","construct:FoamFinger","Pen Nib","theJungle:ParSnip","SlaversCollar","Bronze Scales"],"acts_visited":["Exordium","Exordium","TheBeyond"],"potions_floor_usage":[16,16,24,33,37],"damage_taken":[{"damage":0,"enemies":"Cultist","floor":1,"turns":3},{"damage":0,"enemies":"2 Louse","floor":2,"turns":3},{"damage":0,"enemies":"Jaw Worm","floor":4,"turns":3},{"damage":5,"enemies":"Blue Slaver","floor":7,"turns":4},{"damage":5,"enemies":"3 Louse","floor":11,"turns":3},{"damage":2,"enemies":"Red Slaver","floor":14,"turns":3},{"damage":18,"enemies":"Slime Boss","floor":16,"turns":13},{"damage":36,"enemies":"theJungle:GiantWrat","floor":18,"turns":6},{"damage":10,"enemies":"theJungle:Flameango_and_Byrd","floor":20,"turns":5},{"damage":36,"enemies":"theJungle:Lyon","floor":23,"turns":5},{"damage":28,"enemies":"theJungle:2_Flameangoes","floor":24,"turns":7},{"damage":13,"enemies":"theJungle:SlimyTreeVines","floor":25,"turns":6},{"damage":25,"enemies":"theJungle:JungleHuntersEncounter","floor":30,"turns":7},{"damage":9,"enemies":"theJungle:Lyon","floor":31,"turns":3},{"damage":24,"enemies":"theJungle:FunGuy","floor":33,"turns":10},{"damage":10,"enemies":"3 Shapes","floor":35,"turns":5},{"damage":18,"enemies":"Orb Walker","floor":37,"turns":3},{"damage":76,"enemies":"Spire Growth","floor":38,"turns":5},{"damage":41,"enemies":"Nemesis","floor":41,"turns":2}],"seed_played":"-2013328791079632182","potions_obtained":[{"floor":1,"key":"EssenceOfSteel"},{"floor":2,"key":"Energy Potion"},{"floor":7,"key":"Fire Potion"},{"floor":16,"key":"FairyPotion"},{"floor":18,"key":"Explosive Potion"},{"floor":24,"key":"BlessingOfTheForge"},{"floor":31,"key":"DuplicationPotion"},{"floor":35,"key":"ColorlessPotion"},{"floor":38,"key":"PowerPotion"}],"is_trial":false,"path_per_floor":["M","M","?","M","?","R","M","R","T","R","M","?","?","M","R","B",null,"M","$","M","?","?","M","M","M","T","?","?","R","M","M","R","B",null,"M","$","M","M","?","R","E"],"character_chosen":"THE_DEFAULT","items_purchased":["Lee\u0027s Waffle","Strawberry","theMarked:Opportunist","Bronze Scales","theMarked:GodGivenPower"],"campfire_rested":1,"item_purchase_floors":[19,19,19,36,36],"current_hp_per_floor":[70,70,56,56,56,56,51,51,51,51,46,46,29,27,27,9,70,34,84,74,97,97,61,33,26,26,26,26,26,1,25,25,1,107,97,97,79,3,3,35,0,0],"gold":76,"neow_bonus":"RANDOM_COLORLESS","is_daily":false,"chose_seed":false,"campfire_upgraded":6,"win_rate":0.0,"timestamp":1613612119,"path_taken":["M","M","?","M","?","R","M","R","T","R","M","?","?","?","R","BOSS","M","$","M","?","?","M","?","M","T","?","?","R","M","M","R","BOSS","M","?","M","M","?","R","E"],"items_purchased_type":["Relic","Relic","Card","Relic","Card"],"build_version":"2020-12-22","purchased_purges":1,"victory":false,"max_hp_per_floor":[70,70,70,70,70,70,70,70,70,70,70,70,70,70,70,70,70,70,84,84,107,107,107,107,107,107,107,107,107,107,107,107,107,107,107,107,107,107,107,107,107,107],"card_choices":[{"not_picked":["theMarked:ResourceFulStrike","theMarked:ElectricStrings"],"picked":"theMarked:HeightenedSenses","floor":1},{"not_picked":["theMarked:MuscleMemory","theMarked:Parry"],"picked":"theMarked:Aftermath","floor":2},{"not_picked":["theMarked:ParalyzingBlade","theMarked:ElectricStrings"],"picked":"theMarked:Aftermath","floor":4},{"not_picked":["theMarked:WastefulAttack","theMarked:WardOff"],"picked":"theMarked:ChainLightning","floor":7},{"not_picked":["theMarked:KeepCalmAndFight","theMarked:ElectricStrings","theMarked:HeightenedSenses"],"picked":"SKIP","floor":11},{"not_picked":["theMarked:WardOff","theMarked:ElectricStrings"],"picked":"theMarked:Improvise","floor":14},{"not_picked":["theMarked:Vacuum","theMarked:Snap"],"picked":"theMarked:BindingBlade","floor":16},{"not_picked":["theMarked:Friction","theMarked:CreepingChasm"],"picked":"theMarked:Polarize","floor":18},{"not_picked":["theMarked:HeightenedSenses+1","theMarked:RepellingDischarge"],"picked":"theMarked:Frustration","floor":20},{"not_picked":["theMarked:Memento","theMarked:RepellingDischarge+1"],"picked":"theMarked:OneWithTheBlade","floor":23},{"not_picked":["theMarked:Improvise","theMarked:WastefulAttack+1"],"picked":"theMarked:Pokerface+1","floor":24},{"not_picked":["theMarked:Convert","theMarked:Aftermath"],"picked":"theMarked:WastefulAttack","floor":25},{"not_picked":["theMarked:ShockingTouch","theMarked:StartUp"],"picked":"theMarked:WardOff","floor":30},{"not_picked":["theMarked:ResourceFulStrike","theMarked:HeightenedSenses"],"picked":"theMarked:SwordAndMagic","floor":31},{"not_picked":["theMarked:DispelDoubt","theMarked:Levitate"],"picked":"theMarked:EternalStudent","floor":33},{"not_picked":["theMarked:ResourceFulStrike","theMarked:WastefulAttack"],"picked":"theMarked:Memento+1","floor":35},{"not_picked":["theMarked:TwofoldDefense+1","theMarked:Parry+1"],"picked":"theMarked:Frustration","floor":37},{"not_picked":["theMarked:Aftermath+1","theMarked:Improvise","theMarked:Parkour"],"picked":"SKIP","floor":38}],"player_experience":200662,"relics_obtained":[{"floor":9,"key":"Ornamental Fan"},{"floor":26,"key":"Pen Nib"}],"event_choices":[{"damage_healed":0,"gold_gain":0,"player_choice":"Entered Light","damage_taken":14,"max_hp_gain":0,"max_hp_loss":0,"event_name":"Shining Light","floor":3,"gold_loss":0,"cards_upgraded":["theMarked:HeightenedSenses","theMarked:Strike"]},{"damage_healed":0,"gold_gain":175,"player_choice":"AGREE","damage_taken":0,"max_hp_gain":0,"max_hp_loss":0,"event_name":"Liars Game","floor":5,"gold_loss":0,"cards_obtained":["Doubt"]},{"damage_healed":0,"gold_gain":79,"player_choice":"Gained Gold","damage_taken":0,"max_hp_gain":0,"max_hp_loss":0,"event_name":"Golden Wing","floor":12,"gold_loss":0},{"damage_healed":0,"gold_gain":0,"player_choice":"Take Damage","damage_taken":17,"relics_obtained":["Golden Idol"],"max_hp_gain":0,"max_hp_loss":0,"event_name":"Golden Idol","floor":13,"gold_loss":0},{"damage_healed":0,"gold_gain":0,"player_choice":"Paid Gold","damage_taken":0,"relics_obtained":["construct:FoamFinger"],"max_hp_gain":0,"max_hp_loss":0,"event_name":"WeMeetAgain","floor":22,"gold_loss":94},{"damage_healed":0,"gold_gain":0,"player_choice":"Gold","damage_taken":0,"max_hp_gain":0,"max_hp_loss":0,"event_name":"Wheel of Change","floor":28,"gold_loss":0},{"damage_healed":0,"gold_gain":0,"player_choice":"Ignored","damage_taken":0,"max_hp_gain":0,"max_hp_loss":0,"event_name":"Mysterious Sphere","floor":39,"gold_loss":0}],"is_beta":false,"boss_relics":[{"not_picked":["Runic Pyramid","Tiny House"],"picked":"Velvet Choker"},{"not_picked":["theMarked:BronzeBlade","beaked:MawFillet"],"picked":"SlaversCollar"}],"items_purged_floors":[19],"is_endless":false,"potions_floor_spawned":[1,2,7,16,18,24,31,35,38],"killed_by":"Nemesis","ascension_level":0}}