{"host":"gm50ke85n5jz306u","time":1613669131,"event":{"mods":["AchievementEnabler","AlwaysNeverKeys","Ascension Reborn","Aspiration","BaseMod","Bestiary","Better Altar","Better Match","Better Note","Better Sensory Stone","Better Skull","Better Third Choice","Better Vampires","Better-Laid Plans","BetterRewards","Colored Powertips","Curses Come First","DNKmod","Defuse TimeMaze Blight","Disable Question Mark Monsters","Displayed Cursed Tome","Downfall","Emptier Cage","Extra Virgin Snecko Oil","Filter the Spire","Friendly Minions","Gremlin Skip","Hubris","Hyrulean Relics","Ironclad Rager","Marked Mod","Minty Spire (QoL Compilation)","Permanent Neow","Poor People Problems","Quick Restart","Relic Filter Mod","Relic Sorter","Remove Card Discount Mod","Reorder Act Four","Replay The Spire","Shop Mod","Spicy Shops","StSLib","Synergy Search","The Blue Laboratory","Thieving Mod","Transform Curses"],"gold_per_floor":[16,32,120,120,134,134,167,186,267,165,177,177,193,210,210,210,210,315,315,327,327,327,347,364,364,364,364,387,402,402,70,70,81,81,81,81],"floor_reached":35,"language":"ENG","playtime":2041,"items_purged":["Delirium","Bash","Twin Strike","hubris:Disease","Twin Strike"],"score":259,"play_id":"6a8220b5-45f3-4beb-8626-52aad9e0c0a9","local_time":"20210218182531","is_ascension_mode":false,"campfire_choices":[{"data":"hubris:SharpeningStone","floor":6.0,"key":"SMITH"},{"data":"Rampage","floor":12.0,"key":"SMITH"},{"data":"hubris:SharpeningStone","floor":17.0,"key":"SMITH"},{"data":"Run Through","floor":25.0,"key":"SMITH"},{"data":"Iron Wave","floor":27.0,"key":"SMITH"},{"data":"Iron Wave","floor":30.0,"key":"SMITH"},{"data":"Blind","floor":32.0,"key":"SMITH"},{"data":"Berserk","floor":34,"key":"SMITH"}],"circlet_count":0,"master_deck":["Twin Strike","Twin Strike","Twin Strike","Iron Wave+1","Iron Wave+1","Iron Wave","Iron Wave","hubris:SharpeningStone+1","hubris:SharpeningStone+1","Rampage+1","Run Through+1","Blind+1","Berserk+1"],"relics":["Burning Blood","ReplayTheSpireMod:CursedCoin","hubris:TenFootPole","Replay:Bottled Steam","Mark of Pain","Blue Candle","Bag of Marbles","Snack Pack"],"acts_visited":["Exordium","TheCity"],"potions_floor_usage":[35],"damage_taken":[{"damage":0.0,"enemies":"2 Louse","floor":1.0,"turns":2.0},{"damage":0.0,"enemies":"Cultist","floor":2.0,"turns":2.0},{"damage":1.0,"enemies":"Jaw Worm","floor":5.0,"turns":3.0},{"damage":16.0,"enemies":"Lagavulin","floor":7.0,"turns":7.0},{"damage":0.0,"enemies":"Exordium Wildlife","floor":8.0,"turns":2.0},{"damage":0.0,"enemies":"Large Slime","floor":11.0,"turns":5.0},{"damage":0.0,"enemies":"Looter","floor":13.0,"turns":2.0},{"damage":7.0,"enemies":"Blue Slaver","floor":14.0,"turns":3.0},{"damage":9.0,"enemies":"Fading Forest","floor":18.0,"turns":11.0},{"damage":36.0,"enemies":"2 Thieves","floor":20.0,"turns":4.0},{"damage":5.0,"enemies":"3 Byrds","floor":23.0,"turns":5.0},{"damage":28.0,"enemies":"Shelled Parasite and Fungi","floor":24.0,"turns":5.0},{"damage":0.0,"enemies":"Snake Plant","floor":29.0,"turns":3.0},{"damage":8.0,"enemies":"Centurion and Healer","floor":33.0,"turns":6.0},{"damage":56,"enemies":"hubris:MusketHawk","floor":35,"turns":6}],"seed_played":"-6707156444226892759","potions_obtained":[{"floor":1.0,"key":"Explosive Potion"},{"floor":8.0,"key":"Adrenaline Potion"},{"floor":13.0,"key":"Guardian:BlockOnCardUsePotion"},{"floor":20.0,"key":"Languid Potion"},{"floor":24.0,"key":"Guardian:BlockOnCardUsePotion"},{"floor":33.0,"key":"SkillPotion"}],"is_trial":false,"path_per_floor":["M","M","$","?","M","R","E","M","T","$","M","R","M","M","PTL","PTL","R","B",null,"M","?","?","M","M","R","?","R","T","M","R","$","R","M","R","B"],"character_chosen":"IRONCLAD","items_purchased":["ReplayTheSpireMod:CursedCoin","hubris:SharpeningStone","champ:CounterPotion","blueLaboratory:FruitPunch","Blind","Snack Pack"],"campfire_rested":0,"item_purchase_floors":[3,3,10,10,31,31],"current_hp_per_floor":[57,63,63,63,68,68,58,64,64,64,70,70,74,73,73,73,73,74,74,44,44,44,45,23,23,21,21,21,27,27,27,27,37,37,0,0],"gold":81,"neow_bonus":"IRONCLAD_BERSERKER","is_daily":false,"chose_seed":false,"campfire_upgraded":8,"win_rate":0.0,"timestamp":1613669131,"path_taken":["M","M","$","?","M","R","E","M","T","$","?","R","M","M","PTL","PTL","R","BOSS","M","?","?","M","M","R","?","R","T","?","R","$","R","M","R","BOSS"],"items_purchased_type":["Relic","Card","Potion","Potion","Card","Relic"],"build_version":"2020-12-22","purchased_purges":5,"victory":false,"max_hp_per_floor":[72,72,72,72,72,72,72,72,72,72,72,72,74,74,74,74,74,74,74,74,74,74,74,74,74,74,74,74,74,74,74,74,74,74,74,74],"card_choices":[{"not_picked":["Dark Embrace","Clash","Thunderclap"],"picked":"SKIP","floor":1.0},{"not_picked":["Power Through","Warcry","Battle Trance"],"picked":"SKIP","floor":2.0},{"not_picked":["Hemokinesis","Wild Strike"],"picked":"Rampage","floor":5.0},{"not_picked":["Iron Wave","Second Wind","Heavy Blade"],"picked":"SKIP","floor":7.0},{"not_picked":["Massacre","Abandon","Infernal Blade"],"picked":"SKIP","floor":8.0},{"not_picked":["Pommel Strike","Thunderclap","Uppercut"],"picked":"SKIP","floor":11.0},{"not_picked":["ICR:PowerAttack","Heavy Blade","Clothesline"],"picked":"SKIP","floor":13.0},{"not_picked":["Sever Soul","Second Wind","Armaments"],"picked":"SKIP","floor":14.0},{"not_picked":["Intimidate","Anger"],"picked":"Run Through","floor":20.0},{"not_picked":["Massacre+1","Thunderclap+1","Heavy Blade"],"picked":"SKIP","floor":23.0},{"not_picked":["Flex+1","Infernal Blade+1","Twin Strike"],"picked":"SKIP","floor":24.0},{"not_picked":["ReplayTheSpireMod:Strike From Hell","Rampage","Warcry"],"picked":"SKIP","floor":29.0},{"not_picked":["Massacre","Ghostly Armor"],"picked":"Berserk","floor":33.0}],"player_experience":270130,"relics_obtained":[{"floor":7.0,"key":"hubris:TenFootPole"},{"floor":9.0,"key":"Replay:Bottled Steam"},{"floor":28.0,"key":"Bag of Marbles"}],"event_choices":[{"damage_healed":0.0,"max_hp_gain":0.0,"max_hp_loss":0.0,"gold_gain":0.0,"event_name":"Purifier","player_choice":"Ignored","floor":4.0,"gold_loss":0.0,"damage_taken":0.0},{"cards_removed":["hubris:SharpeningStone"],"damage_healed":0.0,"max_hp_gain":0.0,"max_hp_loss":0.0,"gold_gain":0.0,"event_name":"betterNote:BetterNote","player_choice":"Give","floor":21.0,"gold_loss":0.0,"damage_taken":0.0,"cards_obtained":["Rampage"]}],"is_beta":false,"boss_relics":[{"not_picked":["hubris:HollowSoul","Calling Bell"],"picked":"Mark of Pain"}],"items_purged_floors":[3,3,3,3,31],"is_endless":false,"potions_floor_spawned":[1,8,11,13,14,20,24,33],"killed_by":"hubris:MusketHawk","ascension_level":0}}