{"host":"1dkd4flhdqbv9eyg","time":1613685092,"event":{"mods":["AchievementEnabler","Aspiration","BaseMod","Better Note","DeckTracker","Energized Spire","Evolution","Gold Saver","Minty Spire (QoL Compilation)","Spicy Shops","StSLib"],"gold_per_floor":[117,117,117,42,42,73,92,107,158,158,158,191,191,26,26,152,152,165,165,265,280,300,331,331,2,2,18,18,18,18,18,18,116,166,178,178,193,209,220,220,220,220,220,220,232,266,49,69,69,69,69,69,15,42,42,42],"floor_reached":55,"language":"ENG","playtime":2754,"items_purged":["Regret","Injury"],"score":746,"play_id":"41a314b9-eba5-497b-a416-a254e4ec08c6","local_time":"20210218135132","is_ascension_mode":false,"campfire_choices":[{"data":"Armaments","floor":11,"key":"SMITH"},{"floor":15,"key":"REST"},{"data":"Limit Break","floor":24,"key":"SMITH"},{"data":"Flex","floor":29,"key":"SMITH"},{"floor":32,"key":"RECALL"},{"data":"Spot Weakness","floor":42,"key":"SMITH"},{"data":"Iron Wave","floor":44,"key":"SMITH"},{"floor":49,"key":"REST"},{"data":"Demon Form","floor":52,"key":"SMITH"}],"circlet_count":0,"master_deck":["Iron Wave+1","Twin Strike","Iron Wave+1","Armaments+1","Defend_R","Bash","Leg Sweep","Outmaneuver","Finisher","Inflame","Shrug It Off","Dropkick","Demon Form+1","Spot Weakness+1","Limit Break+1","Heavy Blade+1","Sword Boomerang+1","Spot Weakness+1","Flex+1","Inflame","Feed+1","Flex","Pommel Strike+1","Shrug It Off","Anger+1","Inflame","Wild Strike+1","Havoc"],"relics":["Burning Blood","EVO:Axolotl","Ornamental Fan","Bloody Idol","Matryoshka","Bronze Scales","Molten Egg 2","Red Skull","Mercury Hourglass","Letter Opener","aspiration:FutureDiary","Nunchaku","Vajra","Toy Ornithopter","WarpedTongs","Tiny House","Mummified Hand","aspiration:FrozenJewel","Happy Flower","Lizard Tail"],"acts_visited":["Exordium","TheCity","TheBeyond","TheEnding"],"potions_floor_usage":[16,19,33,33,39,55,55,55],"damage_taken":[{"damage":0,"enemies":"2 Louse","floor":1,"turns":3},{"damage":30,"enemies":"3 Sentries","floor":6,"turns":9},{"damage":0,"enemies":"Small Slimes","floor":7,"turns":3},{"damage":0,"enemies":"Cultist","floor":8,"turns":3},{"damage":9,"enemies":"Lagavulin","floor":12,"turns":6},{"damage":9,"enemies":"Slime Boss","floor":16,"turns":6},{"damage":12,"enemies":"2 Thieves","floor":18,"turns":4},{"damage":0,"enemies":"3 Byrds","floor":21,"turns":3},{"damage":14,"enemies":"Centurion and Healer","floor":22,"turns":5},{"damage":7,"enemies":"Book of Stabbing","floor":23,"turns":4},{"damage":2,"enemies":"Cultist and Chosen","floor":27,"turns":4},{"damage":5,"enemies":"Automaton","floor":33,"turns":3},{"damage":15,"enemies":"Orb Walker","floor":35,"turns":3},{"damage":6,"enemies":"3 Shapes","floor":37,"turns":3},{"damage":15,"enemies":"Writhing Mass","floor":38,"turns":4},{"damage":13,"enemies":"Maw","floor":39,"turns":5},{"damage":27,"enemies":"4 Shapes","floor":45,"turns":5},{"damage":21,"enemies":"Giant Head","floor":46,"turns":6},{"damage":13,"enemies":"3 Darklings","floor":48,"turns":3},{"damage":72,"enemies":"Time Eater","floor":50,"turns":8},{"damage":67,"enemies":"Shield and Spear","floor":54,"turns":8},{"damage":186,"enemies":"The Heart","floor":55,"turns":6}],"seed_played":"7439530807093694639","potions_obtained":[{"floor":6,"key":"BloodPotion"},{"floor":16,"key":"Ancient Potion"},{"floor":18,"key":"Strength Potion"},{"floor":19,"key":"Fruit Juice"},{"floor":19,"key":"Strength Potion"},{"floor":33,"key":"SteroidPotion"},{"floor":34,"key":"FearPotion"},{"floor":46,"key":"ElixirPotion"},{"floor":48,"key":"Energy Potion"}],"is_trial":false,"path_per_floor":["M","?","?","$","?","E","M","M","T","?","R","E","T","$","R","B",null,"M","?","?","M","M","E","R","$","T","M","?","R","?","?","R","B",null,"M","?","M","M","M","?","?","R","T","R","M","E","$","M","R","B",null,"R","$","E","B"],"character_chosen":"IRONCLAD","items_purchased":["Spot Weakness","Strength Potion","Vajra","Flex","Happy Flower","Inflame","Wild Strike+1"],"campfire_rested":2,"item_purchase_floors":[14,14,25,25,47,47,53],"current_hp_per_floor":[80,80,60,60,60,36,42,48,48,48,48,45,45,45,69,66,80,74,79,79,85,77,76,76,76,76,80,80,80,80,80,80,85,90,86,83,88,84,87,87,87,87,87,87,75,65,65,63,91,25,94,94,94,42,0,0],"gold":42,"neow_bonus":"REMOVE_CARD","is_daily":false,"chose_seed":false,"campfire_upgraded":6,"win_rate":0.0,"timestamp":1613685092,"path_taken":["M","?","?","$","?","E","M","?","T","?","R","E","?","$","R","BOSS","M","?","?","M","M","E","R","$","T","?","?","R","?","?","R","BOSS","M","?","?","?","M","?","?","R","T","R","M","E","$","M","R","BOSS","R","$","E","BOSS"],"items_purchased_type":["Card","Potion","Relic","Card","Relic","Card","Card"],"build_version":"2020-12-22","purchased_purges":2,"victory":false,"max_hp_per_floor":[80,80,80,80,80,80,80,80,80,80,80,80,80,80,80,80,80,80,85,85,85,85,85,85,85,85,85,85,85,85,85,85,85,90,90,90,90,90,90,90,90,90,90,90,94,94,94,94,94,94,94,94,94,98,98,98],"card_choices":[{"not_picked":["Twin Strike","Thunderclap"],"picked":"Anger","floor":1},{"not_picked":["Armaments","Combust"],"picked":"Inflame","floor":6},{"not_picked":["Fire Breathing","Reckless Charge"],"picked":"Shrug It Off","floor":7},{"not_picked":["Body Slam","Ghostly Armor"],"picked":"Dropkick","floor":8},{"not_picked":["Clash+1","Flex"],"picked":"Demon Form","floor":12},{"not_picked":["Demon Form","Corruption"],"picked":"Limit Break","floor":16},{"not_picked":["Inflame","Disarm"],"picked":"Heavy Blade+1","floor":18},{"not_picked":["Havoc","Combust","Battle Trance"],"picked":"SKIP","floor":21},{"not_picked":["Armaments","Clothesline+1"],"picked":"Sword Boomerang+1","floor":22},{"not_picked":["Thunderclap+1","Demon Form"],"picked":"Spot Weakness+1","floor":23},{"not_picked":["Shockwave","Bloodletting"],"picked":"Inflame","floor":27},{"not_picked":["Juggernaut","Double Tap"],"picked":"Feed+1","floor":33},{"not_picked":["Rupture+1","Havoc"],"picked":"Flex","floor":34},{"not_picked":["Clothesline+1","Whirlwind+1"],"picked":"Pommel Strike+1","floor":35},{"not_picked":["Shockwave+1","Power Through"],"picked":"Shrug It Off","floor":37},{"not_picked":["Headbutt+1","True Grit+1"],"picked":"Anger+1","floor":38},{"not_picked":["Rupture","Twin Strike+1","Perfected Strike+1"],"picked":"SKIP","floor":39},{"not_picked":["Body Slam+1","Shrug It Off+1","Armaments+1"],"picked":"SKIP","floor":45},{"not_picked":["Rupture","True Grit+1","Feel No Pain+1"],"picked":"SKIP","floor":46},{"not_picked":["True Grit","Flex+1","Berserk"],"picked":"SKIP","floor":48},{"not_picked":["Offering","Flex+1"],"picked":"Havoc","floor":54}],"player_experience":122186,"relics_obtained":[{"floor":6,"key":"Matryoshka"},{"floor":9,"key":"Bronze Scales"},{"floor":12,"key":"Red Skull"},{"floor":13,"key":"Mercury Hourglass"},{"floor":13,"key":"Letter Opener"},{"floor":23,"key":"Nunchaku"},{"floor":26,"key":"Toy Ornithopter"},{"floor":43,"key":"Mummified Hand"},{"floor":46,"key":"aspiration:FrozenJewel"},{"floor":54,"key":"Lizard Tail"}],"event_choices":[{"damage_healed":0,"gold_gain":0,"player_choice":"Box","damage_taken":0,"relics_obtained":["Ornamental Fan"],"max_hp_gain":0,"max_hp_loss":0,"event_name":"Big Fish","floor":2,"gold_loss":0,"cards_obtained":["Regret"]},{"damage_healed":0,"gold_gain":0,"player_choice":"Take Damage","damage_taken":20,"relics_obtained":["Golden Idol"],"max_hp_gain":0,"max_hp_loss":0,"event_name":"Golden Idol","floor":3,"gold_loss":0},{"damage_healed":0,"gold_gain":0,"player_choice":"Got Potions","damage_taken":0,"max_hp_gain":0,"max_hp_loss":0,"event_name":"Lab","floor":19,"gold_loss":0},{"damage_healed":0,"gold_gain":100,"player_choice":"Pray","damage_taken":0,"max_hp_gain":0,"max_hp_loss":0,"event_name":"Golden Shrine","floor":20,"gold_loss":0},{"damage_healed":0,"gold_gain":0,"player_choice":"Rummage","damage_taken":0,"relics_obtained":["WarpedTongs"],"max_hp_gain":0,"max_hp_loss":0,"event_name":"Accursed Blacksmith","floor":28,"gold_loss":0,"cards_obtained":["Pain"]},{"damage_healed":0,"gold_gain":0,"player_choice":"Gave Idol","damage_taken":0,"relics_obtained":["Bloody Idol"],"max_hp_gain":0,"max_hp_loss":0,"event_name":"Forgotten Altar","floor":30,"relics_lost":["Golden Idol"],"gold_loss":0},{"cards_removed":["Pain"],"damage_healed":0,"gold_gain":0,"player_choice":"Purged","damage_taken":0,"max_hp_gain":0,"max_hp_loss":0,"event_name":"Purifier","floor":31,"gold_loss":0},{"damage_healed":0,"gold_gain":0,"player_choice":"Punched","damage_taken":3,"max_hp_gain":0,"max_hp_loss":0,"event_name":"Designer","floor":36,"gold_loss":0},{"damage_healed":0,"gold_gain":0,"player_choice":"Ignored","damage_taken":0,"max_hp_gain":0,"max_hp_loss":0,"event_name":"Tomb of Lord Red Mask","floor":40,"gold_loss":0},{"cards_removed":["Anger"],"damage_healed":0,"gold_gain":0,"player_choice":"Removed Attack","damage_taken":0,"max_hp_gain":0,"max_hp_loss":0,"event_name":"Falling","floor":41,"gold_loss":0}],"is_beta":false,"boss_relics":[{"not_picked":["Fusion Hammer","Pandora\u0027s Box"],"picked":"aspiration:FutureDiary"},{"not_picked":["energizedSpire:EnergizedDie","energizedSpire:OgreHead"],"picked":"Tiny House"}],"items_purged_floors":[4,25],"is_endless":false,"potions_floor_spawned":[6,16,18,22,33,35,46,48],"killed_by":"The Heart","ascension_level":0}}