{"host":"7j2n82b2zha9fuyn","time":1613614948,"event":{"mods":["BaseMod","Block Reminder","Minty Spire (QoL Compilation)","StSLib"],"gold_per_floor":[114,129,142,142,161,161,29,62,62,77,111,111,128,146,146,223,223,241,241,253,282,39,74,90,124,124,138,238,438,455,472,472,547,547,564,218,440,455,455,455,481,481,481,481,33,63,113,139,139,139],"floor_reached":51,"language":"ENG","playtime":6531,"items_purged":["Strike_B"],"score":1751,"play_id":"39a06d9a-1c21-4d0c-bba3-692d2735fdd0","local_time":"20210217192228","is_ascension_mode":true,"campfire_choices":[{"data":"Consume","floor":6.0,"key":"SMITH"},{"data":"Loop","floor":12.0,"key":"SMITH"},{"data":"Electrodynamics","floor":15.0,"key":"SMITH"},{"data":"Seek","floor":32,"key":"SMITH"},{"data":"Buffer","floor":40,"key":"SMITH"},{"data":"Fission","floor":44,"key":"SMITH"},{"floor":49,"key":"REST"}],"circlet_count":0,"master_deck":["AscendersBane","Zap","Dualcast","Doom and Gloom","Beam Cell","Consume+1","Ball Lightning","Leap","Loop+1","Electrodynamics+1","Redo","Seek+1","Glacier","Capacitor","Capacitor","Amplify","Chill","Cold Snap+1","Buffer+1","Reinforced Body","Fission+1","Conserve Battery","Consume","Capacitor","Reboot","Hologram+1","Storm","Ball Lightning+1","Go for the Eyes+1","Dark Shackles","Steam+1","Cold Snap+1"],"relics":["Cracked Core","Happy Flower","FossilizedHelix","StoneCalendar","Bird Faced Urn","Velvet Choker","Enchiridion","Red Mask","DataDisk","Bronze Scales","Pocketwatch","Molten Egg 2","Dead Branch","HornCleat","Pandora\u0027s Box","White Beast Statue","Dream Catcher","OrangePellets","Orichalcum","Frozen Egg 2","Akabeko"],"acts_visited":["Exordium","TheCity","TheBeyond"],"potions_floor_usage":[28,33,38],"damage_taken":[{"damage":1.0,"enemies":"Cultist","floor":1.0,"turns":4.0},{"damage":7.0,"enemies":"Jaw Worm","floor":2.0,"turns":3.0},{"damage":0.0,"enemies":"Small Slimes","floor":3.0,"turns":2.0},{"damage":7.0,"enemies":"Looter","floor":5.0,"turns":3.0},{"damage":9.0,"enemies":"Gremlin Nob","floor":8.0,"turns":3.0},{"damage":3.0,"enemies":"Large Slime","floor":10.0,"turns":4.0},{"damage":11.0,"enemies":"3 Sentries","floor":11.0,"turns":5.0},{"damage":0.0,"enemies":"Exordium Thugs","floor":13.0,"turns":3.0},{"damage":0.0,"enemies":"Exordium Wildlife","floor":14.0,"turns":2.0},{"damage":26.0,"enemies":"Hexaghost","floor":16.0,"turns":6.0},{"damage":0.0,"enemies":"Chosen","floor":18.0,"turns":3.0},{"damage":0.0,"enemies":"Spheric Guardian","floor":20.0,"turns":3.0},{"damage":0.0,"enemies":"Masked Bandits","floor":21.0,"turns":2.0},{"damage":10.0,"enemies":"Book of Stabbing","floor":23.0,"turns":5.0},{"damage":8.0,"enemies":"Snake Plant","floor":24.0,"turns":3.0},{"damage":21.0,"enemies":"Slavers","floor":25.0,"turns":4.0},{"damage":18.0,"enemies":"Shelled Parasite and Fungi","floor":27.0,"turns":3.0},{"damage":0,"enemies":"Colosseum Slavers","floor":28,"turns":1},{"damage":10,"enemies":"Colosseum Nobs","floor":28,"turns":4},{"damage":0,"enemies":"Centurion and Healer","floor":30,"turns":3},{"damage":0,"enemies":"3 Cultists","floor":31,"turns":1},{"damage":0,"enemies":"Collector","floor":33,"turns":8},{"damage":0,"enemies":"3 Shapes","floor":35,"turns":3},{"damage":0,"enemies":"3 Darklings","floor":38,"turns":2},{"damage":0,"enemies":"Nemesis","floor":41,"turns":7},{"damage":41,"enemies":"Reptomancer","floor":46,"turns":6},{"damage":16,"enemies":"Nemesis","floor":48,"turns":5},{"damage":0,"enemies":"Time Eater","floor":50,"turns":12}],"seed_played":"-1915576576394930135","potions_obtained":[{"floor":1.0,"key":"PowerPotion"},{"floor":8.0,"key":"BlessingOfTheForge"},{"floor":11.0,"key":"EssenceOfSteel"},{"floor":25.0,"key":"CultistPotion"},{"floor":28,"key":"DuplicationPotion"},{"floor":35,"key":"Ancient Potion"},{"floor":38,"key":"BlessingOfTheForge"}],"is_trial":false,"path_per_floor":["M","M","M","?","M","R","$","E","T","M","E","R","M","M","R","B",null,"M","?","M","?","$","E","M","E","T","M","?","?","M","M","R","B",null,"M","$","?","M","?","R","E","?","T","R","$","E","?","E","R","B",null],"character_chosen":"DEFECT","items_purchased":["Explosive Potion","DataDisk","Capacitor","Storm","White Beast Statue","OrangePellets","Orichalcum","Go for the Eyes+1","Dark Shackles"],"campfire_rested":1,"item_purchase_floors":[7,22,22,36,36,45,45,45,45],"current_hp_per_floor":[63,56,56,56,49,49,49,40,40,37,26,26,28,32,32,10,56,60,39,45,51,51,49,49,36,36,28,32,32,42,48,48,60,68,71,71,71,71,61,61,71,67,67,67,67,36,36,36,56,67],"gold":139,"neow_bonus":"RANDOM_COMMON_RELIC","is_daily":false,"chose_seed":false,"campfire_upgraded":6,"win_rate":0.0,"timestamp":1613614948,"path_taken":["M","M","M","?","?","R","$","E","T","M","E","R","M","M","R","BOSS","M","?","M","?","$","E","M","E","T","M","?","?","M","M","R","BOSS","M","$","?","M","?","R","E","?","T","R","$","E","?","E","R","BOSS"],"items_purchased_type":["Potion","Relic","Card","Card","Relic","Relic","Relic","Card","Card"],"build_version":"2020-12-22","purchased_purges":1,"victory":true,"max_hp_per_floor":[71,71,71,71,71,71,71,71,71,71,71,71,71,71,71,71,71,71,71,71,71,71,71,71,71,71,71,71,71,71,71,71,71,71,71,71,71,71,71,71,71,67,67,67,67,67,67,67,67,67],"card_choices":[{"not_picked":["Beam Cell","Conserve Battery"],"picked":"Doom and Gloom","floor":1.0},{"not_picked":["Skim","Recycle","Coolheaded"],"picked":"SKIP","floor":2.0},{"not_picked":["Conserve Battery","Leap"],"picked":"Beam Cell","floor":3.0},{"not_picked":["Reinforced Body","Coolheaded"],"picked":"Ball Lightning","floor":5.0},{"not_picked":["White Noise","Hologram"],"picked":"Leap","floor":8.0},{"not_picked":["Beam Cell","All For One"],"picked":"Loop","floor":10.0},{"not_picked":["Auto Shields","White Noise"],"picked":"Electrodynamics","floor":11.0},{"not_picked":["Stack","Steam"],"picked":"Redo","floor":13.0},{"not_picked":["Sweeping Beam","Rebound","Leap"],"picked":"SKIP","floor":14.0},{"not_picked":["Electrodynamics","Amplify"],"picked":"Seek","floor":16.0},{"not_picked":["Stack+1","Coolheaded"],"picked":"Glacier","floor":18.0},{"not_picked":["Glacier","Go for the Eyes","Tempest"],"picked":"SKIP","floor":20.0},{"not_picked":["Redo","Conserve Battery"],"picked":"Capacitor","floor":21.0},{"not_picked":["Streamline","Gash+1"],"picked":"Amplify","floor":23.0},{"not_picked":["Cold Snap+1","Lockon","Gash"],"picked":"SKIP","floor":24.0},{"not_picked":["Go for the Eyes","Amplify","Tempest"],"picked":"SKIP","floor":25.0},{"not_picked":["Stack","Ball Lightning+1"],"picked":"Chill","floor":27.0},{"not_picked":["Hologram","Blizzard+1"],"picked":"Cold Snap+1","floor":30},{"not_picked":["Streamline+1","FTL+1","Darkness"],"picked":"SKIP","floor":31},{"not_picked":["Amplify","Machine Learning"],"picked":"Buffer","floor":33},{"not_picked":["Sunder+1","Consume+1"],"picked":"Hologram+1","floor":35},{"not_picked":["Gash+1","FTL+1"],"picked":"Ball Lightning+1","floor":38},{"not_picked":["Hologram+1","Chill","Heatsinks"],"picked":"SKIP","floor":41},{"not_picked":["Force Field","Turbo","Consume"],"picked":"SKIP","floor":46},{"not_picked":["Sweeping Beam+1","Stack"],"picked":"Steam+1","floor":48},{"not_picked":["All For One+1","Sweeping Beam+1"],"picked":"Cold Snap+1","floor":49}],"player_experience":2059525,"relics_obtained":[{"floor":8.0,"key":"FossilizedHelix"},{"floor":9.0,"key":"StoneCalendar"},{"floor":11.0,"key":"Bird Faced Urn"},{"floor":19.0,"key":"Enchiridion"},{"floor":21.0,"key":"Red Mask"},{"floor":23.0,"key":"Bronze Scales"},{"floor":25.0,"key":"Pocketwatch"},{"floor":26.0,"key":"Molten Egg 2"},{"floor":28,"key":"Dead Branch"},{"floor":28,"key":"HornCleat"},{"floor":41,"key":"Dream Catcher"},{"floor":46,"key":"Frozen Egg 2"},{"floor":48,"key":"Akabeko"}],"event_choices":[{"damage_healed":0.0,"max_hp_gain":0.0,"max_hp_loss":0.0,"gold_gain":0.0,"cards_transformed":["Strike_B"],"event_name":"Transmorgrifier","player_choice":"Transformed","floor":4.0,"gold_loss":0.0,"damage_taken":0.0,"cards_obtained":["Consume"]},{"damage_healed":0.0,"max_hp_gain":0.0,"max_hp_loss":0.0,"gold_gain":0.0,"event_name":"Cursed Tome","player_choice":"Obtained Book","floor":19.0,"gold_loss":0.0,"damage_taken":21.0},{"damage_healed":0.0,"max_hp_gain":0.0,"max_hp_loss":0.0,"gold_gain":0.0,"event_name":"Masked Bandits","player_choice":"Fought Bandits","floor":21.0,"gold_loss":0.0,"damage_taken":0.0},{"damage_healed":0,"gold_gain":0,"player_choice":"Fight","damage_taken":0,"max_hp_gain":0,"max_hp_loss":0,"event_name":"Colosseum","floor":28,"gold_loss":0},{"damage_healed":0,"gold_gain":0,"player_choice":"Fought Nobs","damage_taken":0,"max_hp_gain":0,"max_hp_loss":0,"event_name":"Colosseum","floor":28,"gold_loss":0},{"damage_healed":0,"gold_gain":200,"player_choice":"Gold","damage_taken":0,"max_hp_gain":0,"max_hp_loss":0,"event_name":"Wheel of Change","floor":29,"gold_loss":0},{"damage_healed":0,"gold_gain":222,"player_choice":"Wore Mask","damage_taken":0,"max_hp_gain":0,"max_hp_loss":0,"event_name":"Tomb of Lord Red Mask","floor":37,"gold_loss":0},{"damage_healed":0,"gold_gain":0,"player_choice":"Memory 3","damage_taken":10,"max_hp_gain":0,"max_hp_loss":0,"event_name":"SensoryStone","floor":39,"gold_loss":0},{"damage_healed":0,"gold_gain":0,"player_choice":"Max HP","damage_taken":0,"max_hp_gain":0,"max_hp_loss":4,"event_name":"Winding Halls","floor":42,"gold_loss":0},{"damage_healed":0,"gold_gain":50,"player_choice":"Pray","damage_taken":0,"max_hp_gain":0,"max_hp_loss":0,"event_name":"Golden Shrine","floor":47,"gold_loss":0}],"is_beta":false,"boss_relics":[{"not_picked":["Nuclear Battery","Snecko Eye"],"picked":"Velvet Choker"},{"not_picked":["SacredBark","Sozu"],"picked":"Pandora\u0027s Box"}],"items_purged_floors":[7],"is_endless":false,"potions_floor_spawned":[1,8,11,16,25,28,30,31,35,38,41,46,48],"ascension_level":19}}