{"host":"u4hhjc8c2w7dbcnr","time":1613614960,"event":{"mods":["BaseMod","Colored Map","Colored Powertips","Highlight Path","Minty Spire (QoL Compilation)","StSLib"],"gold_per_floor":[109,40,58,58,58,58,58,76,76,111,111,36,48,13,13,117,117,136,149,149,165,90,90,90,90],"floor_reached":24,"language":"ENG","playtime":739,"items_purged":["Strike_B"],"score":268,"play_id":"d9bf9d1e-409d-4b0e-9fda-c5c4c5382538","local_time":"20210218102240","is_ascension_mode":true,"campfire_choices":[{"data":"Dualcast","floor":7,"key":"SMITH"},{"data":"Zap","floor":11,"key":"SMITH"},{"data":"Lockon","floor":15,"key":"SMITH"},{"data":"Echo Form","floor":23,"key":"SMITH"}],"circlet_count":0,"master_deck":["Strike_B","Strike_B","Strike_B","Defend_B","Defend_B","Defend_B","Zap+1","Dualcast+1","Lockon+1","Defragment+1","Loop+1","Ball Lightning","Seek","Echo Form+1","Chill","Leap"],"relics":["Cracked Core","Oddly Smooth Stone","Sundial","Vajra","Philosopher\u0027s Stone"],"acts_visited":["Exordium","TheCity"],"potions_floor_usage":[16,16,18],"damage_taken":[{"damage":0,"enemies":"Small Slimes","floor":1,"turns":3},{"damage":0,"enemies":"2 Louse","floor":3,"turns":3},{"damage":0,"enemies":"Jaw Worm","floor":8,"turns":2},{"damage":16,"enemies":"Gremlin Nob","floor":10,"turns":3},{"damage":12,"enemies":"Lots of Slimes","floor":13,"turns":3},{"damage":28,"enemies":"Hexaghost","floor":16,"turns":6},{"damage":0,"enemies":"Chosen","floor":18,"turns":3},{"damage":11,"enemies":"Shell Parasite","floor":19,"turns":4},{"damage":25,"enemies":"Cultist and Chosen","floor":21,"turns":8},{"damage":19,"enemies":"Snake Plant","floor":24,"turns":1}],"seed_played":"-6026941827153601373","potions_obtained":[{"floor":10,"key":"Dexterity Potion"},{"floor":13,"key":"Regen Potion"},{"floor":16,"key":"ColorlessPotion"}],"is_trial":false,"path_per_floor":["M","$","M","?","?","?","R","M","T","E","R","$","M","?","R","B",null,"M","M","?","M","?","R","M"],"character_chosen":"DEFECT","items_purchased":["Defragment"],"campfire_rested":0,"item_purchase_floors":[2],"current_hp_per_floor":[82,82,82,87,70,67,67,67,67,51,51,51,39,39,39,25,72,72,61,44,19,19,19,0,0],"gold":90,"neow_bonus":"TEN_PERCENT_HP_BONUS","is_daily":false,"chose_seed":false,"campfire_upgraded":4,"win_rate":0.0,"timestamp":1613614960,"path_taken":["M","$","M","?","?","?","R","?","T","E","R","?","?","?","R","BOSS","M","M","?","M","?","R","M"],"items_purchased_type":["Card"],"build_version":"2020-12-22","purchased_purges":1,"victory":false,"max_hp_per_floor":[82,82,82,87,87,87,87,87,87,87,87,87,87,87,87,87,87,87,87,92,92,92,92,92,92],"card_choices":[{"not_picked":["Turbo","Steam"],"picked":"Lockon","floor":1},{"not_picked":["Storm","Barrage"],"picked":"Loop","floor":3},{"not_picked":["Lockon","Stack"],"picked":"Ball Lightning","floor":8},{"not_picked":["Sweeping Beam","Lockon"],"picked":"Seek","floor":10},{"not_picked":["Turbo","Ball Lightning","Stack"],"picked":"SKIP","floor":13},{"not_picked":["Machine Learning","Multi-Cast"],"picked":"Echo Form","floor":16},{"not_picked":["Gash","Turbo","Go for the Eyes"],"picked":"SKIP","floor":18},{"not_picked":["FTL","BootSequence"],"picked":"Chill","floor":19},{"not_picked":["Lockon+1","Streamline"],"picked":"Leap","floor":21}],"player_experience":127644,"relics_obtained":[{"floor":9,"key":"Sundial"},{"floor":10,"key":"Vajra"}],"event_choices":[{"damage_healed":0,"gold_gain":0,"player_choice":"Donut","damage_taken":0,"max_hp_gain":5,"max_hp_loss":0,"event_name":"Big Fish","floor":4,"gold_loss":0},{"damage_healed":0,"gold_gain":0,"player_choice":"Entered Light","damage_taken":17,"max_hp_gain":0,"max_hp_loss":0,"event_name":"Shining Light","floor":5,"gold_loss":0,"cards_upgraded":["Defragment","Loop"]},{"damage_healed":0,"gold_gain":0,"player_choice":"Success","damage_taken":3,"relics_obtained":["Oddly Smooth Stone"],"max_hp_gain":0,"max_hp_loss":0,"event_name":"Scrap Ooze","floor":6,"gold_loss":0},{"damage_healed":0,"gold_gain":0,"player_choice":"Left Gold","damage_taken":0,"max_hp_gain":0,"max_hp_loss":0,"event_name":"World of Goop","floor":14,"gold_loss":35},{"damage_healed":0,"gold_gain":0,"player_choice":"Shed Blood","damage_taken":22,"max_hp_gain":5,"max_hp_loss":0,"event_name":"Forgotten Altar","floor":20,"gold_loss":0},{"cards_removed":["Defend_B"],"damage_healed":0,"gold_gain":0,"player_choice":"Gave Gold","damage_taken":0,"max_hp_gain":0,"max_hp_loss":0,"event_name":"Beggar","floor":22,"gold_loss":75}],"is_beta":false,"boss_relics":[{"not_picked":["Nuclear Battery","Tiny House"],"picked":"Philosopher\u0027s Stone"}],"items_purged_floors":[12],"is_endless":false,"potions_floor_spawned":[10,13,16],"killed_by":"Snake Plant","ascension_level":5}}