{"host":"t9zjxed0utvsfjwc","time":1613623567,"event":{"mods":["2.2 Compatiblity","Act Like it!","Aspiration","BaseMod","Better Altar","Better Match","Better Note","Better Sensory Stone","Better Skull","Better Third Choice","Block Reminder","Colored Map","Colored Powertips","Conspire","Defuse TimeMaze Blight","Energized Spire","GifTheSpireLib","Hermit","Highlight Path","Hubris","Infinite Spire","Marked Mod","Minty Spire (QoL Compilation)","Quick Restart","Rare Cards Sparkle","Relic Sorter","Relic Stats","Reliquary","Replay The Spire","Ruina","StSLib","Stuff the Spire","The Blue Laboratory","The Jungle","The Marked","Unceasing Turn Reminder","Wandering Minibosses","everything is the same but u backflip on backflip"],"gold_per_floor":[110,110,124,124,138,138,173,173,223,223,234,234,253,15,15,113,113,127,127,127,127,169,169,169,169],"floor_reached":24,"language":"ENG","playtime":834,"items_purged":["hermit:Snapshot","hermit:Covet"],"score":256,"play_id":"f494978d-dd73-41c5-9cdd-6d9c8cc4ac09","local_time":"20210218044607","is_ascension_mode":true,"campfire_choices":[{"data":"hermit:Maintenance","floor":6,"key":"SMITH"},{"floor":8,"key":"REST"},{"floor":10,"key":"RECALL"},{"floor":15,"key":"REST"},{"floor":23,"key":"REST"}],"circlet_count":0,"master_deck":["hermit:Strike_Hermit","hermit:Strike_Hermit","hermit:Strike_Hermit","hermit:Strike_Hermit","hermit:Defend_Hermit","hermit:Defend_Hermit","hermit:Defend_Hermit","hermit:Defend_Hermit","hermit:Maintenance+1","hermit:Maintenance","hubris:NaturalOne"],"relics":["hermit:Momento","hubris:Icosahedron","aspiration:Nostalgia","theMarked:ArtifactOfAir","infinitespire:CheckeredPen","ReplayTheSpireMod:Lightbulb","Blue Doll","Simple Rune","infinitespire:FocusingShard","Blue Candle","hubris:ScarierMask","conspire:BottledYoYo"],"acts_visited":["Exordium","Exordium"],"potions_floor_usage":[16,16,16,24],"damage_taken":[{"damage":0,"enemies":"Small Slimes","floor":1,"turns":3},{"damage":0,"enemies":"Cultist","floor":3,"turns":2},{"damage":2,"enemies":"Jaw Worm","floor":5,"turns":3},{"damage":10,"enemies":"Gremlin Nob","floor":7,"turns":3},{"damage":0,"enemies":"Large Slime","floor":11,"turns":3},{"damage":0,"enemies":"2 Fungi Beasts","floor":13,"turns":3},{"damage":1,"enemies":"Hexaghost","floor":16,"turns":10},{"damage":25,"enemies":"theJungle:5_Spyders","floor":18,"turns":10},{"damage":10,"enemies":"theJungle:MUSHROOMGANG","floor":22,"turns":6},{"damage":65,"enemies":"theJungle:MamaSnecko","floor":24,"turns":5}],"seed_played":"6716150521460955320","potions_obtained":[{"floor":7,"key":"Block Potion"},{"floor":11,"key":"PowerPotion"},{"floor":13,"key":"blueLaboratory:HummingbirdPotion"},{"floor":18,"key":"blueLaboratory:BottleOfRum"}],"is_trial":false,"path_per_floor":["M","?","M","$","M","R","E","R","T","R","M","$","M","$","R_BF","B",null,"M","T","?","?","M","R","E"],"character_chosen":"HERMIT","items_purchased":["Simple Rune","infinitespire:FocusingShard","Blue Candle"],"campfire_rested":3,"item_purchase_floors":[12,12,14],"current_hp_per_floor":[75,75,75,75,73,73,63,75,75,75,75,37,37,37,59,58,75,50,50,50,50,40,62,0,0],"gold":169,"neow_bonus":"NOSTALGIA","is_daily":false,"chose_seed":false,"campfire_upgraded":1,"win_rate":0.0,"timestamp":1613623567,"path_taken":["M","?","?","$","M","R","E","R","T","R","M","?","M","$","R_BF","BOSS","M","?","?","?","M","R","E"],"items_purchased_type":["Relic","Relic","Relic"],"build_version":"2020-12-22","purchased_purges":2,"victory":false,"max_hp_per_floor":[75,75,75,75,75,75,75,75,75,75,75,75,75,75,75,75,75,75,75,75,75,75,75,75,75],"relic_stats":{"counters":[10,48],"Blue Candle":[6],"obtain_stats":[{"theMarked:ArtifactOfAir":0,"hubris:Icosahedron":21,"aspiration:Nostalgia":0,"Blue Candle":14,"hubris:ScarierMask":17,"Blue Doll":9,"Simple Rune":12,"infinitespire:FocusingShard":12,"conspire:BottledYoYo":19,"infinitespire:CheckeredPen":2,"ReplayTheSpireMod:Lightbulb":7,"hermit:Momento":0},{"theMarked:ArtifactOfAir":0,"hubris:Icosahedron":8,"aspiration:Nostalgia":0,"Blue Candle":6,"hubris:ScarierMask":7,"Blue Doll":4,"Simple Rune":5,"infinitespire:FocusingShard":5,"conspire:BottledYoYo":8,"infinitespire:CheckeredPen":1,"ReplayTheSpireMod:Lightbulb":4,"hermit:Momento":0},{"theMarked:ArtifactOfAir":0,"hubris:Icosahedron":37,"aspiration:Nostalgia":0,"Blue Candle":17,"hubris:ScarierMask":27,"Blue Doll":11,"Simple Rune":14,"infinitespire:FocusingShard":14,"conspire:BottledYoYo":37,"infinitespire:CheckeredPen":3,"ReplayTheSpireMod:Lightbulb":11,"hermit:Momento":0}]},"card_choices":[{"not_picked":["hermit:CalledShot","hermit:Roulette","hermit:Quickdraw"],"picked":"SKIP","floor":1},{"not_picked":["hermit:DeadMansHand","hermit:CalledShot","hermit:Feint"],"picked":"SKIP","floor":3},{"not_picked":["hermit:Roulette","hermit:Coalescence"],"picked":"hermit:Maintenance","floor":5},{"not_picked":["hermit:BodyArmor","hermit:Desperado","hermit:GoldenBullet"],"picked":"SKIP","floor":7},{"not_picked":["hermit:CursedWeapon","hermit:Virtue","hermit:BlackWind"],"picked":"SKIP","floor":11},{"not_picked":["hermit:Shortfuse","hermit:BodyArmor","hermit:Misfire"],"picked":"SKIP","floor":13},{"not_picked":["hermit:Roulette","hermit:LuckOfTheDraw+1"],"picked":"hermit:Maintenance","floor":18},{"not_picked":["hermit:ItchyTrigger","hermit:Headshot+1","hermit:Vantage"],"picked":"SKIP","floor":22}],"player_experience":489047,"relics_obtained":[{"floor":2,"key":"infinitespire:CheckeredPen"},{"floor":7,"key":"ReplayTheSpireMod:Lightbulb"},{"floor":9,"key":"Blue Doll"},{"floor":19,"key":"conspire:BottledYoYo"}],"event_choices":[{"damage_healed":0,"gold_gain":0,"player_choice":"Relic","damage_taken":0,"max_hp_gain":0,"max_hp_loss":0,"event_name":"Wheel of Change","floor":2,"gold_loss":0}],"is_beta":false,"boss_relics":[{"not_picked":["StuffTheSpire:RunicHypercube","hubris:VirtuousBlindfold"],"picked":"hubris:ScarierMask"}],"items_purged_floors":[12,12],"is_endless":false,"potions_floor_spawned":[7,11,13,18],"killed_by":"theJungle:MamaSnecko","ascension_level":1}}