{"host":"81h68oe4mr04pk3r","time":1613622241,"event":{"mods":["Act Like it!","Aspiration","BaseMod","BetterRewards","Colored Map","Colored Powertips","Conspire","Downfall","Gensokyo","Hallownest","Hermit","Hubris","Infinite Spire","Jorbs\u0027s Wanderer Trilogy","Koishi","Lobotomy","LobotomyExtend","Marisa????????","Minty Spire (QoL Compilation)","Quick Restart","Reimu??????","Remilia??????","StSLib","The Bug Knight","The Construct","The Cursed","The Disciple","The Servant 0.9.4"],"gold_per_floor":[109,129,129,11,26,26,26,41,41,41,268,287,287,142,142,243,243,253,268,268,279,279,279,40,40,92,92,92,102,117,143,143,245,245,255,255,474,474,484,484,484,58,84,84,84,84,34,49,49,49],"floor_reached":51,"language":"ENG","playtime":2782,"items_purged":["SubAcupoint:ReiMu","WonderfulDomain:ReiMu"],"score":643,"play_id":"5bab4687-0d76-4106-855a-ad66e5cf73b6","local_time":"20210217202401","is_ascension_mode":false,"campfire_choices":[{"floor":6.0,"key":"REST"},{"floor":10.0,"key":"REST"},{"floor":15.0,"key":"REST"},{"floor":25,"key":"REST"},{"data":"infinitespire:Punishment","floor":28,"key":"SMITH"},{"data":"CareerPray:ReiMu","floor":32,"key":"SMITH"},{"data":"OctopathSalyBorderN:ReiMu","floor":40,"key":"SMITH"},{"data":"MikOfLucky:ReiMu","floor":41,"key":"SMITH"},{"data":"Gensokyo:Apocalypse","floor":46,"key":"SMITH"},{"floor":49,"key":"REST"}],"circlet_count":0,"master_deck":["Strike_Lin:ReiMu","Defend_Lin:ReiMu","Defend_Lin:ReiMu","Defend_Lin:ReiMu","NB:ReiMu","Stagnation:ReiMu","Meditation:ReiMu","AlertArray:ReiMu","CareerPray:ReiMu+1","CareerPray:ReiMu+1","Amulet:ReiMu","CardOfSanctity:ReiMu+1","Gathering:ReiMu+1","Gensokyo:LittleGreenMen","infinitespire:Punishment+1","CardOfSanctity:ReiMu","MikOfLucky:ReiMu+1","CareerPray:ReiMu","OctopathSalyBorderN:ReiMu+1","FantasyMoon:ReiMu+1","Gensokyo:Apocalypse+1","Gensokyo:HAARP","PassingAway:ReiMu+1"],"relics":["FlyPower:ReiMu","aspiration:Nostalgia","sneckomod:SneckoSoul","LetterFromLob","construct:FoamFinger","Strawberry","WingedGreaves","aspiration:HummingbirdHeart","CheatingSign:ReiMu","aspiration:DefectSkillbook","Smiling Mask","Chemical X","War Paint","Empty Cage","SlaversCollar","conspire:GiftBox","Boot","Blue Candle"],"acts_visited":["Gensokyo:Gensokyo","Gensokyo:Gensokyoer","Gensokyo:Gensokyoest"],"potions_floor_usage":[33,50,50,50],"damage_taken":[{"damage":11.0,"enemies":"Gensokyo:3_Fairies","floor":1.0,"turns":8.0},{"damage":12.0,"enemies":"Gensokyo:2_Kodama","floor":2.0,"turns":4.0},{"damage":7.0,"enemies":"Gensokyo:Python","floor":5.0,"turns":5.0},{"damage":19.0,"enemies":"Gensokyo:2_Rabbits","floor":8.0,"turns":12.0},{"damage":23.0,"enemies":"Gensokyo:Mamizou","floor":11.0,"turns":12.0},{"damage":9.0,"enemies":"Gensokyo:Python_and_Kodama","floor":12.0,"turns":4.0},{"damage":22.0,"enemies":"Gensokyo:Reimu","floor":16.0,"turns":11.0},{"damage":0.0,"enemies":"Gensokyo:CosmicMonolith","floor":18.0,"turns":5.0},{"damage":6,"enemies":"Gensokyo:AngelMirror","floor":19,"turns":3},{"damage":12,"enemies":"Gensokyo:Slime_Group","floor":21,"turns":7},{"damage":3,"enemies":"Gensokyo:Mirror_and_Dog","floor":29,"turns":4},{"damage":2,"enemies":"Gensokyo:Swordslinger","floor":30,"turns":2},{"damage":20,"enemies":"Gensokyo:Kaguya","floor":33,"turns":8},{"damage":0,"enemies":"Gensokyo:3_Bats","floor":35,"turns":4},{"damage":0,"enemies":"Gensokyo:AncientGuardian","floor":37,"turns":4},{"damage":0,"enemies":"Gensokyo:4_Bats","floor":39,"turns":2},{"damage":19,"enemies":"Gensokyo:Dusk_and_Dawn","floor":48,"turns":2},{"damage":61,"enemies":"Gensokyo:Shinki","floor":50,"turns":10}],"seed_played":"1849380975020731874","potions_obtained":[{"floor":1.0,"key":"CultistPotion"},{"floor":2.0,"key":"MagicPotion:ReiMu"},{"floor":16.0,"key":"Strength Potion"},{"floor":29,"key":"SpeedPotion"},{"floor":35,"key":"BottledKami:ReiMu"},{"floor":39,"key":"GrandPatriotsElixir:ReiMu"}],"is_trial":false,"path_per_floor":["M","M","?","COS","M","R","$","M","T","R","E","M","T","$","R","B",null,"M","M","$","M","?","R","COS","R","T","AVR","R","M","M","T","R","B",null,"M","?","M","AVR","M","R","R","COS","T","?","?","R","$","M","R","B",null],"character_chosen":"REIMU","items_purchased":["CheatingSign:ReiMu"],"campfire_rested":5,"item_purchase_floors":[14],"current_hp_per_floor":[54,42,42,42,35,54,54,35,35,54,38,29,29,29,50,28,72,72,66,66,54,54,54,54,72,72,72,72,69,67,67,67,47,72,72,72,72,72,72,72,72,72,72,67,67,67,67,48,69,8],"gold":49,"neow_bonus":"NOSTALGIA","is_daily":false,"chose_seed":false,"campfire_upgraded":5,"win_rate":0.0,"timestamp":1613622241,"path_taken":["M","M","?","COS","M","R","$","M","T","R","E","M","?","$","R","BOSS","M","M","$","M","?","R","COS","R","T","AVR","R","M","M","?","R","BOSS","M","?","M","AVR","M","R","R","COS","T","?","?","R","?","M","R","BOSS"],"items_purchased_type":["Relic"],"build_version":"2020-12-22","purchased_purges":2,"victory":true,"max_hp_per_floor":[65,65,65,65,65,65,65,65,65,65,72,72,72,72,72,72,72,72,72,72,72,72,72,72,72,72,72,72,72,72,72,72,72,72,72,72,72,72,72,72,72,72,72,72,72,72,72,72,72,72],"card_choices":[{"not_picked":["Conquer:ReiMu","PhosphorusFlame:ReiMu"],"picked":"Meditation:ReiMu","floor":1.0},{"not_picked":["Gathering:ReiMu","Dreaming2:ReiMu"],"picked":"AlertArray:ReiMu","floor":2.0},{"not_picked":["TakeOff:ReiMu","Mountainwind:ReiMu"],"picked":"SubAcupoint:ReiMu","floor":5.0},{"not_picked":["PassingAway:ReiMu","DependentForm:ReiMu"],"picked":"CareerPray:ReiMu","floor":8.0},{"not_picked":["EmergencyTakeOff:ReiMu","SpreadBorder2:ReiMu"],"picked":"CareerPray:ReiMu","floor":11.0},{"not_picked":["TightArray:ReiMu","Dreaming2:ReiMu"],"picked":"Amulet:ReiMu","floor":12.0},{"not_picked":["YinYang:ReiMu","Determination:ReiMu"],"picked":"CardOfSanctity:ReiMu","floor":16.0},{"not_picked":["Hologram","aspiration:Polymerization+1","hubris:Ukulele+1"],"picked":"WonderfulDomain:ReiMu","floor":18.0},{"not_picked":["Amulet:ReiMu","Coolheaded+1","WonderfulDomain:ReiMu"],"picked":"Ball Lightning","floor":19},{"not_picked":["Barrage+1","Steam+1","Rip and Tear+1"],"picked":"Gathering:ReiMu+1","floor":21},{"not_picked":["Conquer:ReiMu","Stack","hubris:Ukulele","OrbThrow:ReiMu"],"picked":"SKIP","floor":29},{"not_picked":["Fusion+1","YinYangSign:ReiMu","ShadowOfCrow2:ReiMu+1","Sweeping Beam"],"picked":"SKIP","floor":30},{"not_picked":["OctopathSalyBorderN:ReiMu","Fission","Electrodynamics"],"picked":"CardOfSanctity:ReiMu","floor":33},{"not_picked":["Beam Cell","Hologram+1","Redo+1"],"picked":"MikOfLucky:ReiMu","floor":35},{"not_picked":["Defragment+1","RainPray2:ReiMu+1","WonderfulDomain:ReiMu"],"picked":"CareerPray:ReiMu","floor":37},{"not_picked":["Echo Form","KyokaiOfKami:ReiMu"],"picked":"OctopathSalyBorderN:ReiMu","floor":38},{"not_picked":["Dreaming2:ReiMu+1","TightArray:ReiMu+1","SealNeedle:ReiMu+1"],"picked":"FantasyMoon:ReiMu+1","floor":39},{"not_picked":["Leap+1","Sweeping Beam+1","DependentForm:ReiMu"],"picked":"PassingAway:ReiMu+1","floor":48}],"player_experience":246668,"relics_obtained":[{"floor":1.0,"key":"LetterFromLob"},{"floor":9.0,"key":"construct:FoamFinger"},{"floor":11.0,"key":"Strawberry"},{"floor":13.0,"key":"aspiration:HummingbirdHeart"},{"floor":26,"key":"Smiling Mask"},{"floor":31,"key":"War Paint"},{"floor":43,"key":"Boot"}],"event_choices":[],"is_beta":false,"boss_relics":[{"not_picked":["aspiration:RunicSpoon","Calling Bell"],"picked":"aspiration:DefectSkillbook"},{"not_picked":["Runic Dome","conspire:SeveredTorchhead"],"picked":"Empty Cage"}],"items_purged_floors":[38,47],"is_endless":false,"potions_floor_spawned":[1,2,16,29,30,35,37,39],"ascension_level":0}}