{"host":"y4mx56vxqys6xwyn","time":1613690890,"event":{"mods":["BaseMod","Hermit","Minty Spire (QoL Compilation)","StSLib","The Bug Knight"],"gold_per_floor":[117,129,129,129,140,140,188,188,188,207,218,247,24,99,99,99,99],"floor_reached":16,"language":"ENG","playtime":880,"items_purged":[],"score":100,"play_id":"e026fef6-0c24-4fd4-bf6f-dbcd32be29ef","local_time":"20210218172810","is_ascension_mode":false,"campfire_choices":[{"data":"Skewer","floor":6,"key":"SMITH"},{"data":"Dagger Spray","floor":8,"key":"SMITH"},{"data":"After Image","floor":15,"key":"SMITH"}],"circlet_count":0,"master_deck":["Strike_G","Strike_G","Strike_G","Strike_G","Strike_G","Defend_G","Defend_G","Defend_G","Defend_G","Defend_G","Survivor","Neutralize","Mind Blast+1","Skewer+1","Backflip","Dagger Spray+1","PiercingWail","After Image+1","Dodge and Roll","Prepared"],"relics":["Ring of the Snake","Meat on the Bone","Smiling Mask","Centennial Puzzle","Regal Pillow","PrismaticShard"],"acts_visited":["Exordium"],"potions_floor_usage":[12,16],"damage_taken":[{"damage":1,"enemies":"Jaw Worm","floor":1,"turns":6},{"damage":0,"enemies":"Small Slimes","floor":2,"turns":3},{"damage":0,"enemies":"Cultist","floor":5,"turns":4},{"damage":11,"enemies":"Large Slime","floor":10,"turns":5},{"damage":0,"enemies":"Exordium Wildlife","floor":11,"turns":3},{"damage":15,"enemies":"3 Sentries","floor":12,"turns":11},{"damage":31,"enemies":"Slime Boss","floor":16,"turns":3}],"seed_played":"7955291696770810141","potions_obtained":[{"floor":1,"key":"EssenceOfSteel"},{"floor":12,"key":"AttackPotion"}],"is_trial":false,"path_per_floor":["M","M","?","?","M","R","T","R","T","M","M","E","$","?","R","B"],"character_chosen":"THE_SILENT","items_purchased":["Prepared","PrismaticShard","SkillPotion"],"campfire_rested":0,"item_purchase_floors":[13,13,13],"current_hp_per_floor":[69,69,69,66,66,66,66,66,66,55,55,40,40,29,29,0,0],"gold":99,"neow_bonus":"RANDOM_COLORLESS","is_daily":false,"chose_seed":false,"campfire_upgraded":3,"win_rate":0.0,"timestamp":1613690890,"path_taken":["M","M","?","?","M","R","?","R","T","?","M","E","$","?","R","BOSS"],"items_purchased_type":["Card","Relic","Potion"],"build_version":"2020-12-22","purchased_purges":0,"victory":false,"max_hp_per_floor":[70,70,70,70,70,70,70,70,70,70,70,70,70,70,70,70,70],"card_choices":[{"not_picked":["Impatience","Forethought"],"picked":"Mind Blast","floor":0},{"not_picked":["Infinite Blades","Prepared"],"picked":"Skewer","floor":1},{"not_picked":["Acrobatics","Leg Sweep"],"picked":"Backflip","floor":2},{"not_picked":["Blade Dance","Prepared"],"picked":"Dagger Spray","floor":5},{"not_picked":["Leg Sweep","Cloak And Dagger"],"picked":"PiercingWail","floor":10},{"not_picked":["Quick Slash","Poisoned Stab"],"picked":"After Image","floor":11},{"not_picked":["Crippling Poison","Calculated Gamble"],"picked":"Dodge and Roll","floor":12}],"player_experience":81320,"relics_obtained":[{"floor":7,"key":"Smiling Mask"},{"floor":9,"key":"Centennial Puzzle"},{"floor":12,"key":"Regal Pillow"}],"event_choices":[{"damage_healed":0,"gold_gain":0,"player_choice":"Grow","damage_taken":0,"max_hp_gain":0,"max_hp_loss":0,"event_name":"Living Wall","floor":3,"gold_loss":0,"cards_upgraded":["Mind Blast"]},{"damage_healed":0,"gold_gain":0,"player_choice":"Success","damage_taken":3,"relics_obtained":["Meat on the Bone"],"max_hp_gain":0,"max_hp_loss":0,"event_name":"Scrap Ooze","floor":4,"gold_loss":0},{"damage_healed":0,"gold_gain":75,"player_choice":"Gather Gold","damage_taken":11,"max_hp_gain":0,"max_hp_loss":0,"event_name":"World of Goop","floor":14,"gold_loss":0}],"is_beta":false,"boss_relics":[],"items_purged_floors":[],"is_endless":false,"potions_floor_spawned":[1,12],"killed_by":"Slime Boss","ascension_level":0}}