{"host":"mi0eibewekhugwl1","time":1613647211,"event":{"mods":["AchievementEnabler","BaseMod","Colored Map","Colored Powertips","DeckTracker","Keyboard Shortcuts","Minty Spire (QoL Compilation)","Quick Restart","Rare Cards Sparkle","Relic Stats","StSLib","SuperFastMode","everything is the same but u backflip on backflip"],"gold_per_floor":[116,130,149,149,166,166,180,180,180,196,251,284,45,45,45,45,45],"floor_reached":16,"language":"KOR","playtime":281,"items_purged":["Strike_R"],"score":204,"play_id":"3c36f2ef-2bdc-49ab-85f4-76ef06702faf","local_time":"20210218202011","is_ascension_mode":true,"campfire_choices":[{"data":"Inflame","floor":6.0,"key":"SMITH"},{"data":"Dark Embrace","floor":15.0,"key":"SMITH"}],"circlet_count":0,"master_deck":["AscendersBane","Strike_R","Strike_R","Strike_R","Strike_R","Defend_R","Defend_R","Defend_R","Defend_R","Bash+1","Inflame+1","Second Wind","Feel No Pain","Twin Strike","Pommel Strike","Pommel Strike","Battle Trance","Sword Boomerang","Power Through","Dark Embrace+1"],"relics":["Burning Blood","PreservedInsect","Juzu Bracelet","Nunchaku","Pantograph"],"acts_visited":["Exordium"],"potions_floor_usage":[16],"damage_taken":[{"damage":7.0,"enemies":"2 Louse","floor":1.0,"turns":3.0},{"damage":11.0,"enemies":"Jaw Worm","floor":2.0,"turns":4.0},{"damage":5.0,"enemies":"Small Slimes","floor":3.0,"turns":4.0},{"damage":32.0,"enemies":"Exordium Thugs","floor":5.0,"turns":6.0},{"damage":4.0,"enemies":"3 Louse","floor":7.0,"turns":2.0},{"damage":13.0,"enemies":"Red Slaver","floor":10.0,"turns":4.0},{"damage":13.0,"enemies":"3 Sentries","floor":11.0,"turns":7.0},{"damage":25.0,"enemies":"3 Sentries","floor":12.0,"turns":7.0},{"damage":47,"enemies":"The Guardian","floor":16,"turns":5}],"seed_played":"-4309053231703764509","potions_obtained":[{"floor":3.0,"key":"ColorlessPotion"},{"floor":5.0,"key":"Explosive Potion"},{"floor":7.0,"key":"BloodPotion"}],"is_trial":false,"path_per_floor":["M","M","M","?","M","R","M","T","T","M","?","E","$","?","R","B"],"character_chosen":"IRONCLAD","items_purchased":["Power Through","Dark Embrace"],"campfire_rested":0,"item_purchase_floors":[13,13],"current_hp_per_floor":[67,62,63,68,42,42,44,44,44,37,30,11,11,6,6,0,0],"gold":45,"neow_bonus":"UPGRADE_CARD","is_daily":false,"chose_seed":false,"campfire_upgraded":2,"win_rate":0.0,"timestamp":1613647211,"path_taken":["M","M","M","?","M","R","M","?","T","M","?","E","$","?","R","BOSS"],"items_purchased_type":["Card","Card"],"build_version":"2020-12-22","purchased_purges":1,"victory":false,"max_hp_per_floor":[75,75,75,80,80,80,80,80,80,80,80,80,80,80,80,80,80],"relic_stats":{"Nunchaku":[1],"counters":[9,42],"Pantograph":25,"PreservedInsect":64,"Juzu Bracelet":1,"obtain_stats":[{"Nunchaku":11,"Pantograph":12,"PreservedInsect":8,"Juzu Bracelet":9,"Burning Blood":0},{"Nunchaku":7,"Pantograph":8,"PreservedInsect":5,"Juzu Bracelet":5,"Burning Blood":0},{"Nunchaku":30,"Pantograph":37,"PreservedInsect":19,"Juzu Bracelet":19,"Burning Blood":0}],"Burning Blood":48},"card_choices":[{"not_picked":["Pommel Strike","Wild Strike"],"picked":"Inflame","floor":1.0},{"not_picked":["Havoc","Armaments"],"picked":"Second Wind","floor":2.0},{"not_picked":["Thunderclap","Burning Pact"],"picked":"Feel No Pain","floor":3.0},{"not_picked":["Seeing Red","Feel No Pain"],"picked":"Twin Strike","floor":5.0},{"not_picked":["Blood for Blood","Bludgeon"],"picked":"Pommel Strike","floor":7.0},{"not_picked":["Clothesline","True Grit"],"picked":"Pommel Strike","floor":10.0},{"not_picked":["Clothesline","Whirlwind"],"picked":"Battle Trance","floor":11.0},{"not_picked":["Inflame","Entrench"],"picked":"Sword Boomerang","floor":12.0}],"player_experience":1812098,"relics_obtained":[{"floor":8.0,"key":"PreservedInsect"},{"floor":9.0,"key":"Juzu Bracelet"},{"floor":11.0,"key":"Nunchaku"},{"floor":12.0,"key":"Pantograph"}],"event_choices":[{"damage_healed":0.0,"max_hp_gain":5.0,"max_hp_loss":0.0,"gold_gain":0.0,"event_name":"Big Fish","player_choice":"Donut","floor":4.0,"gold_loss":0.0,"damage_taken":0.0},{"damage_healed":0.0,"max_hp_gain":0.0,"max_hp_loss":0.0,"gold_gain":0.0,"event_name":"Dead Adventurer","player_choice":"Searched \u00272\u0027 times","floor":11.0,"gold_loss":0.0,"damage_taken":0.0},{"damage_healed":0.0,"max_hp_gain":0.0,"max_hp_loss":0.0,"gold_gain":0.0,"event_name":"Scrap Ooze","player_choice":"Fled","floor":14.0,"gold_loss":0.0,"damage_taken":5.0}],"is_beta":false,"boss_relics":[],"items_purged_floors":[13],"is_endless":false,"potions_floor_spawned":[3,5,7],"killed_by":"The Guardian","ascension_level":20}}