{"host":"ttx8tv95o5vka1nm","time":1613640606,"event":{"mods":["AchievementEnabler","BaseMod","Better Altar","Better Sensory Stone","Better Skull","Better Vampires","BetterRewards","Colored Map","Defuse TimeMaze Blight","Energized Spire","Evolution","Hubris","Infinite Spire","Minty Spire (QoL Compilation)","Relic Filter Mod","Relic Sorter","Reliquary","Replay The Spire","Shade Mod","Shop Mod","Spicy Shops","StSLib","The Blue Laboratory","Wandering Minibosses"],"gold_per_floor":[111,111,43,60,73,73,98,98,146,172,172,22,52,72,72,175,175,195,205,215,215,66,66,92,92,92,117,117,129,141,176,176,281,281,301,313,32,32,50,82,82,109,109,134,145,145,159,178,178,277,277,282,319,319,322,322,322,327,327,353,366,372,403,418,453,465,562,574,589,601,628,640,678,690,702,714,726,738,750,769,781,793,908,920,935,956,968,993,1025,1037,1066,1105,1120,1120,1132,1142,794,794,872,872,881,883,138,98,98,98,107,122,122,190,190,211,221,227,227,378,378,386,386,385,395,3,3,33,33,59,75,104,118,126,194,194,277,277,276,285,285,341,341,368,13,37,37,45,65,47,47,99,99,245,245,245,245,273,423],"floor_reached":158,"language":"ENG","playtime":15610,"items_purged":["Strike_R","ReplayTheSpireMod:Strike From Hell","Defend_R","Defend_R","Defend_R","True Grit+1","True Grit+1","ReplayTheSpireMod:Strike From Hell","Bash","Immolate"],"score":5420,"play_id":"2c5e2bfe-b9d8-44fc-906b-58fac1aa5a77","local_time":"20210218193006","is_ascension_mode":true,"campfire_choices":[{"data":"True Grit","floor":6,"key":"SMITH"},{"data":"Havoc","floor":8,"key":"SMITH"},{"data":"Disarm","floor":11,"key":"SMITH"},{"data":"Armaments","floor":15,"key":"SMITH"},{"data":"Metallicize","floor":23,"key":"SMITH"},{"data":"ReplayTheSpireMod:Muscle Training","floor":32,"key":"SMITH"},{"data":"Rupture","floor":41,"key":"SMITH"},{"floor":46,"key":"REST"},{"data":"RitualDagger","floor":57,"key":"SMITH"},{"data":"Inflame","floor":59,"key":"SMITH"},{"data":"Limit Break","floor":66,"key":"SMITH"},{"data":"ReplayTheSpireMod:Muscle Training","floor":75,"key":"SMITH"},{"data":"ReplayTheSpireMod:Chaos Vortex","floor":78,"key":"SMITH"},{"data":"Disarm","floor":80,"key":"SMITH"},{"data":"J.A.X.","floor":83,"key":"SMITH"},{"data":"Berserk","floor":92,"key":"SMITH"},{"data":"ReplayTheSpireMod:Chaos Vortex","floor":97,"key":"SMITH"},{"data":"Bloodletting","floor":100,"key":"SMITH"},{"data":"Limit Break","floor":108,"key":"SMITH"},{"data":"Whirlwind","floor":113,"key":"SMITH"},{"data":"infinitespire:Collect","floor":117,"key":"SMITH"},{"data":"Hemokinesis","floor":125,"key":"SMITH"},{"data":"Hemokinesis","floor":127,"key":"SMITH"},{"data":"Hemokinesis","floor":127,"key":"SMITH"},{"data":"Reaper","floor":134,"key":"SMITH"},{"data":"Iron Wave","floor":134,"key":"SMITH"},{"data":"Offering","floor":151,"key":"SMITH"},{"data":"Bloodletting","floor":151,"key":"SMITH"},{"data":"Demon Form","floor":154,"key":"SMITH"},{"data":"ReplayTheSpireMod:Chaos Vortex","floor":154,"key":"SMITH"}],"circlet_count":0,"master_deck":["infinitespire:TheBestDefense+1","Metallicize+1","Whirlwind+1","Havoc+1","Disarm+1","Hemogenesis","hubris:ReadiedAction+1","RitualDagger+1","Double Tap+1","Disarm+1","ReplayTheSpireMod:Muscle Training+1","hubris:StunningStrike+1","Rupture+1","Bloodletting+1","Rage+1","Hemokinesis+1","Heavy Blade+1","Reaper+1","Hemokinesis+1","Inflame+1","hubris:InfiniteBlow+27","Limit Break+1","ReplayTheSpireMod:Chaos Vortex+1","infinitespire:Collect+1","Exhume+1","Disarm+1","ReplayTheSpireMod:Muscle Training+1","J.A.X.+1","Berserk+1","Inflame+1","Shrug It Off","ReplayTheSpireMod:Chaos Vortex+1","Limit Break+1","Rupture+1","Hemokinesis+1","ReplayTheSpireMod:Chaos Vortex+1","Metallicize+1","Bloodletting+1","Offering+1","Demon Form+1","hubris:StunningStrike+1","infinitespire:OneForAll+1","Blood for Blood+1"],"relics":["Burning Blood","EVO:Axolotl","InkBottle","hubris:ToyBattleship","Bottled Lightning","Chemical X","Bag of Marbles","Runic Cube","MerchantsRug","Bag of Preparation","Singing Bowl","Ginger","hubris:Teleporter","Replay:Bronze Core","Kunai","Omamori","hubris:SlimyHat","hubris:64BitClover","Question Card","SlaversCollar","Gremlin Food","hubris:RunicObelisk","PreservedInsect","reliquary:SharkskinSheath","Toy Ornithopter","infinitespire:Midas Blood","Replay:Wax Seal","Centennial Puzzle","hubris:TerracottaHorce","Garlic","reliquary:PorcupineQuills","MealTicket","Calling Bell","Orichalcum","Chameleon Ring","Eternal Feather","Mercury Hourglass","ReplayTheSpireMod:Lightbulb","Replay:Baseball","Replay:Rubber Ducky","Frozen Eye","hubris:ScarierMask","Ornamental Fan","Lantern","reliquary:PurpleTingedLeaf","SacredBark","hubris:MedicalManual","Pen Nib","hubris:MobiusCoin","reliquary:RedCape","reliquary:Vitrine","hubris:EmptyBottle","Replay:Arrowhead","reliquary:SilkGlove","reliquary:RoseTintedGlasses","reliquary:HotPoker","Pondfish Scales","Runic Pyramid","Strange Spoon","reliquary:Crutches","ReplayTheSpireMod:Spearhead","infinitespire:Eraser","hubris:DisguiseKit","Astrolabe","ReplayTheSpireMod:Shallot"],"acts_visited":["Exordium","TheCity","TheBeyond","Exordium","TheCity","TheBeyond","Exordium","TheCity","TheBeyond","TheEnding"],"potions_floor_usage":[7,13,35,50,96],"damage_taken":[{"damage":2,"enemies":"Small Slimes","floor":1,"turns":3},{"damage":0,"enemies":"2 Louse","floor":4,"turns":2},{"damage":0,"enemies":"Jaw Worm","floor":5,"turns":5},{"damage":12,"enemies":"3 Sentries","floor":7,"turns":8},{"damage":7,"enemies":"Gremlin Nob","floor":10,"turns":5},{"damage":14,"enemies":"Lagavulin","floor":13,"turns":7},{"damage":4,"enemies":"Large Slime","floor":14,"turns":8},{"damage":5,"enemies":"The Guardian","floor":16,"turns":8},{"damage":5,"enemies":"Spheric Guardian","floor":18,"turns":6},{"damage":17,"enemies":"Chosen","floor":19,"turns":5},{"damage":10,"enemies":"Snake Plant","floor":20,"turns":6},{"damage":1,"enemies":"Book of Stabbing","floor":24,"turns":6},{"damage":23,"enemies":"Gremlin Leader","floor":27,"turns":7},{"damage":3,"enemies":"Chosen and Byrds","floor":29,"turns":4},{"damage":14,"enemies":"Centurion and Healer","floor":30,"turns":5},{"damage":8,"enemies":"Nightmare","floor":31,"turns":8},{"damage":13,"enemies":"hubris:MusketHawk","floor":33,"turns":9},{"damage":1,"enemies":"Orb Walker","floor":35,"turns":5},{"damage":51,"enemies":"3 Shapes","floor":36,"turns":5},{"damage":16,"enemies":"Spire Growth","floor":39,"turns":6},{"damage":8,"enemies":"R_Hoarder","floor":40,"turns":8},{"damage":36,"enemies":"Nemesis","floor":42,"turns":5},{"damage":3,"enemies":"Reptomancer","floor":44,"turns":7},{"damage":6,"enemies":"3 Darklings","floor":45,"turns":2},{"damage":16,"enemies":"Sphere and 2 Shapes","floor":47,"turns":2},{"damage":9,"enemies":"Jaw Worm Horde","floor":48,"turns":4},{"damage":13,"enemies":"hubris:GrandSnecko","floor":50,"turns":8},{"damage":2,"enemies":"2 Louse","floor":52,"turns":2},{"damage":29,"enemies":"Lagavulin Event","floor":53,"turns":5},{"damage":13,"enemies":"Jaw Worm","floor":55,"turns":2},{"damage":2,"enemies":"3 Sentries","floor":58,"turns":3},{"damage":5,"enemies":"Lagavulin","floor":61,"turns":4},{"damage":0,"enemies":"Cultist","floor":62,"turns":2},{"damage":8,"enemies":"3 Sentries","floor":63,"turns":3},{"damage":17,"enemies":"Exordium Wildlife","floor":64,"turns":2},{"damage":0,"enemies":"Nightmare","floor":65,"turns":2},{"damage":6,"enemies":"Slime Boss","floor":67,"turns":4},{"damage":4,"enemies":"Chosen","floor":69,"turns":4},{"damage":2,"enemies":"3 Byrds","floor":72,"turns":2},{"damage":1,"enemies":"Book of Stabbing","floor":74,"turns":1},{"damage":3,"enemies":"3 Cultists","floor":79,"turns":3},{"damage":7,"enemies":"Gremlin Leader","floor":81,"turns":6},{"damage":0,"enemies":"Collector","floor":84,"turns":1},{"damage":17,"enemies":"3 Shapes","floor":86,"turns":5},{"damage":9,"enemies":"Orb Walker","floor":87,"turns":3},{"damage":40,"enemies":"4 Shapes","floor":89,"turns":5},{"damage":6,"enemies":"Giant Head","floor":91,"turns":2},{"damage":2,"enemies":"R_Hoarder","floor":93,"turns":3},{"damage":15,"enemies":"Nightmare_Alpha","floor":95,"turns":8},{"damage":7,"enemies":"Maw","floor":96,"turns":5},{"damage":2,"enemies":"Transient","floor":98,"turns":5},{"damage":63,"enemies":"Awakened One","floor":101,"turns":5},{"damage":10,"enemies":"Small Slimes","floor":103,"turns":1},{"damage":3,"enemies":"Cultist","floor":109,"turns":1},{"damage":5,"enemies":"Gremlin Nob","floor":110,"turns":2},{"damage":0,"enemies":"3 Sentries","floor":112,"turns":2},{"damage":10,"enemies":"Lagavulin","floor":114,"turns":3},{"damage":0,"enemies":"2 Louse","floor":115,"turns":2},{"damage":0,"enemies":"Slime Boss","floor":118,"turns":1},{"damage":6,"enemies":"Shell Parasite","floor":120,"turns":1},{"damage":3,"enemies":"2 Thieves","floor":122,"turns":2},{"damage":5,"enemies":"Cultist and Chosen","floor":123,"turns":1},{"damage":8,"enemies":"Slavers","floor":126,"turns":1},{"damage":0,"enemies":"Snake Plant","floor":129,"turns":1},{"damage":0,"enemies":"Gremlin Leader","floor":130,"turns":2},{"damage":0,"enemies":"Shelled Parasite and Fungi","floor":131,"turns":1},{"damage":2,"enemies":"Centurion and Healer","floor":132,"turns":2},{"damage":3,"enemies":"Book of Stabbing","floor":133,"turns":3},{"damage":20,"enemies":"Champ","floor":135,"turns":4},{"damage":5,"enemies":"3 Darklings","floor":137,"turns":2},{"damage":0,"enemies":"Orb Walker","floor":138,"turns":1},{"damage":28,"enemies":"4 Shapes","floor":140,"turns":2},{"damage":6,"enemies":"Reptomancer","floor":142,"turns":1},{"damage":0,"enemies":"R_Hoarder","floor":144,"turns":2},{"damage":10,"enemies":"Maw","floor":146,"turns":2},{"damage":6,"enemies":"Reptomancer","floor":147,"turns":2},{"damage":33,"enemies":"Transient","floor":148,"turns":5},{"damage":22,"enemies":"3 Darklings","floor":150,"turns":3},{"damage":0,"enemies":"infinitespire:LordOfFortification","floor":152,"turns":1},{"damage":0,"enemies":"Shield and Spear","floor":156,"turns":1},{"damage":0,"enemies":"The Heart","floor":157,"turns":1}],"seed_played":"1339310824298958660","potions_obtained":[{"floor":1,"key":"Energy Potion"},{"floor":10,"key":"ColorlessPotion"},{"floor":13,"key":"blueLaboratory:PolymorphPotion"},{"floor":16,"key":"blueLaboratory:BottleOfVodka"},{"floor":18,"key":"SmokeBomb"},{"floor":24,"key":"blueLaboratory:PyrophylliteBrew"},{"floor":27,"key":"blueLaboratory:StoneskinPotion"},{"floor":31,"key":"SkillPotion"},{"floor":40,"key":"blueLaboratory:PolymorphPotion"},{"floor":42,"key":"blueLaboratory:ConflagurationPotion"},{"floor":44,"key":"blueLaboratory:BottledHope"},{"floor":50,"key":"blueLaboratory:BottleOfVodka"},{"floor":98,"key":"blueLaboratory:LimitlessPotion"},{"floor":101,"key":"BlessingOfTheForge"},{"floor":103,"key":"Venom Potion"},{"floor":106,"key":"SneckoOil"},{"floor":106,"key":"LiquidBronze"},{"floor":106,"key":"blueLaboratory:PyrophylliteBrew"},{"floor":114,"key":"Energy Potion"},{"floor":126,"key":"blueLaboratory:LouseDecoction"},{"floor":133,"key":"blueLaboratory:FrostheartPotion"},{"floor":135,"key":"blueLaboratory:StoneskinPotion"},{"floor":138,"key":"BloodPotion"},{"floor":146,"key":"Elixir"},{"floor":147,"key":"Milkshake"},{"floor":157,"key":"blueLaboratory:AbyssPotion"}],"is_trial":false,"path_per_floor":["M","?","$","M","M","R","E","R","T","E","R","$","E","M","R","B",null,"M","M","M","?","$","R","E","?","T","E","?","M","M","NM","R_BF","B",null,"M","M","$","?","M","E","R","E","T","E","M","R","M","M","R_BF","B",null,"M","?","AVR","M","?","R","E","R","T","E","M","E","M","NM","R","B",null,"M","AVR","M","?","E","R","?","T","R","M","R","E","?","R","B",null,"M","M","?","M","E","R","E","T","NM","M","R","M","$","R","B",null,"M","?","$","?","AVR","R","M","E","T","E","R","E","M","?","R","B",null,"M","?","M","M","$","R","E","R","T","M","E","M","M","E","R","B",null,"M","M","?","M","AVR","E","$","E","T","M","E","M","?","M","R","B",null,"R","$","E","B",null],"character_chosen":"IRONCLAD","items_purchased":["Metallicize","Chemical X","MerchantsRug","Bloodletting","Kunai","Replay:Baseball","Replay:Rubber Ducky","Frozen Eye","Ornamental Fan","Lantern","reliquary:PurpleTingedLeaf","reliquary:Vitrine","hubris:EmptyBottle","Metallicize","Bloodletting"],"campfire_rested":1,"item_purchase_floors":[3,12,22,37,37,99,99,99,105,105,105,124,124,143,143],"current_hp_per_floor":[88,66,66,72,78,78,72,72,72,71,71,71,63,70,70,71,88,88,77,73,73,73,73,78,72,72,64,64,69,68,71,71,71,92,92,54,54,54,44,49,49,19,19,29,29,57,49,48,78,76,100,100,77,77,72,72,72,96,96,96,104,108,108,109,112,112,112,112,112,112,112,112,114,114,114,114,114,116,116,118,118,118,118,132,134,131,131,102,104,128,138,138,140,142,142,144,144,144,100,133,131,124,139,139,139,146,148,150,150,152,152,158,163,151,163,165,165,167,167,167,169,169,169,167,169,169,171,173,175,177,179,179,168,178,183,185,189,190,190,202,203,205,205,207,207,197,197,211,211,211,211,211,211,213,215],"gold":423,"neow_bonus":"TEN_PERCENT_HP_BONUS","is_daily":false,"chose_seed":false,"campfire_upgraded":29,"win_rate":0.0,"timestamp":1613640606,"path_taken":["M","?","$","M","M","R","E","R","T","E","R","$","E","M","R","BOSS","M","M","M","?","$","R","E","?","T","E","?","M","M","NM","R_BF","BOSS","M","M","$","?","?","E","R","E","T","E","M","R","M","M","R_BF","BOSS","M","?","AVR","M","?","R","E","R","T","E","M","E","M","NM","R","BOSS","M","AVR","M","?","E","R","?","T","R","M","R","E","?","R","BOSS","M","M","?","M","E","R","E","T","NM","?","R","M","$","R","BOSS","M","?","$","?","AVR","R","M","E","T","E","R","E","?","?","R","BOSS","M","?","?","M","$","R","E","R","T","M","E","M","M","E","R","BOSS","M","M","?","M","AVR","E","?","E","T","M","E","?","?","M","R","BOSS","R","$","E","BOSS"],"items_purchased_type":["Card","Relic","Relic","Card","Relic","Relic","Relic","Relic","Relic","Relic","Relic","Relic","Relic","Card","Card"],"build_version":"2020-12-22","purchased_purges":10,"victory":true,"max_hp_per_floor":[88,88,88,88,88,88,88,88,88,88,88,88,88,88,88,88,88,88,88,88,88,88,88,88,88,88,88,88,90,92,92,92,92,92,92,94,94,94,94,94,94,94,94,96,96,96,98,100,100,100,100,100,100,100,102,102,102,104,104,104,106,108,108,110,112,112,112,112,112,112,112,112,114,114,114,114,114,116,116,118,118,118,118,132,134,134,134,136,138,138,138,138,140,142,142,144,144,144,144,144,146,146,146,146,146,146,148,150,150,152,152,161,163,163,163,165,165,167,167,167,169,169,169,169,169,169,171,173,175,177,179,179,181,181,183,185,189,191,191,203,203,205,205,207,207,209,209,211,211,211,211,211,211,213,215],"card_choices":[{"not_picked":["Wild Strike","Shrug It Off"],"picked":"Burning Pact","floor":1},{"not_picked":["infinitespire:Oblivion","hubris:Rewind"],"picked":"infinitespire:TheBestDefense","floor":2},{"not_picked":["hubris:CleavingFinish","Blood for Blood"],"picked":"Whirlwind","floor":4},{"not_picked":["Shrug It Off","hubris:SharpeningStone"],"picked":"True Grit","floor":5},{"not_picked":["Searing Blow","Clash"],"picked":"Havoc","floor":7},{"not_picked":["Seeing Red","Havoc"],"picked":"Disarm","floor":10},{"not_picked":["Spot Weakness","Sword Boomerang"],"picked":"Hemogenesis","floor":13},{"not_picked":["Rupture","Pommel Strike"],"picked":"Armaments","floor":14},{"not_picked":["Exhume","Juggernaut"],"picked":"Immolate","floor":16},{"not_picked":["Clash","Twin Strike"],"picked":"hubris:ReadiedAction","floor":18},{"not_picked":["Power Through","Thunderclap"],"picked":"True Grit","floor":19},{"not_picked":["Run Through+1","Twin Strike"],"picked":"Iron Wave","floor":20},{"not_picked":["Battle Trance","Second Wind","Thunderclap"],"picked":"SKIP","floor":24},{"not_picked":["Armaments","Juggernaut"],"picked":"Double Tap","floor":27},{"not_picked":["ReplayTheSpireMod:Strike From Hell+1","Sword Boomerang","Thunderclap"],"picked":"Singing Bowl","floor":29},{"not_picked":["Defy Death","Second Wind","Combust+1"],"picked":"Singing Bowl","floor":30},{"not_picked":["Bloodletting","Abandon"],"picked":"ReplayTheSpireMod:Muscle Training","floor":31},{"not_picked":["Fiend Fire","Double Tap"],"picked":"hubris:StunningStrike","floor":33},{"not_picked":["Thunderclap+1","Twin Strike"],"picked":"Rupture","floor":35},{"not_picked":["True Grit+1","Warcry+1","Flex"],"picked":"Singing Bowl","floor":36},{"not_picked":["hubris:CleavingFinish","Clash+1"],"picked":"Rage+1","floor":39},{"not_picked":["Massacre","Second Wind+1"],"picked":"Hemokinesis","floor":40},{"not_picked":["Body Slam","Brutality"],"picked":"Heavy Blade+1","floor":42},{"not_picked":["Sword Boomerang","Whirlwind","Thunderclap+1"],"picked":"Singing Bowl","floor":44},{"not_picked":["Armaments","Dropkick+1","Body Slam"],"picked":"Entrench+1","floor":45},{"not_picked":["Shockwave+1","Armaments+1","Shrug It Off","Rampage+1"],"picked":"Singing Bowl","floor":47},{"not_picked":["Intimidate","Second Wind+1","Evolve+1","Anger+1"],"picked":"Singing Bowl","floor":48},{"not_picked":["Corruption","Juggernaut","Feed"],"picked":"Reaper","floor":50},{"not_picked":["Iron Wave","Defy Death","Clash"],"picked":"Hemokinesis","floor":52},{"not_picked":["Havoc","hubris:CleavingFinish","Sword Boomerang"],"picked":"Inflame","floor":53},{"not_picked":["Fire Breathing","hubris:ReadiedAction","Cleave","ReplayTheSpireMod:LeadingStrike"],"picked":"Singing Bowl","floor":55},{"not_picked":["Flex","Pommel Strike","Wild Strike","Cleave"],"picked":"Singing Bowl","floor":58},{"not_picked":["Flex","ReplayTheSpireMod:Corrosion Curse","ReplayTheSpireMod:Stacked","Warcry"],"picked":"Singing Bowl","floor":61},{"not_picked":["Iron Wave","Rampage","Carnage","Clash"],"picked":"Singing Bowl","floor":62},{"not_picked":["Flex","Armaments","Dual Wield"],"picked":"Limit Break","floor":63},{"not_picked":["Defy Death","Whirlwind","Replay:Undeath\u0027s Touch","Hemokinesis"],"picked":"Singing Bowl","floor":64},{"not_picked":["infinitespire:NeuralNetwork","infinitespire:FinalStrike"],"picked":"ReplayTheSpireMod:Chaos Vortex","floor":65},{"not_picked":["Feed","ReplayTheSpireMod:Strike From Hell","Run Through","Searing Blow"],"picked":"Singing Bowl","floor":65},{"not_picked":["infinitespire:Gouge","infinitespire:Starlight"],"picked":"infinitespire:Collect","floor":67},{"not_picked":["Hemogenesis","Impervious","Reaper"],"picked":"Exhume","floor":67},{"not_picked":["Armaments+1","Whirlwind+1","Headbutt"],"picked":"Disarm","floor":69},{"not_picked":["ReplayTheSpireMod:Strike From Hell+1","Armaments+1","Replay:Undeath\u0027s Touch"],"picked":"ReplayTheSpireMod:Muscle Training","floor":72},{"not_picked":["Body Slam+1","ReplayTheSpireMod:LeadingStrike","hubris:CleavingFinish","Blood for Blood+1"],"picked":"Singing Bowl","floor":74},{"not_picked":["Headbutt+1","Sever Soul","Hemokinesis","Heavy Blade"],"picked":"Singing Bowl","floor":79},{"not_picked":["Burning Pact","Shrug It Off+1","Havoc+1","Seeing Red"],"picked":"Singing Bowl","floor":81},{"not_picked":["Reaper","Impervious","hubris:StunningStrike"],"picked":"Berserk","floor":84},{"not_picked":["Dual Wield+1","hubris:SharpeningStone","Iron Wave","True Grit"],"picked":"Singing Bowl","floor":86},{"not_picked":["Clash","Heavy Blade","Replay:Undeath\u0027s Touch+1"],"picked":"Inflame","floor":87},{"not_picked":["Flex+1","Replay:Undeath\u0027s Touch","Warcry+1","Double Tap"],"picked":"Singing Bowl","floor":89},{"not_picked":["Spot Weakness+1","Anger","Iron Wave","Body Slam+1"],"picked":"Singing Bowl","floor":91},{"not_picked":["Twin Strike","Juggernaut","Shockwave"],"picked":"Shrug It Off","floor":93},{"not_picked":["ReplayTheSpireMod:Haul","ReplayTheSpireMod:Black Plague"],"picked":"ReplayTheSpireMod:Chaos Vortex","floor":95},{"not_picked":["Seeing Red","Clothesline","Run Through","Body Slam+1"],"picked":"Singing Bowl","floor":95},{"not_picked":["Cleave+1","hubris:ReadiedAction+1","Wild Strike+1","Warcry"],"picked":"Singing Bowl","floor":96},{"not_picked":["Armaments+1","Twin Strike","Double Tap","Headbutt+1"],"picked":"Singing Bowl","floor":98},{"not_picked":["Feed","Exhume","Corruption"],"picked":"Limit Break","floor":101},{"not_picked":["Run Through","Flex","Warcry","Replay:Undeath\u0027s Touch"],"picked":"Singing Bowl","floor":103},{"not_picked":["Replay:Undeath\u0027s Touch","hubris:CleavingFinish","Warcry","Havoc"],"picked":"Singing Bowl","floor":109},{"not_picked":["Run Through","Twin Strike","Heavy Blade","Bloodletting"],"picked":"Singing Bowl","floor":110},{"not_picked":["Dropkick","Searing Blow","Thunderclap","Demonic Infusion"],"picked":"Singing Bowl","floor":112},{"not_picked":["Headbutt","Pummel","Sentinel","Cleave"],"picked":"Singing Bowl","floor":114},{"not_picked":["hubris:SharpeningStone","hubris:ReadiedAction","Warcry","Flex"],"picked":"Singing Bowl","floor":115},{"not_picked":["Demonic Infusion","hubris:StunningStrike","Fiend Fire","Berserk"],"picked":"Singing Bowl","floor":118},{"not_picked":["ReplayTheSpireMod:Strike From Hell","Replay:Undeath\u0027s Touch+1","Headbutt","Rampage"],"picked":"Singing Bowl","floor":120},{"not_picked":["Anger+1","Havoc","ReplayTheSpireMod:Muscle Training"],"picked":"Rupture+1","floor":122},{"not_picked":["ReplayTheSpireMod:Strike From Hell","Iron Wave","Replay:Undeath\u0027s Touch","Havoc"],"picked":"Singing Bowl","floor":123},{"not_picked":["Second Wind","Perfected Strike","Clash"],"picked":"Hemokinesis","floor":126},{"not_picked":["Flame Barrier+1","Body Slam+1","Shrug It Off","Warcry"],"picked":"Singing Bowl","floor":129},{"not_picked":["Clash","Warcry+1","Heavy Blade","Bludgeon"],"picked":"Singing Bowl","floor":130},{"not_picked":["Pommel Strike","ReplayTheSpireMod:Strike From Hell+1","True Grit","Armaments"],"picked":"Singing Bowl","floor":131},{"not_picked":["Headbutt+1","Battle Trance","Hemokinesis","Armaments"],"picked":"Singing Bowl","floor":132},{"not_picked":["True Grit","Impervious","Havoc","Warcry"],"picked":"Singing Bowl","floor":133},{"not_picked":["Limit Break","Berserk","Impervious","Hemogenesis"],"picked":"Singing Bowl","floor":135},{"not_picked":["Flex+1","Clothesline","Massacre+1","ReplayTheSpireMod:Stacked+1"],"picked":"Singing Bowl","floor":137},{"not_picked":["hubris:SharpeningStone+1","Headbutt+1","Twin Strike","Iron Wave+1"],"picked":"Singing Bowl","floor":138},{"not_picked":["Replay:Dark Deal","Replay:Sssssssssshield","Discovery","Poisoned Strike"],"picked":"Singing Bowl","floor":139},{"not_picked":["Crow Ritual","Bandage Up","Madness","Dark Shackles"],"picked":"Singing Bowl","floor":139},{"not_picked":["Dark Embrace","infinitespire:OneForAll","Sentinel","Body Slam"],"picked":"Singing Bowl","floor":140},{"not_picked":["Clash+1","Twin Strike","Perfected Strike+1","Body Slam"],"picked":"Singing Bowl","floor":142},{"not_picked":["Heavy Blade+1","Flex","Immolate","Cleave"],"picked":"Singing Bowl","floor":144},{"not_picked":["hubris:SharpeningStone+1","Thunderclap+1","Pommel Strike+1","Clash"],"picked":"Singing Bowl","floor":146},{"not_picked":["Wild Strike","Limit Break","ReplayTheSpireMod:Stacked"],"picked":"Offering","floor":147},{"not_picked":["Anger+1","Body Slam+1","Feel No Pain+1","Flame Barrier"],"picked":"Singing Bowl","floor":148},{"not_picked":["Shrug It Off","Spot Weakness","Hemokinesis+1","ReplayTheSpireMod:Strike From Hell","Evaluate"],"picked":"Singing Bowl","floor":150},{"not_picked":["Double Tap","Barricade","hubris:StunningStrike","SpiritShield"],"picked":"Demon Form","floor":152},{"not_picked":["Replay:Undeath\u0027s Touch","Reckless Charge","Armaments","Heavy Blade+1","WaveOfTheHand"],"picked":"Singing Bowl","floor":156},{"not_picked":["Brutality","Barricade","Bludgeon","Hemogenesis","ConjureBlade"],"picked":"Singing Bowl","floor":157}],"player_experience":787897,"relics_obtained":[{"floor":7,"key":"InkBottle"},{"floor":9,"key":"hubris:ToyBattleship"},{"floor":10,"key":"Bottled Lightning"},{"floor":13,"key":"Bag of Marbles"},{"floor":24,"key":"Bag of Preparation"},{"floor":26,"key":"Singing Bowl"},{"floor":27,"key":"reliquary:FerryPass"},{"floor":31,"key":"Ginger"},{"floor":31,"key":"hubris:Teleporter"},{"floor":40,"key":"Omamori"},{"floor":42,"key":"hubris:SlimyHat"},{"floor":43,"key":"hubris:64BitClover"},{"floor":44,"key":"Question Card"},{"floor":53,"key":"Gremlin Food"},{"floor":58,"key":"reliquary:SharkskinSheath"},{"floor":60,"key":"Toy Ornithopter"},{"floor":61,"key":"infinitespire:Midas Blood"},{"floor":62,"key":"MawBank"},{"floor":63,"key":"Replay:Wax Seal"},{"floor":65,"key":"Centennial Puzzle"},{"floor":74,"key":"reliquary:PorcupineQuills"},{"floor":77,"key":"MealTicket"},{"floor":81,"key":"hubris:ChampionShield"},{"floor":85,"key":"Orichalcum"},{"floor":85,"key":"Mango"},{"floor":85,"key":"Chameleon Ring"},{"floor":86,"key":"Eternal Feather"},{"floor":91,"key":"Mercury Hourglass"},{"floor":93,"key":"ReplayTheSpireMod:Lightbulb"},{"floor":94,"key":"Boot"},{"floor":95,"key":"Dream Catcher"},{"floor":109,"key":"reliquary:Buckler"},{"floor":110,"key":"Pen Nib"},{"floor":111,"key":"hubris:MobiusCoin"},{"floor":112,"key":"Regal Pillow"},{"floor":114,"key":"Strawberry"},{"floor":126,"key":"Replay:Arrowhead"},{"floor":128,"key":"reliquary:SilkGlove"},{"floor":130,"key":"reliquary:RoseTintedGlasses"},{"floor":131,"key":"reliquary:HotPoker"},{"floor":133,"key":"Pondfish Scales"},{"floor":142,"key":"Pear"},{"floor":144,"key":"reliquary:Crutches"},{"floor":145,"key":"ReplayTheSpireMod:Spearhead"},{"floor":147,"key":"infinitespire:Eraser"},{"floor":148,"key":"hubris:DisguiseKit"},{"floor":156,"key":"ReplayTheSpireMod:Shallot"}],"event_choices":[{"damage_healed":0,"gold_gain":0,"player_choice":"Joined the Cult","damage_taken":6,"max_hp_gain":0,"max_hp_loss":0,"event_name":"Nest","floor":25,"gold_loss":0,"cards_obtained":["RitualDagger"]},{"damage_healed":0,"gold_gain":0,"player_choice":"Copied","damage_taken":0,"max_hp_gain":0,"max_hp_loss":0,"event_name":"Duplicator","floor":28,"gold_loss":0,"cards_obtained":["Disarm"]},{"damage_healed":0,"gold_gain":0,"player_choice":"Ignored","damage_taken":0,"max_hp_gain":0,"max_hp_loss":0,"event_name":"NoteForYourself","floor":38,"gold_loss":0},{"damage_healed":0,"gold_gain":0,"player_choice":"Searched \u00272\u0027 times","damage_taken":0,"max_hp_gain":0,"max_hp_loss":0,"event_name":"Dead Adventurer","floor":53,"gold_loss":0},{"cards_removed":["ReplayTheSpireMod:Strike From Hell"],"damage_healed":0,"gold_gain":0,"player_choice":"Forget","damage_taken":0,"max_hp_gain":0,"max_hp_loss":0,"event_name":"Living Wall","floor":56,"gold_loss":0},{"damage_healed":0,"gold_gain":0,"player_choice":"Ignored","damage_taken":0,"max_hp_gain":0,"max_hp_loss":0,"event_name":"Vampires","floor":73,"gold_loss":0},{"cards_removed":["Defend_R"],"damage_healed":0,"gold_gain":0,"player_choice":"Elegance","damage_taken":0,"max_hp_gain":0,"max_hp_loss":0,"event_name":"Back to Basics","floor":76,"gold_loss":0},{"damage_healed":0,"gold_gain":0,"player_choice":"Obtain J.A.X.","damage_taken":0,"max_hp_gain":0,"max_hp_loss":0,"event_name":"Drug Dealer","floor":82,"gold_loss":0,"cards_obtained":["J.A.X."]},{"damage_healed":0,"gold_gain":0,"player_choice":"Upgraded","damage_taken":0,"max_hp_gain":0,"max_hp_loss":0,"event_name":"Upgrade Shrine","floor":88,"gold_loss":0,"cards_upgraded":["Inflame"]},{"cards_removed":["ReplayTheSpireMod:Strike From Hell"],"damage_healed":0,"gold_gain":0,"player_choice":"Card Removal","damage_taken":7,"max_hp_gain":0,"max_hp_loss":0,"event_name":"Golden Wing","floor":104,"gold_loss":0},{"damage_healed":0,"gold_gain":0,"player_choice":"Bought 3 Potions","damage_taken":0,"max_hp_gain":0,"max_hp_loss":0,"event_name":"The Woman in Blue","floor":106,"gold_loss":0},{"damage_healed":0,"gold_gain":0,"player_choice":"Success","damage_taken":12,"relics_obtained":["War Paint"],"max_hp_gain":0,"max_hp_loss":0,"event_name":"Scrap Ooze","floor":116,"gold_loss":0},{"cards_removed":["Armaments"],"damage_healed":0,"gold_gain":0,"player_choice":"Purged","damage_taken":0,"max_hp_gain":0,"max_hp_loss":0,"event_name":"Purifier","floor":121,"gold_loss":0},{"damage_healed":0,"gold_gain":9,"player_choice":"1","damage_taken":0,"max_hp_gain":0,"max_hp_loss":0,"event_name":"betterStone:BetterStone","floor":139,"gold_loss":0},{"damage_healed":0,"gold_gain":0,"player_choice":"Upgraded","damage_taken":0,"max_hp_gain":0,"max_hp_loss":0,"event_name":"Upgrade Shrine","floor":149,"gold_loss":0,"cards_upgraded":["Metallicize"]}],"is_beta":false,"boss_relics":[{"not_picked":["hubris:BlackHole","energizedSpire:DecayingSkull"],"picked":"Runic Cube"},{"not_picked":["hubris:RunicObelisk","energizedSpire:HugeHouse"],"picked":"Replay:Bronze Core"},{"not_picked":["Abe\u0027s Treasure","ReplayTheSpireMod:DimensionalGlitch"],"picked":"SlaversCollar"},{"not_picked":["Velvet Choker","ReplayTheSpireMod:DimensionalGlitch"],"picked":"Snecko Eye"},{"not_picked":["energizedSpire:OgreHead","hubris:Stopwatch"],"picked":"Calling Bell"},{"not_picked":["reliquary:RedPaperclip","SacredBark"],"picked":"hubris:ScarierMask"},{"not_picked":["energizedSpire:StickyHand","energizedSpire:SpiderWeb"],"picked":"reliquary:RedCape"},{"not_picked":["Snecko Eye","Cursed Key"],"picked":"Runic Pyramid"},{"not_picked":["energizedSpire:EnergizedDie","Velvet Choker"],"picked":"Astrolabe"}],"items_purged_floors":[22,54,71,99,99,105,107,124,141,143],"is_endless":true,"potions_floor_spawned":[1,10,13,16,18,24,27,31,33,40,42,44,45,50,52,53,62,63,67,69,79,81,89,95,98,101,103,114,115,118,120,126,133,135,138,140,146,147,157],"ascension_level":6}}