{"host":"qfmqsclrfy207o1q","time":1613625865,"event":{"mods":["2.2 Compatiblity","AchievementEnabler","BaseMod","BetterRewards","Colored Map","Dark Map","Downfall","Infinite Spire","Minty Spire (QoL Compilation)","Quick Restart","Rare Cards Sparkle","Relic Stats","StSLib"],"gold_per_floor":[115,115,132,132,144,144,144,155,155,155,12,12,23,23,23,119,119,131,131,131,131,30,30,30,30],"floor_reached":24,"language":"ENG","playtime":761,"items_purged":[],"score":182,"play_id":"5f30d451-38b9-47b4-ad06-95a0258535fd","local_time":"20210217222425","is_ascension_mode":false,"campfire_choices":[{"data":"Dualcast","floor":6,"key":"SMITH"},{"data":"Leap","floor":10,"key":"SMITH"},{"floor":15,"key":"REST"},{"floor":23,"key":"REST"}],"circlet_count":0,"master_deck":["Strike_B","Strike_B","Strike_B","Strike_B","Defend_B","Defend_B","Defend_B","Defend_B","Zap+1","Dualcast+1","Barrage","Conserve Battery+1","Leap+1","Go for the Eyes","infinitespire:SevenWalls+1","Beam Cell+1","Thunder Strike+1","Beam Cell+1","Cold Snap+1","Enlightenment","Conserve Battery"],"relics":["Cracked Core","NeowsBlessing","Molten Egg 2","Juzu Bracelet","Inserter","MutagenicStrength","SsserpentHead"],"acts_visited":["Exordium","TheCity"],"potions_floor_usage":[13,24],"damage_taken":[{"damage":0,"enemies":"Small Slimes","floor":1,"turns":1},{"damage":0,"enemies":"2 Louse","floor":3,"turns":1},{"damage":0,"enemies":"Jaw Worm","floor":5,"turns":1},{"damage":1,"enemies":"3 Louse","floor":8,"turns":3},{"damage":0,"enemies":"Large Slime","floor":13,"turns":6},{"damage":17,"enemies":"Hexaghost","floor":16,"turns":10},{"damage":23,"enemies":"2 Thieves","floor":18,"turns":4},{"damage":86,"enemies":"Gremlin Leader","floor":24,"turns":6}],"seed_played":"2419871610304112052","potions_obtained":[{"floor":1,"key":"Swift Potion"},{"floor":18,"key":"SkillPotion"}],"is_trial":false,"path_per_floor":["M","?","M","?","M","R","?","M","T","R","$","?","M","?","R","B",null,"M","?","?","?","$","R","E"],"character_chosen":"DEFECT","items_purchased":["Juzu Bracelet","Cold Snap+1","Enlightenment","Conserve Battery"],"campfire_rested":2,"item_purchase_floors":[11,22,22,22],"current_hp_per_floor":[75,75,75,75,75,75,75,74,74,74,74,55,55,55,75,58,75,52,52,52,52,52,74,0,0],"gold":30,"neow_bonus":"THREE_ENEMY_KILL","is_daily":false,"chose_seed":false,"campfire_upgraded":2,"win_rate":0.0,"timestamp":1613625865,"path_taken":["M","?","M","?","M","R","?","M","T","R","$","?","M","?","R","BOSS","M","?","?","?","?","R","E"],"items_purchased_type":["Relic","Card","Card","Card"],"build_version":"2020-12-22","purchased_purges":0,"victory":false,"max_hp_per_floor":[75,75,75,75,75,75,75,75,75,75,75,75,75,75,75,75,75,75,75,75,75,75,75,75,75],"relic_stats":{"SsserpentHead":50,"Inserter":[5],"counters":[8,32],"Juzu Bracelet":2,"obtain_stats":[{"SsserpentHead":21,"Inserter":17,"NeowsBlessing":0,"MutagenicStrength":19,"Molten Egg 2":9,"Juzu Bracelet":11,"Cracked Core":0},{"SsserpentHead":7,"Inserter":6,"NeowsBlessing":0,"MutagenicStrength":7,"Molten Egg 2":4,"Juzu Bracelet":4,"Cracked Core":0},{"SsserpentHead":26,"Inserter":22,"NeowsBlessing":0,"MutagenicStrength":26,"Molten Egg 2":6,"Juzu Bracelet":6,"Cracked Core":0}]},"card_choices":[{"not_picked":["Stack","Aggregate"],"picked":"Barrage","floor":1},{"not_picked":["Beam Cell","Steam"],"picked":"Conserve Battery","floor":3},{"not_picked":["Compile Driver","Creative AI"],"picked":"Leap","floor":5},{"not_picked":["Barrage","Leap"],"picked":"Go for the Eyes","floor":8},{"not_picked":["infinitespire:FutureSight","infinitespire:TheBestDefense"],"picked":"infinitespire:SevenWalls","floor":12},{"not_picked":["Barrage+1","Tempest"],"picked":"Beam Cell+1","floor":13},{"not_picked":["Multi-Cast","Reboot"],"picked":"Thunder Strike+1","floor":16},{"not_picked":["Stack","Scrape+1"],"picked":"Beam Cell+1","floor":18}],"player_experience":4159,"relics_obtained":[{"floor":9,"key":"Molten Egg 2"}],"event_choices":[{"damage_healed":0,"gold_gain":0,"player_choice":"Leave","damage_taken":0,"max_hp_gain":0,"max_hp_loss":0,"event_name":"The Cleric","floor":2,"gold_loss":0},{"damage_healed":0,"gold_gain":0,"player_choice":"Grow","damage_taken":0,"max_hp_gain":0,"max_hp_loss":0,"event_name":"Living Wall","floor":4,"gold_loss":0,"cards_upgraded":["Zap"]},{"damage_healed":0,"gold_gain":0,"player_choice":"Ignored","damage_taken":0,"max_hp_gain":0,"max_hp_loss":0,"event_name":"Liars Game","floor":14,"gold_loss":0},{"damage_healed":0,"gold_gain":0,"player_choice":"Inject Mutagens","damage_taken":0,"relics_obtained":["MutagenicStrength"],"max_hp_gain":0,"max_hp_loss":0,"event_name":"Drug Dealer","floor":19,"gold_loss":0},{"damage_healed":0,"gold_gain":0,"player_choice":"Ignored","damage_taken":0,"max_hp_gain":0,"max_hp_loss":0,"event_name":"Purifier","floor":20,"gold_loss":0},{"damage_healed":0,"gold_gain":0,"player_choice":"Trade","damage_taken":0,"relics_obtained":["SsserpentHead"],"max_hp_gain":0,"max_hp_loss":0,"event_name":"FaceTrader","floor":21,"gold_loss":0}],"is_beta":false,"boss_relics":[{"not_picked":["Sozu","Empty Cage"],"picked":"Inserter"}],"items_purged_floors":[],"is_endless":false,"potions_floor_spawned":[1,18],"killed_by":"Gremlin Leader","ascension_level":0}}