{"host":"cd25ms2o8pjhjp7m","time":1613667729,"event":{"mods":["Aspiration","BaseMod","Bestiary","Better Third Choice","BetterRewards","Conspire","Curses Come First","Friendly Minions","GifTheSpireLib","Hubris","Infinite Spire","Minty Spire (QoL Compilation)","Rare Cards Sparkle","Relic Stats","Reliquary","Replay The Spire","Robot Space Explorer","StSLib","The Poker Player","The Runesmith","Uncapped","[IsaacMod]????","??????REMEMod"],"gold_per_floor":[114,114,114,114,114,143,158,158,184,204,222,59,71,106,106,205,205,219,248,163,0,0,52,76,97,124,124,124,174,124,155,155,268,268,281,295,354,404,463,463,501,501,501],"floor_reached":42,"language":"DEU","playtime":1972,"items_purged":["RobotSpaceExplorer:Strike","Dazed"],"score":722,"play_id":"1410adb6-d195-4f04-8d18-9a460ea480d3","local_time":"20210218180209","is_ascension_mode":false,"campfire_choices":[{"data":"RobotSpaceExplorer:Pulsar","floor":8,"key":"SMITH"},{"data":"hubris:DuctTapeCard","floor":15,"key":"SMITH"},{"data":"REME_WheelOfFate","floor":27,"key":"SMITH"},{"floor":32,"key":"RECALL"},{"data":"RobotSpaceExplorer:Comet","floor":40,"key":"SMITH"}],"circlet_count":0,"master_deck":["conspire:GhostlyStrike","conspire:GhostlyStrike+1","conspire:GhostlyDefend","conspire:GhostlyDefend","conspire:GhostlyDefend","conspire:GhostlyDefend","hubris:DuctTapeCard+2","RobotSpaceExplorer:StarDust","RobotSpaceExplorer:SelfCleaning+1","REME_HeartOfCthun","RobotSpaceExplorer:Pulsar+1","RobotSpaceExplorer:DoubleBlock+1","RobotSpaceExplorer:Fix","REME_WheelOfFate+1","RobotSpaceExplorer:Calculate","RobotSpaceExplorer:Comet+1","RobotSpaceExplorer:SlimeMissile","RobotSpaceExplorer:Electropulse+1","RobotSpaceExplorer:StarDust","RobotSpaceExplorer:Discharger","Violence","infinitespire:Starlight","RobotSpaceExplorer:Arsenal"],"relics":["RobotSpaceExplorer:RoboCore","REME_ComplimentaryCards","HushsDoor","SatanicBible","hubris:DuctTape","Mango","Strawberry","BookOfRevelations","reliquary:KinkedSpring","CeramicFish","reliquary:ExpiredCoupon","Juzu Bracelet","Replay:Wax Seal","SsserpentHead","hubris:GlazedTorus","reliquary:ThirdArm","hubris:TenFootPole","SharpPlug"],"acts_visited":["Exordium","TheCity","TheBeyond"],"potions_floor_usage":[31,41],"damage_taken":[{"damage":3,"enemies":"conspire:RoseBush","floor":1,"turns":3},{"damage":11,"enemies":"3 Sentries","floor":6,"turns":3},{"damage":1,"enemies":"Jaw Worm","floor":7,"turns":4},{"damage":0,"enemies":"2 Louse","floor":10,"turns":5},{"damage":0,"enemies":"Red Slaver","floor":11,"turns":4},{"damage":0,"enemies":"3 Louse","floor":13,"turns":2},{"damage":6,"enemies":"Replay:BlueRogue","floor":14,"turns":6},{"damage":22,"enemies":"Hexaghost","floor":16,"turns":8},{"damage":0,"enemies":"Shell Parasite","floor":18,"turns":5},{"damage":10,"enemies":"Spheric Guardian","floor":19,"turns":6},{"damage":0,"enemies":"Replay:Snechameleon","floor":23,"turns":7},{"damage":17,"enemies":"Snecko","floor":24,"turns":5},{"damage":15,"enemies":"conspire:HollyBat","floor":25,"turns":5},{"damage":1,"enemies":"Slavers","floor":31,"turns":3},{"damage":36,"enemies":"Collector","floor":33,"turns":8},{"damage":0,"enemies":"Orb Walker","floor":35,"turns":4},{"damage":8,"enemies":"3 Darklings","floor":36,"turns":3},{"damage":0,"enemies":"Reptomancer","floor":41,"turns":5},{"damage":100008,"enemies":"Maw","floor":42,"turns":5}],"seed_played":"3941402084701914008","potions_obtained":[{"floor":7,"key":"FearPotion"},{"floor":10,"key":"Toxic Potion"},{"floor":11,"key":"LiquidBronze"},{"floor":18,"key":"DistilledChaos"},{"floor":23,"key":"Dexterity Potion"},{"floor":35,"key":"LiquidMemories"}],"is_trial":false,"path_per_floor":["M","?","?","?","$","E","M","R","T","M","M","$","M","E","R","B",null,"M","M","?","?","?","E","M","M","T","R","?","?","$","E","R","B",null,"M","M","?","?","?","R","E","M"],"character_chosen":"RobotSpaceExplorer","items_purchased":["hubris:DuctTape","RobotSpaceExplorer:StarDust","RobotSpaceExplorer:SelfCleaning","REME_HeartOfCthun","REME_WheelOfFate"],"campfire_rested":0,"item_purchase_floors":[0,0,0,0,12],"current_hp_per_floor":[86,86,86,68,68,64,63,63,63,63,67,67,67,65,65,47,96,96,86,86,86,86,90,79,68,68,68,68,68,68,71,71,39,96,96,88,88,84,72,72,76,0,0],"gold":501,"neow_bonus":"","is_daily":false,"chose_seed":false,"campfire_upgraded":4,"win_rate":0.0,"timestamp":1613667729,"path_taken":["M","?","?","?","?","E","M","R","T","M","?","$","M","E","R","BOSS","M","M","?","?","?","E","M","M","T","R","?","?","?","E","R","BOSS","M","M","?","?","?","R","E","M"],"items_purchased_type":["Relic","Card","Card","Card","Card"],"build_version":"2020-12-22","purchased_purges":2,"victory":false,"max_hp_per_floor":[89,89,89,89,89,96,96,96,96,96,96,96,96,96,96,96,96,96,96,96,96,96,96,96,96,96,96,96,96,96,96,96,96,96,96,96,96,96,96,96,96,96,96],"relic_stats":{"SsserpentHead":250,"counters":[75,381],"CeramicFish":81,"Juzu Bracelet":1,"obtain_stats":[{"Ice Cream":13,"CeramicFish":19,"hubris:MysteriousPyramids":9,"aspiration:RitualStick":24,"Old Coin":12,"HornCleat":16,"Strawberry":6,"Honey Jar":34,"Kunai":31,"Replay:Wax Seal":26,"KeepersGift":0,"conspire:TreasureMap":42,"hubris:DuctTape":24,"BookOfRevelations":48,"Shuriken":43,"ForgetMeNow":6,"aspiration:RunesmithSkillbook":31,"hubris:PeanutButter":26,"hubris:TenFootPole":35,"HushsDoor":0,"BloodDonationMachine":0,"GuppysTail":0,"SharpPlug":41,"conspire:SpecialSausage":17,"Mango":39,"Juzu Bracelet":23,"TheBattery":41,"reliquary:ThirdArm":42,"SsserpentHead":28,"Chameleon Ring":48,"PillsDrop":9,"infinitespire:Eraser":43,"hubris:GlazedTorus":31,"DoctorsRemote":6,"Runesmith:Nanobots":42,"JudasShadow":17,"Guide Book":30,"RobotSpaceExplorer:RoboCore":0,"infinitespire:Joker Card":45,"hubris:MedicalManual":53,"Omamori":11,"aspiration:SecretTechniqueScroll":41,"hubris:Towel":27,"Replay:Arrowhead":24,"Peace Pipe":37,"reliquary:KinkedSpring":17,"reliquary:ExpiredCoupon":20,"reliquary:RedPaperclip":34,"betterThird:SlimedRelic":12,"GuppysHead":1,"GuppysHairball":17,"REME_PuzzleBoxRelic":54,"ReplayTheSpireMod:Lightbulb":44,"REME_ComplimentaryCards":0,"ReplayTheSpireMod:ShopPack":24},{"Ice Cream":7,"CeramicFish":66,"hubris:MysteriousPyramids":36,"aspiration:RitualStick":19,"Old Coin":7,"HornCleat":9,"Strawberry":58,"Honey Jar":22,"Kunai":21,"Replay:Wax Seal":69,"KeepersGift":0,"conspire:TreasureMap":51,"hubris:DuctTape":12,"BookOfRevelations":28,"Shuriken":26,"ForgetMeNow":3,"aspiration:RunesmithSkillbook":21,"hubris:PeanutButter":20,"hubris:TenFootPole":72,"HushsDoor":0,"BloodDonationMachine":31,"GuppysTail":0,"SharpPlug":74,"conspire:SpecialSausage":9,"Mango":25,"Juzu Bracelet":67,"TheBattery":25,"reliquary:ThirdArm":51,"SsserpentHead":69,"Chameleon Ring":54,"PillsDrop":5,"infinitespire:Eraser":51,"hubris:GlazedTorus":70,"DoctorsRemote":35,"Runesmith:Nanobots":26,"JudasShadow":40,"Guide Book":47,"RobotSpaceExplorer:RoboCore":0,"infinitespire:Joker Card":27,"hubris:MedicalManual":55,"Omamori":37,"aspiration:SecretTechniqueScroll":25,"hubris:Towel":20,"Replay:Arrowhead":12,"Peace Pipe":25,"reliquary:KinkedSpring":64,"reliquary:ExpiredCoupon":66,"reliquary:RedPaperclip":48,"betterThird:SlimedRelic":37,"GuppysHead":32,"GuppysHairball":40,"REME_PuzzleBoxRelic":30,"ReplayTheSpireMod:Lightbulb":52,"REME_ComplimentaryCards":0,"ReplayTheSpireMod:ShopPack":12},{"Ice Cream":29,"CeramicFish":332,"hubris:MysteriousPyramids":177,"aspiration:RitualStick":98,"Old Coin":29,"HornCleat":46,"Strawberry":297,"Honey Jar":114,"Kunai":108,"Replay:Wax Seal":354,"KeepersGift":0,"conspire:TreasureMap":266,"hubris:DuctTape":67,"BookOfRevelations":142,"Shuriken":134,"ForgetMeNow":9,"aspiration:RunesmithSkillbook":108,"hubris:PeanutButter":103,"hubris:TenFootPole":369,"HushsDoor":0,"BloodDonationMachine":158,"GuppysTail":0,"SharpPlug":377,"conspire:SpecialSausage":46,"Mango":128,"Juzu Bracelet":344,"TheBattery":128,"reliquary:ThirdArm":266,"SsserpentHead":354,"Chameleon Ring":284,"PillsDrop":18,"infinitespire:Eraser":266,"hubris:GlazedTorus":357,"DoctorsRemote":173,"Runesmith:Nanobots":134,"JudasShadow":203,"Guide Book":243,"RobotSpaceExplorer:RoboCore":0,"infinitespire:Joker Card":139,"hubris:MedicalManual":289,"Omamori":185,"aspiration:SecretTechniqueScroll":128,"hubris:Towel":103,"Replay:Arrowhead":67,"Peace Pipe":128,"reliquary:KinkedSpring":326,"reliquary:ExpiredCoupon":337,"reliquary:RedPaperclip":253,"betterThird:SlimedRelic":185,"GuppysHead":159,"GuppysHairball":203,"REME_PuzzleBoxRelic":152,"ReplayTheSpireMod:Lightbulb":273,"REME_ComplimentaryCards":0,"ReplayTheSpireMod:ShopPack":67}]},"card_choices":[{"not_picked":[],"picked":"DoctorFetus","floor":0},{"not_picked":["RobotSpaceExplorer:SurgingShield","RobotSpaceExplorer:MakeshiftVolley"],"picked":"RobotSpaceExplorer:Pulsar","floor":1},{"not_picked":["RobotSpaceExplorer:ImprovisedAttack","RobotSpaceExplorer:BigMissile","RobotSpaceExplorer:Blitz"],"picked":"SKIP","floor":6},{"not_picked":["RobotSpaceExplorer:Smokescreen","RobotSpaceExplorer:MetalStrike"],"picked":"RobotSpaceExplorer:DoubleBlock","floor":7},{"not_picked":["RobotSpaceExplorer:Counterblock","RobotSpaceExplorer:ExhaustFan"],"picked":"RobotSpaceExplorer:Fix","floor":10},{"not_picked":["RobotSpaceExplorer:JunkDive","RobotSpaceExplorer:MiniBoosters","RobotSpaceExplorer:ShovelStrike"],"picked":"SKIP","floor":11},{"not_picked":["RobotSpaceExplorer:Probe","RobotSpaceExplorer:StunGrenade","RobotSpaceExplorer:ImprovisedAttack"],"picked":"SKIP","floor":13},{"not_picked":["RobotSpaceExplorer:SurgingStrike","RobotSpaceExplorer:BigMissile"],"picked":"RobotSpaceExplorer:Calculate","floor":14},{"not_picked":["RobotSpaceExplorer:Accelerator","RobotSpaceExplorer:TrailblazerForm"],"picked":"RobotSpaceExplorer:Comet","floor":16},{"not_picked":["RobotSpaceExplorer:PowerCollector","RobotSpaceExplorer:Fix+1","RobotSpaceExplorer:FranticSearch"],"picked":"SKIP","floor":18},{"not_picked":["RobotSpaceExplorer:ScrapShield","RobotSpaceExplorer:BigMissile+1"],"picked":"RobotSpaceExplorer:SlimeMissile","floor":19},{"not_picked":["RobotSpaceExplorer:FranticSearch+1","RobotSpaceExplorer:MiniDrones+1"],"picked":"RobotSpaceExplorer:Electropulse+1","floor":23},{"not_picked":["RobotSpaceExplorer:ScrapMissile","RobotSpaceExplorer:SlimeMissile"],"picked":"RobotSpaceExplorer:StarDust","floor":24},{"not_picked":["RobotSpaceExplorer:Smokescreen","RobotSpaceExplorer:SurgingStrike"],"picked":"RobotSpaceExplorer:Discharger","floor":25},{"not_picked":["RobotSpaceExplorer:FrostMissile","RobotSpaceExplorer:SwiftStep","RobotSpaceExplorer:ImprovisedAttack"],"picked":"SKIP","floor":31},{"not_picked":["RobotSpaceExplorer:Scanner","RobotSpaceExplorer:Arsenal"],"picked":"RobotSpaceExplorer:Exploration","floor":33},{"not_picked":["RobotSpaceExplorer:SwiftStep+1","RobotSpaceExplorer:FranticSearch","RobotSpaceExplorer:StunGrenade"],"picked":"SKIP","floor":35},{"not_picked":["RobotSpaceExplorer:Calculate","RobotSpaceExplorer:MakeshiftVolley","RobotSpaceExplorer:PowerGlove"],"picked":"SKIP","floor":36},{"not_picked":["Dark Shackles","REME_TheoryOfElimination"],"picked":"Violence","floor":37},{"not_picked":["infinitespire:NeuralNetwork","infinitespire:Collect"],"picked":"infinitespire:Starlight","floor":39},{"not_picked":["RobotSpaceExplorer:ScrapMissile","RobotSpaceExplorer:ImprovisedAttack+1"],"picked":"RobotSpaceExplorer:Arsenal","floor":41}],"player_experience":496620,"relics_obtained":[{"floor":6,"key":"Strawberry"},{"floor":14,"key":"BookOfRevelations"},{"floor":23,"key":"Juzu Bracelet"},{"floor":26,"key":"Replay:Wax Seal"},{"floor":31,"key":"hubris:GlazedTorus"},{"floor":35,"key":"hubris:TenFootPole"},{"floor":41,"key":"SharpPlug"}],"event_choices":[{"damage_healed":0,"gold_gain":0,"player_choice":"Agree","damage_taken":0,"max_hp_gain":0,"max_hp_loss":0,"event_name":"conspire:LoneGhost","floor":2,"gold_loss":0},{"damage_healed":86,"gold_gain":0,"player_choice":"Upgrade","damage_taken":18,"max_hp_gain":0,"max_hp_loss":89,"event_name":"betterThird:BetterShining","floor":4,"gold_loss":0,"cards_upgraded":["conspire:GhostlyStrike","RobotSpaceExplorer:SelfCleaning"]},{"damage_healed":0,"gold_gain":0,"player_choice":"Obtained Relic","damage_taken":0,"relics_obtained":["reliquary:ExpiredCoupon"],"max_hp_gain":0,"max_hp_loss":0,"event_name":"Addict","floor":20,"gold_loss":85},{"damage_healed":0,"gold_gain":0,"player_choice":"Paid Fearfully","damage_taken":0,"max_hp_gain":0,"max_hp_loss":0,"event_name":"Masked Bandits","floor":21,"gold_loss":163},{"damage_healed":0,"gold_gain":0,"player_choice":"Trade","damage_taken":0,"relics_obtained":["SsserpentHead"],"max_hp_gain":0,"max_hp_loss":0,"event_name":"FaceTrader","floor":28,"gold_loss":0},{"damage_healed":0,"gold_gain":0,"player_choice":"Upgraded","damage_taken":0,"max_hp_gain":0,"max_hp_loss":0,"event_name":"Upgrade Shrine","floor":29,"gold_loss":0,"cards_upgraded":["RobotSpaceExplorer:DoubleBlock"]},{"damage_healed":0,"gold_gain":0,"player_choice":"Memory 1","damage_taken":0,"max_hp_gain":0,"max_hp_loss":0,"event_name":"SensoryStone","floor":37,"gold_loss":0},{"damage_healed":0,"gold_gain":0,"player_choice":"Damaged","damage_taken":9,"max_hp_gain":0,"max_hp_loss":0,"event_name":"Wheel of Change","floor":38,"gold_loss":0}],"is_beta":false,"boss_relics":[{"not_picked":["Cursed Key","Astrolabe"],"picked":"reliquary:KinkedSpring"},{"not_picked":[]},{"not_picked":["aspiration:SilentSkillbook","aspiration:FutureDiary"],"picked":"reliquary:ThirdArm"},{"not_picked":[]}],"items_purged_floors":[0,30],"is_endless":false,"potions_floor_spawned":[7,10,11,18,23,35,36],"killed_by":"Maw","ascension_level":0}}