{"host":"TheHustler","time":1613653949,"event":{"mods":["BaseMod","Block Reminder","Colored Map","Colored Powertips","Minty Spire (QoL Compilation)","Quick Restart","StSLib","SuperFastMode","Unceasing Turn Reminder"],"gold_per_floor":[114,114,133,83,8,46,46,46,71,90,109,109,128,147,147,272,272,291,310,329,348,348,348,386,419,494,513,513,513],"floor_reached":28,"language":"ENG","playtime":357,"items_purged":["Strike_R"],"score":267,"play_id":"9803ad7b-da72-468c-a381-360f7b654367","local_time":"20210218141229","daily_mods":["Cursed Run","Uncertain Future","Lethality"],"is_ascension_mode":false,"campfire_choices":[{"data":"Anger","floor":7,"key":"SMITH"},{"data":"Cleave","floor":12,"key":"SMITH"},{"data":"Defend_R","floor":15,"key":"SMITH"},{"floor":23,"key":"REST"}],"circlet_count":0,"master_deck":["Bash+1","Cleave+1","Anger+1","Body Slam+1","Injury","Heavy Blade+1","Pommel Strike+1","Pain","Immolate+1","Wild Strike+1","Sentinel","Headbutt+1","Reaper+1","Power Through","Battle Trance","Feed+1","Rage","Entrench+1","Bite+1","Bite+1","Bite+1","Bite+1","Bite+1","Iron Wave+1","Metallicize","Decay","Second Wind"],"relics":["Cursed Key","Darkstone Periapt","Du-Vu Doll","Golden Idol","Molten Egg 2","Smiling Mask","Pandora\u0027s Box","Strawberry","Red Mask","Bottled Tornado"],"acts_visited":["Exordium","TheCity"],"potions_floor_usage":[16,25],"damage_taken":[{"damage":4,"enemies":"Jaw Worm","floor":1,"turns":2},{"damage":3,"enemies":"2 Louse","floor":3,"turns":2},{"damage":17,"enemies":"Gremlin Nob","floor":6,"turns":3},{"damage":0,"enemies":"Cultist","floor":10,"turns":2},{"damage":3,"enemies":"Looter","floor":11,"turns":2},{"damage":0,"enemies":"Blue Slaver","floor":13,"turns":1},{"damage":8,"enemies":"Exordium Wildlife","floor":14,"turns":2},{"damage":31,"enemies":"The Guardian","floor":16,"turns":5},{"damage":13,"enemies":"Chosen","floor":18,"turns":2},{"damage":48,"enemies":"3 Byrds","floor":19,"turns":3},{"damage":19,"enemies":"Shelled Parasite and Fungi","floor":20,"turns":2},{"damage":18,"enemies":"Cultist and Chosen","floor":21,"turns":2},{"damage":45,"enemies":"Book of Stabbing","floor":24,"turns":4},{"damage":1,"enemies":"Masked Bandits","floor":25,"turns":2},{"damage":33,"enemies":"Snake Plant","floor":27,"turns":3},{"damage":4,"enemies":"Chosen and Byrds","floor":28,"turns":1}],"seed_played":"-4060160915487772418","potions_obtained":[{"floor":1,"key":"FearPotion"},{"floor":6,"key":"Fire Potion"},{"floor":10,"key":"Dexterity Potion"},{"floor":19,"key":"SkillPotion"},{"floor":20,"key":"PowerPotion"},{"floor":21,"key":"Regen Potion"},{"floor":25,"key":"DistilledChaos"}],"is_trial":false,"path_per_floor":["M","?","M","?","$","E","R","?","T","M","M","R","M","M","R","B",null,"M","M","M","M","?","R","E","?","T","M","M"],"character_chosen":"IRONCLAD","items_purchased":[],"campfire_rested":1,"item_purchase_floors":[],"current_hp_per_floor":[76,74,71,71,71,54,54,39,45,45,42,42,42,34,34,9,86,77,29,35,17,17,35,15,22,28,4,0,0],"gold":513,"neow_bonus":"","is_daily":true,"chose_seed":false,"campfire_upgraded":3,"win_rate":0.0,"timestamp":1613653949,"path_taken":["M","?","M","?","$","E","R","?","T","M","M","R","M","M","R","BOSS","M","M","M","M","?","R","E","?","T","M","M"],"items_purchased_type":[],"build_version":"2020-12-18","purchased_purges":1,"victory":false,"max_hp_per_floor":[80,74,74,74,74,74,74,74,80,80,80,80,80,80,80,86,86,90,90,90,90,62,62,69,69,75,75,75,75],"card_choices":[{"not_picked":["Spot Weakness","Evolve"],"picked":"Cleave","floor":1},{"not_picked":["Body Slam","Sentinel"],"picked":"Anger","floor":3},{"not_picked":["Inflame","Entrench"],"picked":"Body Slam+1","floor":6},{"not_picked":["True Grit","Warcry"],"picked":"Heavy Blade+1","floor":10},{"not_picked":["Reckless Charge+1","Clash+1","Sentinel"],"picked":"SKIP","floor":11},{"not_picked":["Rupture","Sword Boomerang+1"],"picked":"Pommel Strike+1","floor":13},{"not_picked":["Headbutt+1","Hemokinesis+1","Inflame"],"picked":"SKIP","floor":14},{"not_picked":["Demon Form","Bludgeon+1"],"picked":"Immolate+1","floor":16},{"not_picked":["Inflame","Feel No Pain+1"],"picked":"Rage","floor":18},{"not_picked":["Wild Strike+1","Sword Boomerang+1","Anger+1"],"picked":"SKIP","floor":19},{"not_picked":["Pummel+1","Wild Strike+1"],"picked":"Entrench+1","floor":20},{"not_picked":["Shockwave","Dark Embrace","Twin Strike+1"],"picked":"SKIP","floor":21},{"not_picked":["Infernal Blade","Body Slam+1"],"picked":"Iron Wave+1","floor":24},{"not_picked":["Flex","Blood for Blood+1"],"picked":"Metallicize","floor":25},{"not_picked":["Headbutt+1","Searing Blow+1"],"picked":"Second Wind","floor":27}],"player_experience":682401,"relics_obtained":[{"floor":6,"key":"Molten Egg 2"},{"floor":9,"key":"Smiling Mask"},{"floor":24,"key":"Strawberry"},{"floor":25,"key":"Red Mask"},{"floor":26,"key":"Bottled Tornado"}],"event_choices":[{"damage_healed":0,"gold_gain":0,"player_choice":"Lose Max HP","damage_taken":0,"relics_obtained":["Golden Idol"],"max_hp_gain":0,"max_hp_loss":6,"event_name":"Golden Idol","floor":2,"gold_loss":0},{"cards_removed":["Strike_R"],"damage_healed":0,"gold_gain":0,"player_choice":"Card Removal","damage_taken":0,"max_hp_gain":0,"max_hp_loss":0,"event_name":"The Cleric","floor":4,"gold_loss":50},{"damage_healed":0,"gold_gain":0,"player_choice":"Entered Light","damage_taken":15,"max_hp_gain":0,"max_hp_loss":0,"event_name":"Shining Light","floor":8,"gold_loss":0,"cards_upgraded":["Strike_R","Bash"]},{"damage_healed":0,"gold_gain":0,"player_choice":"Became a vampire","damage_taken":0,"max_hp_gain":0,"max_hp_loss":28,"event_name":"Vampires","floor":22,"gold_loss":0,"cards_obtained":["Bite","Bite","Bite","Bite","Bite"]},{"damage_healed":0,"gold_gain":0,"player_choice":"Fought Bandits","damage_taken":0,"max_hp_gain":0,"max_hp_loss":0,"event_name":"Masked Bandits","floor":25,"gold_loss":0}],"is_beta":true,"boss_relics":[{"not_picked":["SlaversCollar","Runic Dome"],"picked":"Pandora\u0027s Box"}],"items_purged_floors":[5],"is_endless":false,"potions_floor_spawned":[1,6,10,14,19,20,21,25,27],"killed_by":"Chosen and Byrds","ascension_level":0}}