{"host":"y0i0tbisecj7yjyn","time":1613610279,"event":{"mods":["2.2 Compatiblity","AchievementEnabler","AlwaysNeverKeys","BaseMod","Better Third Choice","BetterRewards","Colored Map","Colored Powertips","Curses Come First","Disable Question Mark Monsters","Displayed Cursed Tome","Highlight Path","Keyboard Shortcuts","Minty Spire (QoL Compilation)","Quick Restart","Random Character Button","Rare Cards Sparkle","Relic Stats","Reliquary","Smile Girya","StSLib","SuperFastMode","The Marked","Transform Curses","Weighted Paths"],"gold_per_floor":[109,27,27,27,45,45,72,72,142,176,194,51,51,67,67,166,166,185,29,43,60,0,0,0,0,27,27,27,27],"floor_reached":28,"language":"ENG","playtime":761,"items_purged":[],"score":299,"play_id":"98603acc-47a1-480e-8f8a-5c9c0023a917","local_time":"20210217190439","is_ascension_mode":true,"campfire_choices":[{"data":"Zap","floor":6.0,"key":"SMITH"},{"data":"Consume","floor":15.0,"key":"SMITH"},{"floor":23.0,"key":"REST"}],"circlet_count":0,"master_deck":["Strike_B","Strike_B","Strike_B","Strike_B","Defend_B","Defend_B","Defend_B","Defend_B","Zap+1","Dualcast","Apotheosis+1","Consume+1","Redo+1","Redo+1","White Noise+1","Sunder","Injury"],"relics":["Cracked Core","NeowsBlessing","reliquary:TridentHead","reliquary:Vitrine","Ornamental Fan","Toxic Egg 2","Runic Capacitor","Cursed Key","Orrery","Enchiridion","Orichalcum"],"acts_visited":["Exordium","TheCity"],"potions_floor_usage":[28,28,28],"damage_taken":[{"damage":0.0,"enemies":"Cultist","floor":1.0,"turns":1.0},{"damage":0.0,"enemies":"Jaw Worm","floor":5.0,"turns":1.0},{"damage":0.0,"enemies":"Gremlin Nob","floor":7.0,"turns":1.0},{"damage":4.0,"enemies":"Lagavulin","floor":10.0,"turns":7.0},{"damage":0.0,"enemies":"2 Louse","floor":11.0,"turns":3.0},{"damage":0.0,"enemies":"2 Fungi Beasts","floor":14.0,"turns":2.0},{"damage":39.0,"enemies":"Hexaghost","floor":16.0,"turns":7.0},{"damage":12.0,"enemies":"Chosen","floor":18.0,"turns":4.0},{"damage":16.0,"enemies":"Shell Parasite","floor":20.0,"turns":5.0},{"damage":24.0,"enemies":"Snake Plant","floor":21.0,"turns":3.0},{"damage":22,"enemies":"Slavers","floor":28,"turns":2}],"seed_played":"-890910041896896857","potions_obtained":[{"floor":5.0,"key":"Dexterity Potion"},{"floor":14.0,"key":"EntropicBrew"},{"floor":16.0,"key":"SteroidPotion"},{"floor":20.0,"key":"SpeedPotion"}],"is_trial":false,"path_per_floor":["M","$","?","?","M","R","E","?","T","E","M","$","?","M","R","B",null,"M","$","M","M","?","R","?","?","T","$","E"],"character_chosen":"DEFECT","items_purchased":["Hello World","Runic Capacitor","Orrery"],"campfire_rested":1,"item_purchase_floors":[2,12,19],"current_hp_per_floor":[75,75,75,75,75,75,75,75,75,71,71,71,71,71,71,32,75,63,63,47,23,23,45,29,15,15,15,0,0],"gold":27,"neow_bonus":"THREE_ENEMY_KILL","is_daily":false,"chose_seed":false,"campfire_upgraded":2,"win_rate":0.0,"timestamp":1613610279,"path_taken":["M","?","?","?","M","R","E","?","T","E","M","$","?","?","R","BOSS","M","$","M","M","?","R","?","?","T","?","E"],"items_purchased_type":["Card","Relic","Relic"],"build_version":"2020-12-22","purchased_purges":0,"victory":false,"max_hp_per_floor":[75,75,75,75,75,75,75,75,75,75,75,75,75,75,75,75,75,75,75,75,75,75,75,75,80,80,80,80,80],"relic_stats":{"counters":[11,36],"Ornamental Fan":[12],"Orichalcum":[0],"Cursed Key":1,"obtain_stats":[{"reliquary:TridentHead":4,"NeowsBlessing":0,"Ornamental Fan":9,"Orrery":19,"Enchiridion":24,"Runic Capacitor":12,"reliquary:Vitrine":7,"Toxic Egg 2":10,"Orichalcum":26,"Cracked Core":0,"Cursed Key":17},{"reliquary:TridentHead":1,"NeowsBlessing":0,"Ornamental Fan":3,"Orrery":8,"Enchiridion":10,"Runic Capacitor":5,"reliquary:Vitrine":3,"Toxic Egg 2":4,"Orichalcum":10,"Cracked Core":0,"Cursed Key":7},{"reliquary:TridentHead":1,"NeowsBlessing":0,"Ornamental Fan":3,"Orrery":26,"Enchiridion":34,"Runic Capacitor":13,"reliquary:Vitrine":3,"Toxic Egg 2":10,"Orichalcum":34,"Cracked Core":0,"Cursed Key":22}]},"card_choices":[{"not_picked":["Barrage","Stack","Reinforced Body"],"picked":"SKIP","floor":1.0},{"not_picked":["Hologram","Capacitor","Reprogram"],"picked":"SKIP","floor":5.0},{"not_picked":["Rip and Tear","Amplify"],"picked":"Consume","floor":7.0},{"not_picked":["Biased Cognition","Barrage","Coolheaded+1"],"picked":"SKIP","floor":10.0},{"not_picked":["Hello World","Streamline"],"picked":"Redo+1","floor":11.0},{"not_picked":["Go for the Eyes","Steam+1","Gash"],"picked":"SKIP","floor":14.0},{"not_picked":["Undo+1","Coolheaded+1"],"picked":"Redo+1","floor":18.0},{"not_picked":["Compile Driver","Beam Cell"],"picked":"White Noise+1","floor":19.0},{"not_picked":["Go for the Eyes","Compile Driver"],"picked":"Sunder","floor":19.0},{"not_picked":["Go for the Eyes+1","Capacitor","Stack+1"],"picked":"SKIP","floor":20.0},{"not_picked":["Stack+1","Conserve Battery+1","Reprogram+1"],"picked":"SKIP","floor":21.0}],"player_experience":474017,"relics_obtained":[{"floor":7.0,"key":"reliquary:Vitrine"},{"floor":9.0,"key":"Ornamental Fan"},{"floor":10.0,"key":"Toxic Egg 2"},{"floor":26.0,"key":"Orichalcum"}],"event_choices":[{"damage_healed":75.0,"max_hp_gain":0.0,"max_hp_loss":75.0,"gold_gain":0.0,"event_name":"betterThird:BetterShining","player_choice":"Embrace","floor":3.0,"gold_loss":0.0,"damage_taken":0.0},{"damage_healed":0.0,"max_hp_gain":0.0,"max_hp_loss":0.0,"gold_gain":0.0,"event_name":"Big Fish","player_choice":"Box","floor":4.0,"gold_loss":0.0,"damage_taken":0.0,"relics_obtained":["reliquary:TridentHead"],"cards_obtained":["Regret"]},{"damage_healed":0.0,"max_hp_gain":0.0,"max_hp_loss":0.0,"gold_gain":0.0,"event_name":"Golden Wing","player_choice":"Ignored","floor":8.0,"gold_loss":0.0,"damage_taken":0.0},{"cards_removed":["Hello World"],"damage_healed":0.0,"max_hp_gain":0.0,"max_hp_loss":0.0,"gold_gain":0.0,"event_name":"Wheel of Change","player_choice":"Card Removal","floor":13.0,"gold_loss":0.0,"damage_taken":0.0},{"damage_healed":0.0,"max_hp_gain":0.0,"max_hp_loss":0.0,"gold_gain":0.0,"event_name":"Masked Bandits","player_choice":"Paid Fearfully","floor":22.0,"gold_loss":60.0,"damage_taken":0.0},{"damage_healed":0.0,"max_hp_gain":0.0,"max_hp_loss":0.0,"gold_gain":0.0,"event_name":"Cursed Tome","player_choice":"Obtained Book","floor":24.0,"gold_loss":0.0,"damage_taken":16.0},{"damage_healed":0.0,"max_hp_gain":5.0,"max_hp_loss":0.0,"gold_gain":0.0,"event_name":"Forgotten Altar","player_choice":"Shed Blood","floor":25.0,"gold_loss":0.0,"damage_taken":19.0}],"is_beta":false,"boss_relics":[{"not_picked":["Ectoplasm","Astrolabe"],"picked":"Cursed Key"}],"items_purged_floors":[],"is_endless":false,"potions_floor_spawned":[5,14,16,20],"killed_by":"Slavers","ascension_level":4}}