{"host":"y4fuci1jk2rsxnep","time":1613650476,"event":{"mods":["AchievementEnabler","BaseMod","Colored Powertips","Custom Start","Defuse TimeMaze Blight","Dio Mod","Downfall","Hermit","Hero for Fun","Hubris","Hunter ??","Infinite Spire","Minty Spire (QoL Compilation)","Quick Restart","Reliquary","Remove Card Discount Mod","Replay The Spire","StSLib","The Blackbeard","The Bug Knight","The Mystic","The Runesmith"],"gold_per_floor":[119,59,77,77,77,103,120,120,174,191,210,210,210,222,222,317,317,327,117,117,216,227,254,254,288,288,288,145,145,161,172,172,274,274,293,293,306,306,319,319,338,368,413,413,413,413,431,442,442,442,442],"floor_reached":50,"language":"ENG","playtime":7636,"items_purged":["bronze:Replicate","Runesmith:Strike_RS","hermit:Strike_Hermit","hermit:Defend_Hermit","hermit:Defend_Hermit","hermit:Defend_Hermit"],"score":644,"play_id":"c934c758-2360-4794-8af1-bff2d3b5d0dc","local_time":"20210218131436","is_ascension_mode":true,"campfire_choices":[{"data":"hermit:Covet","floor":8,"key":"SMITH"},{"data":"hermit:FromBeyond","floor":12,"key":"SMITH"},{"floor":24,"key":"REST"},{"floor":27,"key":"REST"},{"data":"hermit:Adapt","floor":29,"key":"SMITH"},{"floor":32,"key":"REST"},{"data":"hermit:ShadowCloak","floor":40,"key":"SMITH"},{"data":"hermit:FlashPowder","floor":44,"key":"SMITH"},{"floor":49,"key":"DIG"}],"circlet_count":0,"master_deck":["hermit:Strike_Hermit","hermit:Strike_Hermit","hermit:Strike_Hermit","hermit:Snapshot","hermit:Covet+1","hermit:ShadowCloak+1","hermit:HighCaliber","hermit:Deadeye","Hallucinations","hermit:FromBeyond+1","hermit:Midnight","hermit:Horror+1","hermit:Adapt+1","hermit:FlashPowder+1","Poisoned Strike","hermit:BodyArmor","Shame","Writhe","ReplayTheSpireMod:Echoes of Time","hermit:Glare+1","infinitespire:Starlight+1","hermit:FatalDesire","hermit:Gambit+1","infinitespire:Starlight+1","ReplayTheSpireMod:Restless Dread","hermit:LoneWolf+1","hermit:Gestalt+1","hermit:Quickdraw+1","ReplayTheSpireMod:??????????????????????+1"],"relics":["hermit:Momento","Unceasing Top","ReplayTheSpireMod:Ring of Collecting","reliquary:HotPoker","reliquary:Spinner","Ring of Fury","reliquary:WritOfMandamus","Toxic Egg 2","reliquary:RoseTintedGlasses","ReplayTheSpireMod:Ring of Addiction","White Beast Statue","hubris:EmptyBottle","reliquary:ThirdArm","ReplayTheSpireMod:CursedCoin","hermit:CharredGlove","Replay:Baseball","ReplayTheSpireMod:Ring of Challenge","hubris:ScarierMask","hubris:ToyBattleship"],"acts_visited":["Exordium","TheCity","TheBeyond"],"potions_floor_usage":[1,6,6,6,16,16,23,25,30,30,31,31,31,33,35,37,42,42,42,50,50],"damage_taken":[{"damage":7,"enemies":"Small Slimes","floor":1,"turns":3},{"damage":1,"enemies":"Cultist","floor":3,"turns":3},{"damage":11,"enemies":"3 Sentries","floor":6,"turns":9},{"damage":7,"enemies":"Jaw Worm","floor":7,"turns":4},{"damage":14,"enemies":"Exordium Wildlife","floor":10,"turns":5},{"damage":6,"enemies":"2 Fungi Beasts","floor":11,"turns":4},{"damage":0,"enemies":"Gremlin Gang","floor":14,"turns":3},{"damage":32,"enemies":"Slime Boss","floor":16,"turns":9},{"damage":33,"enemies":"2 Thieves","floor":18,"turns":3},{"damage":15,"enemies":"Shell Parasite","floor":22,"turns":4},{"damage":17,"enemies":"Gremlin Leader","floor":23,"turns":5},{"damage":15,"enemies":"Nightmare","floor":25,"turns":7},{"damage":33,"enemies":"Shelled Parasite and Fungi","floor":30,"turns":5},{"damage":18,"enemies":"Snake Plant","floor":31,"turns":2},{"damage":15,"enemies":"hubris:MusketHawk","floor":33,"turns":5},{"damage":16,"enemies":"3 Shapes","floor":35,"turns":6},{"damage":48,"enemies":"3 Darklings","floor":37,"turns":5},{"damage":50,"enemies":"Writhing Mass","floor":41,"turns":6},{"damage":30,"enemies":"Nightmare","floor":42,"turns":9},{"damage":10,"enemies":"Jaw Worm Horde","floor":47,"turns":4},{"damage":7,"enemies":"Sphere and 2 Shapes","floor":48,"turns":3},{"damage":165,"enemies":"hubris:GrandSnecko","floor":50,"turns":12}],"seed_played":"-7659871086844223391","potions_obtained":[{"floor":1,"key":"EntropicBrew"},{"floor":10,"key":"ColorlessPotion"},{"floor":11,"key":"ColorlessPotion"},{"floor":14,"key":"FearPotion"},{"floor":16,"key":"Weak Potion"},{"floor":18,"key":"Strength Potion"},{"floor":23,"key":"sneckomod:MuddlingPotion"},{"floor":26,"key":"Strength Potion"},{"floor":26,"key":"Energy Potion"},{"floor":30,"key":"DuplicationPotion"},{"floor":31,"key":"FearPotion"},{"floor":33,"key":"AttackPotion"},{"floor":35,"key":"PowerPotion"},{"floor":37,"key":"Energy Potion"},{"floor":42,"key":"BlessingOfTheForge"},{"floor":47,"key":"GamblersBrew"},{"floor":48,"key":"LiquidBronze"}],"is_trial":false,"path_per_floor":["M","$","M","$","?","E","M","R","T","M","M","R","?","M","R","B",null,"M","$","?","?","M","E","R","NM","T","R","$","R","M","M","R","B",null,"M","?","M","?","$","R","M","NM","T","R","?","AVR","M","M","R","B"],"character_chosen":"HERMIT","items_purchased":["hermit:HighCaliber","Poisoned Strike","hermit:BodyArmor","hermit:FatalDesire","ReplayTheSpireMod:CursedCoin","hermit:LoneWolf+1","hermit:Gestalt+1"],"campfire_rested":3,"item_purchase_floors":[2,19,19,28,39,39,39],"current_hp_per_floor":[68,68,67,67,67,56,49,49,49,35,29,29,29,29,51,19,75,42,42,42,42,27,10,32,17,17,39,39,39,36,18,39,54,73,72,72,54,54,54,54,59,59,59,59,59,59,69,62,62,0,0],"gold":442,"neow_bonus":"ONE_RARE_RELIC","is_daily":false,"chose_seed":false,"campfire_upgraded":5,"win_rate":0.0,"timestamp":1613650476,"path_taken":["M","$","M","$","?","E","M","R","T","M","M","R","?","?","R","BOSS","M","$","?","?","M","E","R","NM","T","R","?","R","?","M","R","BOSS","M","?","?","?","$","R","M","NM","T","R","?","AVR","M","M","R","BOSS"],"items_purchased_type":["Card","Card","Card","Card","Relic","Card","Card"],"build_version":"2020-12-22","purchased_purges":6,"victory":false,"max_hp_per_floor":[75,75,75,75,75,75,75,75,75,75,75,75,75,75,75,75,75,75,75,75,75,75,75,75,75,75,75,75,75,73,73,73,73,73,73,73,73,73,73,73,71,71,71,71,71,69,69,69,67,67,67],"card_choices":[{"not_picked":["hermit:LoneWolf","hermit:LowProfile"],"picked":"hermit:ShadowCloak","floor":1},{"not_picked":["hermit:Shortfuse","hermit:Dive"],"picked":"hermit:Deadeye","floor":3},{"not_picked":["hermit:Determination","hermit:RoundhouseKick"],"picked":"hermit:FromBeyond","floor":6},{"not_picked":["hermit:CalledShot","hermit:HoleUp","hermit:LowProfile"],"picked":"SKIP","floor":7},{"not_picked":["hermit:Headshot","hermit:GoldenBullet"],"picked":"hermit:Midnight","floor":10},{"not_picked":["hermit:Glare","hermit:LowProfile","hermit:TrackingShot"],"picked":"SKIP","floor":11},{"not_picked":["hermit:LowProfile","hermit:Shortfuse"],"picked":"hermit:Horror","floor":14},{"not_picked":["hermit:Roughhouse","hermit:Reprieve"],"picked":"hermit:Adapt","floor":16},{"not_picked":["hermit:ItchyTrigger+1","hermit:Vantage+1"],"picked":"hermit:FlashPowder","floor":18},{"not_picked":["hubris:Rewind","infinitespire:DeathsTouch"],"picked":"ReplayTheSpireMod:Echoes of Time","floor":20},{"not_picked":["hermit:Showdown","hermit:Combo","hermit:Headshot"],"picked":"SKIP","floor":22},{"not_picked":["hermit:Vantage+1","hermit:LowProfile+1","hermit:PistolWhip"],"picked":"SKIP","floor":23},{"not_picked":["hermit:CalledShot","hermit:DeadMansHand+1"],"picked":"hermit:Glare+1","floor":25},{"not_picked":["ReplayTheSpireMod:Echoes of Time","Replay:Fractal Strike"],"picked":"infinitespire:Starlight","floor":25},{"not_picked":["hermit:Dive+1","hermit:ItchyTrigger+1","hermit:HighCaliber"],"picked":"SKIP","floor":30},{"not_picked":["hermit:Brawl","hermit:HoleUp+1"],"picked":"hermit:EyeOfTheStorm+1","floor":31},{"not_picked":["hermit:RoundhouseKick","hermit:FatalDesire"],"picked":"hermit:Gambit+1","floor":33},{"not_picked":["hermit:Manifest+1","hermit:Coalescence+1","hermit:TrackingShot"],"picked":"SKIP","floor":35},{"not_picked":["hermit:Coalescence+1","hermit:Manifest+1","hermit:TakeCover+1"],"picked":"SKIP","floor":37},{"not_picked":["hermit:Scavenge+1","hermit:Cheat+1","hermit:CalledShot+1"],"picked":"SKIP","floor":41},{"not_picked":["hermit:Misfire+1","hermit:Ricochet"],"picked":"hermit:Quickdraw+1","floor":42},{"not_picked":["hermit:Spite+1","hermit:Glare+1","hermit:Feint+1"],"picked":"SKIP","floor":47},{"not_picked":["hermit:Manifest+1","hermit:BigShot+1","hermit:Glare+1"],"picked":"SKIP","floor":48}],"player_experience":641326,"relics_obtained":[{"floor":5,"key":"ReplayTheSpireMod:Ring of Collecting"},{"floor":6,"key":"reliquary:HotPoker"},{"floor":9,"key":"reliquary:Spinner"},{"floor":9,"key":"Ring of Fury"},{"floor":23,"key":"Toxic Egg 2"},{"floor":25,"key":"reliquary:RoseTintedGlasses"},{"floor":26,"key":"ReplayTheSpireMod:Ring of Addiction"},{"floor":26,"key":"White Beast Statue"},{"floor":26,"key":"hubris:EmptyBottle"},{"floor":42,"key":"hermit:CharredGlove"},{"floor":43,"key":"Replay:Baseball"},{"floor":43,"key":"ReplayTheSpireMod:Ring of Challenge"},{"floor":49,"key":"hubris:ToyBattleship"}],"event_choices":[{"cards_removed":["hermit:Defend_Hermit"],"damage_healed":0,"gold_gain":0,"player_choice":"Purged","damage_taken":0,"max_hp_gain":0,"max_hp_loss":0,"event_name":"Purifier","floor":13,"gold_loss":0},{"damage_healed":0,"gold_gain":99,"player_choice":"Stole From Cult","damage_taken":0,"max_hp_gain":0,"max_hp_loss":0,"event_name":"Nest","floor":21,"gold_loss":0},{"damage_healed":0,"gold_gain":0,"player_choice":"Copied","damage_taken":0,"max_hp_gain":0,"max_hp_loss":0,"event_name":"Duplicator","floor":36,"gold_loss":0,"cards_obtained":["infinitespire:Starlight"]},{"damage_healed":0,"gold_gain":0,"player_choice":"Ignored","damage_taken":0,"max_hp_gain":0,"max_hp_loss":0,"event_name":"Mysterious Sphere","floor":38,"gold_loss":0},{"cards_removed":["hermit:EyeOfTheStorm"],"damage_healed":0,"gold_gain":0,"player_choice":"Removed Skill","damage_taken":0,"max_hp_gain":0,"max_hp_loss":0,"event_name":"Falling","floor":45,"gold_loss":0}],"is_beta":false,"boss_relics":[{"not_picked":["hubris:Backtick","reliquary:Ember"],"picked":"reliquary:WritOfMandamus"},{"not_picked":["Philosopher\u0027s Stone","Replay:Drink Me"],"picked":"reliquary:ThirdArm"}],"items_purged_floors":[2,2,2,19,28,28],"is_endless":true,"potions_floor_spawned":[1,3,10,11,14,16,18,23,30,31,33,35,37,41,42,47,48],"killed_by":"hubris:GrandSnecko","ascension_level":3}}