{"host":"w97dq1whmpm6b2tc","time":1613645682,"event":{"mods":["BaseMod","Challenge The Spire","Downfall","Minty Spire (QoL Compilation)","StSLib"],"gold_per_floor":[99,109,126,187,187,200,200,100,100,119,148,148,158,176,194,289,289,89,102,113,132,132,150,150,166,166,192,192,208,208,237,250,346,346,346,361,407,338,338,338,338,372,372,422,422,450,370,397,414,414,414,449,106,106,106,106],"floor_reached":57,"language":"ENG","playtime":6215,"items_purged":["bronze:Strike","bronze:Strike","bronze:Defend"],"score":1718,"play_id":"a4b49edd-16f6-4ff6-af7e-9494a487454b","local_time":"20210218125442","is_ascension_mode":true,"campfire_choices":[{"floor":1,"key":"RECALL"},{"floor":8,"key":"REST"},{"data":"bronze:Replicate","floor":18,"key":"SMITH"},{"data":"bronze:CutThrough","floor":26,"key":"SMITH"},{"data":"bronze:FineTuning","floor":28,"key":"SMITH"},{"data":"bronze:FindAndReplace","floor":30,"key":"SMITH"},{"data":"bronze:Defend","floor":35,"key":"SMITH"},{"data":"bronze:Defend","floor":40,"key":"PURGE"},{"data":"bronze:Strike","floor":43,"key":"PURGE"},{"data":"bronze:MaxOutput","floor":54,"key":"PURGE"}],"circlet_count":0,"master_deck":["bronze:Defend+1","bronze:Defend","bronze:Replicate+1","bronze:Goto+1","bronze:FineTuning+1","bronze:CutThrough+1","bronze:Goto+1","bronze:Refactor"],"relics":["bronze:BronzeCore","Sundial","Singing Bowl","downfall:HeartBlessingRed","Eternal Feather","Busted Crown","downfall:HeartBlessingBlue","downfall:HeartBlessingGreen","bronze:CableSpool","Orichalcum","CeramicFish","Coffee Dripper","CaptainsWheel","Peace Pipe","The Courier","Gremlin Horn","Calipers","Bottled Lightning","bronze:BronzeIdol","Shuriken","hexamod:BolsterEngine","Lee\u0027s Waffle","Oddly Smooth Stone"],"acts_visited":["Exordium","TheCity","TheBeyond","TheEnding"],"potions_floor_usage":[9,11,11,16,31,32,56],"damage_taken":[{"damage":1,"enemies":"Jaw Worm","floor":2,"turns":3},{"damage":0,"enemies":"Small Slimes","floor":3,"turns":4},{"damage":44,"enemies":"Gremlin Nob","floor":4,"turns":5},{"damage":0,"enemies":"Cultist","floor":6,"turns":3},{"damage":0,"enemies":"Exordium Thugs","floor":9,"turns":1},{"damage":6,"enemies":"Exordium Wildlife","floor":10,"turns":2},{"damage":7,"enemies":"3 Sentries","floor":11,"turns":4},{"damage":4,"enemies":"Gremlin Gang","floor":13,"turns":2},{"damage":2,"enemies":"Blue Slaver","floor":14,"turns":3},{"damage":7,"enemies":"Large Slime","floor":15,"turns":6},{"damage":17,"enemies":"WA_ARCHETYPE_RETAIN","floor":16,"turns":6},{"damage":0,"enemies":"Shell Parasite","floor":19,"turns":3},{"damage":4,"enemies":"Spheric Guardian","floor":20,"turns":3},{"damage":18,"enemies":"Snake Plant","floor":21,"turns":4},{"damage":10,"enemies":"Cultist and Chosen","floor":23,"turns":2},{"damage":0,"enemies":"3 Cultists","floor":25,"turns":2},{"damage":3,"enemies":"Gremlin Leader","floor":27,"turns":4},{"damage":0,"enemies":"Centurion and Healer","floor":29,"turns":2},{"damage":1,"enemies":"Slavers","floor":31,"turns":2},{"damage":0,"enemies":"Snake Plant","floor":32,"turns":3},{"damage":3,"enemies":"DF_ARCHETYPE_CLAW","floor":33,"turns":3},{"damage":0,"enemies":"3 Darklings","floor":36,"turns":1},{"damage":0,"enemies":"2 Orb Walkers","floor":37,"turns":1},{"damage":0,"enemies":"downfall:FleeingMerchant","floor":38,"turns":4},{"damage":0,"enemies":"Reptomancer","floor":42,"turns":1},{"damage":0,"enemies":"Reptomancer","floor":44,"turns":1},{"damage":0,"enemies":"Giant Head","floor":46,"turns":1},{"damage":0,"enemies":"Nemesis","floor":48,"turns":1},{"damage":0,"enemies":"Orb Walker","floor":49,"turns":1},{"damage":0,"enemies":"IC_BLOCK_ARCHETYPE","floor":50,"turns":1},{"damage":0,"enemies":"downfall:CharBossMerchant","floor":52,"turns":1},{"damage":0,"enemies":"downfall:NeowBoss","floor":55,"turns":3},{"damage":0,"enemies":"downfall:NeowBossFinal","floor":56,"turns":3}],"seed_played":"-8737534158783287719","potions_obtained":[{"floor":2,"key":"SmokeBomb"},{"floor":6,"key":"champ:CounterPotion"},{"floor":10,"key":"Fire Potion"},{"floor":13,"key":"Guardian:BlockOnCardUsePotion"},{"floor":20,"key":"bronze:BurnAndBuffPotion"},{"floor":23,"key":"Dexterity Potion"},{"floor":25,"key":"FearPotion"},{"floor":31,"key":"Guardian:BlockOnCardUsePotion"},{"floor":42,"key":"Explosive Potion"},{"floor":44,"key":"DistilledChaos"}],"is_trial":false,"path_per_floor":["R","M","M","?","?","M","T","R","M","M","E","T","M","M","M","B",null,"R","M","M","M","?","M","T","M","R","E","R","M","R","E","M","B",null,"R","M","?","$","?","R","T","E","R","?","T","E","$","E","M","B",null,"E","$","R","B","B",null],"character_chosen":"THE_AUTOMATON","items_purchased":["Peace Pipe","Lee\u0027s Waffle","Oddly Smooth Stone"],"campfire_rested":1,"item_purchase_floors":[38,53,53],"current_hp_per_floor":[70,69,69,25,25,25,25,46,46,42,37,37,35,35,30,13,80,90,92,90,74,74,66,66,68,74,73,79,81,87,88,90,89,110,110,112,114,114,124,124,124,126,126,128,128,130,130,132,134,134,134,136,143,143,143,143],"gold":106,"neow_bonus":"UPGRADE_CARD","is_daily":false,"chose_seed":false,"campfire_upgraded":5,"win_rate":0.0,"timestamp":1613645682,"path_taken":["R","M","M","?","?","M","T","R","M","?","E","?","M","M","M","BOSS","R","M","M","M","?","M","T","M","R","E","R","?","R","E","M","BOSS","R","M","?","$","?","R","T","E","R","?","?","E","$","E","M","BOSS","E","$","R","BOSS","BOSS"],"items_purchased_type":["Relic","Relic","Relic"],"build_version":"2020-12-22","purchased_purges":3,"victory":true,"max_hp_per_floor":[70,70,70,70,70,70,70,70,70,72,74,74,76,78,80,80,80,90,92,94,96,96,98,98,100,100,102,102,104,104,106,108,110,110,110,112,114,114,124,124,124,126,126,128,128,130,130,132,134,134,134,136,143,143,143,143],"card_choices":[{"not_picked":["bronze:ForLoop","bronze:Frontload"],"picked":"bronze:FineTuning","floor":2},{"not_picked":["bronze:DelayedSlice","bronze:BugBarrage","bronze:Fortify"],"picked":"SKIP","floor":3},{"not_picked":["bronze:Refactor","bronze:OilSpill"],"picked":"bronze:CutThrough","floor":4},{"not_picked":["bronze:Deprecate","bronze:Frontload","bronze:BuggyMess"],"picked":"SKIP","floor":6},{"not_picked":["bronze:BronzeOrb","bronze:DarkDash","bronze:Shield"],"picked":"Singing Bowl","floor":10},{"not_picked":["bronze:Optimize","bronze:WhirlingStrike","bronze:WildBeam"],"picked":"Singing Bowl","floor":11},{"not_picked":["bronze:OilSpill","bronze:BugBarrage","bronze:NullPointer"],"picked":"Singing Bowl","floor":13},{"not_picked":["bronze:WildBeam","bronze:Constructor","bronze:DelayedGuard"],"picked":"Singing Bowl","floor":14},{"not_picked":["bronze:AlphaBuild","bronze:BugBarrage","bronze:OilSpill"],"picked":"Singing Bowl","floor":15},{"not_picked":["bronze:AlphaBuild","bronze:HyperBeam"],"picked":"bronze:FindAndReplace","floor":16},{"not_picked":["bronze:Shield"],"picked":"Singing Bowl","floor":19},{"not_picked":["bronze:BronzeArmor"],"picked":"Singing Bowl","floor":20},{"not_picked":["bronze:Shell"],"picked":"Singing Bowl","floor":21},{"not_picked":["bronze:FineTuning"],"picked":"Singing Bowl","floor":23},{"not_picked":["bronze:GetLatest"],"picked":"Singing Bowl","floor":25},{"not_picked":["bronze:Boost"],"picked":"Singing Bowl","floor":27},{"not_picked":["bronze:Return"],"picked":"Singing Bowl","floor":29},{"not_picked":["bronze:Return"],"picked":"Singing Bowl","floor":31},{"not_picked":["bronze:Fortify"],"picked":"Singing Bowl","floor":32},{"not_picked":["bronze:Verify"],"picked":"Singing Bowl","floor":33},{"not_picked":["bronze:InfiniteBeams+1"],"picked":"Singing Bowl","floor":36},{"not_picked":["bronze:Invalidate+1"],"picked":"Singing Bowl","floor":37},{"not_picked":[],"picked":"bronze:Refactor","floor":38},{"not_picked":["bronze:Overheat+1"],"picked":"Singing Bowl","floor":42},{"not_picked":["bronze:Deprecate"],"picked":"Singing Bowl","floor":44},{"not_picked":["bronze:Turbo+1"],"picked":"Singing Bowl","floor":46},{"not_picked":["bronze:ChosenStrike+1"],"picked":"Singing Bowl","floor":48},{"not_picked":["bronze:Philosophize"],"picked":"Singing Bowl","floor":49},{"not_picked":["bronze:DarkDash"],"picked":"Singing Bowl","floor":52}],"player_experience":3770868,"relics_obtained":[{"floor":4,"key":"Sundial"},{"floor":7,"key":"Singing Bowl"},{"floor":11,"key":"Eternal Feather"},{"floor":24,"key":"bronze:CableSpool"},{"floor":27,"key":"Orichalcum"},{"floor":31,"key":"CeramicFish"},{"floor":37,"key":"CaptainsWheel"},{"floor":41,"key":"The Courier"},{"floor":42,"key":"Gremlin Horn"},{"floor":44,"key":"Calipers"},{"floor":45,"key":"Bottled Lightning"},{"floor":46,"key":"bronze:BronzeIdol"},{"floor":48,"key":"Shuriken"},{"floor":52,"key":"hexamod:BolsterEngine"}],"event_choices":[{"damage_healed":0,"gold_gain":0,"player_choice":"Fight","damage_taken":0,"max_hp_gain":0,"max_hp_loss":0,"event_name":"Mysterious Sphere","floor":37,"gold_loss":0}],"is_beta":false,"boss_relics":[{"not_picked":["Tiny House","SlaversCollar"],"picked":"Busted Crown"},{"not_picked":["bronze:MakeshiftBattery","Black Star"],"picked":"Coffee Dripper"}],"items_purged_floors":[38,47,53],"is_endless":false,"potions_floor_spawned":[2,6,10,13,20,23,25,31,42,44],"ascension_level":1}}