{"host":"lly094a91h6n5nv5","time":1613634468,"event":{"mods":["AchievementEnabler","BaseMod","Block Reminder","Colored Map","Minty Spire (QoL Compilation)","Permanent Neow"],"gold_per_floor":[111,121,121,121,135,135,176,191,191,191,39,39,59,100,100,100,100],"floor_reached":16,"language":"ENG","playtime":573,"items_purged":[],"score":171,"play_id":"9544e92c-b572-4c82-b476-ec733d2e7a2c","local_time":"20210218014748","is_ascension_mode":true,"campfire_choices":[{"data":"Defragment","floor":6.0,"key":"SMITH"},{"data":"Defragment","floor":10,"key":"SMITH"},{"data":"Zap","floor":12,"key":"SMITH"},{"data":"Dualcast","floor":15,"key":"SMITH"}],"circlet_count":0,"master_deck":["AscendersBane","Strike_B","Strike_B","Strike_B","Strike_B","Defend_B","Defend_B","Defend_B","Defend_B","Zap+1","Dualcast+1","Self Repair","Defragment+1","Defragment+1","Conserve Battery","Doom and Gloom","Capacitor"],"relics":["Philosopher\u0027s Stone","Golden Idol","White Beast Statue","Turnip","Lee\u0027s Waffle","Du-Vu Doll"],"acts_visited":["Exordium"],"potions_floor_usage":[7,16],"damage_taken":[{"damage":7.0,"enemies":"2 Louse","floor":1.0,"turns":4.0},{"damage":8.0,"enemies":"Small Slimes","floor":2.0,"turns":4.0},{"damage":10.0,"enemies":"Jaw Worm","floor":5.0,"turns":4.0},{"damage":12,"enemies":"Lagavulin","floor":7,"turns":7},{"damage":32,"enemies":"Gremlin Gang","floor":8,"turns":7},{"damage":7,"enemies":"Looter","floor":13,"turns":3},{"damage":54,"enemies":"Gremlin Nob","floor":14,"turns":5},{"damage":42,"enemies":"Hexaghost","floor":16,"turns":7}],"seed_played":"5073461674042178695","potions_obtained":[{"floor":1.0,"key":"SkillPotion"},{"floor":8,"key":"PotionOfCapacity"},{"floor":13,"key":"PowerPotion"}],"is_trial":false,"path_per_floor":["M","M","?","?","M","R","E","M","T","R","$","R","M","E","R","B"],"character_chosen":"DEFECT","items_purchased":["Lee\u0027s Waffle"],"campfire_rested":0,"item_purchase_floors":[11],"current_hp_per_floor":[61,60,60,65,62,62,57,32,32,32,81,81,81,34,34,0,0],"gold":100,"neow_bonus":"BOSS_RELIC","is_daily":false,"chose_seed":false,"campfire_upgraded":4,"win_rate":0.0,"timestamp":1613634468,"path_taken":["M","M","?","?","M","R","E","M","T","R","$","R","M","E","R","BOSS"],"items_purchased_type":["Relic"],"build_version":"2020-12-22","purchased_purges":0,"victory":false,"max_hp_per_floor":[75,75,69,74,74,74,74,74,74,74,81,81,81,81,81,81,81],"card_choices":[{"not_picked":["Conserve Battery","Turbo"],"picked":"Self Repair","floor":1.0},{"not_picked":["Hologram","Steam"],"picked":"Defragment","floor":2.0},{"not_picked":["Beam Cell","Cold Snap"],"picked":"Defragment","floor":5.0},{"not_picked":["Gash","Streamline"],"picked":"Conserve Battery","floor":7},{"not_picked":["White Noise","Turbo"],"picked":"Doom and Gloom","floor":8},{"not_picked":["Barrage","Ball Lightning","Storm"],"picked":"SKIP","floor":13},{"not_picked":["Rebound","Barrage"],"picked":"Capacitor","floor":14}],"player_experience":264021,"relics_obtained":[{"floor":7,"key":"White Beast Statue"},{"floor":9,"key":"Turnip"},{"floor":14,"key":"Du-Vu Doll"}],"event_choices":[{"damage_healed":0.0,"max_hp_gain":0.0,"max_hp_loss":6.0,"gold_gain":0.0,"event_name":"Golden Idol","player_choice":"Lose Max HP","floor":3.0,"gold_loss":0.0,"damage_taken":0.0,"relics_obtained":["Golden Idol"]},{"damage_healed":0.0,"max_hp_gain":5.0,"max_hp_loss":0.0,"gold_gain":0.0,"event_name":"Big Fish","player_choice":"Donut","floor":4.0,"gold_loss":0.0,"damage_taken":0.0}],"is_beta":false,"boss_relics":[],"items_purged_floors":[],"is_endless":false,"potions_floor_spawned":[1,8,13,14],"killed_by":"Hexaghost","ascension_level":11}}