{"host":"8jwrv7sn1174lfer","time":1613626287,"event":{"mods":["BaseMod","Colored Map","Colored Powertips","Downfall","Highlight Path","Minty Spire (QoL Compilation)","StSLib"],"gold_per_floor":[99,116,33,52,52,52,76,76,101,6,36,36,54,70,84,184,184,184,202,218,218,218,236,308,308,308,408,165,165,95,112,129,226,226,126,141,141,141,154,179,202,202,54,54,71,84,113,130,130,130],"floor_reached":51,"language":"ENG","playtime":2548,"items_purged":["downfall:Bewildered"],"score":972,"play_id":"05c35bf3-58ce-44b4-8181-0d4a3304d40f","local_time":"20210218003127","is_ascension_mode":true,"campfire_choices":[{"data":"Guardian:TwinSlam","floor":1,"key":"SMITH"},{"data":"Guardian:WalkerClaw","floor":6,"key":"SMITH"},{"data":"Guardian:DecasProtection","floor":8,"key":"SMITH"},{"data":"Guardian:PrismaticBarrier","floor":12,"key":"SMITH"},{"data":"Guardian:ChargeUp","floor":18,"key":"SMITH"},{"floor":26,"key":"RECALL"},{"data":"Guardian:RefractedBeam+1","floor":35,"key":"SMITH"},{"data":"Guardian:RefractedBeam+2","floor":42,"key":"SMITH"},{"data":"Guardian:VentSteam","floor":49,"key":"SMITH"}],"circlet_count":0,"master_deck":["Guardian:Strike_Guardian","Guardian:Strike_Guardian+1","Guardian:Defend_Guardian","Guardian:Defend_Guardian","Guardian:Defend_Guardian","Guardian:Defend_Guardian","Guardian:CurlUp","Guardian:TwinSlam+1","Guardian:DecasProtection+1","Guardian:Orbwalk","Guardian:WalkerClaw+1","Guardian:PrismaticBeam+1","Guardian:PrismaticBarrier+1","Guardian:ChargeUp+1","Guardian:VentSteam+1","Necronomicurse","downfall:Icky","Guardian:RefractedBeam+3","Guardian:Planning+1","Guardian:BronzeArmor+1","Guardian:Recover","Doubt","Guardian:FastForward","Guardian:Gem_White","Guardian:TemporalShield+1","Guardian:ChargeUp+1"],"relics":["Guardian:ModeShifter","Blood Vial","Whetstone","Meat on the Bone","Anchor","Cursed Key","Necronomicon","MutagenicStrength","StrikeDummy","Shuriken","StoneCalendar","Frozen Egg 2","White Beast Statue","Bottled Tornado","Vajra","Snecko Eye","downfall:HeartBlessingRed","Blue Candle","Art of War","Guardian:BottledStasis","Oddly Smooth Stone"],"acts_visited":["Exordium","TheCity","TheBeyond"],"potions_floor_usage":[9,10,11,16,27,33,33,33,50,50],"damage_taken":[{"damage":0,"enemies":"Cultist","floor":2,"turns":3},{"damage":0,"enemies":"downfall:FleeingMerchant","floor":3,"turns":4},{"damage":5,"enemies":"Small Slimes","floor":4,"turns":4},{"damage":10,"enemies":"3 Sentries","floor":9,"turns":5},{"damage":15,"enemies":"downfall:FleeingMerchant","floor":10,"turns":4},{"damage":16,"enemies":"Gremlin Nob","floor":11,"turns":4},{"damage":2,"enemies":"Jaw Worm","floor":13,"turns":3},{"damage":1,"enemies":"2 Fungi Beasts","floor":14,"turns":4},{"damage":3,"enemies":"Blue Slaver","floor":15,"turns":4},{"damage":15,"enemies":"SI_SHIV_ARCHETYPE","floor":16,"turns":7},{"damage":14,"enemies":"Shell Parasite","floor":19,"turns":5},{"damage":3,"enemies":"Chosen","floor":20,"turns":5},{"damage":7,"enemies":"Centurion and Healer","floor":23,"turns":6},{"damage":11,"enemies":"Colosseum Nobs","floor":27,"turns":7},{"damage":0,"enemies":"downfall:FleeingMerchant","floor":28,"turns":4},{"damage":0,"enemies":"downfall:FleeingMerchant","floor":30,"turns":3},{"damage":10,"enemies":"Shelled Parasite and Fungi","floor":31,"turns":2},{"damage":3,"enemies":"Snecko","floor":32,"turns":4},{"damage":15,"enemies":"IC_MUSHROOM_ARCHETYPE","floor":33,"turns":5},{"damage":0,"enemies":"Orb Walker","floor":36,"turns":1},{"damage":9,"enemies":"3 Shapes","floor":39,"turns":4},{"damage":0,"enemies":"Reptomancer","floor":40,"turns":1},{"damage":22,"enemies":"Jaw Worm Horde","floor":45,"turns":3},{"damage":1,"enemies":"Writhing Mass","floor":46,"turns":3},{"damage":16,"enemies":"Nemesis","floor":47,"turns":3},{"damage":18,"enemies":"4 Shapes","floor":48,"turns":5},{"damage":22,"enemies":"WA_ARCHETYPE_DIVINITY","floor":50,"turns":6}],"seed_played":"-7042823903151391086","potions_obtained":[{"floor":4,"key":"sneckomod:MuddlingPotion"},{"floor":5,"key":"Slimebound:ThreeZeroPotion"},{"floor":5,"key":"SkillPotion"},{"floor":11,"key":"AttackPotion"},{"floor":13,"key":"SpeedPotion"},{"floor":15,"key":"Ancient Potion"},{"floor":16,"key":"Weak Potion"},{"floor":30,"key":"champ:CounterPotion"},{"floor":33,"key":"Guardian:DefensiveModePotion"},{"floor":36,"key":"Strength Potion"},{"floor":39,"key":"Block Potion"},{"floor":48,"key":"SteroidPotion"}],"is_trial":false,"path_per_floor":["R","M","$","M","?","R","T","R","E","$","E","R","M","M","M","B",null,"R","M","M","?","?","M","T","T","R","?","$","T","$","M","M","B",null,"R","M","?","?","M","E","T","R","$","?","M","M","E","M","R","B",null],"character_chosen":"GUARDIAN","items_purchased":["Guardian:WalkerClaw","Guardian:Gem_Lightblue","Guardian:Gem_Purple","Guardian:Gem_Crimson","Guardian:Gem_Blue","Bottled Tornado","Vajra","Guardian:Gem_Lightblue","Guardian:BottledStasis"],"campfire_rested":0,"item_purchase_floors":[3,3,10,28,28,30,30,30,43],"current_hp_per_floor":[72,74,76,73,73,73,73,73,65,52,50,50,50,51,50,49,72,72,60,59,43,43,50,50,50,50,41,43,43,45,49,48,47,72,72,74,74,74,67,69,69,69,69,69,49,50,48,44,44,36],"gold":130,"neow_bonus":"RANDOM_COMMON_RELIC","is_daily":false,"chose_seed":false,"campfire_upgraded":8,"win_rate":0.0,"timestamp":1613626287,"path_taken":["R","M","?","?","?","R","T","R","E","?","E","R","M","?","M","BOSS","R","M","M","?","?","M","T","?","R","?","$","?","$","M","M","BOSS","R","M","?","?","?","E","T","R","$","?","M","M","E","M","R","BOSS"],"items_purchased_type":["Card","Card","Card","Card","Card","Relic","Relic","Card","Relic"],"build_version":"2020-12-22","purchased_purges":1,"victory":true,"max_hp_per_floor":[80,80,80,80,80,80,80,80,80,80,80,80,80,80,80,80,80,80,80,80,80,80,80,80,80,80,80,80,80,80,80,80,80,80,80,80,80,80,80,80,80,80,80,80,80,80,80,80,80,80],"card_choices":[{"not_picked":["Guardian:ShieldCharger","Guardian:VentSteam"],"picked":"Guardian:DecasProtection","floor":2},{"not_picked":["Guardian:Reroute","Guardian:FuturePlans"],"picked":"Guardian:Orbwalk","floor":3},{"not_picked":["Guardian:WalkerClaw","Guardian:Incinerate"],"picked":"Guardian:PrismaticBeam","floor":4},{"not_picked":["Guardian:Suspension","Guardian:TemporalStrike"],"picked":"Guardian:PrismaticBarrier","floor":9},{"not_picked":["Guardian:SentryBeam","Guardian:DonusPower"],"picked":"Guardian:Gem_Fragmented","floor":10},{"not_picked":["Guardian:RollAttack","Guardian:TemporalShield"],"picked":"Guardian:ChargeUp","floor":11},{"not_picked":["Guardian:RefractedBeam","Guardian:TemporalStrike"],"picked":"Guardian:VentSteam","floor":13},{"not_picked":["Guardian:SpikerProtocol","Guardian:Gem_Cyan"],"picked":"Guardian:Gem_Lightblue","floor":14},{"not_picked":["Guardian:ChargeCore","Guardian:ArmoredProtocol","Guardian:Suspension"],"picked":"SKIP","floor":15},{"not_picked":["Guardian:Incinerate","Guardian:FuturePlans"],"picked":"Guardian:Gem_Red","floor":19},{"not_picked":["Guardian:Orbwalk+1","Guardian:PiercingHide"],"picked":"Guardian:Gem_Green","floor":20},{"not_picked":["Guardian:WalkerClaw","Guardian:Reroute"],"picked":"Guardian:Gem_Cyan","floor":23},{"not_picked":["Guardian:ShieldCharger+1","Guardian:WalkerClaw"],"picked":"Guardian:RefractedBeam+1","floor":27},{"not_picked":["Guardian:WalkerClaw","Guardian:Gem_Green"],"picked":"Guardian:Gem_Purple","floor":28},{"not_picked":["Guardian:Gem_White","Guardian:Gem_Blue"],"picked":"Guardian:Gem_Red","floor":30},{"not_picked":["Guardian:FastForward","Guardian:Gem_Cyan","Guardian:DecasProtection"],"picked":"SKIP","floor":31},{"not_picked":["Guardian:EvasiveProtocol+1","Guardian:Harden"],"picked":"Guardian:Planning+1","floor":32},{"not_picked":["Guardian:PrismaticBeam","Guardian:Gem_Blue"],"picked":"Guardian:BronzeArmor+1","floor":36},{"not_picked":["Guardian:PrimingBeam+1","Guardian:TemporalStrike","Guardian:Gem_Yellow"],"picked":"SKIP","floor":39},{"not_picked":["Guardian:TemporalStrike+1","Guardian:Gem_Green"],"picked":"Guardian:Recover","floor":40},{"not_picked":["Guardian:ShieldCharger+1","Guardian:PrimingBeam+1"],"picked":"Guardian:Gem_White","floor":45},{"not_picked":["Guardian:TemporalShield","Guardian:Gem_Lightblue","Guardian:Emergency"],"picked":"SKIP","floor":46},{"not_picked":["Guardian:Harden+1","Guardian:ChargeUp"],"picked":"Guardian:TemporalShield+1","floor":47},{"not_picked":["Guardian:Reroute","Guardian:CrystalBeam+1"],"picked":"Guardian:ChargeUp+1","floor":48}],"player_experience":800750,"relics_obtained":[{"floor":7,"key":"Whetstone"},{"floor":9,"key":"Meat on the Bone"},{"floor":11,"key":"Anchor"},{"floor":21,"key":"Necronomicon"},{"floor":24,"key":"StrikeDummy"},{"floor":25,"key":"Shuriken"},{"floor":27,"key":"StoneCalendar"},{"floor":27,"key":"Frozen Egg 2"},{"floor":29,"key":"White Beast Statue"},{"floor":40,"key":"Blue Candle"},{"floor":41,"key":"Art of War"},{"floor":47,"key":"Oddly Smooth Stone"}],"event_choices":[{"damage_healed":0,"gold_gain":0,"player_choice":"Got Potions","damage_taken":0,"max_hp_gain":0,"max_hp_loss":0,"event_name":"Lab","floor":5,"gold_loss":0},{"damage_healed":0,"gold_gain":0,"player_choice":"Inject Mutagens","damage_taken":0,"relics_obtained":["MutagenicStrength"],"max_hp_gain":0,"max_hp_loss":0,"event_name":"Drug Dealer","floor":22,"gold_loss":0},{"cards_removed":["Guardian:Strike_Guardian"],"damage_healed":0,"gold_gain":0,"player_choice":"Removed Attack","damage_taken":0,"max_hp_gain":0,"max_hp_loss":0,"event_name":"Falling","floor":38,"gold_loss":0}],"is_beta":false,"boss_relics":[{"not_picked":["expansioncontent:StudyCardRelic","Tiny House"],"picked":"Cursed Key"},{"not_picked":["Guardian:ModeShifterPlus","Astrolabe"],"picked":"Snecko Eye"}],"items_purged_floors":[28],"is_endless":false,"potions_floor_spawned":[4,11,13,15,16,19,20,30,31,32,33,36,39,40,45,46,47,48],"ascension_level":6}}