{"host":"k4hb7medsm45vqxu","time":1613619174,"event":{"mods":["AchievementEnabler","Act Like it!","Arknights","BaseMod","BetterRewards","Colored Map","Colored Powertips","DeckTracker","Downfall","Friendly Minions","Highlight Path","Marisa????????","Minty Spire (QoL Compilation)","Permanent Neow","READ ME - Guardian Mod","Rare Cards Sparkle","Replay The Spire","Shop Mod","StSLib","SuperFastMode","The Death Knight","The Forsaken","Together in Spire","Waifu the Spire","Yuyuko"],"gold_per_floor":[99,118,118,131,116,131,181,213,213,245,245,245,271,282,302,403,403,403,420,432,582,592,592,592,610,31264,22699,22699,113,30,42,54,158,158,158,72,72,89,106,32,44,56,68,110,39,10,10,30,40,40],"floor_reached":51,"language":"ENG","playtime":3972,"items_purged":[],"score":968,"play_id":"0cfb5b88-81f9-4fd4-b998-885dac61c54c","local_time":"20210217213254","is_ascension_mode":false,"campfire_choices":[{"data":"Slimebound:Split","floor":1,"key":"SMITH"},{"data":"Slimebound:Defend_Slimebound","floor":9,"key":"SMITH"},{"data":"Slimebound:SlimeBarrage","floor":12,"key":"SMITH"},{"data":"Slimebound:MassFeed","floor":18,"key":"SMITH"},{"floor":23,"key":"REST"},{"data":"Slimebound:MassRepurpose","floor":35,"key":"SMITH"},{"floor":42,"key":"RECALL"},{"floor":47,"key":"REST"}],"circlet_count":0,"master_deck":["Slimebound:Strike_Slimebound","Slimebound:Strike_Slimebound","Slimebound:Tackle","Slimebound:Defend_Slimebound","Slimebound:Defend_Slimebound","Slimebound:Defend_Slimebound","Slimebound:Defend_Slimebound","Slimebound:Split+1","Slimebound:CorrosiveSpit","Slimebound:SlimeBarrage+1","Slimebound:Schlurp","Slimebound:LeechEnergy","Slimebound:Prepare","Slimebound:Schlurp","Slimebound:LivingWall","Parasite","Slimebound:ComboTackle","Slimebound:SlimeTap","CurseOfTheBell","Slimebound:Chomp+1","Slimebound:RainOfGoop","Slimebound:MegaLick","Slimebound:Prepare","Slimebound:ProtectTheBoss","ReplayTheSpireMod:IOU","Slimebound:GoopTackle","Slimebound:ForwardTackle","Slimebound:GoopSpray+1","Slimebound:Repurpose","Madness","expansioncontent:StudyTheSpire","Slimebound:WasteNot","Slimebound:LivingWall","Slimebound:MassRepurpose+1","Slimebound:Replication","Slimebound:BestDefense","Slimebound:DouseInSlime","Slimebound:SlimeBrawl+1","Slimebound:Darklings","Slimebound:MegaLick+1","Slimebound:SlimeSpikes+1","Slimebound:MinionMaster","Pot Of Greed","Pot Of Greed","Pot Of Greed","Pot Of Greed","Slimebound:RollThrough+1","Slimebound:MassFeed","Slimebound:ViciousTackle+1","Slimebound:RainOfGoop","Slimebound:AcidTongue","Pot Of Greed"],"relics":["Velvet Choker","Simple Rune","Darkstone Periapt","Replay:Mystery Machine","Mirror","theForsaken:Kindling","Bird Faced Urn","MerchantsRug","Replay:Wax Seal","Bronze Scales","Strange Spoon","Replay:Bottled Flurry","Nloth\u0027s Gift","Black Star","Blue Doll","Grinning Jar","Slimebound:SelfDamagePreventRelic"],"acts_visited":["Exordium","TheCity","TheBeyond"],"potions_floor_usage":[5,8,16,16,16,25,27,27,32,32,33,33,36,40,45,45,46],"damage_taken":[{"damage":0,"enemies":"2 Louse","floor":2,"turns":3},{"damage":3,"enemies":"Jaw Worm","floor":4,"turns":2},{"damage":16,"enemies":"downfall:FleeingMerchant","floor":5,"turns":4},{"damage":0,"enemies":"ats:Genji","floor":6,"turns":3},{"damage":12,"enemies":"3 Sentries","floor":8,"turns":6},{"damage":0,"enemies":"Lagavulin","floor":10,"turns":6},{"damage":0,"enemies":"downfall:LooterAlt","floor":14,"turns":3},{"damage":5,"enemies":"Red Slaver","floor":15,"turns":3},{"damage":0,"enemies":"WA_ARCHETYPE_RETAIN","floor":16,"turns":5},{"damage":18,"enemies":"Shell Parasite","floor":19,"turns":5},{"damage":14,"enemies":"Chosen","floor":20,"turns":6},{"damage":10,"enemies":"Shelled Parasite and Fungi","floor":22,"turns":4},{"damage":21,"enemies":"Cultist and Chosen","floor":25,"turns":6},{"damage":9,"enemies":"downfall:FleeingMerchant","floor":26,"turns":4},{"damage":321,"enemies":"Slavers","floor":27,"turns":18},{"damage":1426,"enemies":"Centurion and Healer","floor":29,"turns":53},{"damage":21,"enemies":"Snake Plant","floor":30,"turns":4},{"damage":27,"enemies":"Shelled Parasite and Fungi","floor":31,"turns":4},{"damage":14,"enemies":"Snecko","floor":32,"turns":4},{"damage":106,"enemies":"SI_MIRROR_ARCHETYPE","floor":33,"turns":13},{"damage":64,"enemies":"3 Shapes","floor":36,"turns":6},{"damage":75,"enemies":"3 Darklings","floor":38,"turns":8},{"damage":45,"enemies":"Spire Growth","floor":39,"turns":5},{"damage":83,"enemies":"Reptomancer","floor":40,"turns":6},{"damage":226,"enemies":"Giant Head","floor":44,"turns":13},{"damage":126,"enemies":"Transient","floor":45,"turns":5},{"damage":13,"enemies":"downfall:FleeingMerchant","floor":46,"turns":4},{"damage":51,"enemies":"Sphere and 2 Shapes","floor":48,"turns":5},{"damage":78,"enemies":"4 Shapes","floor":49,"turns":4},{"damage":951,"enemies":"IC_BLOCK_ARCHETYPE","floor":50,"turns":24}],"seed_played":"-4021574355801510081","potions_obtained":[{"floor":2,"key":"ColorlessPotion"},{"floor":6,"key":"Elixir"},{"floor":10,"key":"Swift Potion"},{"floor":14,"key":"Strength Potion"},{"floor":15,"key":"LifebloodPotion"},{"floor":22,"key":"AttackPotion"},{"floor":25,"key":"Energy Potion"},{"floor":30,"key":"SkillPotion"},{"floor":31,"key":"Slimebound:SlimyTonguePotion"},{"floor":32,"key":"BlessingOfTheForge"},{"floor":33,"key":"Fire Potion"},{"floor":38,"key":"ColorlessPotion"},{"floor":40,"key":"Elixir"},{"floor":44,"key":"Explosive Potion"},{"floor":45,"key":"Milkshake"}],"is_trial":false,"path_per_floor":["R","M","?","M","$","M","T","E","R","E","?","R","T","M","M","B",null,"R","M","M","?","M","R","T","M","$","E","?","M","M","M","M","B",null,"R","M","?","M","M","E","T","R","?","E","M","$","R","M","M","B",null],"character_chosen":"SLIMEBOUND","items_purchased":["MerchantsRug","Replay:Wax Seal","Bronze Scales","Strange Spoon","Slimebound:GoopTackle","Slimebound:ForwardTackle","Slimebound:GoopSpray+1","Slimebound:Repurpose","Slimebound:LevelUp","Madness","expansioncontent:StudyTheSpire","Fruit Juice","Adrenaline Potion","Slimebound:SelfDamagePreventRelic"],"campfire_rested":2,"item_purchase_floors":[26,26,26,26,26,26,26,26,26,26,26,26,26,46],"current_hp_per_floor":[65,65,65,62,46,46,46,34,34,34,56,56,56,56,51,51,77,77,59,45,45,39,68,68,51,1956,1640,1640,218,203,176,162,62,2009,2009,1947,1947,1884,1843,1768,1768,1768,1768,1548,1428,1419,2014,1963,1889,952],"gold":40,"neow_bonus":"BOSS_RELIC","is_daily":false,"chose_seed":false,"campfire_upgraded":5,"win_rate":0.0,"timestamp":1613619174,"path_taken":["R","M","?","M","$","M","T","E","R","E","?","R","?","M","M","BOSS","R","M","M","?","?","R","T","M","$","E","?","?","M","M","M","BOSS","R","M","?","M","M","E","T","R","?","E","?","$","R","M","M","BOSS"],"items_purchased_type":["Relic","Relic","Relic","Relic","Card","Card","Card","Card","Card","Card","Card","Potion","Potion","Relic"],"build_version":"2020-12-22","purchased_purges":0,"victory":true,"max_hp_per_floor":[65,65,65,65,65,65,65,65,65,65,71,71,71,71,71,71,77,77,77,77,77,81,86,86,90,2004,2009,2009,2009,2009,2009,2009,2009,2009,2009,2009,2009,2009,2009,2009,2009,2009,2009,2009,2009,2009,2014,2014,2014,2014],"card_choices":[{"not_picked":["Slimebound:LevelUp","Slimebound:RejuvenatingLick"],"picked":"Slimebound:SlimeBarrage","floor":2},{"not_picked":["Slimebound:SplitLeeching","Slimebound:PressTheAttack"],"picked":"Slimebound:Schlurp","floor":4},{"not_picked":["Slimebound:SlimeBarrage","Slimebound:FinishingTackle"],"picked":"Slimebound:LeechEnergy","floor":5},{"not_picked":["Slimebound:Chomp","Slimebound:GoopTackle"],"picked":"Slimebound:Prepare","floor":6},{"not_picked":["Slimebound:SamplingLick","Slimebound:HauntingLick"],"picked":"Slimebound:Schlurp","floor":8},{"not_picked":["Slimebound:SlimeTap","Slimebound:RejuvenatingLick"],"picked":"Slimebound:LivingWall","floor":10},{"not_picked":["Slimebound:LeechingTouch","Slimebound:FirmFortitude"],"picked":"Slimebound:ComboTackle","floor":14},{"not_picked":["Slimebound:HauntingLick","Slimebound:Prepare"],"picked":"Slimebound:SlimeTap","floor":15},{"not_picked":["Slimebound:OneTwoCombo","Slimebound:RallyTheTroops"],"picked":"Slimebound:MassFeed","floor":16},{"not_picked":["Slimebound:SamplingLick","Slimebound:FlameTackle"],"picked":"Slimebound:Chomp+1","floor":19},{"not_picked":["Slimebound:Prepare","Slimebound:SlimeTap+1"],"picked":"Slimebound:RainOfGoop","floor":20},{"not_picked":["Slimebound:LeadByExample","Slimebound:Chomp"],"picked":"Slimebound:MegaLick","floor":22},{"not_picked":["Slimebound:ComboTackle","Slimebound:SplitMire"],"picked":"Slimebound:Prepare","floor":25},{"not_picked":["Slimebound:SplitLeeching","Slimebound:LeechingTouch"],"picked":"Slimebound:ProtectTheBoss","floor":26},{"not_picked":["Slimebound:FinishingTackle","Slimebound:HauntingLick"],"picked":"Slimebound:WasteNot","floor":27},{"not_picked":["Slimebound:SplitBruiser","Slimebound:SlimeSpikes"],"picked":"Slimebound:LivingWall","floor":29},{"not_picked":["Slimebound:LeadByExample","Slimebound:GoopSpray+1"],"picked":"Slimebound:MassRepurpose","floor":30},{"not_picked":["Slimebound:Dissolve","Slimebound:SplitAcid"],"picked":"Slimebound:Replication","floor":31},{"not_picked":["Slimebound:Grow","Slimebound:GoopTackle"],"picked":"Slimebound:BestDefense","floor":32},{"not_picked":["Slimebound:SlimeSlap","Slimebound:CheckThePlaybook"],"picked":"Slimebound:DouseInSlime","floor":33},{"not_picked":["Slimebound:SlimeSpikes","Slimebound:FinishingTackle+1"],"picked":"Slimebound:SlimeBrawl+1","floor":36},{"not_picked":["Slimebound:Schlurp+1","Slimebound:SplitBruiser+1"],"picked":"Slimebound:MegaLick+1","floor":38},{"not_picked":["Slimebound:SplitMire","Slimebound:SamplingLick"],"picked":"Slimebound:SlimeSpikes+1","floor":39},{"not_picked":["Slimebound:Replication+1","Slimebound:SpikyOuterGoop+1"],"picked":"Slimebound:MinionMaster","floor":40},{"not_picked":["Slimebound:Equalize+1","Slimebound:Gluttony"],"picked":"Slimebound:RollThrough+1","floor":44},{"not_picked":["Slimebound:RollThrough","Slimebound:Replication"],"picked":"Slimebound:MassFeed","floor":45},{"not_picked":["Slimebound:Overexert","Slimebound:SpikyOuterGoop+1"],"picked":"Slimebound:ViciousTackle+1","floor":46},{"not_picked":["Slimebound:GoopTackle+1","Slimebound:SlimeSpikes"],"picked":"Slimebound:RainOfGoop","floor":48},{"not_picked":["Slimebound:ServeAndProtect","Slimebound:HauntingLick"],"picked":"Slimebound:AcidTongue","floor":49}],"player_experience":11201,"relics_obtained":[{"floor":7,"key":"Simple Rune"},{"floor":8,"key":"Replay:Kaleidoscope"},{"floor":10,"key":"Darkstone Periapt"},{"floor":13,"key":"Replay:Mystery Machine"},{"floor":17,"key":"Boot"},{"floor":17,"key":"Mirror"},{"floor":17,"key":"theForsaken:Kindling"},{"floor":24,"key":"Bird Faced Urn"},{"floor":27,"key":"Replay:Bottled Flurry"},{"floor":40,"key":"Blue Doll"},{"floor":40,"key":"MawBank"},{"floor":44,"key":"Grinning Jar"},{"floor":44,"key":"ReplayTheSpireMod:Lightbulb"}],"event_choices":[{"damage_healed":16,"gold_gain":0,"player_choice":"Healed and dodged fight","damage_taken":0,"max_hp_gain":0,"max_hp_loss":0,"event_name":"Mushrooms","floor":11,"gold_loss":0,"cards_obtained":["Parasite"]},{"cards_removed":["Slimebound:LevelUp"],"damage_healed":0,"gold_gain":0,"player_choice":"Removed Power","damage_taken":0,"max_hp_gain":0,"max_hp_loss":0,"event_name":"Falling","floor":43,"gold_loss":0}],"is_beta":false,"boss_relics":[{"not_picked":["Snecko Eye","Philosopher\u0027s Stone"],"picked":"Calling Bell"},{"not_picked":["SlaversCollar","Runic Pyramid"],"picked":"Black Star"}],"items_purged_floors":[],"is_endless":false,"potions_floor_spawned":[2,6,10,14,15,22,25,30,31,32,33,38,40,44,45],"ascension_level":0}}