{"host":"h5acbxt0wmjo1kpm","time":1613645981,"event":{"mods":["2.2 Compatiblity","Act Like it!","AlwaysNeverKeys","Aspiration","Bard","Bartender","BaseMod","Better Third Choice","Colored Map","Elementarium","Gensokyo","GifTheSpireLib","Hallownest","Marisa????????","Menagerie","Minty Spire (QoL Compilation)","Permanent Neow","Potionbrewer","Quick Restart","Relic Filter","Reliquary","Robot Space Explorer","Ruina","RumiaBox-????????","Shade Mod","Spicy Shops","StSLib","Strawberry Spire","The Blackbeard","The Dragon Tamer","The Gatherer","The Hayseed","The Problem Sleuth","The Servant 0.9.4","Wandering Minibosses","Wide Potions"],"gold_per_floor":[212,56,56,71,1,1,336,336,336,367,297,326,326,341,341,341,341,341],"floor_reached":16,"language":"ENG","playtime":1090,"items_purged":[],"score":165,"play_id":"8f2cb263-00fb-4fa9-920a-4db547960d5c","local_time":"20210218025941","is_ascension_mode":true,"campfire_choices":[{"data":"theSleuth:TakeInventory","floor":6,"key":"SMITH"},{"data":"theSleuth:WeighIn","floor":13,"key":"SMITH"},{"data":"theSleuth:CandyCane","floor":15,"key":"SMITH"}],"circlet_count":0,"master_deck":["AscendersBane","theSleuth:Strike","theSleuth:Strike","theSleuth:Strike","theSleuth:Strike","theSleuth:Defend+1","theSleuth:Defend","theSleuth:Defend+1","theSleuth:KeyHandgun","theSleuth:TakeInventory+1","theSleuth:Diplomacy","theSleuth:TruffleShuffle","Clumsy","theSleuth:CandyCane+1","theSleuth:FudgeDeck","theSleuth:WeighIn+1"],"relics":["theSleuth:Typewriter","Toolbox","Gensokyo:NagashiBinaDoll","Oddly Smooth Stone","strawberrySpire:ElefentMask","Gensokyo:Mercy","White_Cape"],"acts_visited":["Gensokyo:Gensokyo"],"potions_floor_usage":[10,16],"damage_taken":[{"damage":4,"enemies":"Gensokyo:Gryphon","floor":1,"turns":5},{"damage":13,"enemies":"Gensokyo:3_Fairies","floor":4,"turns":8},{"damage":6,"enemies":"Gensokyo:Mamizou","floor":7,"turns":8},{"damage":0,"enemies":"Gensokyo:Python","floor":10,"turns":2},{"damage":5,"enemies":"Gensokyo:Aya","floor":12,"turns":7},{"damage":0,"enemies":"Gensokyo:LivingMonolith","floor":14,"turns":2},{"damage":6,"enemies":"Gensokyo:Yukari","floor":16,"turns":7}],"seed_played":"5385621601525779886","potions_obtained":[{"floor":4,"key":"potionbrewer:AcidPotion"},{"floor":14,"key":"SkillPotion"}],"is_trial":false,"path_per_floor":["M","COS","?","M","?","R","E","?","T","M","?","E","R","M","R","B"],"character_chosen":"THE_sleuth","items_purchased":[],"campfire_rested":0,"item_purchase_floors":[],"current_hp_per_floor":[62,62,62,49,49,49,43,43,43,43,43,38,38,38,38,32,32,32],"gold":341,"neow_bonus":"HUNDRED_GOLD","is_daily":false,"chose_seed":false,"campfire_upgraded":3,"win_rate":0.0,"timestamp":1613645981,"path_taken":["M","COS","?","M","?","R","E","?","T","M","?","E","R","M","R","BOSS"],"items_purchased_type":[],"build_version":"2020-12-22","purchased_purges":0,"victory":false,"max_hp_per_floor":[73,73,73,73,73,73,73,73,73,73,73,73,73,73,73,73,73,73],"card_choices":[{"not_picked":["theSleuth:VictoryPose","theSleuth:Ignore"],"picked":"theSleuth:TruffleShuffle","floor":1},{"not_picked":["theSleuth:WilsonBust","theSleuth:TruffleShuffle"],"picked":"theSleuth:CandyCane","floor":4},{"not_picked":["theSleuth:KingpinBust","theSleuth:VictoryPose"],"picked":"theSleuth:BiteHardly","floor":7},{"not_picked":["theSleuth:SnoopDoggBust","theSleuth:Ignore"],"picked":"theSleuth:FudgeDeck","floor":10},{"not_picked":["theSleuth:VictoryPose","theSleuth:Taze"],"picked":"theSleuth:WeighIn","floor":12},{"not_picked":["theSleuth:Ignore","theSleuth:Unscale","theSleuth:BenStillerBust"],"picked":"SKIP","floor":14}],"player_experience":2278754,"relics_obtained":[{"floor":7,"key":"strawberrySpire:ElefentMask"},{"floor":12,"key":"White_Cape"}],"event_choices":[],"is_beta":false,"boss_relics":[],"items_purged_floors":[],"is_endless":false,"potions_floor_spawned":[4,14],"killed_by":"Gensokyo:Yukari","ascension_level":13}}