{"host":"xf2qgw60ouc7kuj7","time":1613614502,"event":{"mods":["100% Spire Juice","Act Like it!","BaseMod","Bestiary","Better Altar","Better Match","Better Note","Better Sensory Stone","Better Skull","Better Third Choice","Curses Come First","Dark Map","Friendly Minions","Gensokyo","Hallownest","HololiveMod","Marisa????????","Marked Mod","Minty Spire (QoL Compilation)","Quick Restart","Rare Cards Sparkle","Relic Stats","Reliquary","Ruina","StSLib","The Bug Knight","Waifu the Spire","everything is the same but u backflip on backflip"],"gold_per_floor":[109,121,121,134,153,153,153],"floor_reached":6,"language":"ENG","playtime":207,"items_purged":[],"score":38,"play_id":"e18c33a8-d71d-41a7-a294-c2cb9b022ceb","local_time":"20210217181502","is_ascension_mode":false,"campfire_choices":[],"circlet_count":0,"master_deck":["Moonworks:Strike","Moonworks:Strike","Moonworks:Strike","Moonworks:Defend","Moonworks:Defend","Moonworks:Defend","Moonworks:Defend","Moonworks:Ambush","Moonworks:LongDistanceShot","Moonworks:NicePresent","Moonworks:CloudOfSeagulls","Moonworks:CloudOfSeagulls","Moonworks:JonathanRush"],"relics":["Moonworks:BrokenBomb","Moonworks:Homemark","NeowsBlessing"],"acts_visited":["Exordium"],"potions_floor_usage":[5],"damage_taken":[{"damage":0,"enemies":"2 Louse","floor":1,"turns":1},{"damage":0,"enemies":"Cultist","floor":2,"turns":1},{"damage":0,"enemies":"Jaw Worm","floor":4,"turns":1},{"damage":43,"enemies":"Exordium Thugs","floor":5,"turns":7},{"damage":20,"enemies":"Lagavulin","floor":6,"turns":3}],"seed_played":"-19512584282694837","potions_obtained":[{"floor":2,"key":"LiquidMemories"}],"is_trial":false,"path_per_floor":["M","M","?","M","M","E"],"character_chosen":"THE_STARBREAKER","items_purchased":[],"campfire_rested":0,"item_purchase_floors":[],"current_hp_per_floor":[60,60,60,60,17,0,0],"gold":153,"neow_bonus":"THREE_ENEMY_KILL","is_daily":false,"chose_seed":false,"campfire_upgraded":0,"win_rate":0.0,"timestamp":1613614502,"path_taken":["M","M","?","?","M","E"],"items_purchased_type":[],"build_version":"2020-12-22","purchased_purges":0,"victory":false,"max_hp_per_floor":[60,60,60,60,60,60,60],"relic_stats":{"counters":[5,13],"obtain_stats":[{"NeowsBlessing":0,"Moonworks:Homemark":0,"Moonworks:BrokenBomb":0},{"NeowsBlessing":0,"Moonworks:Homemark":0,"Moonworks:BrokenBomb":0},{"NeowsBlessing":0,"Moonworks:Homemark":0,"Moonworks:BrokenBomb":0}]},"card_choices":[{"not_picked":["Moonworks:LulusLuckyEgg","Moonworks:Assault"],"picked":"Moonworks:NicePresent","floor":1},{"not_picked":["Moonworks:Flamethrower","Moonworks:DeployBits"],"picked":"Moonworks:CloudOfSeagulls","floor":2},{"not_picked":["Moonworks:DeployBits","Moonworks:LeapThroughSpace"],"picked":"Moonworks:CloudOfSeagulls","floor":4},{"not_picked":["Moonworks:CompletionReward","Moonworks:EvilSpyWorkPreparation"],"picked":"Moonworks:JonathanRush","floor":5}],"player_experience":290977,"relics_obtained":[],"event_choices":[{"cards_removed":["Moonworks:Strike"],"damage_healed":0,"gold_gain":0,"player_choice":"Card Removal","damage_taken":0,"max_hp_gain":0,"max_hp_loss":0,"event_name":"Wheel of Change","floor":3,"gold_loss":0}],"is_beta":false,"boss_relics":[],"items_purged_floors":[],"is_endless":false,"potions_floor_spawned":[2],"killed_by":"Lagavulin","ascension_level":0}}