{"host":"to2s10i0cynxbiqz","time":1613647127,"event":{"mods":["BaseMod","Colored Powertips","Minty Spire (QoL Compilation)","Quick Restart","StSLib"],"gold_per_floor":[13,25,36,36,48,79,94,94,94,94,94],"floor_reached":10,"language":"ZHS","playtime":375,"items_purged":[],"score":91,"play_id":"324d74d9-eaef-43b5-b279-746b4190e648","local_time":"20210218191847","is_ascension_mode":true,"campfire_choices":[{"floor":8.0,"key":"REST"}],"circlet_count":0,"master_deck":["Strike_R","Strike_R","Strike_R","Strike_R","Strike_R","Defend_R","Defend_R","Defend_R","Defend_R","Bash","Juggernaut","Seeing Red","Rage","Rage","Shockwave"],"relics":["Burning Blood","Unceasing Top","Art of War"],"acts_visited":["Exordium"],"potions_floor_usage":[],"damage_taken":[{"damage":3.0,"enemies":"Small Slimes","floor":1.0,"turns":4.0},{"damage":3.0,"enemies":"2 Louse","floor":2.0,"turns":3.0},{"damage":0.0,"enemies":"Cultist","floor":3.0,"turns":4.0},{"damage":2.0,"enemies":"Looter","floor":5.0,"turns":2.0},{"damage":30.0,"enemies":"3 Sentries","floor":6.0,"turns":8.0},{"damage":24.0,"enemies":"Exordium Thugs","floor":7.0,"turns":5.0},{"damage":41,"enemies":"Gremlin Nob","floor":10,"turns":5}],"seed_played":"-9159914352854366362","potions_obtained":[{"floor":1.0,"key":"DuplicationPotion"},{"floor":2.0,"key":"DistilledChaos"},{"floor":6.0,"key":"LiquidMemories"}],"is_trial":false,"path_per_floor":["M","M","M","?","M","E","M","R","T","E"],"character_chosen":"IRONCLAD","items_purchased":[],"campfire_rested":1,"item_purchase_floors":[],"current_hp_per_floor":[75,78,80,85,85,61,43,68,68,27,27],"gold":94,"neow_bonus":"THREE_RARE_CARDS","is_daily":false,"chose_seed":false,"campfire_upgraded":0,"win_rate":0.0,"timestamp":1613647127,"path_taken":["M","M","M","?","M","E","M","R","T","E"],"items_purchased_type":[],"build_version":"2020-12-22","purchased_purges":0,"victory":false,"max_hp_per_floor":[80,80,80,85,85,85,85,85,85,85,85],"card_choices":[{"not_picked":["Fiend Fire","Exhume"],"picked":"Juggernaut","floor":0.0},{"not_picked":["Heavy Blade","Reckless Charge"],"picked":"Seeing Red","floor":1.0},{"not_picked":["Wild Strike","Iron Wave","Sword Boomerang"],"picked":"SKIP","floor":2.0},{"not_picked":["Inflame","Twin Strike"],"picked":"Rage","floor":3.0},{"not_picked":["Clash","Blood for Blood","Perfected Strike"],"picked":"SKIP","floor":5.0},{"not_picked":["Headbutt","Pommel Strike"],"picked":"Rage","floor":6.0},{"not_picked":["Wild Strike","True Grit"],"picked":"Shockwave","floor":7.0}],"player_experience":251763,"relics_obtained":[{"floor":6.0,"key":"Unceasing Top"},{"floor":9.0,"key":"Art of War"}],"event_choices":[{"damage_healed":0.0,"max_hp_gain":5.0,"max_hp_loss":0.0,"gold_gain":0.0,"event_name":"Big Fish","player_choice":"Donut","floor":4.0,"gold_loss":0.0,"damage_taken":0.0}],"is_beta":false,"boss_relics":[],"items_purged_floors":[],"is_endless":false,"potions_floor_spawned":[1,2,6],"killed_by":"Gremlin Nob","ascension_level":6}}