{"host":"2yqfi47fogfu1ic4","time":1613689690,"event":{"mods":["AchievementEnabler","BaseMod","Colored Map","Colored Powertips","Highlight Path","Minty Spire (QoL Compilation)","Permanent Neow","Relic Stats","StSLib"],"gold_per_floor":[112,128,138,138,63,63,88,88,88,117,117,117,117,117],"floor_reached":13,"language":"DEU","playtime":762,"items_purged":["Regret"],"score":182,"play_id":"f40d817a-34ac-48e9-8dd1-32f2507b268d","local_time":"20210219000810","is_ascension_mode":true,"campfire_choices":[{"data":"Phantasmal Killer","floor":6,"key":"SMITH"},{"floor":8,"key":"REST"}],"circlet_count":0,"master_deck":["AscendersBane","Strike_G","Strike_G","Strike_G","Strike_G","Strike_G","Defend_G","Defend_G","Defend_G","Defend_G","Defend_G","Survivor","Neutralize","Phantasmal Killer+1","Crippling Poison+1","Flying Knee","Heel Hook","Sucker Punch","Masterful Stab"],"relics":["Ring of the Snake","Mummified Hand","Ornamental Fan","Toy Ornithopter","Incense Burner"],"acts_visited":["Exordium"],"potions_floor_usage":[7],"damage_taken":[{"damage":1,"enemies":"Small Slimes","floor":1,"turns":5},{"damage":0,"enemies":"Jaw Worm","floor":2,"turns":4},{"damage":7,"enemies":"Cultist","floor":3,"turns":5},{"damage":30,"enemies":"Lagavulin","floor":7,"turns":10},{"damage":23,"enemies":"3 Sentries","floor":10,"turns":13},{"damage":22,"enemies":"Gremlin Nob","floor":13,"turns":3}],"seed_played":"9128960052886561310","potions_obtained":[{"floor":2,"key":"Poison Potion"},{"floor":3,"key":"Dexterity Potion"}],"is_trial":false,"path_per_floor":["M","M","M","?","$","R","E","R","T","E","?","?","E"],"character_chosen":"THE_SILENT","items_purchased":[],"campfire_rested":1,"item_purchase_floors":[],"current_hp_per_floor":[58,58,51,51,51,51,21,39,39,16,16,16,0,0],"gold":117,"neow_bonus":"THREE_RARE_CARDS","is_daily":false,"chose_seed":false,"campfire_upgraded":1,"win_rate":0.0,"timestamp":1613689690,"path_taken":["M","M","M","?","$","R","E","R","T","E","?","?","E"],"items_purchased_type":[],"build_version":"2020-12-22","purchased_purges":1,"victory":false,"max_hp_per_floor":[60,60,60,60,60,60,60,60,60,60,60,60,60,60],"relic_stats":{"counters":[6,40],"Mummified Hand":[0],"Ornamental Fan":[12],"obtain_stats":[{"Mummified Hand":4,"Ornamental Fan":7,"Incense Burner":10,"Toy Ornithopter":9,"Ring of the Snake":0},{"Mummified Hand":3,"Ornamental Fan":4,"Incense Burner":5,"Toy Ornithopter":4,"Ring of the Snake":0},{"Mummified Hand":14,"Ornamental Fan":24,"Incense Burner":37,"Toy Ornithopter":24,"Ring of the Snake":0}],"Toy Ornithopter":0,"Ring of the Snake":[12]},"card_choices":[{"not_picked":["Doppelganger","Venomology"],"picked":"Phantasmal Killer","floor":0},{"not_picked":["Deflect","Noxious Fumes"],"picked":"Crippling Poison","floor":1},{"not_picked":["Prepared","Tactician"],"picked":"Flying Knee","floor":2},{"not_picked":["Deflect","Footwork"],"picked":"Heel Hook","floor":3},{"not_picked":["Dodge and Roll","Calculated Gamble"],"picked":"Sucker Punch","floor":7},{"not_picked":["Catalyst","Reflex"],"picked":"Masterful Stab","floor":10}],"player_experience":1880926,"relics_obtained":[{"floor":7,"key":"Ornamental Fan"},{"floor":9,"key":"Toy Ornithopter"},{"floor":10,"key":"Incense Burner"}],"event_choices":[{"damage_healed":0,"gold_gain":0,"player_choice":"Box","damage_taken":0,"relics_obtained":["Mummified Hand"],"max_hp_gain":0,"max_hp_loss":0,"event_name":"Big Fish","floor":4,"gold_loss":0,"cards_obtained":["Regret"]},{"damage_healed":0,"gold_gain":0,"player_choice":"Searched \u00271\u0027 times","damage_taken":0,"max_hp_gain":0,"max_hp_loss":0,"event_name":"Dead Adventurer","floor":11,"gold_loss":0},{"damage_healed":0,"gold_gain":0,"player_choice":"Forge","damage_taken":0,"max_hp_gain":0,"max_hp_loss":0,"event_name":"Accursed Blacksmith","floor":12,"gold_loss":0,"cards_upgraded":["Crippling Poison"]}],"is_beta":false,"boss_relics":[],"items_purged_floors":[5],"is_endless":false,"potions_floor_spawned":[2,3],"killed_by":"Gremlin Nob","ascension_level":20}}