{"host":"gyvm9iplrwbfzexe","time":1613611850,"event":{"mods":["BaseMod","Minty Spire (QoL Compilation)","StSLib","The Cursed"],"gold_per_floor":[119,119,135,135,100,100,125,125,206,224,194,1,176,186,186,289,289,303,231,231,248,261,287,287,306,306,331,350,350,370,381,381,483,483,494,769,644,658,658,658,690,704,704,704,213,231,249,263,263,263],"floor_reached":51,"language":"ENG","playtime":4859,"items_purged":["TheCursedMod:Strike_TheCursed","TheCursedMod:Mangle","TheCursedMod:ShockAndAwe"],"score":769,"play_id":"f348aaf3-3634-497a-98bc-1554081ad780","local_time":"20210217193050","is_ascension_mode":false,"campfire_choices":[{"data":"TheCursedMod:LuckyCharm","floor":6,"key":"SMITH"},{"data":"TheCursedMod:SpitefulPlan","floor":8,"key":"SMITH"},{"data":"TheCursedMod:CleanUpWorkshop","floor":15,"key":"SMITH"},{"floor":29,"key":"REST"},{"floor":32,"key":"REST"},{"floor":40,"key":"REST"},{"data":"TheCursedMod:HellfireBreathing","floor":44,"key":"SMITH"},{"floor":49,"key":"REST"}],"circlet_count":0,"master_deck":["TheCursedMod:Strike_TheCursed","TheCursedMod:Strike_TheCursed","TheCursedMod:Defend_TheCursed","TheCursedMod:Defend_TheCursed","TheCursedMod:Defend_TheCursed","TheCursedMod:Defend_TheCursed","TheCursedMod:CursedWand+1","TheCursedMod:CleanUpWorkshop+1","TheCursedMod:Dregs","TheCursedMod:Stigma+1","TheCursedMod:LuckyCharm+1","TheCursedMod:SpitefulPlan+1","TheCursedMod:WearCloak","TheCursedMod:VoidForm","Doubt","TheCursedMod:AshesToAshes","TheCursedMod:CursedBlade","TheCursedMod:StunningStrike","TheCursedMod:CursedAmulet","TheCursedMod:HellfireBreathing+1","TheCursedMod:TroublousMinions","TheCursedMod:Neurasthenia","Shame","Pain","TheCursedMod:Evocation+1","TheCursedMod:WearCloak","Panache","TheCursedMod:Hemoplague","TheCursedMod:SpitefulStrike+1"],"relics":["TheCursedMod:BlackMagic101","NeowsBlessing","Happy Flower","Ancient Tea Set","Kunai","Membership Card","Cursed Key","Orrery","Molten Egg 2","Question Card","Bottled Lightning","Omamori","SlaversCollar","Sling","Lizard Tail","Mango","Mummified Hand","Letter Opener"],"acts_visited":["Exordium","TheCity","TheBeyond"],"potions_floor_usage":[16,27,28,31,33,35,47,50],"damage_taken":[{"damage":0,"enemies":"Jaw Worm","floor":1,"turns":1},{"damage":0,"enemies":"Small Slimes","floor":3,"turns":1},{"damage":0,"enemies":"Lagavulin","floor":7,"turns":1},{"damage":0,"enemies":"Cultist","floor":10,"turns":3},{"damage":0,"enemies":"Looter","floor":11,"turns":4},{"damage":5,"enemies":"3 Louse","floor":14,"turns":4},{"damage":27,"enemies":"Slime Boss","floor":16,"turns":10},{"damage":12,"enemies":"Shell Parasite","floor":18,"turns":3},{"damage":1,"enemies":"Chosen","floor":21,"turns":3},{"damage":2,"enemies":"3 Cultists","floor":22,"turns":5},{"damage":12,"enemies":"Book of Stabbing","floor":23,"turns":5},{"damage":0,"enemies":"Cultist and Chosen","floor":25,"turns":5},{"damage":22,"enemies":"Slavers","floor":27,"turns":4},{"damage":9,"enemies":"Sentry and Sphere","floor":28,"turns":4},{"damage":10,"enemies":"Centurion and Healer","floor":30,"turns":5},{"damage":26,"enemies":"Snake Plant","floor":31,"turns":4},{"damage":9,"enemies":"Automaton","floor":33,"turns":8},{"damage":15,"enemies":"3 Shapes","floor":35,"turns":6},{"damage":24,"enemies":"3 Darklings","floor":38,"turns":6},{"damage":19,"enemies":"Giant Head","floor":41,"turns":7},{"damage":6,"enemies":"Writhing Mass","floor":42,"turns":5},{"damage":30,"enemies":"4 Shapes","floor":46,"turns":7},{"damage":38,"enemies":"Transient","floor":47,"turns":5},{"damage":16,"enemies":"Maw","floor":48,"turns":6},{"damage":42,"enemies":"Awakened One","floor":50,"turns":8}],"seed_played":"-7924744432591160918","potions_obtained":[{"floor":3,"key":"Dexterity Potion"},{"floor":7,"key":"SteroidPotion"},{"floor":16,"key":"ColorlessPotion"},{"floor":18,"key":"SmokeBomb"},{"floor":21,"key":"EssenceOfSteel"},{"floor":28,"key":"PowerPotion"},{"floor":31,"key":"AttackPotion"},{"floor":38,"key":"Explosive Potion"},{"floor":47,"key":"Strength Potion"},{"floor":48,"key":"EssenceOfSteel"}],"is_trial":false,"path_per_floor":["M","?","M","?","?","R","E","R","T","M","M","$","?","M","R","B",null,"M","$","?","M","M","E","?","M","T","E","M","R","M","M","R","B",null,"M","?","$","M","?","R","E","M","T","R","$","M","M","M","R","B",null],"character_chosen":"THE_CURSED","items_purchased":["Membership Card","Orrery","Sling","Mummified Hand","Letter Opener","Panache","FairyPotion","TheCursedMod:Hemoplague"],"campfire_rested":4,"item_purchase_floors":[12,19,37,45,45,45,45,45],"current_hp_per_floor":[75,42,42,27,45,45,45,45,45,45,45,45,45,40,40,13,75,63,63,63,62,60,48,48,48,48,26,17,39,29,3,25,16,75,60,60,60,36,36,58,39,33,47,47,47,17,26,10,36,44],"gold":263,"neow_bonus":"THREE_ENEMY_KILL","is_daily":false,"chose_seed":false,"campfire_upgraded":4,"win_rate":0.0,"timestamp":1613611850,"path_taken":["M","?","M","?","?","R","E","R","T","M","M","?","?","M","R","BOSS","M","$","?","M","?","E","?","M","T","E","M","R","M","M","R","BOSS","M","?","?","M","?","R","E","M","T","R","$","?","M","M","R","BOSS"],"items_purchased_type":["Relic","Relic","Relic","Relic","Relic","Card","Potion","Card"],"build_version":"2020-12-22","purchased_purges":3,"victory":true,"max_hp_per_floor":[75,75,75,75,75,75,75,75,75,75,75,75,75,75,75,75,75,75,75,75,75,75,75,75,75,75,75,75,75,75,75,75,75,75,75,75,75,75,75,75,75,75,89,89,89,89,89,89,89,89],"card_choices":[{"not_picked":["TheCursedMod:SurpriseAttack","TheCursedMod:CircleOfBlood"],"picked":"TheCursedMod:Stigma","floor":1},{"not_picked":["TheCursedMod:CursedShiv","TheCursedMod:FleshFromBone"],"picked":"TheCursedMod:LuckyCharm","floor":3},{"not_picked":["TheCursedMod:WearCloak","TheCursedMod:Stigma"],"picked":"TheCursedMod:SpitefulPlan","floor":7},{"not_picked":["TheCursedMod:Torture","TheCursedMod:DoubleShield"],"picked":"TheCursedMod:WearCloak","floor":10},{"not_picked":["TheCursedMod:RavingStaff","TheCursedMod:Hemoplague"],"picked":"TheCursedMod:VoidForm","floor":11},{"not_picked":["TheCursedMod:TacticalStrike","TheCursedMod:Torture"],"picked":"TheCursedMod:AshesToAshes","floor":14},{"not_picked":["TheCursedMod:CursedRelics","TheCursedMod:DemonSword"],"picked":"TheCursedMod:ShockAndAwe","floor":16},{"not_picked":["TheCursedMod:CursedBoomerang","TheCursedMod:VitalStrike"],"picked":"TheCursedMod:CursedBlade","floor":18},{"not_picked":["TheCursedMod:LuckyCharm","TheCursedMod:CircleOfFocus"],"picked":"TheCursedMod:StunningStrike","floor":19},{"not_picked":["TheCursedMod:SoulCrush","TheCursedMod:SoulReap"],"picked":"TheCursedMod:CursedAmulet","floor":19},{"not_picked":["TheCursedMod:VitalStrike","TheCursedMod:EmpowerCircles"],"picked":"TheCursedMod:HellsGateOpen","floor":19},{"not_picked":["TheCursedMod:FleshFromBone+1","TheCursedMod:RapidMovement"],"picked":"TheCursedMod:HellfireBreathing","floor":19},{"not_picked":["TheCursedMod:RapidMovement+1","TheCursedMod:SurpriseAttack"],"picked":"TheCursedMod:TroublousMinions","floor":19},{"not_picked":["TheCursedMod:CursedMace","TheCursedMod:BloodBarrier","TheCursedMod:CursedStaff+1"],"picked":"SKIP","floor":21},{"not_picked":["TheCursedMod:ReleasedKnowledge","TheCursedMod:FleshFromBone"],"picked":"TheCursedMod:Mangle","floor":22},{"not_picked":["TheCursedMod:VitalStrike+1","TheCursedMod:ReleasedKnowledge"],"picked":"TheCursedMod:Neurasthenia","floor":23},{"not_picked":["TheCursedMod:FleshFromBone","TheCursedMod:VitalStrike+1","TheCursedMod:CursedBlade+1","TheCursedMod:CursedMace+1"],"picked":"SKIP","floor":25},{"not_picked":["TheCursedMod:TacticalStrike+1","TheCursedMod:StingEye+1","TheCursedMod:VitalStrike+1","TheCursedMod:ReleasedKnowledge"],"picked":"SKIP","floor":27},{"not_picked":["TheCursedMod:RavingStaff+1","TheCursedMod:AshesToAshes","TheCursedMod:SpitefulPlan","TheCursedMod:BloodBarrier"],"picked":"SKIP","floor":28},{"not_picked":["TheCursedMod:CursedBlade+1","TheCursedMod:FuryStrike+1","TheCursedMod:Obscuration+1","TheCursedMod:Grudge"],"picked":"SKIP","floor":30},{"not_picked":["TheCursedMod:HellsGateOpen","TheCursedMod:CircleOfCorruption+1","TheCursedMod:RavingStaff+1","TheCursedMod:Hemoplague"],"picked":"SKIP","floor":31},{"not_picked":["TheCursedMod:SmokeScreen","TheCursedMod:SurpriseAttack+1","TheCursedMod:CursedAmulet","TheCursedMod:CircleOfFlame+1"],"picked":"SKIP","floor":35},{"not_picked":["TheCursedMod:BloodBarrier","TheCursedMod:CursedAmulet+1","TheCursedMod:SpitefulPlan","TheCursedMod:CircleOfFlame+1"],"picked":"SKIP","floor":38},{"not_picked":["TheCursedMod:ShockAndAwe+1","TheCursedMod:StingEye+1","TheCursedMod:VitalStrike+1"],"picked":"TheCursedMod:Evocation+1","floor":41},{"not_picked":["TheCursedMod:Stretching+1","TheCursedMod:CursedMace+1","TheCursedMod:BloodBarrier"],"picked":"TheCursedMod:WearCloak","floor":42},{"not_picked":["TheCursedMod:Obscuration","TheCursedMod:SmokeScreen","TheCursedMod:RapidMovement+1","TheCursedMod:FleshFromBone"],"picked":"SKIP","floor":46},{"not_picked":["TheCursedMod:Stretching","TheCursedMod:Grudge","TheCursedMod:CursedShiv+1","TheCursedMod:CircleOfFlame+1"],"picked":"SKIP","floor":47},{"not_picked":["TheCursedMod:SurpriseAttack+1","TheCursedMod:CursedBlade+1","TheCursedMod:CircleOfAbyss"],"picked":"TheCursedMod:SpitefulStrike+1","floor":48}],"player_experience":59516,"relics_obtained":[{"floor":7,"key":"Ancient Tea Set"},{"floor":9,"key":"Kunai"},{"floor":23,"key":"Molten Egg 2"},{"floor":26,"key":"Bottled Lightning"},{"floor":27,"key":"Omamori"},{"floor":41,"key":"Lizard Tail"},{"floor":43,"key":"Mango"}],"event_choices":[{"damage_healed":0,"gold_gain":0,"player_choice":"Success","damage_taken":33,"relics_obtained":["Happy Flower"],"max_hp_gain":0,"max_hp_loss":0,"event_name":"Scrap Ooze","floor":2,"gold_loss":0},{"damage_healed":0,"gold_gain":0,"player_choice":"Entered Light","damage_taken":15,"max_hp_gain":0,"max_hp_loss":0,"event_name":"Shining Light","floor":4,"gold_loss":0,"cards_upgraded":["TheCursedMod:CursedWand","TheCursedMod:Stigma"]},{"damage_healed":18,"gold_gain":0,"player_choice":"Healed","damage_taken":0,"max_hp_gain":0,"max_hp_loss":0,"event_name":"The Cleric","floor":5,"gold_loss":35},{"damage_healed":0,"gold_gain":175,"player_choice":"AGREE","damage_taken":0,"max_hp_gain":0,"max_hp_loss":0,"event_name":"Liars Game","floor":13,"gold_loss":0,"cards_obtained":["Doubt"]},{"cards_removed":["TheCursedMod:Strike_TheCursed"],"damage_healed":0,"gold_gain":0,"player_choice":"Purged","damage_taken":0,"max_hp_gain":0,"max_hp_loss":0,"event_name":"Purifier","floor":20,"gold_loss":0},{"damage_healed":0,"gold_gain":0,"player_choice":"Stole Relic","damage_taken":0,"relics_obtained":["Question Card"],"max_hp_gain":0,"max_hp_loss":0,"event_name":"Addict","floor":24,"gold_loss":0,"cards_obtained":["Shame"]},{"damage_healed":0,"gold_gain":275,"player_choice":"Desecrate","damage_taken":0,"max_hp_gain":0,"max_hp_loss":0,"event_name":"Golden Shrine","floor":36,"gold_loss":0,"cards_obtained":["Regret"]},{"cards_removed":["TheCursedMod:HellsGateOpen"],"damage_healed":0,"gold_gain":0,"player_choice":"Purged","damage_taken":0,"max_hp_gain":0,"max_hp_loss":0,"event_name":"Purifier","floor":39,"gold_loss":0}],"is_beta":false,"boss_relics":[{"not_picked":["Pandora\u0027s Box","Busted Crown"],"picked":"Cursed Key"},{"not_picked":["Fusion Hammer","Sozu"],"picked":"SlaversCollar"}],"items_purged_floors":[12,37,45],"is_endless":false,"potions_floor_spawned":[3,7,16,18,21,22,28,31,38,47,48],"ascension_level":0}}