{"host":"9eojso4kl4lidi9b","time":1613613181,"event":{"mods":["BaseMod","Beaked The Cultist","Better Skull","Colored Map","Colored Powertips","Conspire","Downfall","GifTheSpireLib","Minty Spire (QoL Compilation)","Random Character Button","Small Relic Pack","StSLib","Stuff the Spire","The Blackbeard","The Necromancer","The Poker Player","The Wild Card","Trackpad","Unceasing Turn Reminder","Yuri Mod"],"gold_per_floor":[109,109,19,19,36,36,47,47,70,83,83,83,116,129,129,231,281,294,312,312,312,329,329,347,347,371,371,400,400,413,448,448,545,545,561,611,621,621,631,631,631,631],"floor_reached":40,"language":"ENG","playtime":1991,"items_purged":[],"score":526,"play_id":"6488defd-c52b-459d-a8b6-f46b12ce3576","local_time":"20210217195301","is_ascension_mode":false,"metric_token":1298,"campfire_choices":[{"data":"Mind Blast","floor":6,"key":"SMITH"},{"data":"PokerPlayerMod:TrumpStrike","floor":8,"key":"SMITH"},{"data":"PokerPlayerMod:VarietyAttack","floor":15,"key":"SMITH"},{"floor":23,"key":"REST"},{"data":"PokerPlayerMod:Mulligan","floor":29,"key":"SMITH"},{"data":"PokerPlayerMod:ItsShowtime","floor":32,"key":"SMITH"}],"circlet_count":0,"master_deck":["PokerPlayerMod:Diamond1","PokerPlayerMod:Diamond2","PokerPlayerMod:Diamond4","PokerPlayerMod:Diamond4","PokerPlayerMod:Diamond5","PokerPlayerMod:Spade1","PokerPlayerMod:Spade2","PokerPlayerMod:Spade3","PokerPlayerMod:Spade4","PokerPlayerMod:Club1","PokerPlayerMod:Club3","PokerPlayerMod:Heart2","PokerPlayerMod:TrumpStrike+1","PokerPlayerMod:BadJoker","PokerPlayerMod:Mulligan+1","PokerPlayerMod:Club2","Mind Blast+1","PokerPlayerMod:SpadeStrike+1","PokerPlayerMod:ClubDance","PokerPlayerMod:Raise","PokerPlayerMod:Mulligan+1","PokerPlayerMod:SpadeStrike","PokerPlayerMod:VarietyAttack+1","PokerPlayerMod:Club3","PokerPlayerMod:Spade10+","PokerPlayerMod:Heart8","PokerPlayerMod:DiamondStrike","PokerPlayerMod:ClubStrike","PokerPlayerMod:ItsShowtime+1","PokerPlayerMod:Diamond5","PokerPlayerMod:ClubsClub+1","PokerPlayerMod:Club4","PokerPlayerMod:FlyingCard+1","PokerPlayerMod:Diamond10+","PokerPlayerMod:Club3","PokerPlayerMod:Diamond3","PokerPlayerMod:ClubsClub+1","PokerPlayerMod:ClubsClub"],"relics":["PokerPlayerMod:DeckCase","Whetstone","Bag of Preparation","Tiny House","relicPack:OneForAll","Bronze Scales","Du-Vu Doll","trackpad:Mousetrap","Fusion Hammer","Turnip","Vajra"],"acts_visited":["Exordium","TheCity","TheBeyond"],"potions_floor_usage":[13,13,31,35,36,40],"damage_taken":[{"damage":0,"enemies":"Small Slimes","floor":1,"turns":1},{"damage":0,"enemies":"2 Louse","floor":5,"turns":1},{"damage":0,"enemies":"Jaw Worm","floor":7,"turns":2},{"damage":0,"enemies":"Exordium Thugs","floor":10,"turns":2},{"damage":0,"enemies":"3 Sentries","floor":13,"turns":1},{"damage":0,"enemies":"Large Slime","floor":14,"turns":2},{"damage":32,"enemies":"Hexaghost","floor":16,"turns":9},{"damage":2,"enemies":"Shell Parasite","floor":18,"turns":2},{"damage":0,"enemies":"2 Thieves","floor":19,"turns":2},{"damage":1,"enemies":"Snake Plant","floor":22,"turns":2},{"damage":8,"enemies":"Chosen and Byrds","floor":24,"turns":3},{"damage":2,"enemies":"Slavers","floor":28,"turns":3},{"damage":4,"enemies":"Cultist and Chosen","floor":30,"turns":3},{"damage":0,"enemies":"conspire:Head Lice","floor":31,"turns":3},{"damage":24,"enemies":"conspire:MysteriousRune","floor":33,"turns":6},{"damage":3,"enemies":"3 Darklings","floor":35,"turns":2},{"damage":28,"enemies":"Mind Bloom Boss Battle","floor":36,"turns":4},{"damage":0,"enemies":"3 Shapes","floor":37,"turns":2},{"damage":0,"enemies":"Sphere and 2 Shapes","floor":39,"turns":3},{"damage":61,"enemies":"Giant Head","floor":40,"turns":7}],"seed_played":"-8400751286884300539","potions_obtained":[{"floor":7,"key":"Slimebound:ThreeZeroPotion"},{"floor":10,"key":"ColorlessPotion"},{"floor":14,"key":"Explosive Potion"},{"floor":17,"key":"ColorlessPotion"},{"floor":18,"key":"sneckomod:MuddlingPotion"},{"floor":22,"key":"Block Potion"},{"floor":24,"key":"Energy Potion"},{"floor":36,"key":"PowerPotion"}],"is_trial":false,"path_per_floor":["M","?","$","?","M","R","M","R","T","M","$","?","E","M","R","B",null,"M","M","?","?","M","R","M","?","T","?","E","R","M","E","R","B",null,"M","?","M","T","M","E"],"character_chosen":"THE_POKER_PLAYER","items_purchased":["Mind Blast"],"campfire_rested":1,"item_purchase_floors":[3],"current_hp_per_floor":[57,57,57,46,46,46,50,50,50,54,54,54,54,56,56,29,62,60,62,62,51,50,67,67,67,67,67,65,65,67,67,67,54,67,64,41,41,41,49,0,0,0],"gold":631,"neow_bonus":"TEN_PERCENT_HP_BONUS","is_daily":false,"chose_seed":false,"campfire_upgraded":5,"win_rate":0.0,"timestamp":1613613181,"path_taken":["M","?","$","?","M","R","M","R","T","?","?","?","E","?","R","BOSS","M","M","?","?","M","R","M","?","T","?","E","R","M","E","R","BOSS","M","?","M","?","M","E"],"items_purchased_type":["Card"],"build_version":"2020-12-22","purchased_purges":0,"victory":false,"max_hp_per_floor":[57,57,57,57,57,57,57,57,57,57,57,57,57,57,57,57,62,62,62,62,67,67,67,67,67,67,67,67,67,67,67,67,67,67,67,67,67,67,67,67,67,67],"card_choices":[{"not_picked":["PokerPlayerMod:Diamond2","PokerPlayerMod:Diamond1"],"picked":"PokerPlayerMod:Club2","floor":1},{"not_picked":["PokerPlayerMod:Diamond2","PokerPlayerMod:Sharpen"],"picked":"PokerPlayerMod:SpadeStrike","floor":5},{"not_picked":["PokerPlayerMod:MagicTrick","PokerPlayerMod:Diamond6"],"picked":"PokerPlayerMod:ClubDance","floor":7},{"not_picked":["PokerPlayerMod:Harden","PokerPlayerMod:Diamond2"],"picked":"PokerPlayerMod:Raise","floor":10},{"not_picked":["PokerPlayerMod:Spade4","PokerPlayerMod:MagicTrick"],"picked":"PokerPlayerMod:Club3","floor":13},{"not_picked":["PokerPlayerMod:Spade1","PokerPlayerMod:Diamond3"],"picked":"PokerPlayerMod:SpadeStrike","floor":14},{"not_picked":["PokerPlayerMod:Spade7","PokerPlayerMod:Spade9"],"picked":"PokerPlayerMod:Spade10+","floor":16},{"not_picked":["PokerPlayerMod:Fold","PokerPlayerMod:Configure"],"picked":"PokerPlayerMod:CardBurn","floor":17},{"not_picked":["PokerPlayerMod:Diamond1","PokerPlayerMod:Trickery+1"],"picked":"PokerPlayerMod:Heart8","floor":18},{"not_picked":["PokerPlayerMod:Diamond1","PokerPlayerMod:Heart1"],"picked":"PokerPlayerMod:DiamondStrike","floor":19},{"not_picked":["PokerPlayerMod:Spade3","PokerPlayerMod:MagicTrick"],"picked":"PokerPlayerMod:Diamond5","floor":22},{"not_picked":["PokerPlayerMod:StackedDeck","PokerPlayerMod:Spade2"],"picked":"PokerPlayerMod:ClubsClub+1","floor":24},{"not_picked":["PokerPlayerMod:Manipulation","PokerPlayerMod:Harden","PokerPlayerMod:Spade4"],"picked":"SKIP","floor":28},{"not_picked":["PokerPlayerMod:Raise","PokerPlayerMod:HiddenCard"],"picked":"PokerPlayerMod:Club4","floor":30},{"not_picked":["PokerPlayerMod:Diamond1","PokerPlayerMod:Spade6"],"picked":"PokerPlayerMod:FlyingCard+1","floor":31},{"not_picked":["PokerPlayerMod:Spade10+","PokerPlayerMod:VarietyAttack"],"picked":"PokerPlayerMod:Diamond10+","floor":33},{"not_picked":["PokerPlayerMod:Spade4","PokerPlayerMod:CardBurn"],"picked":"PokerPlayerMod:Club3","floor":35},{"not_picked":["PokerPlayerMod:RiskyBet+1","PokerPlayerMod:Diamond2"],"picked":"PokerPlayerMod:Diamond3","floor":36},{"not_picked":["PokerPlayerMod:Manipulation","PokerPlayerMod:HiddenCard+1"],"picked":"PokerPlayerMod:ClubsClub+1","floor":37},{"not_picked":["PokerPlayerMod:Diamond3","PokerPlayerMod:Spade4"],"picked":"PokerPlayerMod:ClubsClub","floor":39}],"player_experience":1101563,"relics_obtained":[{"floor":9,"key":"Whetstone"},{"floor":13,"key":"Bag of Preparation"},{"floor":26,"key":"Bronze Scales"},{"floor":28,"key":"Du-Vu Doll"},{"floor":31,"key":"trackpad:Mousetrap"},{"floor":36,"key":"Turnip"},{"floor":38,"key":"Vajra"}],"event_choices":[{"damage_healed":0,"gold_gain":0,"player_choice":"Entered Light","damage_taken":11,"max_hp_gain":0,"max_hp_loss":0,"event_name":"Shining Light","floor":4,"gold_loss":0,"cards_upgraded":["PokerPlayerMod:Mulligan","PokerPlayerMod:Diamond4"]},{"damage_healed":0,"gold_gain":0,"player_choice":"3 cards matched","damage_taken":0,"max_hp_gain":0,"max_hp_loss":0,"event_name":"Match and Keep!","floor":12,"gold_loss":0,"cards_obtained":["PokerPlayerMod:Mulligan","PokerPlayerMod:SpadeStrike","PokerPlayerMod:VarietyAttack"]},{"damage_healed":0,"gold_gain":0,"cards_transformed":["PokerPlayerMod:SpadeStrike","PokerPlayerMod:CardBurn"],"player_choice":"Became Test Subject","damage_taken":0,"max_hp_gain":0,"max_hp_loss":0,"event_name":"Drug Dealer","floor":20,"gold_loss":0,"cards_obtained":["PokerPlayerMod:ClubStrike","PokerPlayerMod:ItsShowtime"]},{"damage_healed":0,"gold_gain":0,"player_choice":"Shed Blood","damage_taken":16,"max_hp_gain":5,"max_hp_loss":0,"event_name":"Forgotten Altar","floor":21,"gold_loss":0},{"damage_healed":0,"gold_gain":0,"player_choice":"Leave","damage_taken":0,"max_hp_gain":0,"max_hp_loss":0,"event_name":"conspire:Investor","floor":27,"gold_loss":0},{"damage_healed":0,"gold_gain":0,"player_choice":"Fight","damage_taken":0,"max_hp_gain":0,"max_hp_loss":0,"event_name":"MindBloom","floor":36,"gold_loss":0}],"is_beta":false,"boss_relics":[{"not_picked":["conspire:SlowCooker","relicPack:ShieldShield"],"picked":"Tiny House"},{"not_picked":["Runic Dome","Coffee Dripper"],"picked":"Fusion Hammer"}],"items_purged_floors":[],"is_endless":false,"potions_floor_spawned":[7,10,14,18,22,24,28,36],"killed_by":"Giant Head","ascension_level":0}}