{"host":"xbs6xfa3tvu21mfl","time":1613652226,"event":{"mods":["BaseMod","Koishi","Minty Spire (QoL Compilation)","Quick Restart","Remilia£®¿Ÿ√◊¿Ú—«£©","StSLib","Yuyuko"],"gold_per_floor":[109,109,119,137,137,164,196,230,230,263,18,48,77,104,104,205,205,217,132,132,202,233,262,288,288,313,341,47,47,75,108,108,208,208,227,227,254,289,29,29,29,29,29,63,77,77,77,104,104,104],"floor_reached":51,"language":"ZHS","playtime":3420,"items_purged":["Koishi:ReleaseOfTheId","Koishi:BloodcurdlingScream"],"score":1202,"play_id":"62f599c0-448c-4436-bf77-5953f6f75ce0","local_time":"20210218204346","daily_mods":["SealedDeck","Heirloom","Time Dilation","Flight","DeadlyEvents","Elite Swarm"],"is_ascension_mode":false,"campfire_choices":[{"data":"Koishi:TerrifyingSpectre","floor":15.0,"key":"SMITH"},{"data":"Koishi:ImGoingToCallYouNow","floor":25.0,"key":"SMITH"},{"data":"Koishi:LastRemote","floor":29.0,"key":"PURGE"},{"data":"Koishi:TerrifyingSpectre","floor":32.0,"key":"SMITH"},{"data":"Pain","floor":40.0,"key":"PURGE"},{"data":"Koishi:SuperEgo+1","floor":41.0,"key":"PURGE"},{"data":"Koishi:Catatonia+1","floor":42.0,"key":"PURGE"},{"data":"Koishi:ConfinedInnocent","floor":46.0,"key":"SMITH"},{"data":"Koishi:PerfectMindControl","floor":49.0,"key":"SMITH"}],"circlet_count":0,"master_deck":["Koishi:CatchAndRose","Koishi:EmbersOfLove","Koishi:YoukaiPolygraph","Koishi:JumpScare","Koishi:RacingHeart","Koishi:DreadfulBlow","Koishi:FourthEye","Koishi:SilentAndRestless+1","Koishi:Ego","Koishi:RuptureMind+1","Koishi:MentalBreakdown+1","Koishi:ImGoingToCallYouNow","Koishi:TerrifyingSpectre+1","Koishi:TerrifyingSpectre+1","Koishi:MindNumbingTerror+1","Koishi:ImGoingToCallYouNow+1","Koishi:GrowingPain+1","Koishi:ImGoingToCallYouNow","Koishi:PerfectMindControl+1","Koishi:MindNumbingTerror+1","Koishi:ConfinedInnocent+1"],"relics":["Koishi:ImaginaryFriend","FossilizedHelix","Molten Egg 2","Turnip","Calipers","Bird Faced Urn","Bottled Tornado","Singing Bowl","Bottled Lightning","Gambling Chip","Ancient Tea Set","Coffee Dripper","The Courier","Pantograph","Pocketwatch","Centennial Puzzle","Potion Belt","PreservedInsect","Darkstone Periapt","Peace Pipe","Blue Candle","Vajra","SlaversCollar","WarpedTongs","Omamori","Bag of Marbles","Happy Flower","Koishi:AHoleWhereASisterShouldBe","TungstenRod","Torii"],"acts_visited":["Exordium","TheCity","TheBeyond"],"potions_floor_usage":[],"damage_taken":[{"damage":0.0,"enemies":"Jaw Worm","floor":1.0,"turns":2.0},{"damage":0.0,"enemies":"Cultist","floor":3.0,"turns":2.0},{"damage":0.0,"enemies":"Small Slimes","floor":4.0,"turns":2.0},{"damage":0.0,"enemies":"Gremlin Nob","floor":6.0,"turns":3.0},{"damage":0.0,"enemies":"Lagavulin","floor":7.0,"turns":3.0},{"damage":9.0,"enemies":"3 Sentries","floor":8.0,"turns":6.0},{"damage":0.0,"enemies":"Lagavulin","floor":10.0,"turns":3.0},{"damage":0.0,"enemies":"Gremlin Nob","floor":12.0,"turns":2.0},{"damage":9.0,"enemies":"3 Sentries","floor":13.0,"turns":6.0},{"damage":0.0,"enemies":"Lagavulin","floor":14.0,"turns":4.0},{"damage":6.0,"enemies":"The Guardian","floor":16.0,"turns":7.0},{"damage":1.0,"enemies":"3 Byrds","floor":18.0,"turns":5.0},{"damage":42.0,"enemies":"Slavers","floor":22.0,"turns":5.0},{"damage":0.0,"enemies":"Gremlin Leader","floor":23.0,"turns":4.0},{"damage":9.0,"enemies":"Book of Stabbing","floor":24.0,"turns":3.0},{"damage":20.0,"enemies":"Slavers","floor":27.0,"turns":3.0},{"damage":7.0,"enemies":"Gremlin Leader","floor":30.0,"turns":4.0},{"damage":21.0,"enemies":"Slavers","floor":31.0,"turns":5.0},{"damage":1.0,"enemies":"Champ","floor":33.0,"turns":7.0},{"damage":10.0,"enemies":"3 Shapes","floor":35.0,"turns":3.0},{"damage":0.0,"enemies":"Nemesis","floor":37.0,"turns":3.0},{"damage":15.0,"enemies":"Reptomancer","floor":38.0,"turns":4.0},{"damage":0.0,"enemies":"Giant Head","floor":44.0,"turns":4.0},{"damage":0.0,"enemies":"Orb Walker","floor":45.0,"turns":1.0},{"damage":10.0,"enemies":"Nemesis","floor":48.0,"turns":5.0},{"damage":9,"enemies":"Donu and Deca","floor":50,"turns":7}],"seed_played":"-4764843945189168049","potions_obtained":[{"floor":3.0,"key":"Weak Potion"},{"floor":7.0,"key":"DuplicationPotion"},{"floor":10.0,"key":"CultistPotion"},{"floor":12.0,"key":"SteroidPotion"},{"floor":27.0,"key":"PowerPotion"},{"floor":31.0,"key":"ColorlessPotion"},{"floor":33.0,"key":"BlessingOfTheForge"},{"floor":35.0,"key":"Dexterity Potion"},{"floor":37.0,"key":"Energy Potion"},{"floor":44.0,"key":"Dexterity Potion"}],"is_trial":true,"path_per_floor":["M","?","M","M","?","E","E","E","T","E","$","E","E","E","R","B",null,"M","?","?","T","E","E","E","R","T","E","$","R","E","E","R","B",null,"M","?","E","E","$","R","R","R","T","E","M","R","?","E","R","B",null],"character_chosen":"KOISHI","items_purchased":["Singing Bowl","Peace Pipe","Koishi:MindNumbingTerror+1","Happy Flower"],"campfire_rested":0,"item_purchase_floors":[11,28,39,39],"current_hp_per_floor":[60,60,60,60,60,60,60,51,51,58,58,60,51,60,60,60,60,60,60,60,60,35,53,60,60,60,62,62,62,64,63,63,66,66,68,74,74,76,76,76,76,76,76,76,78,78,78,80,80,80],"gold":104,"neow_bonus":"","is_daily":false,"chose_seed":false,"campfire_upgraded":5,"win_rate":0.0,"timestamp":1613652226,"path_taken":["M","?","M","?","?","E","E","E","T","E","$","E","E","?","R","BOSS","M","?","?","?","?","E","E","R","T","E","$","R","E","E","R","BOSS","M","?","?","?","$","R","R","R","T","E","?","R","?","E","R","BOSS"],"items_purchased_type":["Relic","Relic","Card","Relic"],"build_version":"2020-12-22","purchased_purges":2,"victory":true,"max_hp_per_floor":[60,60,60,60,60,60,60,60,60,60,60,60,60,60,60,60,60,60,60,60,60,60,60,60,60,60,62,62,62,64,64,64,66,66,68,74,74,76,76,76,76,76,76,76,78,78,78,80,80,80],"card_choices":[{"not_picked":["Koishi:JumpScare","Koishi:UnconsciousUprising"],"picked":"Koishi:TraumaticStroke","floor":1.0},{"not_picked":["Koishi:EmbersOfLove","Koishi:RorschachInDanmaku"],"picked":"Koishi:FourthEye","floor":3.0},{"not_picked":["Koishi:StingingMind","Koishi:Untouchable"],"picked":"Koishi:DanmakuParanoia","floor":4.0},{"not_picked":["Koishi:PerfectMindControl","Koishi:Heartbroken"],"picked":"Koishi:SilentAndRestless+1","floor":6.0},{"not_picked":["Koishi:TerrifyingSpectre","Koishi:RollingInRichesHeart"],"picked":"Koishi:Ego","floor":7.0},{"not_picked":["Koishi:FormlessExistence","Koishi:Heartbroken","Koishi:ConditionedTeleport"],"picked":"SKIP","floor":8.0},{"not_picked":["Koishi:Ego","Koishi:MindStellarRelief"],"picked":"Koishi:RuptureMind+1","floor":10.0},{"not_picked":["Koishi:PerfectMindControl","Koishi:RuptureMind+1"],"picked":"Koishi:MentalBreakdown+1","floor":12.0},{"not_picked":["Koishi:PerfectMindControl","Koishi:MindStellarRelief"],"picked":"Koishi:ImGoingToCallYouNow","floor":13.0},{"not_picked":["Koishi:RollingInRichesHeart","Koishi:PerfectMindControl"],"picked":"Koishi:TerrifyingSpectre","floor":14.0},{"not_picked":["Koishi:Heartbroken","Koishi:SilentAndRestless+1"],"picked":"Koishi:TerrifyingSpectre","floor":16.0},{"not_picked":["Koishi:StingingMind+1","Koishi:YoukaiPolygraph+1"],"picked":"Koishi:Catatonia+1","floor":18.0},{"not_picked":["Koishi:SilentAndRestless+1","Koishi:RoseHell"],"picked":"Koishi:SuperEgo+1","floor":22.0},{"not_picked":["Koishi:RollingInRichesHeart","Koishi:ConfinedInnocent"],"picked":"Koishi:ImGoingToCallYouNow","floor":23.0},{"not_picked":["Koishi:ImGoingToCallYouNow","Koishi:Heartbroken"],"picked":"Koishi:GrowingPain+1","floor":24.0},{"not_picked":["Koishi:RuptureMind+1","Koishi:ImGoingToCallYouNow","Koishi:ConfinedInnocent"],"picked":"Singing Bowl","floor":27.0},{"not_picked":["Koishi:RollingInRichesHeart","Koishi:TerrifyingSpectre","Koishi:PerfectMindControl"],"picked":"Singing Bowl","floor":30.0},{"not_picked":["Koishi:RoseHell","Koishi:TerrifyingSpectre"],"picked":"Koishi:ImGoingToCallYouNow","floor":31.0},{"not_picked":["Koishi:ConditionedTeleport","Koishi:FormlessExistence","Koishi:MindStellarRelief"],"picked":"Singing Bowl","floor":33.0},{"not_picked":["Koishi:Whimsy+1","Koishi:UnansweredLove+1","Koishi:Prune+1"],"picked":"Singing Bowl","floor":35.0},{"not_picked":["Koishi:FadingMemory","Koishi:MentalBreakdown+1"],"picked":"Koishi:PerfectMindControl","floor":37.0},{"not_picked":["Koishi:MentalBreakdown+1","Koishi:RoseHell","Koishi:RuptureMind+1"],"picked":"Singing Bowl","floor":38.0},{"not_picked":["Koishi:SilentAndRestless+1","Koishi:RuptureMind+1"],"picked":"Koishi:ConfinedInnocent","floor":44.0},{"not_picked":["Koishi:Whimsy","Koishi:StingingMind+1","Koishi:CatchAndRose+1"],"picked":"Singing Bowl","floor":45.0},{"not_picked":["Koishi:SuperEgo+1","Koishi:PerfectMindControl","Koishi:MindStellarRelief"],"picked":"Singing Bowl","floor":48.0}],"player_experience":82097,"relics_obtained":[{"floor":6.0,"key":"Molten Egg 2"},{"floor":7.0,"key":"Turnip"},{"floor":8.0,"key":"Calipers"},{"floor":9.0,"key":"Bird Faced Urn"},{"floor":10.0,"key":"Bottled Tornado"},{"floor":12.0,"key":"Bottled Lightning"},{"floor":13.0,"key":"Gambling Chip"},{"floor":14.0,"key":"Ancient Tea Set"},{"floor":21.0,"key":"Pantograph"},{"floor":22.0,"key":"Pocketwatch"},{"floor":23.0,"key":"Centennial Puzzle"},{"floor":24.0,"key":"Potion Belt"},{"floor":26.0,"key":"PreservedInsect"},{"floor":27.0,"key":"Darkstone Periapt"},{"floor":30.0,"key":"Blue Candle"},{"floor":31.0,"key":"Vajra"},{"floor":37.0,"key":"Omamori"},{"floor":38.0,"key":"Bag of Marbles"},{"floor":43.0,"key":"Koishi:AHoleWhereASisterShouldBe"},{"floor":44.0,"key":"TungstenRod"},{"floor":48.0,"key":"Torii"}],"event_choices":[{"cards_removed":["Koishi:TraumaticStroke"],"damage_healed":0.0,"max_hp_gain":0.0,"max_hp_loss":0.0,"gold_gain":0.0,"event_name":"Purifier","player_choice":"Purged","floor":2.0,"gold_loss":0.0,"damage_taken":0.0},{"cards_removed":["Koishi:SpiritedAway"],"damage_healed":0.0,"max_hp_gain":0.0,"max_hp_loss":0.0,"gold_gain":0.0,"event_name":"Wheel of Change","player_choice":"Card Removal","floor":5.0,"gold_loss":0.0,"damage_taken":0.0},{"damage_healed":0.0,"max_hp_gain":0.0,"max_hp_loss":0.0,"gold_gain":0.0,"event_name":"Addict","player_choice":"Obtained Relic","floor":19.0,"gold_loss":85.0,"damage_taken":0.0,"relics_obtained":["The Courier"]},{"damage_healed":0.0,"max_hp_gain":0.0,"max_hp_loss":0.0,"gold_gain":0.0,"event_name":"The Library","player_choice":"Read","floor":20.0,"gold_loss":0.0,"damage_taken":0.0,"cards_obtained":["Koishi:MindNumbingTerror"]},{"damage_healed":0.0,"max_hp_gain":0.0,"max_hp_loss":0.0,"gold_gain":0.0,"event_name":"Accursed Blacksmith","player_choice":"Rummage","floor":36.0,"gold_loss":0.0,"damage_taken":0.0,"relics_obtained":["WarpedTongs"],"cards_obtained":["Pain"]},{"cards_removed":["Koishi:DanmakuParanoia"],"damage_healed":0.0,"max_hp_gain":0.0,"max_hp_loss":0.0,"gold_gain":0.0,"event_name":"Purifier","player_choice":"Purged","floor":47.0,"gold_loss":0.0,"damage_taken":0.0}],"is_beta":false,"boss_relics":[{"not_picked":["Busted Crown","Empty Cage"],"picked":"Coffee Dripper"},{"not_picked":["Tiny House","Astrolabe"],"picked":"SlaversCollar"}],"items_purged_floors":[28,39],"is_endless":false,"potions_floor_spawned":[3,7,10,12,14,27,31,33,35,37,44],"ascension_level":0}}