{"host":"rihxvzvzrfpivboj","time":1613664694,"event":{"mods":["Act Like it!","BaseMod","Better Third Choice","Block Reminder","Colored Map","Colored Powertips","Downfall","Gensokyo","GifTheSpireLib","Googly Eyes","Keyboard Shortcuts","Minty Spire (QoL Compilation)","Quick Restart","Relic Sorter","StSLib","SuperFastMode","The Bug Knight","Unceasing Turn Reminder","Waifu the Spire"],"gold_per_floor":[114,124,124,124,135,160,160,193,245,85,110,40,52,72,72,176,176,190,210,229,329,329,361,361,361,361],"floor_reached":25,"language":"ENG","playtime":2463,"items_purged":[],"score":251,"play_id":"febc1aae-4308-48ab-95f7-f04a2dac3e9b","local_time":"20210218171134","is_ascension_mode":true,"campfire_choices":[{"data":"HollowMod:SiblingsSouls","floor":7,"key":"SMITH"},{"data":"HollowMod:FocusHealStart","floor":15,"key":"SMITH"},{"floor":24,"key":"REST"}],"circlet_count":0,"master_deck":["HollowMod:NailStrikeStart","HollowMod:NailStrikeStart","HollowMod:NailStrikeStart+1","HollowMod:QuickDashStart","HollowMod:QuickDashStart","HollowMod:QuickDashStart","HollowMod:QuickDashStart","HollowMod:FocusHealStart+1","HollowMod:PogoStrike","HollowMod:DashSlash","HollowMod:HowlingWraiths+1","HollowMod:SoulShaman","HollowMod:SiblingsSouls+1","HollowMod:MonarchWings","HollowMod:DungDefenderAura+1","HollowMod:SiblingsShadow+1","HollowMod:HuntersJournal+1","HollowMod:ElderbugsWisdom","HollowMod:GrimmsGift+1","HollowMod:WraithStrike+1","HollowMod:VengefulVoid"],"relics":["HollowMod:VesselMask","StoneCalendar","Mango","Bag of Preparation","Kunai","Bronze Scales","Nilry\u0027s Codex","Toxic Egg 2","Black Star","Bird Faced Urn","Du-Vu Doll","Lantern","Akabeko","Frozen Eye"],"acts_visited":["Exordium","Gensokyo:Gensokyo"],"potions_floor_usage":[16,19,21],"damage_taken":[{"damage":0,"enemies":"Gensokyo:3_Fairies","floor":1,"turns":3},{"damage":0,"enemies":"Gensokyo:2_Kodama","floor":2,"turns":3},{"damage":0,"enemies":"Gensokyo:Python","floor":5,"turns":2},{"damage":4,"enemies":"Gensokyo:Mamizou","floor":6,"turns":7},{"damage":19,"enemies":"Gensokyo:Aya","floor":8,"turns":7},{"damage":9,"enemies":"Gensokyo:Cirno","floor":11,"turns":5},{"damage":4,"enemies":"Gensokyo:VengefulSpirit","floor":13,"turns":5},{"damage":0,"enemies":"Gensokyo:2_Rabbits","floor":14,"turns":2},{"damage":31,"enemies":"Gensokyo:Kokoro","floor":16,"turns":12},{"damage":2,"enemies":"Gensokyo:2_Gloops","floor":18,"turns":4},{"damage":24,"enemies":"Gensokyo:3_Dogs","floor":19,"turns":4},{"damage":11,"enemies":"Gensokyo:Slime_Group","floor":20,"turns":7},{"damage":17,"enemies":"Gensokyo:Slime_Group","floor":21,"turns":11},{"damage":65,"enemies":"Gensokyo:Reisen","floor":23,"turns":8},{"damage":55,"enemies":"Gensokyo:Koishi","floor":25,"turns":6}],"seed_played":"-4972044306994597339","potions_obtained":[{"floor":2,"key":"FearPotion"},{"floor":8,"key":"sneckomod:MuddlingPotion"},{"floor":13,"key":"bronze:BurnAndBuffPotion"},{"floor":14,"key":"Energy Potion"},{"floor":18,"key":"ColorlessPotion"}],"is_trial":false,"path_per_floor":["M","M","?","?","M","E","R","E","T","?","E","?","M","M","R","B",null,"M","M","M","?","?","E","R","E"],"character_chosen":"THE_BUGKNIGHT","items_purchased":[],"campfire_rested":1,"item_purchase_floors":[],"current_hp_per_floor":[68,68,68,61,61,67,67,54,54,54,45,45,47,47,47,38,82,82,58,57,66,66,13,37,0,0],"gold":361,"neow_bonus":"ONE_RARE_RELIC","is_daily":false,"chose_seed":false,"campfire_upgraded":2,"win_rate":0.0,"timestamp":1613664694,"path_taken":["M","M","?","?","?","E","R","E","T","?","E","?","?","M","R","BOSS","M","M","M","?","?","E","R","E"],"items_purchased_type":[],"build_version":"2020-12-22","purchased_purges":0,"victory":false,"max_hp_per_floor":[68,68,68,82,82,82,82,82,82,82,82,82,82,82,82,82,82,82,82,82,82,82,82,82,82,82],"card_choices":[{"not_picked":["HollowMod:SoulEater","HollowMod:GoodIntentions"],"picked":"HollowMod:DashSlash","floor":1},{"not_picked":["HollowMod:WraithStrike","HollowMod:VengefulVoid"],"picked":"HollowMod:HowlingWraiths","floor":2},{"not_picked":["HollowMod:SiblingsShadow","HollowMod:LifebloodCocoon"],"picked":"HollowMod:SoulShaman","floor":5},{"not_picked":["HollowMod:HowlingWraiths","HollowMod:CrystalDash"],"picked":"HollowMod:SiblingsSouls","floor":6},{"not_picked":["HollowMod:LifebloodCocoon","HollowMod:SharpenedNail"],"picked":"HollowMod:MonarchWings","floor":8},{"not_picked":["HollowMod:GoodIntentions+1","HollowMod:InfectedAttack"],"picked":"HollowMod:DungDefenderAura+1","floor":11},{"not_picked":["HollowMod:ShapeofUnn","HollowMod:BaldurShell"],"picked":"HollowMod:SiblingsShadow+1","floor":13},{"not_picked":["HollowMod:PureNailStrike","HollowMod:MantisMark+1"],"picked":"HollowMod:HuntersJournal+1","floor":14},{"not_picked":["HollowMod:theNailsmith+1","HollowMod:PureVessel"],"picked":"HollowMod:ElderbugsWisdom","floor":16},{"not_picked":["HollowMod:LifebloodCocoon+1","HollowMod:HowlingWraiths+1"],"picked":"HollowMod:GrimmsGift+1","floor":18},{"not_picked":["HollowMod:WraithStrike+1","HollowMod:NewLittleFool","HollowMod:FallenFury+1"],"picked":"SKIP","floor":19},{"not_picked":["HollowMod:NewLittleFool","HollowMod:FallenFury+1"],"picked":"HollowMod:WraithStrike+1","floor":19},{"not_picked":["HollowMod:GoodIntentions+1","HollowMod:CoiledNail+1","HollowMod:MonarchWings+1"],"picked":"SKIP","floor":20},{"not_picked":["HollowMod:CornifersMapStart+1","HollowMod:GoodIntentions+1"],"picked":"HollowMod:VengefulVoid","floor":21},{"not_picked":["HollowMod:CycloneSlash+1","HollowMod:SoulStrike","HollowMod:DoubleDash+1"],"picked":"SKIP","floor":23}],"player_experience":1177268,"relics_obtained":[{"floor":6,"key":"Bag of Preparation"},{"floor":8,"key":"Kunai"},{"floor":9,"key":"Bronze Scales"},{"floor":11,"key":"Toxic Egg 2"},{"floor":21,"key":"Bird Faced Urn"},{"floor":21,"key":"Du-Vu Doll"},{"floor":23,"key":"Lantern"},{"floor":23,"key":"Akabeko"}],"event_choices":[],"is_beta":false,"boss_relics":[{"not_picked":["Tiny House","SacredBark"],"picked":"Black Star"}],"items_purged_floors":[],"is_endless":false,"potions_floor_spawned":[2,8,13,14,18],"killed_by":"Gensokyo:Koishi","ascension_level":1}}