{"host":"89iuq2p5kwriuwfq","time":1613666442,"event":{"mods":["BaseMod","Curses Come First","Minty Spire (QoL Compilation)","Permanent Neow","StSLib"],"gold_per_floor":[18,18,18,28,47,47,79,79,154,154,185,199,199,232,232,309,309,324,338,19,37,136,136,136,136],"floor_reached":24,"language":"ENG","playtime":1201,"items_purged":[],"score":353,"play_id":"40fc5740-4377-4ab7-9f6e-af2605308b23","local_time":"20210218164042","is_ascension_mode":true,"campfire_choices":[{"data":"Core Surge","floor":6,"key":"SMITH"},{"data":"Cold Snap","floor":8,"key":"SMITH"},{"floor":10,"key":"REST"},{"floor":13,"key":"REST"},{"data":"Buffer","floor":15,"key":"SMITH"},{"floor":23,"key":"REST"}],"circlet_count":0,"master_deck":["AscendersBane","Strike_B","Strike_B","Strike_B","Defend_B","Defend_B","Defend_B","Zap","Dualcast","Core Surge+1","BootSequence","Heatsinks","Cold Snap+1","Ball Lightning","Buffer+1","FTL","Creative AI","Ball Lightning","FTL+1","Self Repair","Loop","Self Repair","Beam Cell","Core Surge"],"relics":["Cracked Core","Toy Ornithopter","Kunai","Symbiotic Virus","The Courier","Empty Cage","Runic Capacitor"],"acts_visited":["Exordium","TheCity"],"potions_floor_usage":[11,18,20,21],"damage_taken":[{"damage":6,"enemies":"Cultist","floor":1,"turns":3},{"damage":0,"enemies":"Small Slimes","floor":4,"turns":2},{"damage":0,"enemies":"2 Louse","floor":5,"turns":3},{"damage":29,"enemies":"Lagavulin","floor":7,"turns":8},{"damage":9,"enemies":"Gremlin Nob","floor":11,"turns":4},{"damage":0,"enemies":"Large Slime","floor":12,"turns":4},{"damage":12,"enemies":"Lagavulin","floor":14,"turns":6},{"damage":14,"enemies":"Slime Boss","floor":16,"turns":10},{"damage":23,"enemies":"Spheric Guardian","floor":18,"turns":4},{"damage":2,"enemies":"Shell Parasite","floor":19,"turns":4},{"damage":55,"enemies":"Snecko","floor":21,"turns":7},{"damage":55,"enemies":"3 Cultists","floor":24,"turns":5}],"seed_played":"7452310371652415595","potions_obtained":[{"floor":7,"key":"ColorlessPotion"},{"floor":11,"key":"Energy Potion"},{"floor":12,"key":"SteroidPotion"},{"floor":19,"key":"Fruit Juice"}],"is_trial":false,"path_per_floor":["M","$","$","M","M","R","E","R","T","R","E","M","R","E","R","B",null,"M","M","$","M","?","R","M"],"character_chosen":"DEFECT","items_purchased":["Runic Capacitor","Self Repair","Loop","Self Repair","Beam Cell"],"campfire_rested":3,"item_purchase_floors":[20,20,20,20,20],"current_hp_per_floor":[62,62,62,62,62,62,33,33,33,55,51,51,73,61,61,47,68,50,48,58,22,22,46,0,0],"gold":136,"neow_bonus":"THREE_RARE_CARDS","is_daily":false,"chose_seed":false,"campfire_upgraded":3,"win_rate":0.0,"timestamp":1613666442,"path_taken":["M","?","$","M","M","R","E","R","T","R","E","M","R","E","R","BOSS","M","M","$","M","?","R","M"],"items_purchased_type":["Relic","Card","Card","Card","Card"],"build_version":"2020-12-22","purchased_purges":0,"victory":false,"max_hp_per_floor":[75,75,75,75,75,75,75,75,75,75,75,75,75,75,75,75,75,75,75,80,80,80,80,80,80],"card_choices":[{"not_picked":["Thunder Strike","Hyperbeam"],"picked":"Core Surge","floor":0},{"not_picked":["Hologram","Compile Driver"],"picked":"BootSequence","floor":1},{"not_picked":["Stack","Reinforced Body"],"picked":"Heatsinks","floor":4},{"not_picked":["Hologram","Go for the Eyes"],"picked":"Cold Snap","floor":5},{"not_picked":["Barrage","Reinforced Body","Steam"],"picked":"SKIP","floor":7},{"not_picked":["Darkness","Conserve Battery"],"picked":"Ball Lightning","floor":11},{"not_picked":["Ball Lightning","Barrage"],"picked":"Buffer","floor":12},{"not_picked":["Tempest","Gash"],"picked":"FTL","floor":14},{"not_picked":["Multi-Cast","Machine Learning"],"picked":"Creative AI","floor":16},{"not_picked":["Streamline","Steam"],"picked":"Ball Lightning","floor":18},{"not_picked":["Cold Snap","Hello World"],"picked":"FTL+1","floor":19},{"not_picked":["Barrage","Cold Snap"],"picked":"Core Surge","floor":21}],"player_experience":725631,"relics_obtained":[{"floor":7,"key":"Toy Ornithopter"},{"floor":9,"key":"Kunai"},{"floor":11,"key":"Symbiotic Virus"},{"floor":14,"key":"The Courier"}],"event_choices":[{"damage_healed":0,"gold_gain":99,"player_choice":"Stole From Cult","damage_taken":0,"max_hp_gain":0,"max_hp_loss":0,"event_name":"Nest","floor":22,"gold_loss":0}],"is_beta":false,"boss_relics":[{"not_picked":["Snecko Eye","Runic Pyramid"],"picked":"Empty Cage"}],"items_purged_floors":[],"is_endless":false,"potions_floor_spawned":[7,11,12,16,19],"killed_by":"3 Cultists","ascension_level":13}}