{"host":"ju1b3c4x8n2jtjm7","time":1613664332,"event":{"mods":["AchievementEnabler","BaseMod","Colored Map","Colored Powertips","Highlight Path","Minty Spire (QoL Compilation)","Quick Restart","Rare Cards Sparkle","Relic Stats"],"gold_per_floor":[110,129,144,144,144,144,174,174,174,199,199,224,236,248,260,371,383,412,443,471,483,410,422,462,474,509,521,549,573,129,149,149,250,250,260,272,272,272,290,315,136,170,170,200,200,75,110,110,110,110],"floor_reached":51,"language":"ENG","playtime":3780,"items_purged":["Strike_G","Defend_G","Strike_G+1"],"score":1074,"play_id":"e8cb2a08-c5c2-46fe-9953-453d657d45c1","local_time":"20210218170532","is_ascension_mode":true,"campfire_choices":[{"data":"Trip","floor":6.0,"key":"SMITH"},{"floor":8.0,"key":"REST"},{"floor":11.0,"key":"REST"},{"floor":15.0,"key":"REST"},{"data":"Prepared","floor":23.0,"key":"SMITH"},{"data":"Prepared","floor":25.0,"key":"SMITH"},{"data":"Acrobatics","floor":32.0,"key":"SMITH"},{"data":"Concentrate","floor":49,"key":"SMITH"}],"circlet_count":0,"master_deck":["Strike_G+1","Defend_G","Defend_G","Defend_G","Survivor","Neutralize","Trip+1","Dagger Spray","Eviscerate","Prepared+1","Acrobatics+1","Storm of Steel","A Thousand Cuts+1","Wraith Form v2+1","Calculated Gamble+1","Eviscerate+1","Prepared+1","Leg Sweep","Tactician+1","Eviscerate","Footwork","Footwork","Eviscerate","Venomology","Blade Dance+1","PiercingWail+1","Footwork+1","Concentrate+1"],"relics":["Ring of the Snake","Gremlin Horn","Blood Vial","InkBottle","Lantern","MawBank","Astrolabe","Nilry\u0027s Codex","Pear","HornCleat","Toy Ornithopter","WristBlade","Frozen Egg 2","Anchor","Letter Opener","Juzu Bracelet","The Courier"],"acts_visited":["Exordium","TheCity","TheBeyond"],"potions_floor_usage":[44,50,50,50],"damage_taken":[{"damage":1.0,"enemies":"2 Louse","floor":1.0,"turns":2.0},{"damage":2.0,"enemies":"Small Slimes","floor":2.0,"turns":3.0},{"damage":1.0,"enemies":"Jaw Worm","floor":3.0,"turns":2.0},{"damage":19.0,"enemies":"3 Sentries","floor":7.0,"turns":7.0},{"damage":27.0,"enemies":"Lagavulin","floor":10.0,"turns":6.0},{"damage":12.0,"enemies":"Gremlin Nob","floor":12.0,"turns":4.0},{"damage":6.0,"enemies":"Slime Boss","floor":16.0,"turns":8.0},{"damage":6.0,"enemies":"Spheric Guardian","floor":18.0,"turns":3.0},{"damage":0.0,"enemies":"3 Byrds","floor":19.0,"turns":2.0},{"damage":3.0,"enemies":"Cultist and Chosen","floor":20.0,"turns":3.0},{"damage":14.0,"enemies":"Gremlin Leader","floor":24.0,"turns":4.0},{"damage":0.0,"enemies":"Centurion and Healer","floor":28.0,"turns":3.0},{"damage":0.0,"enemies":"Snecko","floor":29.0,"turns":2.0},{"damage":4.0,"enemies":"Sentry and Sphere","floor":31.0,"turns":6.0},{"damage":49.0,"enemies":"Collector","floor":33.0,"turns":6.0},{"damage":12.0,"enemies":"3 Shapes","floor":35.0,"turns":4.0},{"damage":0.0,"enemies":"Orb Walker","floor":36.0,"turns":2.0},{"damage":0.0,"enemies":"Transient","floor":39.0,"turns":5.0},{"damage":18.0,"enemies":"Reptomancer","floor":40.0,"turns":4.0},{"damage":4.0,"enemies":"Giant Head","floor":42.0,"turns":5.0},{"damage":69,"enemies":"Nemesis","floor":44,"turns":7},{"damage":21,"enemies":"Giant Head","floor":47,"turns":8},{"damage":30,"enemies":"Donu and Deca","floor":50,"turns":8}],"seed_played":"-2083312986273459458","potions_obtained":[{"floor":1.0,"key":"Energy Potion"},{"floor":10.0,"key":"Explosive Potion"},{"floor":16.0,"key":"SpeedPotion"},{"floor":18.0,"key":"FearPotion"},{"floor":20.0,"key":"Regen Potion"},{"floor":28.0,"key":"LiquidMemories"},{"floor":31.0,"key":"Regen Potion"},{"floor":35.0,"key":"EssenceOfSteel"},{"floor":39.0,"key":"ColorlessPotion"},{"floor":40.0,"key":"CunningPotion"}],"is_trial":false,"path_per_floor":["M","M","M","?","?","R","E","R","T","E","R","E","?","?","R","B",null,"M","M","M","?","?","R","E","R","T","?","M","M","$","M","R","B",null,"M","M","?","?","M","E","$","E","T","E","?","$","E","?","R","B",null],"character_chosen":"THE_SILENT","items_purchased":["Footwork","Flash of Steel","Toy Ornithopter","Regen Potion","Footwork+1"],"campfire_rested":3,"item_purchase_floors":[30,30,30,30,41],"current_hp_per_floor":[62,60,59,45,38,38,19,40,40,15,36,26,26,26,47,43,63,59,61,60,44,54,54,54,54,54,54,56,58,58,56,56,53,73,63,65,65,65,72,58,58,66,66,4,66,66,45,45,45,32],"gold":110,"neow_bonus":"RANDOM_COLORLESS","is_daily":false,"chose_seed":false,"campfire_upgraded":5,"win_rate":0.0,"timestamp":1613664332,"path_taken":["M","M","M","?","?","R","E","R","T","E","R","E","?","?","R","BOSS","M","M","M","?","?","R","E","R","T","?","M","?","$","M","R","BOSS","M","M","?","?","M","E","$","E","T","E","?","?","E","?","R","BOSS"],"items_purchased_type":["Card","Card","Relic","Potion","Card"],"build_version":"2020-12-22","purchased_purges":3,"victory":true,"max_hp_per_floor":[70,70,70,70,70,70,70,70,70,70,70,70,70,70,70,70,70,70,70,70,70,80,80,80,80,80,80,80,80,80,80,80,80,80,80,80,80,76,76,76,76,76,76,76,66,66,66,66,66,66],"relic_stats":{"Blood Vial":36,"Gremlin Horn":[22,22],"counters":[23,104],"Astrolabe":["A Thousand Cuts","Wraith Form v2","Calculated Gamble"],"Juzu Bracelet":1,"Letter Opener":[70],"MawBank":216,"obtain_stats":[{"Lantern":10,"Pear":22,"Gremlin Horn":5,"Nilry\u0027s Codex":21,"Astrolabe":17,"The Courier":47,"Juzu Bracelet":44,"Letter Opener":43,"Frozen Egg 2":40,"MawBank":12,"Blood Vial":7,"Anchor":42,"HornCleat":24,"WristBlade":34,"InkBottle":9,"Toy Ornithopter":30,"Ring of the Snake":0},{"Lantern":5,"Pear":10,"Gremlin Horn":3,"Nilry\u0027s Codex":10,"Astrolabe":7,"The Courier":22,"Juzu Bracelet":21,"Letter Opener":20,"Frozen Egg 2":19,"MawBank":6,"Blood Vial":4,"Anchor":20,"HornCleat":11,"WristBlade":15,"InkBottle":4,"Toy Ornithopter":13,"Ring of the Snake":0},{"Lantern":20,"Pear":40,"Gremlin Horn":7,"Nilry\u0027s Codex":40,"Astrolabe":32,"The Courier":96,"Juzu Bracelet":88,"Letter Opener":81,"Frozen Egg 2":76,"MawBank":24,"Blood Vial":14,"Anchor":81,"HornCleat":44,"WristBlade":61,"InkBottle":14,"Toy Ornithopter":49,"Ring of the Snake":0}],"InkBottle":[50],"Toy Ornithopter":47,"Ring of the Snake":[46]},"card_choices":[{"not_picked":["Deep Breath","Mind Blast"],"picked":"Trip","floor":0.0},{"not_picked":["Slice","Footwork"],"picked":"Dagger Spray","floor":1.0},{"not_picked":["Underhanded Strike","Dodge and Roll"],"picked":"Eviscerate","floor":2.0},{"not_picked":["Slice","Flying Knee","Underhanded Strike"],"picked":"SKIP","floor":3.0},{"not_picked":["Slice","Bouncing Flask"],"picked":"Prepared","floor":7.0},{"not_picked":["Quick Slash","Outmaneuver"],"picked":"Acrobatics","floor":10.0},{"not_picked":["Cloak And Dagger","Night Terror","Slice"],"picked":"SKIP","floor":12.0},{"not_picked":["Envenom","A Thousand Cuts"],"picked":"Storm of Steel","floor":16.0},{"not_picked":["Catalyst","Crippling Poison"],"picked":"Eviscerate+1","floor":18.0},{"not_picked":["Setup","Blade Dance"],"picked":"Prepared","floor":19.0},{"not_picked":["Heel Hook","Dagger Throw"],"picked":"Leg Sweep","floor":20.0},{"not_picked":["Masterful Stab+1","Cloak And Dagger"],"picked":"Tactician","floor":24.0},{"not_picked":["Underhanded Strike","Concentrate+1"],"picked":"Eviscerate","floor":28.0},{"not_picked":["Sucker Punch","Slice"],"picked":"Footwork","floor":29.0},{"not_picked":["Backflip","Masterful Stab+1"],"picked":"Eviscerate","floor":31.0},{"not_picked":["Malaise","Envenom"],"picked":"Venomology","floor":33.0},{"not_picked":["Sucker Punch+1","Noxious Fumes+1"],"picked":"Blade Dance+1","floor":35.0},{"not_picked":["Dash","Dodge and Roll+1"],"picked":"PiercingWail+1","floor":36.0},{"not_picked":["Underhanded Strike","Dash+1","Deadly Poison+1"],"picked":"SKIP","floor":39.0},{"not_picked":["Outmaneuver","Cloak And Dagger","Flying Knee+1"],"picked":"SKIP","floor":40.0},{"not_picked":["Prepared","All Out Attack","Sucker Punch"],"picked":"SKIP","floor":42.0},{"not_picked":["Blade Dance","Setup+1","Quick Slash"],"picked":"SKIP","floor":44},{"not_picked":["Finisher+1","Infinite Blades+1"],"picked":"Concentrate","floor":47}],"player_experience":381817,"relics_obtained":[{"floor":7.0,"key":"Blood Vial"},{"floor":9.0,"key":"InkBottle"},{"floor":10.0,"key":"Lantern"},{"floor":12.0,"key":"MawBank"},{"floor":21.0,"key":"Nilry\u0027s Codex"},{"floor":24.0,"key":"HornCleat"},{"floor":40.0,"key":"Frozen Egg 2"},{"floor":42.0,"key":"Anchor"},{"floor":43.0,"key":"Letter Opener"},{"floor":44,"key":"Juzu Bracelet"},{"floor":47,"key":"The Courier"}],"event_choices":[{"damage_healed":0.0,"max_hp_gain":0.0,"max_hp_loss":0.0,"gold_gain":0.0,"event_name":"Shining Light","player_choice":"Entered Light","floor":4.0,"gold_loss":0.0,"damage_taken":14.0,"cards_upgraded":["Strike_G","Strike_G"]},{"damage_healed":0.0,"max_hp_gain":0.0,"max_hp_loss":0.0,"gold_gain":0.0,"event_name":"Scrap Ooze","player_choice":"Success","floor":5.0,"gold_loss":0.0,"damage_taken":7.0,"relics_obtained":["Gremlin Horn"]},{"damage_healed":0.0,"max_hp_gain":0.0,"max_hp_loss":0.0,"gold_gain":0.0,"event_name":"Liars Game","player_choice":"Ignored","floor":13.0,"gold_loss":0.0,"damage_taken":0.0},{"damage_healed":0.0,"max_hp_gain":0.0,"max_hp_loss":0.0,"gold_gain":0.0,"event_name":"Dead Adventurer","player_choice":"Searched \u00270\u0027 times","floor":14.0,"gold_loss":0.0,"damage_taken":0.0},{"damage_healed":0.0,"max_hp_gain":0.0,"max_hp_loss":0.0,"gold_gain":0.0,"event_name":"Cursed Tome","player_choice":"Obtained Book","floor":21.0,"gold_loss":0.0,"damage_taken":16.0},{"damage_healed":0.0,"max_hp_gain":0.0,"max_hp_loss":0.0,"gold_gain":0.0,"event_name":"Addict","player_choice":"Obtained Relic","floor":22.0,"gold_loss":85.0,"damage_taken":0.0,"relics_obtained":["Pear"]},{"damage_healed":0.0,"max_hp_gain":0.0,"max_hp_loss":0.0,"gold_gain":0.0,"event_name":"Upgrade Shrine","player_choice":"Upgraded","floor":27.0,"gold_loss":0.0,"damage_taken":0.0,"cards_upgraded":["Tactician"]},{"cards_removed":["Flash of Steel"],"damage_healed":0.0,"max_hp_gain":0.0,"max_hp_loss":0.0,"gold_gain":0.0,"event_name":"Falling","player_choice":"Removed Attack","floor":37.0,"gold_loss":0.0,"damage_taken":0.0},{"damage_healed":0.0,"max_hp_gain":0.0,"max_hp_loss":4.0,"gold_gain":0.0,"event_name":"Winding Halls","player_choice":"Max HP","floor":38.0,"gold_loss":0.0,"damage_taken":0.0},{"damage_healed":66,"gold_gain":0,"player_choice":"Heal","damage_taken":0,"max_hp_gain":0,"max_hp_loss":10,"event_name":"The Moai Head","floor":45,"gold_loss":0},{"damage_healed":0,"gold_gain":0,"player_choice":"Bought 0 Potions","damage_taken":0,"max_hp_gain":0,"max_hp_loss":0,"event_name":"The Woman in Blue","floor":48,"gold_loss":0}],"is_beta":false,"boss_relics":[{"not_picked":["HoveringKite","Runic Dome"],"picked":"Astrolabe"},{"not_picked":["Cursed Key","Snecko Eye"],"picked":"WristBlade"}],"items_purged_floors":[30,41,46],"is_endless":false,"potions_floor_spawned":[1,10,16,18,20,28,31,35,39,40,47],"ascension_level":8}}