{"host":"ifd7sfhtlbe34qll","time":1613613157,"event":{"mods":["2.2 Compatiblity","Act Like it!","Ascension Unlocker","BaseMod","Block Reminder","Colored Map","Curses Come First","Downfall","Highlight Path","Minty Spire (QoL Compilation)","Potion Indicator Mod","Quick Restart","Random Character Button","Relic Stats","StSLib","SuperFastMode"],"gold_per_floor":[99,113,143,143,158,172,172,204,219,252,265,277,277,277,297,371,371,371,388,30,230,230,262,262,296,396,409,126,211,226,344,355,432,432,432,445,462,472,472,503,553,579,279,297,311,311,341,104,118,118,118,151,1,1,1,1],"floor_reached":57,"language":"ENG","playtime":4160,"items_purged":["Injury","Slimebound:Defend_Slimebound","Slimebound:Defend_Slimebound","Slimebound:Tackle+1"],"score":2363,"play_id":"94a1e96e-3618-4faa-bbc3-667ec8c5ad1c","local_time":"20210217195237","is_ascension_mode":true,"campfire_choices":[{"data":"Slimebound:CorrosiveSpit","floor":1.0,"key":"SMITH"},{"data":"Slimebound:RainOfGoop","floor":13.0,"key":"SMITH"},{"data":"Slimebound:DouseInSlime","floor":18.0,"key":"SMITH"},{"floor":35,"key":"RECALL"},{"data":"Slimebound:ServeAndProtect","floor":43,"key":"SMITH"},{"data":"Slimebound:FlameTackle","floor":54,"key":"SMITH"}],"circlet_count":0,"master_deck":["AscendersBane","Slimebound:Defend_Slimebound+1","Slimebound:Split+1","Slimebound:CorrosiveSpit+1","Slimebound:FinishingTackle+1","Slimebound:ComboTackle+1","Slimebound:RainOfGoop+1","Slimebound:LeechLife+1","Slimebound:SplitBruiser+1","Slimebound:ComboTackle+1","Slimebound:Recollect+1","Slimebound:DisruptingSlam+1","Slimebound:RainOfGoop+1","Slimebound:Split+1","Slimebound:AcidTongue+1","Slimebound:DouseInSlime+1","Slimebound:SplitLeeching+1","Slimebound:ServeAndProtect+1","downfall:Haunted","Slimebound:Tackle+1","Slimebound:Tackle+1","Slimebound:OozeBath+1","Slimebound:SplitLeeching+1","J.A.X.+1","Slimebound:FormOfPuddle+1","Slimebound:GrowthPunch+1","Slimebound:Recollect+1","Slimebound:Replication+1","Slimebound:LeadByExample+1","Slimebound:AcidTongue+1","Slimebound:Schlurp+1","Slimebound:ViciousTackle+1","Slimebound:SplitMire+1","Slimebound:GoopSpray+1","Slimebound:FlameTackle+1","Slimebound:AcidTongue+1","Slimebound:Prepare+1"],"relics":["Slimebound:AbsorbEndCombat","Nunchaku","FossilizedHelix","Blood Vial","Lantern","Coffee Dripper","Pantograph","PreservedInsect","hexamod:Sixitude","StrikeDummy","MutagenicStrength","Slimebound:SelfDamagePreventRelic","Sozu","Singing Bowl","HornCleat","Toy Ornithopter","Strange Spoon","Mummified Hand"],"acts_visited":["Exordium","TheCity","TheBeyond","TheEnding"],"potions_floor_usage":[42,42],"damage_taken":[{"damage":3.0,"enemies":"Cultist","floor":2.0,"turns":3.0},{"damage":2.0,"enemies":"Jaw Worm","floor":5.0,"turns":3.0},{"damage":7.0,"enemies":"Small Slimes","floor":6.0,"turns":4.0},{"damage":26.0,"enemies":"3 Sentries","floor":8.0,"turns":6.0},{"damage":8.0,"enemies":"3 Louse","floor":9.0,"turns":4.0},{"damage":2.0,"enemies":"Lagavulin","floor":10.0,"turns":7.0},{"damage":0.0,"enemies":"Large Slime","floor":11.0,"turns":4.0},{"damage":21.0,"enemies":"Exordium Thugs","floor":12.0,"turns":5.0},{"damage":9.0,"enemies":"Lots of Slimes","floor":15.0,"turns":3.0},{"damage":13.0,"enemies":"SI_SHIV_ARCHETYPE","floor":16.0,"turns":7.0},{"damage":53.0,"enemies":"3 Byrds","floor":19.0,"turns":6.0},{"damage":3.0,"enemies":"downfall:FleeingMerchant","floor":20.0,"turns":4.0},{"damage":29.0,"enemies":"Book of Stabbing","floor":23.0,"turns":4.0},{"damage":40.0,"enemies":"Slavers","floor":25.0,"turns":7.0},{"damage":7.0,"enemies":"downfall:Augmenter","floor":26.0,"turns":4.0},{"damage":3.0,"enemies":"Shell Parasite","floor":27.0,"turns":5.0},{"damage":0,"enemies":"downfall:FleeingMerchant","floor":28,"turns":4},{"damage":26,"enemies":"Cultist and Chosen","floor":30,"turns":7},{"damage":0,"enemies":"downfall:FleeingMerchant","floor":31,"turns":4},{"damage":8,"enemies":"Snecko","floor":32,"turns":6},{"damage":26,"enemies":"WA_ARCHETYPE_CALM","floor":33,"turns":7},{"damage":0,"enemies":"Orb Walker","floor":36,"turns":3},{"damage":0,"enemies":"3 Shapes","floor":37,"turns":4},{"damage":4,"enemies":"Maw","floor":38,"turns":7},{"damage":34,"enemies":"Giant Head","floor":40,"turns":6},{"damage":47,"enemies":"Reptomancer","floor":42,"turns":7},{"damage":0,"enemies":"Writhing Mass","floor":44,"turns":3},{"damage":17,"enemies":"Jaw Worm Horde","floor":45,"turns":5},{"damage":0,"enemies":"Nemesis","floor":47,"turns":3},{"damage":0,"enemies":"Transient","floor":49,"turns":6},{"damage":81,"enemies":"DF_ARCHETYPE_ORBS","floor":50,"turns":13},{"damage":36,"enemies":"downfall:CharBossMerchant","floor":52,"turns":5},{"damage":61,"enemies":"downfall:NeowBoss","floor":55,"turns":14},{"damage":55,"enemies":"downfall:NeowBossFinal","floor":56,"turns":11}],"seed_played":"6853359798139602117","potions_obtained":[{"floor":2.0,"key":"champ:CounterPotion"},{"floor":6.0,"key":"Energy Potion"},{"floor":8.0,"key":"LiquidMemories"},{"floor":33,"key":"DuplicationPotion"}],"is_trial":false,"path_per_floor":["R","M","?","?","M","M","T","E","M","E","M","M","R","?","M","B",null,"R","M","$","?","?","E","T","E","?","M","$","?","M","$","M","B",null,"R","M","M","M","?","E","T","E","R","M","M","?","E","?","M","B",null,"E","$","R","B","B",null],"character_chosen":"SLIMEBOUND","items_purchased":["Pantograph","Slimebound:SelfDamagePreventRelic","Slimebound:AcidTongue","Strange Spoon","Slimebound:FlameTackle"],"campfire_rested":0,"item_purchase_floors":[20,28,31,48,48],"current_hp_per_floor":[53,52,52,41,45,42,42,22,30,38,59,52,52,52,49,46,56,56,11,59,59,59,59,59,25,36,59,59,35,50,59,59,59,59,59,59,59,61,72,42,42,45,55,65,77,77,80,80,80,7,62,64,64,64,25,80],"gold":1,"neow_bonus":"UPGRADE_CARD","is_daily":false,"chose_seed":false,"campfire_upgraded":5,"win_rate":0.0,"timestamp":1613613157,"path_taken":["R","M","?","?","?","M","T","E","M","E","M","M","R","?","M","BOSS","R","M","?","?","?","E","T","E","?","M","$","?","M","?","M","BOSS","R","M","M","M","?","E","T","E","R","?","M","?","E","?","M","BOSS","E","$","R","BOSS","BOSS"],"items_purchased_type":["Relic","Relic","Card","Relic","Card"],"build_version":"2020-12-22","purchased_purges":4,"victory":true,"max_hp_per_floor":[59,59,59,59,59,59,59,59,59,59,59,59,59,59,59,59,59,59,59,59,59,59,59,59,59,59,59,59,59,59,59,59,59,59,59,59,59,62,72,74,74,76,86,86,88,78,80,80,80,80,80,80,80,80,80,80],"relic_stats":{"Blood Vial":33,"Sozu":6,"Strange Spoon":[41],"Nunchaku":[20],"Singing Bowl":8,"counters":[34,189],"Mummified Hand":[11],"Pantograph":41,"PreservedInsect":437,"obtain_stats":[{"Lantern":10,"Slimebound:SelfDamagePreventRelic":28,"Singing Bowl":40,"downfall:HeartBlessingRed":43,"hexamod:Sixitude":24,"downfall:HeartBlessingGreen":43,"PreservedInsect":23,"Blood Vial":8,"Sozu":34,"Strange Spoon":48,"Nunchaku":4,"HornCleat":42,"downfall:HeartBlessingBlue":43,"Mummified Hand":52,"Pantograph":20,"MutagenicStrength":26,"Slimebound:AbsorbEndCombat":0,"Coffee Dripper":17,"StrikeDummy":25,"FossilizedHelix":7,"Toy Ornithopter":47},{"Lantern":6,"Slimebound:SelfDamagePreventRelic":17,"Singing Bowl":25,"downfall:HeartBlessingRed":26,"hexamod:Sixitude":13,"downfall:HeartBlessingGreen":26,"PreservedInsect":13,"Blood Vial":4,"Sozu":21,"Strange Spoon":29,"Nunchaku":1,"HornCleat":26,"downfall:HeartBlessingBlue":26,"Mummified Hand":32,"Pantograph":12,"MutagenicStrength":15,"Slimebound:AbsorbEndCombat":0,"Coffee Dripper":10,"StrikeDummy":14,"FossilizedHelix":3,"Toy Ornithopter":29},{"Lantern":27,"Slimebound:SelfDamagePreventRelic":78,"Singing Bowl":122,"downfall:HeartBlessingRed":129,"hexamod:Sixitude":58,"downfall:HeartBlessingGreen":129,"PreservedInsect":58,"Blood Vial":16,"Sozu":102,"Strange Spoon":140,"Nunchaku":3,"HornCleat":129,"downfall:HeartBlessingBlue":129,"Mummified Hand":164,"Pantograph":54,"MutagenicStrength":69,"Slimebound:AbsorbEndCombat":0,"Coffee Dripper":44,"StrikeDummy":65,"FossilizedHelix":10,"Toy Ornithopter":140}],"Toy Ornithopter":0},"card_choices":[{"not_picked":["Slimebound:ServeAndProtect","Slimebound:SplitBruiser"],"picked":"Slimebound:FinishingTackle","floor":2.0},{"not_picked":["Slimebound:GoopTackle","Slimebound:GoopSpray"],"picked":"Slimebound:ComboTackle","floor":5.0},{"not_picked":["Slimebound:RollThrough","Slimebound:FinishingTackle"],"picked":"Slimebound:RainOfGoop","floor":6.0},{"not_picked":["Slimebound:SplitLeeching","Slimebound:SpikyOuterGoop"],"picked":"Slimebound:LeechLife","floor":8.0},{"not_picked":["Slimebound:FormOfPuddle","Slimebound:SlimeSpikes"],"picked":"Slimebound:SplitBruiser","floor":9.0},{"not_picked":["Slimebound:TongueLash","Slimebound:FinishingTackle"],"picked":"Slimebound:ComboTackle","floor":10.0},{"not_picked":["Slimebound:ProtectTheBoss","Slimebound:Schlurp"],"picked":"Slimebound:Recollect","floor":11.0},{"not_picked":["Slimebound:SlimeSpikes","Slimebound:FormOfPuddle"],"picked":"Slimebound:DisruptingSlam","floor":12.0},{"not_picked":["Slimebound:FinishingTackle","Slimebound:HungryTackle"],"picked":"Slimebound:AcidTongue","floor":15.0},{"not_picked":["Slimebound:Darklings","Slimebound:DuplicatedForm"],"picked":"Slimebound:DouseInSlime","floor":16.0},{"not_picked":["Slimebound:SlimeSpikes","Slimebound:SplitBruiser"],"picked":"Slimebound:SplitLeeching","floor":19.0},{"not_picked":["Slimebound:Gluttony","Slimebound:LeechEnergy+1"],"picked":"Slimebound:ServeAndProtect","floor":20.0},{"not_picked":["Slimebound:GoopTackle+1","Slimebound:RainOfGoop"],"picked":"Slimebound:OozeBath","floor":23.0},{"not_picked":["Slimebound:SplitLeeching","Slimebound:FlameTackle","Slimebound:Dissolve"],"picked":"SKIP","floor":25.0},{"not_picked":["Slimebound:ItLooksTasty","Slimebound:Recollect"],"picked":"Slimebound:SplitLeeching+1","floor":26.0},{"not_picked":[],"picked":"J.A.X.","floor":26.0},{"not_picked":["Slimebound:Equalize","Slimebound:FlameTackle"],"picked":"Slimebound:Recollect+1","floor":27.0},{"not_picked":["Slimebound:FormOfPuddle","Slimebound:RainOfGoop"],"picked":"Slimebound:Replication","floor":28},{"not_picked":["Slimebound:ServeAndProtect","Slimebound:FormOfPuddle"],"picked":"Slimebound:LeadByExample","floor":30},{"not_picked":["Slimebound:SplitLeeching","Slimebound:RejuvenatingLick","Slimebound:LeechEnergy"],"picked":"SKIP","floor":31},{"not_picked":["Slimebound:Equalize","Slimebound:SplitMire"],"picked":"Slimebound:Schlurp+1","floor":32},{"not_picked":["Slimebound:Recycling","Slimebound:Teamwork"],"picked":"Slimebound:MassFeed","floor":33},{"not_picked":["Slimebound:SplitLeeching","Slimebound:HauntingLick"],"picked":"Slimebound:ViciousTackle","floor":36},{"not_picked":["Slimebound:ItLooksTasty+1","Slimebound:SplitLeeching+1"],"picked":"Slimebound:SplitMire+1","floor":37},{"not_picked":["Slimebound:RollThrough","Slimebound:SplitMire+1","Slimebound:SplitBruiser"],"picked":"SKIP","floor":38},{"not_picked":["Slimebound:Equalize","Slimebound:OneTwoCombo","Slimebound:SlimeSpikes"],"picked":"Singing Bowl","floor":40},{"not_picked":["Slimebound:FlameTackle","Slimebound:ForwardTackle","Slimebound:Replication"],"picked":"Singing Bowl","floor":42},{"not_picked":["Slimebound:FinishingTackle+1","Slimebound:Dissolve+1"],"picked":"Slimebound:GoopSpray+1","floor":44},{"not_picked":["Slimebound:SplitBruiser","Slimebound:GoopSpray","Slimebound:PressTheAttack+1"],"picked":"Singing Bowl","floor":45},{"not_picked":["Slimebound:AcidTongue","Slimebound:DouseInSlime","Slimebound:RallyTheTroops"],"picked":"Singing Bowl","floor":47},{"not_picked":["Slimebound:RejuvenatingLick","Slimebound:RollThrough"],"picked":"Slimebound:AcidTongue+1","floor":49},{"not_picked":["Slimebound:LeechingTouch+1","Slimebound:MinionMaster"],"picked":"Slimebound:Prepare+1","floor":52}],"player_experience":1741252,"relics_obtained":[{"floor":7.0,"key":"FossilizedHelix"},{"floor":8.0,"key":"Blood Vial"},{"floor":10.0,"key":"Lantern"},{"floor":23.0,"key":"PreservedInsect"},{"floor":24.0,"key":"hexamod:Sixitude"},{"floor":25.0,"key":"StrikeDummy"},{"floor":26.0,"key":"MutagenicStrength"},{"floor":40,"key":"Singing Bowl"},{"floor":42,"key":"HornCleat"},{"floor":47,"key":"Toy Ornithopter"},{"floor":52,"key":"Mummified Hand"}],"event_choices":[{"damage_healed":0.0,"max_hp_gain":0.0,"max_hp_loss":0.0,"gold_gain":0.0,"event_name":"Scrap Ooze","player_choice":"Success","floor":4.0,"gold_loss":0.0,"damage_taken":11.0,"relics_obtained":["Nunchaku"]},{"cards_removed":["Slimebound:MassFeed"],"damage_healed":1,"gold_gain":0,"player_choice":"Offered Rare","damage_taken":0,"max_hp_gain":10,"max_hp_loss":0,"event_name":"Bonfire Elementals","floor":39,"gold_loss":0}],"is_beta":false,"boss_relics":[{"not_picked":["Philosopher\u0027s Stone","Velvet Choker"],"picked":"Coffee Dripper"},{"not_picked":["SacredBark","SlaversCollar"],"picked":"Sozu"}],"items_purged_floors":[20,28,31,53],"is_endless":false,"potions_floor_spawned":[2,6,8,10,12,19,23,25,30,33,36,42,44,45,49,52],"ascension_level":20}}