{"host":"lxu17chzujqn8whl","time":1613620379,"event":{"mods":["BaseMod","Minty Spire (QoL Compilation)","Relic Stats","StSLib"],"gold_per_floor":[360,378,388,398,416,416,442,442,442,52,78,78,93,107,107,206,206,224,1,20,39,57,57,84,101,155,174,174,188,206,219,219,316,316,332,75,0,13,28,60,60,91,91,102,121,172,172,188,188,188,188,188,42,75,75],"floor_reached":56,"language":"ENG","playtime":3077,"items_purged":[],"score":1349,"play_id":"bb8d9aa9-7ce4-496a-bafa-0f79a5d4079c","local_time":"20210217195259","is_ascension_mode":false,"campfire_choices":[{"data":"Rage","floor":6.0,"key":"SMITH"},{"data":"Bash","floor":8.0,"key":"SMITH"},{"floor":15.0,"key":"REST"},{"floor":23.0,"key":"RECALL"},{"data":"Offering","floor":28.0,"key":"SMITH"},{"data":"Feel No Pain","floor":32.0,"key":"SMITH"},{"data":"Seeing Red","floor":41.0,"key":"SMITH"},{"data":"Corruption","floor":49.0,"key":"SMITH"},{"data":"1","floor":52,"key":"LIFT"}],"circlet_count":0,"master_deck":["Strike_R+1","Strike_R","Strike_R","Strike_R+1","Defend_R","Defend_R","Defend_R","Defend_R","Bash+1","Clothesline","Rage+1","Pommel Strike","Shrug It Off","Disarm","Feed","Exhume","Flame Barrier","Offering+1","Feel No Pain+1","Bloodletting+1","Bloodletting+1","Corruption+1","Seeing Red+1","Fiend Fire","Seeing Red+1","Cleave+1","Shockwave+1","Writhe"],"relics":["Black Blood","MealTicket","Champion Belt","Eternal Feather","Dead Branch","Strawberry","Meat on the Bone","Philosopher\u0027s Stone","Red Mask","Oddly Smooth Stone","Ginger","Mummified Hand","Girya","Whetstone","Ornamental Fan"],"acts_visited":["Exordium","TheCity","TheBeyond","TheEnding"],"potions_floor_usage":[55,55,55],"damage_taken":[{"damage":1.0,"enemies":"Cultist","floor":1.0,"turns":3.0},{"damage":3.0,"enemies":"Jaw Worm","floor":2.0,"turns":3.0},{"damage":0.0,"enemies":"2 Louse","floor":3.0,"turns":3.0},{"damage":12.0,"enemies":"Red Slaver","floor":4.0,"turns":4.0},{"damage":3.0,"enemies":"2 Fungi Beasts","floor":5.0,"turns":4.0},{"damage":27.0,"enemies":"Gremlin Nob","floor":7.0,"turns":5.0},{"damage":39.0,"enemies":"3 Sentries","floor":11.0,"turns":11.0},{"damage":2.0,"enemies":"Large Slime","floor":13.0,"turns":4.0},{"damage":6.0,"enemies":"Exordium Wildlife","floor":14.0,"turns":4.0},{"damage":65.0,"enemies":"Slime Boss","floor":16.0,"turns":12.0},{"damage":37.0,"enemies":"Spheric Guardian","floor":18.0,"turns":8.0},{"damage":25.0,"enemies":"2 Thieves","floor":20.0,"turns":4.0},{"damage":35.0,"enemies":"Shelled Parasite and Fungi","floor":21.0,"turns":12.0},{"damage":21.0,"enemies":"Snake Plant","floor":22.0,"turns":5.0},{"damage":28.0,"enemies":"Gremlin Leader","floor":24.0,"turns":4.0},{"damage":22.0,"enemies":"Centurion and Healer","floor":25.0,"turns":8.0},{"damage":21.0,"enemies":"Cultist and Chosen","floor":27.0,"turns":7.0},{"damage":15.0,"enemies":"Snake Plant","floor":29.0,"turns":3.0},{"damage":37.0,"enemies":"Centurion and Healer","floor":30.0,"turns":9.0},{"damage":14.0,"enemies":"Cultist and Chosen","floor":31.0,"turns":7.0},{"damage":43.0,"enemies":"Collector","floor":33.0,"turns":10.0},{"damage":11.0,"enemies":"Orb Walker","floor":35.0,"turns":2.0},{"damage":18.0,"enemies":"3 Shapes","floor":38.0,"turns":2.0},{"damage":11.0,"enemies":"3 Darklings","floor":39.0,"turns":1.0},{"damage":11.0,"enemies":"Giant Head","floor":40.0,"turns":6.0},{"damage":38.0,"enemies":"Reptomancer","floor":42.0,"turns":5.0},{"damage":11.0,"enemies":"Maw","floor":44.0,"turns":2.0},{"damage":3.0,"enemies":"Transient","floor":45.0,"turns":5.0},{"damage":19.0,"enemies":"2 Orb Walkers","floor":46.0,"turns":3.0},{"damage":6.0,"enemies":"Sphere and 2 Shapes","floor":48.0,"turns":4.0},{"damage":68,"enemies":"Donu and Deca","floor":50,"turns":5},{"damage":18,"enemies":"Shield and Spear","floor":54,"turns":3},{"damage":64,"enemies":"The Heart","floor":55,"turns":8}],"seed_played":"-2837902281562301566","potions_obtained":[{"floor":1.0,"key":"FearPotion"},{"floor":2.0,"key":"Strength Potion"},{"floor":11.0,"key":"Ancient Potion"},{"floor":13.0,"key":"Fruit Juice"},{"floor":16.0,"key":"Ancient Potion"},{"floor":18.0,"key":"Ancient Potion"},{"floor":22.0,"key":"DuplicationPotion"},{"floor":24.0,"key":"Regen Potion"},{"floor":27.0,"key":"Strength Potion"},{"floor":29.0,"key":"LiquidBronze"},{"floor":33.0,"key":"FearPotion"},{"floor":48.0,"key":"LiquidMemories"}],"is_trial":false,"path_per_floor":["M","M","M","M","M","R","E","R","T","$","E","?","M","M","R","B",null,"M","$","M","M","M","R","E","M","T","M","R","M","M","M","R","B",null,"M","$","?","M","M","E","R","E","T","M","M","?","?","M","R","B",null,"R","$","E","B",null],"character_chosen":"IRONCLAD","items_purchased":["Feed","Eternal Feather","Strawberry","Regen Potion","ElixirPotion","Fiend Fire","Seeing Red","Whetstone"],"campfire_rested":1,"item_purchase_floors":[10,10,19,19,36,36,36,53],"current_hp_per_floor":[61,64,70,64,67,67,46,46,46,61,31,31,40,40,75,19,91,66,88,89,66,57,66,50,67,67,70,82,79,69,70,82,63,104,107,107,107,104,105,106,110,84,84,85,94,87,110,113,113,72,116,116,116,110,70],"gold":75,"neow_bonus":"TWO_FIFTY_GOLD","is_daily":false,"chose_seed":false,"campfire_upgraded":6,"win_rate":0.0,"timestamp":1613620379,"path_taken":["M","?","M","M","M","R","E","R","T","$","E","?","?","M","R","BOSS","M","$","?","M","M","R","E","M","T","?","R","M","M","M","R","BOSS","M","$","?","M","M","E","R","E","T","M","M","?","?","M","R","BOSS","R","$","E","BOSS"],"items_purchased_type":["Card","Relic","Relic","Potion","Potion","Card","Card","Relic"],"build_version":"2020-12-22","purchased_purges":0,"victory":true,"max_hp_per_floor":[80,80,80,80,80,80,80,80,80,80,83,83,88,88,88,91,91,91,98,98,98,98,98,98,98,98,98,98,98,101,104,104,104,104,107,107,107,110,110,110,110,110,110,110,110,110,110,113,113,116,116,116,116,116,116],"relic_stats":{"counters":[33,176],"Mummified Hand":[47],"Ornamental Fan":[24],"Dead Branch":[453],"Black Blood":329,"MealTicket":30,"Eternal Feather":46,"Champion Belt":[60],"Ginger":[5],"Whetstone":["Strike_R","Strike_R"],"obtain_stats":[{"Girya":46,"Dead Branch":11,"Black Blood":17,"Oddly Smooth Stone":40,"Eternal Feather":10,"Ginger":42,"Whetstone":53,"Burning Blood":0,"Mummified Hand":43,"Ornamental Fan":54,"Strawberry":19,"MealTicket":7,"Philosopher\u0027s Stone":34,"Red Mask":37,"Champion Belt":9,"Meat on the Bone":24},{"Girya":29,"Dead Branch":7,"Black Blood":10,"Oddly Smooth Stone":25,"Eternal Feather":6,"Ginger":26,"Whetstone":31,"Burning Blood":0,"Mummified Hand":26,"Ornamental Fan":32,"Strawberry":11,"MealTicket":6,"Philosopher\u0027s Stone":21,"Red Mask":22,"Champion Belt":6,"Meat on the Bone":15},{"Girya":156,"Dead Branch":33,"Black Blood":53,"Oddly Smooth Stone":141,"Eternal Feather":22,"Ginger":146,"Whetstone":165,"Burning Blood":0,"Mummified Hand":146,"Ornamental Fan":168,"Strawberry":61,"MealTicket":22,"Philosopher\u0027s Stone":130,"Red Mask":132,"Champion Belt":22,"Meat on the Bone":86}],"Meat on the Bone":72},"card_choices":[{"not_picked":["Power Through","Battle Trance"],"picked":"Clothesline","floor":1.0},{"not_picked":["Wild Strike","Heavy Blade"],"picked":"Rage","floor":2.0},{"not_picked":["Fire Breathing","Warcry"],"picked":"Pommel Strike","floor":3.0},{"not_picked":["Thunderclap","Anger"],"picked":"Shrug It Off","floor":4.0},{"not_picked":["True Grit","Warcry"],"picked":"Disarm","floor":5.0},{"not_picked":["Iron Wave","Twin Strike","Combust"],"picked":"SKIP","floor":7.0},{"not_picked":["Headbutt","Armaments"],"picked":"Exhume","floor":11.0},{"not_picked":["Ghostly Armor","Pommel Strike","Rampage"],"picked":"SKIP","floor":13.0},{"not_picked":["Feel No Pain","Shrug It Off"],"picked":"Flame Barrier","floor":14.0},{"not_picked":["Limit Break","Berserk"],"picked":"Offering","floor":16.0},{"not_picked":["Wild Strike","Flame Barrier"],"picked":"Feel No Pain","floor":18.0},{"not_picked":["Entrench+1","Anger","Burning Pact"],"picked":"SKIP","floor":20.0},{"not_picked":["Warcry","Flex","Twin Strike"],"picked":"SKIP","floor":21.0},{"not_picked":["Evolve","Pommel Strike","Power Through"],"picked":"SKIP","floor":22.0},{"not_picked":["Metallicize+1","True Grit"],"picked":"Bloodletting+1","floor":24.0},{"not_picked":["Body Slam+1","Perfected Strike","Clash"],"picked":"SKIP","floor":25.0},{"not_picked":["Shrug It Off+1","Burning Pact","Clothesline"],"picked":"SKIP","floor":27.0},{"not_picked":["Demon Form","Battle Trance"],"picked":"Bloodletting+1","floor":29.0},{"not_picked":["Burning Pact+1","Anger","Havoc"],"picked":"SKIP","floor":30.0},{"not_picked":["Clothesline","Thunderclap","Clash+1"],"picked":"SKIP","floor":31.0},{"not_picked":["Exhume","Limit Break"],"picked":"Corruption","floor":33.0},{"not_picked":["Headbutt","Rupture+1"],"picked":"Seeing Red+1","floor":35.0},{"not_picked":["Iron Wave+1","Combust"],"picked":"Cleave+1","floor":38.0},{"not_picked":["Pommel Strike+1","Carnage","Inflame"],"picked":"SKIP","floor":39.0},{"not_picked":["Headbutt","Warcry"],"picked":"Shockwave+1","floor":40.0},{"not_picked":["Double Tap","Flex+1","Heavy Blade"],"picked":"SKIP","floor":42.0},{"not_picked":["Perfected Strike","Headbutt+1","Fire Breathing"],"picked":"SKIP","floor":44.0},{"not_picked":["Headbutt","True Grit+1","Uppercut"],"picked":"SKIP","floor":45.0},{"not_picked":["Iron Wave","Warcry","Sentinel+1"],"picked":"SKIP","floor":48.0},{"not_picked":["Infernal Blade+1","Perfected Strike","Fire Breathing"],"picked":"SKIP","floor":54}],"player_experience":699475,"relics_obtained":[{"floor":7.0,"key":"MealTicket"},{"floor":9.0,"key":"Champion Belt"},{"floor":11.0,"key":"Dead Branch"},{"floor":24.0,"key":"Meat on the Bone"},{"floor":40.0,"key":"Oddly Smooth Stone"},{"floor":42.0,"key":"Ginger"},{"floor":43.0,"key":"Mummified Hand"},{"floor":46.0,"key":"Girya"},{"floor":54,"key":"Ornamental Fan"}],"event_choices":[{"cards_removed":["Strike_R"],"damage_healed":0.0,"max_hp_gain":0.0,"max_hp_loss":0.0,"gold_gain":0.0,"event_name":"Purifier","player_choice":"Purged","floor":12.0,"gold_loss":0.0,"damage_taken":0.0},{"damage_healed":0.0,"max_hp_gain":0.0,"max_hp_loss":0.0,"gold_gain":0.0,"event_name":"Tomb of Lord Red Mask","player_choice":"Paid","floor":37.0,"gold_loss":75.0,"damage_taken":0.0,"relics_obtained":["Red Mask"]},{"damage_healed":0.0,"max_hp_gain":0.0,"max_hp_loss":0.0,"gold_gain":0.0,"event_name":"Mysterious Sphere","player_choice":"Fight","floor":46.0,"gold_loss":0.0,"damage_taken":0.0},{"damage_healed":28.0,"max_hp_gain":0.0,"max_hp_loss":0.0,"gold_gain":0.0,"event_name":"Winding Halls","player_choice":"Writhe","floor":47.0,"gold_loss":0.0,"damage_taken":0.0,"cards_obtained":["Writhe"]}],"is_beta":false,"boss_relics":[{"not_picked":["Velvet Choker","Snecko Eye"],"picked":"Black Blood"},{"not_picked":["Astrolabe","Runic Cube"],"picked":"Philosopher\u0027s Stone"}],"items_purged_floors":[],"is_endless":false,"potions_floor_spawned":[1,2,11,13,16,18,22,24,27,29,33,39,40,48],"ascension_level":0}}