{"host":"8rqsnaeml9gxb0kp","time":1613630837,"event":{"mods":["AchievementEnabler","BaseMod","Colored Powertips","Dark Map","Minty Spire (QoL Compilation)","Rare Cards Sparkle","Relic Stats","StSLib","slay the spire mod where everything is the same but ironclad has a cowboy hat"],"gold_per_floor":[109,109,409,419,432,432,432,461,461,475,475,505,505,524,524,624,624,639,658,103,103,137,137,176,176,176,176,207,280,280,292,292,393,393,413,413,1412,911,924,924,937,937,937,937,937],"floor_reached":44,"language":"ENG","playtime":2519,"items_purged":[],"score":685,"play_id":"c57624c3-3bf5-4909-b1a7-245b91047c45","local_time":"20210217224717","is_ascension_mode":true,"campfire_choices":[{"floor":6.0,"key":"DIG"},{"floor":11.0,"key":"REST"},{"floor":13.0,"key":"REST"},{"floor":15.0,"key":"REST"},{"floor":23.0,"key":"REST"},{"floor":30.0,"key":"REST"},{"floor":32.0,"key":"REST"},{"floor":40,"key":"REST"}],"circlet_count":0,"master_deck":["Defend_G","Defend_G","Defend_G","Defend_G","Defend_G","Survivor","Neutralize","Crippling Poison","Poisoned Stab+1","All Out Attack","Well Laid Plans","PiercingWail","Die Die Die","Dodge and Roll","Calculated Gamble","Deadly Poison","Concentrate","Die Die Die","Endless Agony+1","Dagger Throw+1","Poisoned Stab+1","Dagger Throw+1","HandOfGreed","Concentrate","RitualDagger","Backflip","Prepared+1","Tactician","Leg Sweep","Catalyst+1","Dodge and Roll","Outmaneuver","Bane","Bouncing Flask","Night Terror","Distraction+1","Normality","Normality","Calculated Gamble","PiercingWail+1","Outmaneuver+1","Deflect+1"],"relics":["Ring of the Snake","Shovel","Old Coin","Dream Catcher","Tough Bandages","The Specimen","Regal Pillow","Astrolabe","Oddly Smooth Stone","MealTicket","Mango","Ancient Tea Set","HoveringKite","Vajra","Omamori","Medical Kit","Toy Ornithopter"],"acts_visited":["Exordium","TheCity","TheBeyond"],"potions_floor_usage":[44],"damage_taken":[{"damage":0.0,"enemies":"2 Louse","floor":1.0,"turns":4.0},{"damage":3.0,"enemies":"Small Slimes","floor":4.0,"turns":4.0},{"damage":0.0,"enemies":"Cultist","floor":5.0,"turns":4.0},{"damage":14.0,"enemies":"3 Sentries","floor":8.0,"turns":10.0},{"damage":15.0,"enemies":"Gremlin Gang","floor":10.0,"turns":4.0},{"damage":33.0,"enemies":"Lagavulin","floor":12.0,"turns":8.0},{"damage":4.0,"enemies":"2 Fungi Beasts","floor":14.0,"turns":4.0},{"damage":9.0,"enemies":"Hexaghost","floor":16.0,"turns":12.0},{"damage":3.0,"enemies":"Chosen","floor":18.0,"turns":5.0},{"damage":11.0,"enemies":"Spheric Guardian","floor":19.0,"turns":5.0},{"damage":7.0,"enemies":"Cultist and Chosen","floor":22.0,"turns":7.0},{"damage":29.0,"enemies":"Snake Plant","floor":24.0,"turns":3.0},{"damage":3.0,"enemies":"Chosen and Byrds","floor":28.0,"turns":6.0},{"damage":34.0,"enemies":"Slavers","floor":29.0,"turns":6.0},{"damage":7.0,"enemies":"Snecko","floor":31.0,"turns":5.0},{"damage":75.0,"enemies":"Champ","floor":33.0,"turns":16.0},{"damage":12.0,"enemies":"3 Shapes","floor":35.0,"turns":3.0},{"damage":21,"enemies":"3 Darklings","floor":39,"turns":4},{"damage":67,"enemies":"Spire Growth","floor":41,"turns":7},{"damage":39,"enemies":"Transient","floor":44,"turns":5}],"seed_played":"-763936970508024413","potions_obtained":[{"floor":1.0,"key":"Block Potion"},{"floor":10.0,"key":"Ancient Potion"},{"floor":12.0,"key":"Swift Potion"},{"floor":19.0,"key":"DistilledChaos"},{"floor":24.0,"key":"LiquidBronze"},{"floor":29.0,"key":"Poison Potion"},{"floor":33.0,"key":"Dexterity Potion"}],"is_trial":false,"path_per_floor":["M","?","?","M","M","R","?","E","T","M","R","E","R","M","R","B",null,"M","M","$","?","M","R","M","?","T","?","M","E","R","M","R","B",null,"M","?","?","$","M","R","M","?","T","M"],"character_chosen":"THE_SILENT","items_purchased":["Oddly Smooth Stone","MealTicket","HandOfGreed","Concentrate","Vajra","Omamori","Medical Kit","Calculated Gamble"],"campfire_rested":7,"item_purchase_floors":[20,20,20,20,38,38,38,38],"current_hp_per_floor":[63,68,56,53,53,53,53,39,39,24,44,11,46,42,68,59,66,63,52,52,46,39,68,39,39,53,53,50,16,55,48,82,7,63,51,51,51,66,45,82,15,15,15,0,0],"gold":937,"neow_bonus":"ONE_RARE_RELIC","is_daily":false,"chose_seed":false,"campfire_upgraded":0,"win_rate":0.0,"timestamp":1613630837,"path_taken":["M","?","?","M","M","R","?","E","T","?","R","E","R","M","R","BOSS","M","?","$","?","M","R","M","?","T","?","M","E","R","M","R","BOSS","M","?","?","$","M","R","M","?","T","M"],"items_purchased_type":["Relic","Relic","Card","Card","Relic","Relic","Relic","Card"],"build_version":"2020-12-22","purchased_purges":0,"victory":false,"max_hp_per_floor":[63,68,68,68,68,68,68,68,68,68,68,68,68,68,68,68,68,68,68,68,68,68,68,68,68,82,82,82,82,82,82,82,82,82,82,82,82,82,82,82,82,78,78,78,78],"relic_stats":{"Dream Catcher":7,"Tough Bandages":[420],"Regal Pillow":68,"Shovel":1,"counters":[20,122],"Astrolabe":["Endless Agony","Dagger Throw","Poisoned Stab"],"HoveringKite":[14],"MealTicket":15,"Medical Kit":[0],"obtain_stats":[{"Regal Pillow":12,"The Specimen":9,"Astrolabe":17,"Oddly Smooth Stone":20,"HoveringKite":34,"Vajra":38,"Mango":26,"Omamori":38,"Ancient Tea Set":29,"Medical Kit":38,"Old Coin":3,"Dream Catcher":6,"Tough Bandages":8,"Shovel":0,"MealTicket":20,"Toy Ornithopter":43,"Ring of the Snake":0},{"Regal Pillow":6,"The Specimen":4,"Astrolabe":8,"Oddly Smooth Stone":10,"HoveringKite":16,"Vajra":17,"Mango":12,"Omamori":17,"Ancient Tea Set":14,"Medical Kit":17,"Old Coin":1,"Dream Catcher":3,"Tough Bandages":4,"Shovel":0,"MealTicket":10,"Toy Ornithopter":19,"Ring of the Snake":0},{"Regal Pillow":34,"The Specimen":22,"Astrolabe":50,"Oddly Smooth Stone":60,"HoveringKite":103,"Vajra":106,"Mango":70,"Omamori":106,"Ancient Tea Set":82,"Medical Kit":106,"Old Coin":4,"Dream Catcher":12,"Tough Bandages":22,"Shovel":0,"MealTicket":60,"Toy Ornithopter":117,"Ring of the Snake":0}],"Toy Ornithopter":5,"Ring of the Snake":[40]},"card_choices":[{"not_picked":["Flechettes","Underhanded Strike"],"picked":"Crippling Poison","floor":1.0},{"not_picked":["Reflex","Flying Knee"],"picked":"Poisoned Stab","floor":4.0},{"not_picked":["Tactician","Dodge and Roll"],"picked":"All Out Attack","floor":5.0},{"not_picked":["Riddle With Holes","Endless Agony"],"picked":"Well Laid Plans","floor":8.0},{"not_picked":["Blade Dance","Dagger Spray"],"picked":"PiercingWail","floor":10.0},{"not_picked":["Sucker Punch","Bane"],"picked":"Die Die Die","floor":11.0},{"not_picked":["Skewer","Expertise"],"picked":"Dodge and Roll","floor":12.0},{"not_picked":["Poisoned Stab","Deadly Poison"],"picked":"Calculated Gamble","floor":13.0},{"not_picked":["Quick Slash","Calculated Gamble"],"picked":"Deadly Poison","floor":14.0},{"not_picked":["Bane","Underhanded Strike"],"picked":"Concentrate","floor":15.0},{"not_picked":["Night Terror","Phantasmal Killer"],"picked":"Die Die Die","floor":16.0},{"not_picked":["Dash","Poisoned Stab"],"picked":"Dagger Throw+1","floor":18.0},{"not_picked":["Cloak And Dagger","Sucker Punch","Predator"],"picked":"SKIP","floor":19.0},{"not_picked":["Deflect","Blur","Flechettes+1"],"picked":"SKIP","floor":22.0},{"not_picked":["Distraction","Slice"],"picked":"Backflip","floor":23.0},{"not_picked":["Dagger Spray","Slice"],"picked":"Prepared+1","floor":24.0},{"not_picked":["Prepared","Choke"],"picked":"Catalyst+1","floor":28.0},{"not_picked":["Setup","Envenom"],"picked":"Dodge and Roll","floor":29.0},{"not_picked":["Heel Hook","Masterful Stab"],"picked":"Outmaneuver","floor":30.0},{"not_picked":["Dagger Spray","Skewer+1"],"picked":"Bane","floor":31.0},{"not_picked":["Backflip","Sucker Punch"],"picked":"Bouncing Flask","floor":32.0},{"not_picked":["Grand Finale","Envenom"],"picked":"Night Terror","floor":33.0},{"not_picked":["Dagger Throw+1","Dagger Spray"],"picked":"Distraction+1","floor":35.0},{"not_picked":["Setup+1","Underhanded Strike"],"picked":"PiercingWail+1","floor":39},{"not_picked":["Deflect","Poisoned Stab"],"picked":"Outmaneuver+1","floor":40},{"not_picked":["Predator+1","Dodge and Roll"],"picked":"Deflect+1","floor":41}],"player_experience":278320,"relics_obtained":[{"floor":6.0,"key":"Dream Catcher"},{"floor":8.0,"key":"Tough Bandages"},{"floor":9.0,"key":"The Specimen"},{"floor":12.0,"key":"Regal Pillow"},{"floor":26.0,"key":"Mango"},{"floor":29.0,"key":"Ancient Tea Set"},{"floor":43,"key":"Toy Ornithopter"}],"event_choices":[{"damage_healed":0.0,"max_hp_gain":5.0,"max_hp_loss":0.0,"gold_gain":0.0,"event_name":"Big Fish","player_choice":"Donut","floor":2.0,"gold_loss":0.0,"damage_taken":0.0},{"damage_healed":0.0,"max_hp_gain":0.0,"max_hp_loss":0.0,"gold_gain":0.0,"event_name":"Scrap Ooze","player_choice":"Success","floor":3.0,"gold_loss":0.0,"damage_taken":12.0,"relics_obtained":["Old Coin"]},{"damage_healed":0.0,"max_hp_gain":0.0,"max_hp_loss":0.0,"gold_gain":0.0,"event_name":"Upgrade Shrine","player_choice":"Upgraded","floor":7.0,"gold_loss":0.0,"damage_taken":0.0,"cards_upgraded":["Poisoned Stab"]},{"damage_healed":0.0,"max_hp_gain":0.0,"max_hp_loss":0.0,"gold_gain":0.0,"event_name":"Nest","player_choice":"Joined the Cult","floor":21.0,"gold_loss":0.0,"damage_taken":6.0,"cards_obtained":["RitualDagger"]},{"damage_healed":0.0,"max_hp_gain":0.0,"max_hp_loss":0.0,"gold_gain":0.0,"event_name":"The Mausoleum","player_choice":"Ignored","floor":25.0,"gold_loss":0.0,"damage_taken":0.0},{"damage_healed":0.0,"max_hp_gain":0.0,"max_hp_loss":0.0,"gold_gain":0.0,"cards_transformed":["Strike_G","Strike_G"],"event_name":"Drug Dealer","player_choice":"Became Test Subject","floor":27.0,"gold_loss":0.0,"damage_taken":0.0,"cards_obtained":["Tactician","Leg Sweep"]},{"damage_healed":0.0,"max_hp_gain":0.0,"max_hp_loss":0.0,"gold_gain":0.0,"event_name":"Mysterious Sphere","player_choice":"Ignored","floor":36.0,"gold_loss":0.0,"damage_taken":0.0},{"damage_healed":0.0,"max_hp_gain":0.0,"max_hp_loss":0.0,"gold_gain":999.0,"event_name":"MindBloom","player_choice":"Gold","floor":37.0,"gold_loss":0.0,"damage_taken":0.0,"cards_obtained":["Normality","Normality"]},{"damage_healed":0,"gold_gain":0,"player_choice":"Max HP","damage_taken":0,"max_hp_gain":0,"max_hp_loss":4,"event_name":"Winding Halls","floor":42,"gold_loss":0}],"is_beta":false,"boss_relics":[{"not_picked":["Ring of the Serpent","Runic Pyramid"],"picked":"Astrolabe"},{"not_picked":["Coffee Dripper","Empty Cage"],"picked":"HoveringKite"}],"items_purged_floors":[],"is_endless":false,"potions_floor_spawned":[1,10,12,19,24,29,33,41],"killed_by":"Transient","ascension_level":9}}