{"host":"imy0w7zcgpxryx7c","time":1613674236,"event":{"mods":["AchievementEnabler","BaseMod","Colored Map","Colored Powertips","Minty Spire (QoL Compilation)","Relic Sorter","StSLib"],"gold_per_floor":[114,131,150,38,49,49,79,89,89,39,39,114,114,127,127,127,127],"floor_reached":16,"language":"ENG","playtime":1047,"items_purged":["Strike_B"],"score":158,"play_id":"b9c8090a-8311-4369-8c4b-2a8274e86e0d","local_time":"20210218135036","is_ascension_mode":true,"campfire_choices":[{"data":"White Noise","floor":6,"key":"SMITH"},{"data":"Redo","floor":11,"key":"SMITH"},{"floor":15,"key":"REST"}],"circlet_count":0,"master_deck":["AscendersBane","Strike_B","Strike_B","Defend_B","Defend_B","Defend_B","Defend_B","Zap+1","Dualcast","Loop","Sweeping Beam","Leap","Self Repair","White Noise+1","Stack","Redo+1","Force Field"],"relics":["Cracked Core","HornCleat","Anchor"],"acts_visited":["Exordium"],"potions_floor_usage":[5,7,14,16],"damage_taken":[{"damage":6,"enemies":"Cultist","floor":1,"turns":3},{"damage":12,"enemies":"Jaw Worm","floor":2,"turns":3},{"damage":0,"enemies":"Small Slimes","floor":3,"turns":3},{"damage":6,"enemies":"Looter","floor":5,"turns":3},{"damage":15,"enemies":"Lagavulin","floor":7,"turns":6},{"damage":10,"enemies":"2 Fungi Beasts","floor":8,"turns":4},{"damage":21,"enemies":"Gremlin Gang","floor":14,"turns":4},{"damage":28,"enemies":"The Guardian","floor":16,"turns":12}],"seed_played":"-2922451054622786658","potions_obtained":[{"floor":1,"key":"SteroidPotion"},{"floor":3,"key":"GamblersBrew"},{"floor":5,"key":"Ancient Potion"},{"floor":7,"key":"Strength Potion"}],"is_trial":false,"path_per_floor":["M","M","M","$","M","R","E","M","T","?","R","?","?","M","R","B"],"character_chosen":"DEFECT","items_purchased":["Self Repair"],"campfire_rested":1,"item_purchase_floors":[4],"current_hp_per_floor":[62,50,50,50,51,51,43,40,40,40,40,29,29,15,37,9,9],"gold":127,"neow_bonus":"UPGRADE_CARD","is_daily":false,"chose_seed":false,"campfire_upgraded":2,"win_rate":0.0,"timestamp":1613674236,"path_taken":["M","M","?","$","M","R","E","M","T","?","R","?","?","M","R","BOSS"],"items_purchased_type":["Card"],"build_version":"2020-12-22","purchased_purges":1,"victory":false,"max_hp_per_floor":[75,75,75,75,75,75,75,75,75,75,75,75,75,75,75,75,75],"card_choices":[{"not_picked":["Gash","Skim"],"picked":"Loop","floor":1},{"not_picked":["Redo","Aggregate"],"picked":"Sweeping Beam","floor":2},{"not_picked":["Gash","Reinforced Body"],"picked":"Leap","floor":3},{"not_picked":["Genetic Algorithm","Tempest"],"picked":"White Noise","floor":5},{"not_picked":["Reprogram","Sweeping Beam"],"picked":"Stack","floor":7},{"not_picked":["Gash","Chaos"],"picked":"Redo","floor":8},{"not_picked":["Stack","Cold Snap"],"picked":"Force Field","floor":14}],"player_experience":453338,"relics_obtained":[{"floor":7,"key":"HornCleat"},{"floor":9,"key":"Anchor"}],"event_choices":[{"cards_removed":["Strike_B"],"damage_healed":0,"gold_gain":0,"player_choice":"Card Removal","damage_taken":0,"max_hp_gain":0,"max_hp_loss":0,"event_name":"The Cleric","floor":10,"gold_loss":50},{"damage_healed":0,"gold_gain":75,"player_choice":"Gather Gold","damage_taken":11,"max_hp_gain":0,"max_hp_loss":0,"event_name":"World of Goop","floor":12,"gold_loss":0},{"damage_healed":0,"gold_gain":0,"player_choice":"Ignored","damage_taken":0,"max_hp_gain":0,"max_hp_loss":0,"event_name":"Liars Game","floor":13,"gold_loss":0}],"is_beta":false,"boss_relics":[],"items_purged_floors":[4],"is_endless":false,"potions_floor_spawned":[1,3,5,7],"killed_by":"The Guardian","ascension_level":11}}