{"host":"c6u7e77myxvw4d0m","time":1613681711,"event":{"mods":["AchievementEnabler","BaseMod","Bestiary","Colored Map","Colored Powertips","Minty Spire (QoL Compilation)","Rare Cards Sparkle","Relic Stats","everything is the same but u backflip on backflip"],"gold_per_floor":[114,126,126,146,146,177,177,211,234,244,259,19,19,57,57,131,131,151,151,192,250,314,366,366,391,391,391,491,342,342,6,6,108,108,150,168,212,50,69,95,95,156,179,214,264,276,276,293,293,293,293],"floor_reached":50,"language":"ENG","playtime":5224,"items_purged":["Strike_G+1"],"score":1364,"play_id":"bfc63d98-3e5d-4362-a651-91202ba92904","local_time":"20210218225511","is_ascension_mode":true,"campfire_choices":[{"data":"Poisoned Stab","floor":7.0,"key":"SMITH"},{"data":"Neutralize","floor":15.0,"key":"SMITH"},{"floor":24.0,"key":"REST"},{"floor":27.0,"key":"REST"},{"data":"A Thousand Cuts","floor":30.0,"key":"SMITH"},{"data":"Footwork","floor":32.0,"key":"SMITH"},{"data":"Noxious Fumes","floor":41.0,"key":"SMITH"},{"data":"Calculated Gamble","floor":47,"key":"SMITH"},{"floor":49,"key":"REST"}],"circlet_count":0,"master_deck":["AscendersBane","Strike_G+1","Strike_G+1","Strike_G+1","Strike_G+1","Defend_G+1","Defend_G+1","Defend_G+1","Defend_G+1","Defend_G+1","Survivor","Neutralize+1","Poisoned Stab+1","Bouncing Flask","Dagger Spray","Bullet Time","Dash","Prepared","Prepared","HandOfGreed+1","Caltrops","PiercingWail","A Thousand Cuts+1","Footwork+1","PiercingWail","Deadly Poison","Backflip","Well Laid Plans","Tools of the Trade","Prepared+1","Calculated Gamble+1","Acrobatics","Deadly Poison","Noxious Fumes+1","Outmaneuver+1","Blade Dance","Envenom"],"relics":["Ring of the Snake","PreservedInsect","Akabeko","Orichalcum","Bag of Preparation","Sozu","Red Mask","Tiny Chest","Pantograph","FossilizedHelix","Meat on the Bone","Pen Nib","Lee\u0027s Waffle","Runic Pyramid","Orrery","CeramicFish","Nunchaku","Smiling Mask","Dream Catcher"],"acts_visited":["Exordium","TheCity","TheBeyond"],"potions_floor_usage":[],"damage_taken":[{"damage":13.0,"enemies":"Small Slimes","floor":1.0,"turns":6.0},{"damage":0.0,"enemies":"2 Louse","floor":2.0,"turns":3.0},{"damage":6.0,"enemies":"Jaw Worm","floor":4.0,"turns":4.0},{"damage":12.0,"enemies":"3 Sentries","floor":6.0,"turns":5.0},{"damage":0.0,"enemies":"Gremlin Nob","floor":8.0,"turns":2.0},{"damage":0.0,"enemies":"Lots of Slimes","floor":10.0,"turns":1.0},{"damage":4.0,"enemies":"Large Slime","floor":11.0,"turns":3.0},{"damage":5.0,"enemies":"Blue Slaver","floor":14.0,"turns":5.0},{"damage":12.0,"enemies":"Hexaghost","floor":16.0,"turns":8.0},{"damage":0.0,"enemies":"Chosen","floor":18.0,"turns":4.0},{"damage":0.0,"enemies":"3 Byrds","floor":20.0,"turns":4.0},{"damage":29.0,"enemies":"Masked Bandits","floor":21.0,"turns":5.0},{"damage":0.0,"enemies":"Centurion and Healer","floor":22.0,"turns":5.0},{"damage":0.0,"enemies":"Gremlin Leader","floor":23.0,"turns":4.0},{"damage":31.0,"enemies":"Book of Stabbing","floor":25.0,"turns":5.0},{"damage":0.0,"enemies":"Colosseum Slavers","floor":28.0,"turns":4.0},{"damage":1.0,"enemies":"Colosseum Nobs","floor":28.0,"turns":6.0},{"damage":67.0,"enemies":"Collector","floor":33.0,"turns":11.0},{"damage":0.0,"enemies":"3 Shapes","floor":35.0,"turns":5.0},{"damage":0.0,"enemies":"Orb Walker","floor":36.0,"turns":3.0},{"damage":9.0,"enemies":"3 Darklings","floor":37.0,"turns":7.0},{"damage":9.0,"enemies":"Maw","floor":39.0,"turns":8.0},{"damage":16.0,"enemies":"Nemesis","floor":40.0,"turns":7.0},{"damage":0.0,"enemies":"Reptomancer","floor":42.0,"turns":6.0},{"damage":33.0,"enemies":"Giant Head","floor":44.0,"turns":8.0},{"damage":0,"enemies":"Jaw Worm Horde","floor":45,"turns":5},{"damage":9,"enemies":"Spire Growth","floor":46,"turns":6},{"damage":24,"enemies":"Writhing Mass","floor":48,"turns":5},{"damage":80,"enemies":"Time Eater","floor":50,"turns":12}],"seed_played":"7980902823711364917","potions_obtained":[{"floor":4.0,"key":"GamblersBrew"},{"floor":6.0,"key":"FearPotion"},{"floor":16.0,"key":"SteroidPotion"}],"is_trial":false,"path_per_floor":["M","M","?","M","?","E","R","E","T","M","M","$","?","M","R","B",null,"M","?","M","?","M","E","R","E","T","R","?","$","R","$","R","B",null,"M","M","M","$","M","E","R","E","T","E","M","M","R","M","R","B"],"character_chosen":"THE_SILENT","items_purchased":["HandOfGreed","Caltrops","Well Laid Plans","Pen Nib","Lee\u0027s Waffle","Orrery"],"campfire_rested":3,"item_purchase_floors":[12,12,29,31,31,38],"current_hp_per_floor":[46,46,46,40,40,28,28,28,28,28,24,24,24,19,19,7,51,51,51,51,22,22,22,41,10,10,29,28,28,28,73,73,18,59,59,59,50,50,41,37,37,37,37,16,28,31,31,19,40,0,0],"gold":293,"neow_bonus":"RANDOM_COMMON_RELIC","is_daily":false,"chose_seed":false,"campfire_upgraded":6,"win_rate":0.0,"timestamp":1613681711,"path_taken":["M","M","?","M","?","E","R","E","T","M","M","$","?","M","R","BOSS","M","?","M","?","M","E","R","E","T","R","?","?","R","$","R","BOSS","M","M","?","$","M","E","R","E","T","E","M","M","R","M","R","BOSS"],"items_purchased_type":["Card","Card","Card","Relic","Relic","Relic"],"build_version":"2020-12-22","purchased_purges":1,"victory":false,"max_hp_per_floor":[66,66,66,66,66,66,66,66,66,66,66,66,66,66,66,66,66,66,66,66,66,66,66,66,66,66,66,66,66,66,73,73,73,73,73,73,73,73,73,73,73,73,73,73,73,73,73,73,73,73,73],"relic_stats":{"Lee\u0027s Waffle":45,"counters":[29,157],"CeramicFish":18,"PreservedInsect":439,"Pen Nib":[11],"Bag of Preparation":[48],"Orichalcum":[264],"Smiling Mask":0,"Sozu":6,"Nunchaku":[4],"Dream Catcher":1,"Pantograph":25,"Tiny Chest":0,"obtain_stats":[{"Lee\u0027s Waffle":31,"CeramicFish":40,"PreservedInsect":0,"Pen Nib":31,"Bag of Preparation":9,"Orichalcum":8,"Smiling Mask":43,"Akabeko":6,"Sozu":17,"Nunchaku":42,"Dream Catcher":44,"Pantograph":25,"Orrery":38,"Tiny Chest":23,"Red Mask":21,"FossilizedHelix":28,"Ring of the Snake":0,"Meat on the Bone":28,"Runic Pyramid":34},{"Lee\u0027s Waffle":17,"CeramicFish":23,"PreservedInsect":0,"Pen Nib":17,"Bag of Preparation":5,"Orichalcum":5,"Smiling Mask":24,"Akabeko":4,"Sozu":9,"Nunchaku":24,"Dream Catcher":25,"Pantograph":15,"Orrery":21,"Tiny Chest":14,"Red Mask":12,"FossilizedHelix":17,"Ring of the Snake":0,"Meat on the Bone":17,"Runic Pyramid":18},{"Lee\u0027s Waffle":74,"CeramicFish":115,"PreservedInsect":0,"Pen Nib":74,"Bag of Preparation":20,"Orichalcum":20,"Smiling Mask":121,"Akabeko":18,"Sozu":37,"Nunchaku":121,"Dream Catcher":129,"Pantograph":64,"Orrery":100,"Tiny Chest":59,"Red Mask":50,"FossilizedHelix":74,"Ring of the Snake":0,"Meat on the Bone":74,"Runic Pyramid":85}],"Ring of the Snake":[58],"Meat on the Bone":72},"card_choices":[{"not_picked":["Accuracy","PiercingWail"],"picked":"Poisoned Stab","floor":1.0},{"not_picked":["Deflect","Accuracy"],"picked":"Bouncing Flask","floor":2.0},{"not_picked":["Outmaneuver","Reflex"],"picked":"Dagger Spray","floor":4.0},{"not_picked":["Accuracy","Cloak And Dagger"],"picked":"Bullet Time","floor":6.0},{"not_picked":["Blur","Flechettes"],"picked":"Dash","floor":8.0},{"not_picked":["Dodge and Roll","Flying Knee"],"picked":"Prepared","floor":10.0},{"not_picked":["Expertise","All Out Attack"],"picked":"Prepared","floor":11.0},{"not_picked":["Calculated Gamble","Backflip"],"picked":"PiercingWail","floor":14.0},{"not_picked":["Die Die Die","Bullet Time"],"picked":"A Thousand Cuts","floor":16.0},{"not_picked":["Sucker Punch","Setup","Bane"],"picked":"SKIP","floor":18.0},{"not_picked":["Dodge and Roll","Infinite Blades"],"picked":"Footwork","floor":20.0},{"not_picked":["Bouncing Flask","Deflect"],"picked":"PiercingWail","floor":21.0},{"not_picked":["Escape Plan","Slice"],"picked":"Deadly Poison","floor":22.0},{"not_picked":["Bane","Outmaneuver+1","Quick Slash"],"picked":"SKIP","floor":23.0},{"not_picked":["Bullet Time","Accuracy","Distraction"],"picked":"SKIP","floor":25.0},{"not_picked":["Riddle With Holes","Backstab"],"picked":"Backflip","floor":28.0},{"not_picked":["Storm of Steel","Envenom"],"picked":"Tools of the Trade","floor":33.0},{"not_picked":["Noxious Fumes","Quick Slash+1"],"picked":"Prepared+1","floor":35.0},{"not_picked":["Underhanded Strike+1","Backflip"],"picked":"Calculated Gamble","floor":36.0},{"not_picked":["Dash","Flying Knee+1","Heel Hook"],"picked":"SKIP","floor":37.0},{"not_picked":["Storm of Steel","Underhanded Strike+1"],"picked":"Acrobatics","floor":38.0},{"not_picked":["Tactician","Well Laid Plans"],"picked":"Deadly Poison","floor":38.0},{"not_picked":["Bane","PiercingWail"],"picked":"Noxious Fumes","floor":38.0},{"not_picked":["Acrobatics","Distraction"],"picked":"Outmaneuver+1","floor":39.0},{"not_picked":["Tactician","Venomology","Backflip"],"picked":"SKIP","floor":40.0},{"not_picked":["Quick Slash","Eviscerate+1"],"picked":"Blade Dance","floor":42.0},{"not_picked":["Backflip","Prepared","Poisoned Stab"],"picked":"SKIP","floor":44.0},{"not_picked":["Outmaneuver+1","Setup"],"picked":"Envenom","floor":45},{"not_picked":["Dagger Throw+1","Underhanded Strike","Blade Dance"],"picked":"SKIP","floor":46},{"not_picked":["Acrobatics","Blade Dance","Flying Knee"],"picked":"SKIP","floor":48}],"player_experience":836415,"relics_obtained":[{"floor":6.0,"key":"Akabeko"},{"floor":8.0,"key":"Orichalcum"},{"floor":9.0,"key":"Bag of Preparation"},{"floor":21.0,"key":"Red Mask"},{"floor":23.0,"key":"Tiny Chest"},{"floor":25.0,"key":"Pantograph"},{"floor":28.0,"key":"FossilizedHelix"},{"floor":28.0,"key":"Meat on the Bone"},{"floor":40.0,"key":"CeramicFish"},{"floor":42.0,"key":"Nunchaku"},{"floor":43.0,"key":"Smiling Mask"},{"floor":44.0,"key":"Dream Catcher"}],"event_choices":[{"damage_healed":0.0,"max_hp_gain":0.0,"max_hp_loss":0.0,"gold_gain":0.0,"event_name":"Shining Light","player_choice":"Ignored","floor":3.0,"gold_loss":0.0,"damage_taken":0.0},{"damage_healed":0.0,"max_hp_gain":0.0,"max_hp_loss":0.0,"gold_gain":0.0,"event_name":"Golden Wing","player_choice":"Ignored","floor":5.0,"gold_loss":0.0,"damage_taken":0.0},{"damage_healed":0.0,"max_hp_gain":0.0,"max_hp_loss":0.0,"gold_gain":0.0,"event_name":"Living Wall","player_choice":"Grow","floor":13.0,"gold_loss":0.0,"damage_taken":0.0,"cards_upgraded":["HandOfGreed"]},{"damage_healed":0.0,"max_hp_gain":0.0,"max_hp_loss":0.0,"gold_gain":0.0,"event_name":"Back to Basics","player_choice":"Simplicity","floor":19.0,"gold_loss":0.0,"damage_taken":0.0,"cards_upgraded":["Strike_G","Strike_G","Strike_G","Strike_G","Strike_G","Defend_G","Defend_G","Defend_G","Defend_G","Defend_G"]},{"damage_healed":0.0,"max_hp_gain":0.0,"max_hp_loss":0.0,"gold_gain":0.0,"event_name":"Masked Bandits","player_choice":"Fought Bandits","floor":21.0,"gold_loss":0.0,"damage_taken":0.0},{"damage_healed":0.0,"max_hp_gain":0.0,"max_hp_loss":0.0,"gold_gain":0.0,"event_name":"Colosseum","player_choice":"Fight","floor":28.0,"gold_loss":0.0,"damage_taken":0.0},{"damage_healed":0.0,"max_hp_gain":0.0,"max_hp_loss":0.0,"gold_gain":0.0,"event_name":"Colosseum","player_choice":"Fought Nobs","floor":28.0,"gold_loss":0.0,"damage_taken":0.0}],"is_beta":false,"boss_relics":[{"not_picked":["Pandora\u0027s Box","HoveringKite"],"picked":"Sozu"},{"not_picked":["WristBlade","Astrolabe"],"picked":"Runic Pyramid"}],"items_purged_floors":[29],"is_endless":false,"potions_floor_spawned":[4,6,16,20,25,28,28,39,44,48],"killed_by":"Time Eater","ascension_level":20}}