{"host":"g3js2eermvvpeiqn","time":1613671556,"event":{"mods":["BaseMod","DeckTracker","Downfall","Minty Spire (QoL Compilation)","Quick Restart","StSLib"],"gold_per_floor":[113,123,123,133,133,133,147,182,182,182,18,18,34,48,48,138,138,154,79,104,104,48,48,66,66,93,128,153,153,194,217,217,307,307,325,325,67,85,98,98,131,147,147,147,178,53,53,88,88,88,88,88,88,2,33,33],"floor_reached":57,"language":"ENG","playtime":2855,"items_purged":["Strike_P","Clumsy","Strike_P"],"score":2846,"play_id":"2abd6ca0-9b7e-49cf-984f-2be84c41b9b5","local_time":"20210218120556","is_ascension_mode":true,"campfire_choices":[{"data":"PathToVictory","floor":6.0,"key":"SMITH"},{"data":"PathToVictory","floor":10.0,"key":"SMITH"},{"floor":15.0,"key":"REST"},{"data":"WaveOfTheHand","floor":23.0,"key":"SMITH"},{"data":"PathToVictory","floor":25.0,"key":"SMITH"},{"floor":29.0,"key":"REST"},{"floor":32.0,"key":"REST"},{"floor":40,"key":"REST"},{"floor":44,"key":"REST"},{"floor":47,"key":"RECALL"},{"floor":49,"key":"REST"},{"data":"SpiritShield","floor":53,"key":"SMITH"}],"circlet_count":0,"master_deck":["AscendersBane","Defend_P+1","Defend_P+1","Defend_P","Defend_P+1","Vigilance","PathToVictory+1","FearNoEvil","PathToVictory+1","DevaForm","DeceiveReality+1","PathToVictory+1","WaveOfTheHand+1","Scrawl","PathToVictory","Vault","WheelKick+1","Scrawl","SpiritShield+1","DevaForm","Omniscience","LikeWater","SpiritShield"],"relics":["PureWater","NeowsBlessing","Golden Idol","Singing Bowl","Prayer Wheel","OrangePellets","Empty Cage","Omamori","Incense Burner","StrikeDummy","War Paint","SlaversCollar","downfall:ExtraCursedBell","Ancient Tea Set","Matryoshka","Calipers","Guardian:BottledAnomaly","Pen Nib","Oddly Smooth Stone","FossilizedHelix","Art of War","Nunchaku"],"acts_visited":["Exordium","TheCity","TheBeyond","TheEnding"],"potions_floor_usage":[42,56,56],"damage_taken":[{"damage":0.0,"enemies":"2 Louse","floor":1.0,"turns":1.0},{"damage":0.0,"enemies":"Small Slimes","floor":2.0,"turns":1.0},{"damage":0.0,"enemies":"Jaw Worm","floor":4.0,"turns":1.0},{"damage":17.0,"enemies":"Lots of Slimes","floor":7.0,"turns":4.0},{"damage":6.0,"enemies":"Gremlin Nob","floor":8.0,"turns":3.0},{"damage":0.0,"enemies":"Large Slime","floor":13.0,"turns":4.0},{"damage":14.0,"enemies":"Exordium Thugs","floor":14.0,"turns":4.0},{"damage":24.0,"enemies":"The Guardian","floor":16.0,"turns":8.0},{"damage":6.0,"enemies":"3 Byrds","floor":18.0,"turns":6.0},{"damage":12.0,"enemies":"Shell Parasite","floor":20.0,"turns":4.0},{"damage":6.0,"enemies":"Snake Plant","floor":24.0,"turns":3.0},{"damage":33.0,"enemies":"Book of Stabbing","floor":27.0,"turns":5.0},{"damage":0.0,"enemies":"Centurion and Healer","floor":28.0,"turns":4.0},{"damage":19.0,"enemies":"Slavers","floor":30.0,"turns":5.0},{"damage":34.0,"enemies":"Automaton","floor":33.0,"turns":9.0},{"damage":34.0,"enemies":"3 Darklings","floor":35.0,"turns":7.0},{"damage":12.0,"enemies":"Orb Walker","floor":38.0,"turns":7.0},{"damage":24,"enemies":"Spire Growth","floor":39,"turns":5},{"damage":0,"enemies":"Giant Head","floor":41,"turns":5},{"damage":13,"enemies":"Maw","floor":42,"turns":5},{"damage":0,"enemies":"Mind Bloom Boss Battle","floor":45,"turns":4},{"damage":0,"enemies":"Reptomancer","floor":48,"turns":6},{"damage":1,"enemies":"Awakened One","floor":50,"turns":14},{"damage":5,"enemies":"Donu and Deca","floor":51,"turns":11},{"damage":12,"enemies":"Shield and Spear","floor":55,"turns":12},{"damage":34,"enemies":"The Heart","floor":56,"turns":12}],"seed_played":"8671839949488094346","potions_obtained":[{"floor":1.0,"key":"FearPotion"},{"floor":2.0,"key":"LiquidBronze"},{"floor":4.0,"key":"BottledMiracle"},{"floor":14.0,"key":"hexamod:SoulburnPotion"},{"floor":21.0,"key":"Fruit Juice"},{"floor":21.0,"key":"BlessingOfTheForge"},{"floor":24.0,"key":"BottledMiracle"},{"floor":27.0,"key":"Block Potion"},{"floor":38.0,"key":"Explosive Potion"},{"floor":41,"key":"champ:CounterPotion"},{"floor":42,"key":"Weak Potion"},{"floor":45,"key":"PowerPotion"}],"is_trial":false,"path_per_floor":["M","M","?","M","?","R","M","E","T","R","$","?","M","M","R","B",null,"M","$","M","?","$","R","M","R","T","E","M","R","E","T","R","B",null,"M","?","$","M","M","R","E","M","T","R","?","$","R","E","R","B","B",null,"R","$","E","B",null],"character_chosen":"WATCHER","items_purchased":["OrangePellets","PathToVictory","Guardian:BottledAnomaly","LikeWater"],"campfire_rested":6,"item_purchase_floors":[11,22,37,54],"current_hp_per_floor":[61,61,41,41,41,41,24,20,20,20,20,20,22,10,30,8,55,51,51,39,44,44,44,40,40,40,7,11,35,16,16,40,6,64,34,34,34,26,6,34,34,25,25,54,56,56,56,58,88,87,82,98,98,98,86,52],"gold":33,"neow_bonus":"THREE_ENEMY_KILL","is_daily":false,"chose_seed":false,"campfire_upgraded":5,"win_rate":0.0,"timestamp":1613671556,"path_taken":["M","M","?","M","?","R","M","E","T","R","$","?","?","M","R","BOSS","M","$","M","?","?","R","?","R","T","E","M","R","E","?","R","BOSS","M","?","$","M","M","R","E","M","T","R","?","?","R","E","R","BOSS","BOSS","R","$","E","BOSS"],"items_purchased_type":["Relic","Card","Relic","Card"],"build_version":"2020-12-22","purchased_purges":3,"victory":true,"max_hp_per_floor":[68,68,68,68,62,62,62,64,64,64,64,64,66,68,68,70,70,72,72,72,77,77,77,79,79,79,79,83,83,83,83,83,83,83,87,87,87,91,95,95,95,99,99,99,101,101,101,103,103,103,103,103,103,103,103,103],"card_choices":[{"not_picked":["CarveReality","Pray"],"picked":"PathToVictory","floor":1.0},{"not_picked":["EmptyFist","JustLucky"],"picked":"FearNoEvil","floor":2.0},{"not_picked":["Protect","FlyingSleeves"],"picked":"PathToVictory","floor":4.0},{"not_picked":["CutThroughFate","EmptyFist","SashWhip"],"picked":"SKIP","floor":7.0},{"not_picked":["EmptyFist","Vengeance","FlyingSleeves"],"picked":"Singing Bowl","floor":8.0},{"not_picked":["PathToVictory","Protect"],"picked":"DevaForm","floor":13.0},{"not_picked":["ClearTheMind","Study","Crescendo"],"picked":"Singing Bowl","floor":13.0},{"not_picked":["WreathOfFlame","MentalFortress","CutThroughFate"],"picked":"Singing Bowl","floor":14.0},{"not_picked":["Consecrate","FearNoEvil"],"picked":"DeceiveReality","floor":14.0},{"not_picked":["Blasphemy","Ragnarok","DevaForm"],"picked":"Singing Bowl","floor":16.0},{"not_picked":["Crescendo","CarveReality","EmptyBody"],"picked":"Singing Bowl","floor":18.0},{"not_picked":["Consecrate","ClearTheMind"],"picked":"PathToVictory","floor":18.0},{"not_picked":["Halt","BattleHymn"],"picked":"WaveOfTheHand","floor":20.0},{"not_picked":["BowlingBash","SignatureMove"],"picked":"Scrawl","floor":20.0},{"not_picked":["Conclude","JustLucky+1","EmptyFist"],"picked":"Singing Bowl","floor":24.0},{"not_picked":["FlurryOfBlows","CutThroughFate"],"picked":"Vault","floor":24.0},{"not_picked":["InnerPeace","Evaluate"],"picked":"WheelKick+1","floor":27.0},{"not_picked":["MentalFortress","SashWhip","Perseverance"],"picked":"Singing Bowl","floor":28.0},{"not_picked":["Protect","SashWhip","EmptyFist"],"picked":"Singing Bowl","floor":28.0},{"not_picked":["Vengeance","CrushJoints"],"picked":"Scrawl","floor":30.0},{"not_picked":["Judgement","LessonLearned"],"picked":"SpiritShield","floor":33.0},{"not_picked":["Prostrate","CutThroughFate","Adaptation"],"picked":"Singing Bowl","floor":35.0},{"not_picked":["CutThroughFate","Wallop","Consecrate"],"picked":"Singing Bowl","floor":35.0},{"not_picked":["Study","SashWhip","Protect"],"picked":"Singing Bowl","floor":38.0},{"not_picked":["InnerPeace","Worship","Protect"],"picked":"Singing Bowl","floor":38.0},{"not_picked":["EmptyFist","Prostrate","CrushJoints"],"picked":"Singing Bowl","floor":39},{"not_picked":["JustLucky","EmptyBody","Study"],"picked":"Singing Bowl","floor":39},{"not_picked":["Sanctity","PathToVictory"],"picked":"Omniscience","floor":41},{"not_picked":["FollowUp","FlyingSleeves","EmptyFist"],"picked":"Singing Bowl","floor":42},{"not_picked":["Worship+1","Swivel","Vengeance+1"],"picked":"Singing Bowl","floor":42},{"not_picked":["Study","FlurryOfBlows","Evaluate"],"picked":"Singing Bowl","floor":45},{"not_picked":["FlyingSleeves","InnerPeace","Halt"],"picked":"Singing Bowl","floor":48},{"not_picked":["CutThroughFate+1","FlurryOfBlows+1"],"picked":"SpiritShield","floor":55}],"player_experience":1484542,"relics_obtained":[{"floor":8.0,"key":"Singing Bowl"},{"floor":9.0,"key":"Prayer Wheel"},{"floor":26.0,"key":"Omamori"},{"floor":27.0,"key":"Incense Burner"},{"floor":30.0,"key":"StrikeDummy"},{"floor":31.0,"key":"War Paint"},{"floor":36.0,"key":"Ancient Tea Set"},{"floor":36.0,"key":"Matryoshka"},{"floor":36.0,"key":"Calipers"},{"floor":41,"key":"Pen Nib"},{"floor":43,"key":"Oddly Smooth Stone"},{"floor":45,"key":"FossilizedHelix"},{"floor":48,"key":"Art of War"},{"floor":55,"key":"Nunchaku"}],"event_choices":[{"damage_healed":0.0,"max_hp_gain":0.0,"max_hp_loss":0.0,"gold_gain":0.0,"event_name":"Shining Light","player_choice":"Entered Light","floor":3.0,"gold_loss":0.0,"damage_taken":20.0,"cards_upgraded":["Defend_P","Defend_P"]},{"damage_healed":0.0,"max_hp_gain":0.0,"max_hp_loss":6.0,"gold_gain":0.0,"event_name":"Golden Idol","player_choice":"Lose Max HP","floor":5.0,"gold_loss":0.0,"damage_taken":0.0,"relics_obtained":["Golden Idol"]},{"cards_removed":["Strike_P"],"damage_healed":0.0,"max_hp_gain":0.0,"max_hp_loss":0.0,"gold_gain":0.0,"event_name":"Purifier","player_choice":"Purged","floor":12.0,"gold_loss":0.0,"damage_taken":0.0},{"damage_healed":0.0,"max_hp_gain":0.0,"max_hp_loss":0.0,"gold_gain":0.0,"event_name":"Lab","player_choice":"Got Potions","floor":21.0,"gold_loss":0.0,"damage_taken":0.0},{"damage_healed":0,"gold_gain":0,"player_choice":"Fight","damage_taken":0,"max_hp_gain":0,"max_hp_loss":0,"event_name":"MindBloom","floor":45,"gold_loss":0}],"is_beta":false,"boss_relics":[{"not_picked":["Velvet Choker","SacredBark"],"picked":"Empty Cage"},{"not_picked":["VioletLotus","Coffee Dripper"],"picked":"SlaversCollar"}],"items_purged_floors":[19,37,46],"is_endless":false,"potions_floor_spawned":[1,2,4,14,24,27,38,41,42,45,48],"ascension_level":20}}