{"host":"whe4vf9w0yuhsr02","time":1613629159,"event":{"mods":["AchievementEnabler","Act Like it!","Ascension Reborn","BaseMod","Bestiary","Better Altar","Better Match","Better Note","Better Sensory Stone","Better Skull","Better Third Choice","Colored Map","Dark Map","Friendly Minions","GungeonMod","Highlight Path","Hubris","Infinite Spire","Lobotomy","LobotomyExtend","Minty Spire (QoL Compilation)","Poor People Problems","Quick Restart","Replay The Spire","Ruina","StSLib","The Bug Knight","The Necromancer","everything is the same but u backflip on backflip"],"gold_per_floor":[112,310,330,363,288,288,304,332,332,345,345,345,345,359,359,455,455,466,466,70,70,132,132,107,132,159,217,217,233,233,245,245,245,245],"floor_reached":33,"language":"ENG","playtime":1952,"items_purged":["DemoMod:Strike_Huntress"],"score":315,"play_id":"13805df8-2949-4b7c-9b9f-6095489abdff","local_time":"20210218081919","is_ascension_mode":false,"campfire_choices":[{"data":"DemoMod:ManualReload","floor":6,"key":"SMITH"},{"floor":12,"key":"REST"},{"data":"DemoMod:HardPowerCard","floor":15,"key":"SMITH"},{"data":"DemoMod:BlankBullets","floor":23,"key":"SMITH"},{"data":"DemoMod:LifeOrb","floor":28,"key":"SMITH"},{"data":"DemoMod:Roll","floor":30,"key":"SMITH"},{"data":"DemoMod:Defend_Huntress","floor":32,"key":"SMITH"}],"circlet_count":0,"master_deck":["DemoMod:Strike_Huntress","DemoMod:Strike_Huntress","DemoMod:Defend_Huntress","DemoMod:Defend_Huntress","DemoMod:Defend_Huntress","DemoMod:Defend_Huntress+1","DemoMod:Roll+1","DemoMod:ManualReload+1","DemoMod:RustySidearm","DemoMod:CrossBow","DemoMod:HardPowerCard+1","DemoMod:AbyssalTentacle","DemoMod:TeaPot","DemoMod:HuntsMan","DemoMod:PotionOfGunFriendShip+1","DemoMod:LifeOrb+1","DemoMod:BlankBullets+1","Writhe","DemoMod:ShadowBullets+1","Clumsy","DemoMod:Purify"],"relics":["DemoMod:Dog","Unceasing Top","LetterFromLob","Potion Belt","hubris:Metronome","Sundial","Bronze Scales","Cursed Key","hubris:Towel","Frozen Egg 2","ruina:Goodbye","DemoMod:MonsterBlood","Omamori"],"acts_visited":["Exordium","ruina:Briah"],"potions_floor_usage":[8,18,22,25,25,31,31],"damage_taken":[{"damage":9,"enemies":"2 Louse","floor":1,"turns":3},{"damage":7,"enemies":"Small Slimes","floor":3,"turns":3},{"damage":4,"enemies":"Cultist","floor":4,"turns":6},{"damage":0,"enemies":"Cultist","floor":7,"turns":3},{"damage":18,"enemies":"HollowMod:MossKnight","floor":8,"turns":5},{"damage":0,"enemies":"Large Slime","floor":10,"turns":2},{"damage":0,"enemies":"Red Slaver","floor":14,"turns":1},{"damage":0,"enemies":"Fading Forest","floor":16,"turns":11},{"damage":0,"enemies":"ruina:2_Scarecrows","floor":18,"turns":2},{"damage":0,"enemies":"ruina:3_Bats","floor":22,"turns":2},{"damage":2,"enemies":"Nightmare","floor":25,"turns":3},{"damage":8,"enemies":"ruina:KingOfGreed","floor":27,"turns":5},{"damage":25,"enemies":"ruina:3_Scarecrows","floor":29,"turns":3},{"damage":2,"enemies":"ruina:Nos_and_Bat","floor":31,"turns":3},{"damage":41,"enemies":"ruina:Red_and_Wolf","floor":33,"turns":9}],"seed_played":"8784410709433368591","potions_obtained":[{"floor":3,"key":"Explosive Potion"},{"floor":7,"key":"Block Potion"},{"floor":8,"key":"SteroidPotion"},{"floor":16,"key":"Reflective Coating"},{"floor":18,"key":"Adrenaline Potion"},{"floor":22,"key":"DuplicationPotion"}],"is_trial":false,"path_per_floor":["M","?","M","?","?","R","M","E","T","M","?","R","?","M","R","B",null,"M","?","$","?","M","R","?","NM","T","M","R","M","R","M","R_BF","B"],"character_chosen":"HUNTRESS","items_purchased":["LifebloodPotion","Frozen Egg 2"],"campfire_rested":1,"item_purchase_floors":[20,20],"current_hp_per_floor":[40,40,33,29,29,29,29,11,11,11,11,32,25,25,25,35,70,70,70,70,70,70,70,70,75,75,67,67,42,42,40,40,0,0],"gold":245,"neow_bonus":"ONE_RARE_RELIC","is_daily":false,"chose_seed":false,"campfire_upgraded":6,"win_rate":0.0,"timestamp":1613629159,"path_taken":["M","?","M","?","?","R","M","E","T","M","?","R","?","M","R","BOSS","M","?","$","?","M","R","?","NM","T","?","R","M","R","M","R_BF","BOSS"],"items_purchased_type":["Potion","Relic"],"build_version":"2020-12-22","purchased_purges":1,"victory":false,"max_hp_per_floor":[70,70,70,70,70,70,70,70,70,70,70,70,70,70,70,70,70,70,70,70,70,70,70,70,77,77,77,77,77,77,77,77,77,77],"card_choices":[{"not_picked":["DemoMod:Ejector","DemoMod:Unmoved"],"picked":"DemoMod:HardPowerCard","floor":1},{"not_picked":["DemoMod:PracticeMakesPerfect","DemoMod:DirectionalPad"],"picked":"DemoMod:AbyssalTentacle","floor":2},{"not_picked":["DemoMod:MachoBrace","DemoMod:Camera"],"picked":"DemoMod:TeaPot","floor":3},{"not_picked":["DemoMod:DoubleSwitch","DemoMod:HuntsMan","DemoMod:HardPowerCard"],"picked":"SKIP","floor":3},{"not_picked":["DemoMod:Unity","DemoMod:ConditionalReflex"],"picked":"DemoMod:HuntsMan","floor":4},{"not_picked":["DemoMod:BoxingGlove+1","DemoMod:DoubleSwitch+1"],"picked":"DemoMod:PotionOfGunFriendShip+1","floor":5},{"not_picked":["DemoMod:JK47","DemoMod:GunstockTap","DemoMod:Camera"],"picked":"SKIP","floor":7},{"not_picked":["DemoMod:BattleInHaste","DemoMod:Ejector"],"picked":"DemoMod:LifeOrb","floor":8},{"not_picked":["DemoMod:Ejector","DemoMod:EasyReloadBullets","DemoMod:BoxingGlove"],"picked":"SKIP","floor":10},{"not_picked":["DemoMod:MachoBrace","DemoMod:ConditionalReflex","DemoMod:JK47"],"picked":"SKIP","floor":14},{"not_picked":["DemoMod:Slinger","DemoMod:DarkMarker"],"picked":"DemoMod:BlankBullets","floor":16},{"not_picked":["DemoMod:MachoBrace","DemoMod:PracticeMakesPerfect","DemoMod:SniperShot+1"],"picked":"SKIP","floor":18},{"not_picked":["DemoMod:JK47+1","DemoMod:HungryBullets+1"],"picked":"DemoMod:ShadowBullets+1","floor":22},{"not_picked":["DemoMod:SniperShot+1","DemoMod:BoxingGlove","DemoMod:AC15"],"picked":"SKIP","floor":25},{"not_picked":["DemoMod:JK47","DemoMod:BoxingGlove","DemoMod:HuntsMan+1"],"picked":"SKIP","floor":27},{"not_picked":["DemoMod:Polaris","DemoMod:ZorGun","DemoMod:HardPowerCard"],"picked":"SKIP","floor":29},{"not_picked":["DemoMod:FightSabre","DemoMod:TeaPot"],"picked":"DemoMod:Purify","floor":31}],"player_experience":508182,"relics_obtained":[{"floor":1,"key":"LetterFromLob"},{"floor":4,"key":"Potion Belt"},{"floor":8,"key":"hubris:Metronome"},{"floor":9,"key":"Sundial"},{"floor":25,"key":"DemoMod:MonsterBlood"},{"floor":26,"key":"Omamori"}],"event_choices":[{"damage_healed":0,"gold_gain":0,"player_choice":"2","damage_taken":0,"max_hp_gain":0,"max_hp_loss":0,"event_name":"betterMatch:BetterMatch","floor":5,"gold_loss":0,"cards_obtained":["betterMatch:CommonCard"]},{"damage_healed":0,"gold_gain":0,"player_choice":"Box","damage_taken":0,"relics_obtained":["Bronze Scales"],"max_hp_gain":0,"max_hp_loss":0,"event_name":"Big Fish","floor":11,"gold_loss":0,"cards_obtained":["Regret"]},{"cards_removed":["Regret"],"damage_healed":0,"gold_gain":0,"player_choice":"Card Removal","damage_taken":7,"max_hp_gain":0,"max_hp_loss":0,"event_name":"Golden Wing","floor":13,"gold_loss":0}],"is_beta":false,"boss_relics":[{"not_picked":["Sozu","Velvet Choker"],"picked":"Cursed Key"}],"items_purged_floors":[20],"is_endless":true,"potions_floor_spawned":[3,7,8,16,18,22],"killed_by":"ruina:Red_and_Wolf","ascension_level":0}}