{"host":"ilxricga2547gmyy","time":1613666161,"event":{"mods":["AchievementEnabler","BaseMod","Minty Spire (QoL Compilation)","Quick Restart","StSLib"],"gold_per_floor":[109,122,136,154,7,7,38,38,62,93,93,121,131,61,61,156,156,171,183,199,124,154,186,186,204,204,119,154,154,154,154,154,154,154],"floor_reached":33,"language":"ENG","playtime":1613,"items_purged":["Strike_R"],"score":480,"play_id":"89c0e38d-71d1-4107-af4a-ded6cdfbeed7","local_time":"20210218173601","is_ascension_mode":true,"campfire_choices":[{"data":"Anger","floor":6,"key":"SMITH"},{"data":"Double Tap","floor":11,"key":"SMITH"},{"data":"Feed","floor":15,"key":"SMITH"},{"floor":24,"key":"REST"},{"floor":29,"key":"REST"},{"data":"Impervious","floor":32,"key":"SMITH"}],"circlet_count":0,"master_deck":["AscendersBane","Strike_R","Strike_R","Strike_R","Strike_R","Defend_R","Defend_R","Defend_R","Defend_R","Bash","Battle Trance","Anger+1","Flame Barrier+1","Double Tap+1","Headbutt","Feed+1","Headbutt","Impervious+1","Demon Form","Heavy Blade","Sever Soul","Pommel Strike+1","Anger","Disarm+1"],"relics":["Burning Blood","Sling","Juzu Bracelet","Nunchaku","Pen Nib","Boot","SacredBark","Red Mask","Kunai","Torii","Singing Bowl","Toxic Egg 2"],"acts_visited":["Exordium","TheCity"],"potions_floor_usage":[18,22,28],"damage_taken":[{"damage":0,"enemies":"Small Slimes","floor":1,"turns":3},{"damage":1,"enemies":"Cultist","floor":2,"turns":3},{"damage":1,"enemies":"Jaw Worm","floor":3,"turns":4},{"damage":4,"enemies":"Blue Slaver","floor":4,"turns":4},{"damage":13,"enemies":"Lagavulin","floor":7,"turns":4},{"damage":18,"enemies":"Gremlin Nob","floor":10,"turns":3},{"damage":15,"enemies":"Lagavulin","floor":12,"turns":6},{"damage":7,"enemies":"Exordium Wildlife","floor":13,"turns":3},{"damage":49,"enemies":"Slime Boss","floor":16,"turns":14},{"damage":14,"enemies":"Shell Parasite","floor":18,"turns":4},{"damage":21,"enemies":"Spheric Guardian","floor":19,"turns":4},{"damage":18,"enemies":"Centurion and Healer","floor":20,"turns":5},{"damage":12,"enemies":"Masked Bandits","floor":22,"turns":4},{"damage":30,"enemies":"Book of Stabbing","floor":23,"turns":5},{"damage":30,"enemies":"Cultist and Chosen","floor":25,"turns":6},{"damage":31,"enemies":"Slavers","floor":28,"turns":5},{"damage":44,"enemies":"Colosseum Slavers","floor":30,"turns":5},{"damage":100,"enemies":"Champ","floor":33,"turns":9}],"seed_played":"8342901105846385738","potions_obtained":[{"floor":1,"key":"Dexterity Potion"},{"floor":4,"key":"Fire Potion"},{"floor":7,"key":"LiquidMemories"},{"floor":19,"key":"BlessingOfTheForge"},{"floor":22,"key":"FairyPotion"},{"floor":25,"key":"Energy Potion"}],"is_trial":false,"path_per_floor":["M","M","M","M","$","R","E","?","T","E","R","E","M","$","R","B",null,"M","M","M","$","?","E","R","M","T","?","E","R","?","?","R","B"],"character_chosen":"IRONCLAD","items_purchased":["Sling","Impervious"],"campfire_rested":2,"item_purchase_floors":[5,14],"current_hp_per_floor":[86,88,88,88,88,88,81,81,81,69,69,60,62,62,62,23,77,73,58,50,50,44,24,56,32,32,32,7,39,70,70,70,0,0],"gold":154,"neow_bonus":"TEN_PERCENT_HP_BONUS","is_daily":false,"chose_seed":false,"campfire_upgraded":4,"win_rate":0.0,"timestamp":1613666161,"path_taken":["M","M","M","M","$","R","E","?","T","E","R","E","M","?","R","BOSS","M","M","M","$","?","E","R","M","T","?","E","R","?","?","R","BOSS"],"items_purchased_type":["Relic","Card"],"build_version":"2020-12-22","purchased_purges":1,"victory":false,"max_hp_per_floor":[88,88,88,88,88,88,88,88,88,88,88,88,91,91,91,95,95,99,99,103,103,103,107,107,107,107,107,107,107,107,107,107,107,107],"card_choices":[{"not_picked":["Battle Trance","Searing Blow","Iron Wave"],"picked":"SKIP","floor":1},{"not_picked":["Searing Blow","Iron Wave"],"picked":"Battle Trance","floor":1},{"not_picked":["Headbutt","Wild Strike"],"picked":"Anger","floor":2},{"not_picked":["Sword Boomerang","Combust"],"picked":"Flame Barrier","floor":3},{"not_picked":["Twin Strike","Wild Strike"],"picked":"Double Tap","floor":4},{"not_picked":["Iron Wave","Pummel","Sword Boomerang"],"picked":"SKIP","floor":7},{"not_picked":["Havoc","Reckless Charge"],"picked":"Headbutt","floor":10},{"not_picked":["Second Wind","Pommel Strike"],"picked":"Feed","floor":12},{"not_picked":["Fire Breathing","Ghostly Armor"],"picked":"Headbutt","floor":13},{"not_picked":["Reaper","Immolate"],"picked":"Demon Form","floor":16},{"not_picked":["Pommel Strike","Havoc"],"picked":"Heavy Blade","floor":18},{"not_picked":["Blood for Blood","Perfected Strike"],"picked":"Sever Soul","floor":19},{"not_picked":["Flex+1","Twin Strike","Rampage"],"picked":"SKIP","floor":20},{"not_picked":["Headbutt","Evolve"],"picked":"Pommel Strike+1","floor":22},{"not_picked":["Iron Wave","Warcry","Cleave"],"picked":"SKIP","floor":23},{"not_picked":["Iron Wave","Thunderclap"],"picked":"Anger","floor":25},{"not_picked":["Rage+1","Clash"],"picked":"Disarm+1","floor":28}],"player_experience":285425,"relics_obtained":[{"floor":7,"key":"Juzu Bracelet"},{"floor":9,"key":"Nunchaku"},{"floor":10,"key":"Pen Nib"},{"floor":12,"key":"Boot"},{"floor":22,"key":"Red Mask"},{"floor":23,"key":"Kunai"},{"floor":26,"key":"Torii"},{"floor":28,"key":"Toxic Egg 2"}],"event_choices":[{"damage_healed":0,"gold_gain":0,"player_choice":"Upgraded","damage_taken":0,"max_hp_gain":0,"max_hp_loss":0,"event_name":"Upgrade Shrine","floor":8,"gold_loss":0,"cards_upgraded":["Flame Barrier"]},{"damage_healed":0,"gold_gain":0,"player_choice":"Fought Bandits","damage_taken":0,"max_hp_gain":0,"max_hp_loss":0,"event_name":"Masked Bandits","floor":22,"gold_loss":0},{"damage_healed":0,"gold_gain":0,"player_choice":"Obtained Relic","damage_taken":0,"relics_obtained":["Singing Bowl"],"max_hp_gain":0,"max_hp_loss":0,"event_name":"Addict","floor":27,"gold_loss":85},{"damage_healed":0,"gold_gain":0,"player_choice":"Fight","damage_taken":0,"max_hp_gain":0,"max_hp_loss":0,"event_name":"Colosseum","floor":30,"gold_loss":0},{"damage_healed":0,"gold_gain":0,"player_choice":"Fled From Nobs","damage_taken":0,"max_hp_gain":0,"max_hp_loss":0,"event_name":"Colosseum","floor":30,"gold_loss":0},{"damage_healed":0,"gold_gain":0,"player_choice":"Ignored","damage_taken":0,"max_hp_gain":0,"max_hp_loss":0,"event_name":"The Mausoleum","floor":31,"gold_loss":0}],"is_beta":false,"boss_relics":[{"not_picked":["SlaversCollar","Snecko Eye"],"picked":"SacredBark"}],"items_purged_floors":[21],"is_endless":false,"potions_floor_spawned":[1,4,7,10,19,22,25],"killed_by":"Champ","ascension_level":10}}