{"host":"52m1o8iwwagurbjs","time":1613610513,"event":{"mods":["AchievementEnabler","BaseMod","Bestiary","Challenge The Spire","Colored Powertips","GifTheSpireLib","Minty Spire (QoL Compilation)","Quick Restart","Relic Stats","StSLib"],"gold_per_floor":[118,137,137,41,57,85,35,68,68,78,103,28,28,38,38,138,138,148,161,195,47,47,78,78,104,151,161,76,106,120,147,147,242,242,261,311,321,321,341,369,369,398,425,453,453,453,478,232,232,232,232,232,27,54,54],"floor_reached":56,"language":"ENG","playtime":2806,"items_purged":["Strike_G","Strike_G","Strike_G","Strike_G"],"score":1568,"play_id":"28946756-f28c-4f69-b4b4-f77d607389cb","local_time":"20210217200833","is_ascension_mode":true,"campfire_choices":[{"data":"Phantasmal Killer","floor":13.0,"key":"SMITH"},{"data":"Flash of Steel","floor":15.0,"key":"SMITH"},{"data":"Adrenaline","floor":24.0,"key":"SMITH"},{"floor":32.0,"key":"REST"},{"floor":41.0,"key":"RECALL"},{"data":"Apotheosis","floor":49.0,"key":"SMITH"},{"data":"Accuracy","floor":52.0,"key":"SMITH"}],"circlet_count":0,"master_deck":["Strike_G","Defend_G","Defend_G","Defend_G","Defend_G","Defend_G","Survivor+1","Neutralize+1","All Out Attack","Blade Dance","Flash of Steel+1","Dagger Spray","Cloak And Dagger+1","Phantasmal Killer+1","Corpse Explosion","Acrobatics","Adrenaline+1","Dagger Throw+1","Deflect","Well Laid Plans+1","Slice+1","Backflip+1","PiercingWail","Adrenaline","Prepared+1","Noxious Fumes+1","Apotheosis+1","Blade Dance+1","Calculated Gamble+1","Backflip+1","Accuracy+1","Finesse","Footwork"],"relics":["Ring of the Serpent","Pen Nib","Letter Opener","Du-Vu Doll","Turnip","Omamori","Red Mask","PreservedInsect","Pocketwatch","Nunchaku","Snake Skull","Strawberry","CaptainsWheel","Black Star","WingedGreaves","Shuriken","Kunai","Smiling Mask","Torii","Toy Ornithopter","Vajra","War Paint","MawBank","Bag of Preparation","Bottled Tornado","Bronze Scales"],"acts_visited":["Exordium","TheCity","TheBeyond","TheEnding"],"potions_floor_usage":[55],"damage_taken":[{"damage":0.0,"enemies":"2 Louse","floor":1.0,"turns":3.0},{"damage":0.0,"enemies":"Cultist","floor":2.0,"turns":3.0},{"damage":0.0,"enemies":"Small Slimes","floor":5.0,"turns":2.0},{"damage":13.0,"enemies":"Lagavulin","floor":6.0,"turns":8.0},{"damage":12.0,"enemies":"Gremlin Nob","floor":8.0,"turns":3.0},{"damage":0.0,"enemies":"Exordium Thugs","floor":10.0,"turns":3.0},{"damage":21.0,"enemies":"3 Sentries","floor":11.0,"turns":5.0},{"damage":0.0,"enemies":"3 Louse","floor":14.0,"turns":2.0},{"damage":8.0,"enemies":"Slime Boss","floor":16.0,"turns":8.0},{"damage":20.0,"enemies":"2 Thieves","floor":18.0,"turns":2.0},{"damage":23.0,"enemies":"Shell Parasite","floor":19.0,"turns":4.0},{"damage":0.0,"enemies":"Masked Bandits","floor":20.0,"turns":2.0},{"damage":0.0,"enemies":"Gremlin Leader","floor":23.0,"turns":4.0},{"damage":5.0,"enemies":"Slavers","floor":25.0,"turns":3.0},{"damage":1.0,"enemies":"Snake Plant","floor":27.0,"turns":4.0},{"damage":0.0,"enemies":"Gremlin Leader","floor":29.0,"turns":3.0},{"damage":0.0,"enemies":"Shelled Parasite and Fungi","floor":30.0,"turns":3.0},{"damage":9.0,"enemies":"Book of Stabbing","floor":31.0,"turns":5.0},{"damage":42.0,"enemies":"Champ","floor":33.0,"turns":9.0},{"damage":0.0,"enemies":"3 Darklings","floor":35.0,"turns":2.0},{"damage":0.0,"enemies":"Mind Bloom Boss Battle","floor":36.0,"turns":4.0},{"damage":5.0,"enemies":"Orb Walker","floor":37.0,"turns":3.0},{"damage":0.0,"enemies":"Transient","floor":39.0,"turns":5.0},{"damage":13.0,"enemies":"Nemesis","floor":40.0,"turns":5.0},{"damage":0.0,"enemies":"Giant Head","floor":42.0,"turns":6.0},{"damage":12.0,"enemies":"Reptomancer","floor":44.0,"turns":4.0},{"damage":1.0,"enemies":"Giant Head","floor":47.0,"turns":4.0},{"damage":14.0,"enemies":"Donu and Deca","floor":50.0,"turns":5.0},{"damage":0.0,"enemies":"Shield and Spear","floor":54.0,"turns":3.0},{"damage":76,"enemies":"The Heart","floor":55,"turns":9}],"seed_played":"5389036797481088082","potions_obtained":[{"floor":1.0,"key":"PowerPotion"},{"floor":2.0,"key":"GamblersBrew"},{"floor":6.0,"key":"Poison Potion"},{"floor":14.0,"key":"Fruit Juice"},{"floor":16.0,"key":"ColorlessPotion"},{"floor":20.0,"key":"SkillPotion"},{"floor":23.0,"key":"EntropicBrew"},{"floor":25.0,"key":"PowerPotion"},{"floor":27.0,"key":"Dexterity Potion"},{"floor":33.0,"key":"GamblersBrew"},{"floor":35.0,"key":"Block Potion"},{"floor":40.0,"key":"Dexterity Potion"},{"floor":42.0,"key":"Energy Potion"},{"floor":54.0,"key":"Fruit Juice"}],"is_trial":false,"path_per_floor":["M","M","?","$","M","E","$","E","T","M","E","$","R","M","R","B",null,"M","M","?","$","?","E","R","E","T","M","?","E","M","E","R","B",null,"M","?","M","?","M","E","R","E","T","E","?","?","E","$","R","B",null,"R","$","E","B",null],"character_chosen":"THE_SILENT","items_purchased":["Flash of Steel","Cloak And Dagger","Deflect","Accuracy","PowerPotion","Finesse","Bag of Preparation"],"campfire_rested":1,"item_purchase_floors":[4,7,21,48,48,48,53],"current_hp_per_floor":[70,70,70,70,70,57,57,45,45,45,24,24,24,24,29,21,75,55,32,32,32,32,32,32,27,27,26,26,33,33,24,48,6,82,82,82,77,77,77,64,64,64,64,52,52,52,56,56,56,47,78,78,78,83,7],"gold":54,"neow_bonus":"RANDOM_COMMON_RELIC","is_daily":false,"chose_seed":false,"campfire_upgraded":5,"win_rate":0.0,"timestamp":1613610513,"path_taken":["M","M","?","$","?","E","$","E","T","M","E","?","R","M","R","BOSS","M","M","?","?","?","E","R","E","T","M","?","E","?","E","R","BOSS","M","?","M","?","M","E","R","E","T","E","?","?","E","$","R","BOSS","R","$","E","BOSS"],"items_purchased_type":["Card","Card","Card","Card","Potion","Card","Relic"],"build_version":"2020-12-22","purchased_purges":4,"victory":true,"max_hp_per_floor":[70,70,70,70,70,70,70,70,70,70,70,70,70,70,75,75,75,75,75,75,75,75,75,75,75,75,75,75,82,82,82,82,82,82,82,82,82,82,82,82,82,82,82,82,82,78,78,78,78,78,78,78,78,83,83],"relic_stats":{"Torii":10,"counters":[30,126],"Pen Nib":[43],"PreservedInsect":545,"Snake Skull":[34],"Bag of Preparation":[4],"Letter Opener":[337],"War Paint":["Survivor","Cloak And Dagger"],"Smiling Mask":175,"MawBank":12,"Nunchaku":[26],"Shuriken":[31],"Bronze Scales":[114],"Turnip":[18],"Black Star":5,"Kunai":[31],"obtain_stats":[{"Torii":42,"Vajra":44,"Snake Skull":28,"Bag of Preparation":53,"Bottled Tornado":54,"Smiling Mask":42,"Nunchaku":26,"Strawberry":29,"WingedGreaves":36,"Red Mask":20,"Kunai":40,"Ring of the Snake":0,"Pen Nib":0,"PreservedInsect":23,"Omamori":11,"Letter Opener":6,"War Paint":47,"MawBank":47,"Du-Vu Doll":8,"CaptainsWheel":31,"Shuriken":40,"Bronze Scales":54,"Turnip":9,"Black Star":34,"Ring of the Serpent":17,"Toy Ornithopter":44,"Pocketwatch":25},{"Torii":25,"Vajra":26,"Snake Skull":15,"Bag of Preparation":28,"Bottled Tornado":29,"Smiling Mask":25,"Nunchaku":14,"Strawberry":16,"WingedGreaves":21,"Red Mask":12,"Kunai":24,"Ring of the Snake":0,"Pen Nib":0,"PreservedInsect":13,"Omamori":7,"Letter Opener":4,"War Paint":27,"MawBank":27,"Du-Vu Doll":5,"CaptainsWheel":18,"Shuriken":24,"Bronze Scales":29,"Turnip":5,"Black Star":19,"Ring of the Serpent":9,"Toy Ornithopter":26,"Pocketwatch":14},{"Torii":101,"Vajra":105,"Snake Skull":56,"Bag of Preparation":114,"Bottled Tornado":117,"Smiling Mask":101,"Nunchaku":52,"Strawberry":59,"WingedGreaves":82,"Red Mask":45,"Kunai":95,"Ring of the Snake":0,"Pen Nib":0,"PreservedInsect":49,"Omamori":27,"Letter Opener":16,"War Paint":109,"MawBank":109,"Du-Vu Doll":19,"CaptainsWheel":67,"Shuriken":95,"Bronze Scales":117,"Turnip":19,"Black Star":76,"Ring of the Serpent":37,"Toy Ornithopter":105,"Pocketwatch":52}],"Toy Ornithopter":10,"Pocketwatch":[9]},"card_choices":[{"not_picked":["Bane","Infinite Blades"],"picked":"All Out Attack","floor":1.0},{"not_picked":["Outmaneuver","Cloak And Dagger"],"picked":"Blade Dance","floor":2.0},{"not_picked":["Deflect","Slice"],"picked":"Dagger Spray","floor":5.0},{"not_picked":["Slice","Dagger Spray","Flying Knee"],"picked":"SKIP","floor":6.0},{"not_picked":["Outmaneuver","Bane","Poisoned Stab"],"picked":"SKIP","floor":8.0},{"not_picked":["Acrobatics","Quick Slash"],"picked":"Phantasmal Killer","floor":10.0},{"not_picked":["Skewer","Tactician"],"picked":"Corpse Explosion","floor":11.0},{"not_picked":["Expertise","Deadly Poison"],"picked":"Acrobatics","floor":14.0},{"not_picked":["Envenom","Tools of the Trade"],"picked":"Adrenaline","floor":16.0},{"not_picked":["Flechettes+1","Noxious Fumes"],"picked":"Dagger Throw+1","floor":18.0},{"not_picked":["Bouncing Flask","Concentrate","Predator"],"picked":"SKIP","floor":19.0},{"not_picked":["Calculated Gamble+1","Deadly Poison+1"],"picked":"Well Laid Plans+1","floor":23.0},{"not_picked":["Outmaneuver","Corpse Explosion"],"picked":"Slice+1","floor":25.0},{"not_picked":["Cloak And Dagger","Dodge and Roll"],"picked":"Backflip+1","floor":27.0},{"not_picked":["Heel Hook","Dagger Spray+1"],"picked":"Footwork","floor":29.0},{"not_picked":["Bane","Deadly Poison","Slice"],"picked":"SKIP","floor":30.0},{"not_picked":["Underhanded Strike","Concentrate"],"picked":"PiercingWail","floor":31.0},{"not_picked":["Die Die Die","Grand Finale"],"picked":"Adrenaline","floor":33.0},{"not_picked":["Blade Dance","Backflip+1"],"picked":"Prepared+1","floor":35.0},{"not_picked":["Blade Dance+1","Prepared+1"],"picked":"Noxious Fumes+1","floor":36.0},{"not_picked":["Outmaneuver+1","Bouncing Flask+1","Dagger Spray"],"picked":"SKIP","floor":37.0},{"not_picked":["Swift Strike","Discovery"],"picked":"Apotheosis","floor":38.0},{"not_picked":["Underhanded Strike+1","Blade Dance+1","Deadly Poison+1"],"picked":"SKIP","floor":39.0},{"not_picked":["Underhanded Strike+1","Deadly Poison+1"],"picked":"Blade Dance+1","floor":39.0},{"not_picked":["Sucker Punch+1","Choke","Expertise"],"picked":"SKIP","floor":40.0},{"not_picked":["Slice","Flying Knee","Night Terror"],"picked":"SKIP","floor":42.0},{"not_picked":["Slice","Flying Knee","Night Terror"],"picked":"SKIP","floor":42.0},{"not_picked":["Prepared+1","Backflip"],"picked":"Calculated Gamble+1","floor":44.0},{"not_picked":["Flying Knee","Underhanded Strike+1"],"picked":"Backflip+1","floor":47.0},{"not_picked":["PiercingWail","Skewer+1"],"picked":"Footwork","floor":54.0}],"player_experience":1375462,"relics_obtained":[{"floor":6.0,"key":"Letter Opener"},{"floor":8.0,"key":"Du-Vu Doll"},{"floor":9.0,"key":"Turnip"},{"floor":11.0,"key":"Omamori"},{"floor":20.0,"key":"Red Mask"},{"floor":23.0,"key":"PreservedInsect"},{"floor":25.0,"key":"Pocketwatch"},{"floor":26.0,"key":"Nunchaku"},{"floor":29.0,"key":"Strawberry"},{"floor":31.0,"key":"CaptainsWheel"},{"floor":36.0,"key":"WingedGreaves"},{"floor":40.0,"key":"Shuriken"},{"floor":40.0,"key":"Kunai"},{"floor":42.0,"key":"Smiling Mask"},{"floor":42.0,"key":"Torii"},{"floor":44.0,"key":"Toy Ornithopter"},{"floor":44.0,"key":"Vajra"},{"floor":47.0,"key":"War Paint"},{"floor":47.0,"key":"MawBank"},{"floor":54.0,"key":"Bottled Tornado"},{"floor":54.0,"key":"Bronze Scales"}],"event_choices":[{"damage_healed":0.0,"max_hp_gain":0.0,"max_hp_loss":0.0,"gold_gain":0.0,"event_name":"Upgrade Shrine","player_choice":"Upgraded","floor":3.0,"gold_loss":0.0,"damage_taken":0.0,"cards_upgraded":["Neutralize"]},{"damage_healed":0.0,"max_hp_gain":0.0,"max_hp_loss":0.0,"gold_gain":0.0,"event_name":"Masked Bandits","player_choice":"Fought Bandits","floor":20.0,"gold_loss":0.0,"damage_taken":0.0},{"damage_healed":0.0,"max_hp_gain":0.0,"max_hp_loss":0.0,"gold_gain":0.0,"event_name":"Vampires","player_choice":"Ignored","floor":22.0,"gold_loss":0.0,"damage_taken":0.0},{"damage_healed":0.0,"max_hp_gain":0.0,"max_hp_loss":0.0,"gold_gain":0.0,"event_name":"Addict","player_choice":"Obtained Relic","floor":28.0,"gold_loss":85.0,"damage_taken":0.0,"relics_obtained":["Snake Skull"]},{"damage_healed":0.0,"max_hp_gain":0.0,"max_hp_loss":0.0,"gold_gain":0.0,"event_name":"MindBloom","player_choice":"Fight","floor":36.0,"gold_loss":0.0,"damage_taken":0.0},{"damage_healed":0.0,"max_hp_gain":0.0,"max_hp_loss":0.0,"gold_gain":0.0,"event_name":"SensoryStone","player_choice":"Memory 1","floor":38.0,"gold_loss":0.0,"damage_taken":0.0},{"cards_removed":["Footwork"],"damage_healed":0.0,"max_hp_gain":0.0,"max_hp_loss":0.0,"gold_gain":0.0,"event_name":"Falling","player_choice":"Removed Power","floor":45.0,"gold_loss":0.0,"damage_taken":0.0},{"damage_healed":0.0,"max_hp_gain":0.0,"max_hp_loss":4.0,"gold_gain":0.0,"event_name":"Winding Halls","player_choice":"Max HP","floor":46.0,"gold_loss":0.0,"damage_taken":0.0}],"is_beta":false,"boss_relics":[{"not_picked":["Ectoplasm","Sozu"],"picked":"Ring of the Serpent"},{"not_picked":["Velvet Choker","Fusion Hammer"],"picked":"Black Star"}],"items_purged_floors":[12,21,48,53],"is_endless":false,"potions_floor_spawned":[1,2,6,14,16,20,23,25,27,33,35,40,42,44,54],"ascension_level":1}}