{"host":"izfv7kj6uxfdw52k","time":1613640475,"event":{"mods":["AchievementEnabler","Act Like it!","Arknights","BaseMod","Colored Map","Colored Powertips","Gensokyo","Hermit","Highlight Path","Luminous","Marisa（F雨　魔理沙）","Minty Spire (QoL Compilation)","MostiFishMod","Permanent Neow","Quick Restart","Relic Sorter","Reorder Act Four","Replay The Spire","Spicy Shops","StSLib","The Animator","WarShipGirlsR/战舰少女R mod","【遗物卡牌】REMEMod"],"gold_per_floor":[113,133,149,149,164,200,200,210,237,237,237,263,263,296,296,403,403,422,362,378,396,396,431,448,470,470,482,522,534,562,906,918,1036,1048,1077,255,265,276,276,311,356,389,389,190,221,272,222,237,237,239,239,189,189,221,222],"floor_reached":56,"language":"ZHS","playtime":3555,"items_purged":["Luminous:Dark_Abyssal_Drop","Luminous:Dark_Abyssal_Drop","Luminous:Dark_Abyssal_Drop","Luminous:Defend_Luminous"],"score":1440,"play_id":"636148b8-a9aa-4697-96ab-688401716dfb","local_time":"20210218172755","is_ascension_mode":false,"campfire_choices":[{"data":"Luminous:Light_Track","floor":7.0,"key":"SMITH"},{"data":"Luminous:Light_Glare","floor":11.0,"key":"SMITH"},{"data":"Luminous:Dark_Raid","floor":13.0,"key":"SMITH"},{"data":"Luminous:Armageddon_Luminous","floor":15.0,"key":"SMITH"},{"data":"Luminous:Arcane_Rage_Luminous","floor":27.0,"key":"SMITH"},{"floor":29.0,"key":"REST"},{"floor":32.0,"key":"DIG"},{"floor":49,"key":"RECALL"},{"data":"1","floor":53,"key":"LIFT"}],"circlet_count":0,"master_deck":["Luminous:Light_Flash_Shower","Luminous:Light_Flash_Shower","Luminous:Light_Flash_Shower","Luminous:Defend_Luminous","Luminous:Defend_Luminous","MostiFishMod:KingOfFree","Luminous:Dark_Raid+1","Luminous:Light_Track+1","Luminous:Light_Glare+1","Luminous:Dark_Raid+1","Luminous:Concentrate_Luminous","Luminous:Lights_Protection_Luminous+1","Luminous:Armageddon_Luminous+1","Luminous:Arcane_Rage_Luminous+1","Luminous:Switch_Luminous+1","Luminous:Flash_Blink_Luminous","Luminous:Balance_Death_Scythe","Luminous:Phantom_Treasure_Luminous+1","Luminous:Light_Spectral_Light+1","Luminous:Light_Ray_of_Redemption+1","Luminous:Dark_Crescendo_Luminous","Luminous:Sympathy_Luminous","Luminous:Sympathy_Luminous","Luminous:Darkness_Mastery_Luminous","Luminous:Chaos_Field_Luminous","Luminous:Mana_Barrier_Luminous","Luminous:Light_Spectral_Light"],"relics":["Luminous:MirrorRelic","REME_ComplimentaryCards","DaveBox","RhineSuit","SynthV:TestCard","ReplayTheSpireMod:Lightbulb","REME_PuzzleBoxRelic","Smiling Mask","Replay:Grab Bag","Busted Crown","Philosopher\u0027s Stone","Black Star","ReplayTheSpireMod:TigerMarble","Replay:Bottled Eggs","MawBank","Dream Catcher","Bag of Marbles","Gremlin Food","Old Coin","Mirror","Replay:Bronze Core","Luminous:BlackBlessingRelic","Anchor","Letter Opener","War Paint","Divine Protection","ReplayFunnel","REME_IWantAll","Quantum Egg","PreservedInsect","Ornamental Fan","DiscerningMonocle","Replay:Towering Pillar of Hats","Snack Pack","Potion Belt","MealTicket","ClockworkSouvenir","Lantern","ReplayTheSpireMod:Shallot","Girya","Ice Cream","SynthV:C4","Replay:Wax Seal","Regal Pillow","Strawberry","ImprovedEquipment","Simple Rune","Bronze Scales","Dodecahedron","ChiLing","Chi","Ling","InkBottle","Pet Ghost"],"acts_visited":["Exordium","TheCity","TheBeyond","TheEnding"],"potions_floor_usage":[],"damage_taken":[{"damage":0.0,"enemies":"Cultist","floor":1.0,"turns":2.0},{"damage":0.0,"enemies":"2 Louse","floor":2.0,"turns":2.0},{"damage":0.0,"enemies":"Small Slimes","floor":3.0,"turns":2.0},{"damage":0.0,"enemies":"Gremlin Gang","floor":5.0,"turns":3.0},{"damage":15.0,"enemies":"Lagavulin","floor":6.0,"turns":4.0},{"damage":0.0,"enemies":"Exordium Wildlife","floor":8.0,"turns":2.0},{"damage":0.0,"enemies":"Replay:BlueRogue","floor":12.0,"turns":3.0},{"damage":4.0,"enemies":"Lagavulin","floor":14.0,"turns":3.0},{"damage":0.0,"enemies":"Hexaghost","floor":16.0,"turns":5.0},{"damage":0.0,"enemies":"Spheric Guardian","floor":18.0,"turns":2.0},{"damage":0.0,"enemies":"Chosen","floor":20.0,"turns":2.0},{"damage":12.0,"enemies":"Snake Plant","floor":21.0,"turns":3.0},{"damage":0.0,"enemies":"Gremlin Leader","floor":23.0,"turns":3.0},{"damage":0.0,"enemies":"Sentry and Sphere","floor":24.0,"turns":3.0},{"damage":0.0,"enemies":"Cultist and Chosen","floor":25.0,"turns":3.0},{"damage":0.0,"enemies":"Replay:Snechameleon","floor":28.0,"turns":3.0},{"damage":0.0,"enemies":"Snecko","floor":30.0,"turns":2.0},{"damage":0.0,"enemies":"REME_1_Revenger","floor":31.0,"turns":2.0},{"damage":7.0,"enemies":"Automaton","floor":33.0,"turns":5.0},{"damage":0.0,"enemies":"Orb Walker","floor":35.0,"turns":1.0},{"damage":0.0,"enemies":"3 Shapes","floor":37.0,"turns":1.0},{"damage":0.0,"enemies":"Writhing Mass","floor":38.0,"turns":2.0},{"damage":0.0,"enemies":"R_Hoarder","floor":40.0,"turns":3.0},{"damage":0.0,"enemies":"2 Orb Walkers","floor":41.0,"turns":2.0},{"damage":0.0,"enemies":"Reptomancer","floor":42.0,"turns":2.0},{"damage":0,"enemies":"R_Hoarder","floor":45,"turns":3},{"damage":1,"enemies":"Mind Bloom Boss Battle","floor":46,"turns":3},{"damage":0,"enemies":"Spire Growth","floor":48,"turns":2},{"damage":0,"enemies":"Replay:Hell Engine","floor":50,"turns":4},{"damage":0,"enemies":"Shield and Spear","floor":54,"turns":1},{"damage":0,"enemies":"The Heart","floor":55,"turns":5}],"seed_played":"-6128872340209786892","potions_obtained":[{"floor":1.0,"key":"SkillPotion"},{"floor":3.0,"key":"ColorlessPotion"},{"floor":8.0,"key":"LifebloodPotion"},{"floor":21.0,"key":"Adrenaline Potion"},{"floor":28.0,"key":"REME_GoldPotion"},{"floor":30.0,"key":"EntropicBrew"},{"floor":37.0,"key":"Milkshake"}],"is_trial":false,"path_per_floor":["M","M","M","?","M","E","R","M","T","?","R","E","R","E","R","B",null,"M","?","M","M","?","E","M","M","T","R","E","R","M","E","R_BF","B",null,"M","$","M","M","?","E","?","E","T","$","E","?","$","M","R","B",null,"$","R","E","B",null],"character_chosen":"LuminousClass","items_purchased":["Luminous:BlackBlessingRelic","Anchor","Letter Opener","War Paint","DiscerningMonocle","Replay:Towering Pillar of Hats","Snack Pack","Potion Belt","MealTicket","ClockworkSouvenir","Luminous:Sympathy_Luminous","ColorlessPotion","Explosive Potion","Ice Cream","SynthV:C4","Replay:Wax Seal","Regal Pillow","Luminous:Darkness_Mastery_Luminous","Strawberry","ImprovedEquipment","Simple Rune","Bronze Scales","Dodecahedron","ChiLing"],"campfire_rested":1,"item_purchase_floors":[36,36,36,36,44,44,44,44,44,44,44,44,44,47,47,47,47,47,52,52,52,52,52,52],"current_hp_per_floor":[75,75,75,75,75,60,60,60,60,60,60,61,61,59,59,61,75,75,75,75,64,64,66,67,69,69,69,70,75,75,75,75,68,75,75,75,75,75,71,71,71,71,71,71,71,71,71,71,71,71,71,78,78,81,81],"gold":222,"neow_bonus":"REMOVE_CARD","is_daily":false,"chose_seed":false,"campfire_upgraded":5,"win_rate":0.0,"timestamp":1613640475,"path_taken":["M","M","?","?","M","E","R","M","T","?","R","E","R","E","R","BOSS","M","?","M","M","?","E","M","M","T","R","E","R","M","E","R_BF","BOSS","M","$","M","?","?","E","?","E","T","?","E","?","$","?","R","BOSS","$","R","E","BOSS"],"items_purchased_type":["Relic","Relic","Relic","Relic","Relic","Relic","Relic","Relic","Relic","Relic","Card","Potion","Potion","Relic","Relic","Relic","Relic","Card","Relic","Relic","Relic","Relic","Relic","Relic"],"build_version":"2020-12-22","purchased_purges":4,"victory":true,"max_hp_per_floor":[75,75,75,75,75,75,75,75,75,75,75,75,75,75,75,75,75,75,75,75,75,75,75,75,75,75,75,75,75,75,75,75,75,75,75,75,75,75,71,71,71,71,71,71,71,71,71,71,71,71,71,78,78,81,81],"card_choices":[{"not_picked":["Luminous:Mana_Overload_Luminous","Luminous:Switch_Luminous"],"picked":"Luminous:Dark_Raid","floor":1.0},{"not_picked":["Luminous:Blinding_Pillar_Luminous","Luminous:Dark_Pressure_Void","Luminous:Dark_Morning_Star","Luminous:Dark_Dim_Erosion"],"picked":"Luminous:Light_Track","floor":2.0},{"not_picked":["Luminous:Blinding_Pillar_Luminous","Luminous:Mana_Barrier_Luminous","Luminous:Dark_Pressure_Void","Luminous:Light_Disperse"],"picked":"Luminous:Light_Glare","floor":3.0},{"not_picked":["Luminous:Light_Gather","Luminous:Dark_Apocalypse","Luminous:Hero_Will_Luminous","Luminous:Magic_Guard_Luminous"],"picked":"Luminous:Concentrate_Luminous","floor":5.0},{"not_picked":["Luminous:Dark_Raid","Luminous:Light_White_Aria","Luminous:Mana_Barrier_Luminous","Luminous:Darkness_Mastery_Luminous","Luminous:Dark_Pressure_Void"],"picked":"SKIP","floor":6.0},{"not_picked":["Luminous:Dark_Pressure_Void","Luminous:Dark_Raid","Luminous:Reverse_Spell_Luminous","Luminous:Light_Gather","Luminous:Switch_Luminous"],"picked":"SKIP","floor":8.0},{"not_picked":["Luminous:Mana_Overload_Luminous","Luminous:Light_Track","Luminous:Light_Disperse","Luminous:Accumulation_Luminous"],"picked":"Luminous:Lights_Protection_Luminous","floor":12.0},{"not_picked":["Luminous:Light_Sylvan_Lance","Luminous:Mana_Well_Luminous","Luminous:Mana_Barrier_Luminous","Luminous:Balance_Death_Scythe"],"picked":"Luminous:Armageddon_Luminous","floor":14.0},{"not_picked":["Luminous:Chaos_Field_Luminous","Luminous:Date_of_Light_Luminous","Luminous:Dark_Void_Devour","Luminous:Balance_Baptism"],"picked":"Luminous:Arcane_Rage_Luminous","floor":16.0},{"not_picked":["Luminous:Light_Reflection","Luminous:Concentrate_Luminous+1","Luminous:Darkness_Mastery_Luminous"],"picked":"SKIP","floor":18.0},{"not_picked":["Luminous:Light_Sylvan_Lance","Luminous:Dark_Raid","Luminous:Accumulation_Luminous"],"picked":"SKIP","floor":20.0},{"not_picked":["Luminous:Lights_Protection_Luminous+1","Luminous:Light_Glare","Luminous:Accumulation_Luminous"],"picked":"SKIP","floor":21.0},{"not_picked":["Luminous:Accumulation_Luminous","Luminous:Mana_Well_Luminous","Luminous:Light_Sylvan_Lance"],"picked":"SKIP","floor":23.0},{"not_picked":["Luminous:Light_Glare","Luminous:Dark_Morning_Star"],"picked":"Luminous:Switch_Luminous+1","floor":24.0},{"not_picked":["Luminous:Mirror_Force_Luminous","Luminous:Tune_Luminous","Luminous:Light_Spectral_Light"],"picked":"SKIP","floor":25.0},{"not_picked":["Luminous:Dark_Raid","Luminous:Blinding_Pillar_Luminous"],"picked":"Luminous:Flash_Blink_Luminous","floor":28.0},{"not_picked":["Luminous:Light_Sylvan_Lance","Luminous:Dusk_Guard_Luminous"],"picked":"Luminous:Balance_Death_Scythe","floor":30.0},{"not_picked":["Luminous:Light_Glare","Luminous:Armageddon_Luminous"],"picked":"Luminous:Phantom_Treasure_Luminous","floor":31.0},{"not_picked":["Luminous:Light_Wash_Luminous+1","Luminous:Balance_Ender","Luminous:Concentrate_Luminous"],"picked":"SKIP","floor":35.0},{"not_picked":["Luminous:Blinding_Pillar_Luminous+1","Luminous:Light_Sylvan_Lance"],"picked":"Luminous:Light_Spectral_Light+1","floor":37.0},{"not_picked":["Luminous:Mana_Barrier_Luminous","Luminous:Accumulation_Luminous+1"],"picked":"Luminous:Light_Ray_of_Redemption+1","floor":38.0},{"not_picked":["Luminous:Dark_Raid+1","Luminous:Dark_Morning_Star+1","Luminous:Light_Gather"],"picked":"SKIP","floor":40.0},{"not_picked":["Luminous:Dark_Arcane_Pitch","Luminous:Mana_Barrier_Luminous"],"picked":"Luminous:Dark_Crescendo_Luminous","floor":42.0},{"not_picked":["Luminous:Concentrate_Luminous","Luminous:Blinding_Pillar_Luminous","Luminous:Light_Sylvan_Lance+1"],"picked":"SKIP","floor":45},{"not_picked":["Luminous:Dark_Pressure_Void","Luminous:Date_of_Light_Luminous","Luminous:Light_Sylvan_Lance+1"],"picked":"SKIP","floor":48},{"not_picked":["Luminous:Chaos_Field_Luminous","Luminous:Mana_Barrier_Luminous","Luminous:Light_Spectral_Light"],"picked":"Singing Bowl","floor":54}],"player_experience":57851,"relics_obtained":[{"floor":1.0,"key":"SynthV:TestCard"},{"floor":6.0,"key":"ReplayTheSpireMod:Lightbulb"},{"floor":12.0,"key":"REME_PuzzleBoxRelic"},{"floor":14.0,"key":"Smiling Mask"},{"floor":23.0,"key":"ReplayTheSpireMod:TigerMarble"},{"floor":23.0,"key":"Replay:Bottled Eggs"},{"floor":26.0,"key":"MawBank"},{"floor":28.0,"key":"Dream Catcher"},{"floor":28.0,"key":"Bag of Marbles"},{"floor":31.0,"key":"Gremlin Food"},{"floor":31.0,"key":"Old Coin"},{"floor":32.0,"key":"Mirror"},{"floor":40.0,"key":"Divine Protection"},{"floor":40.0,"key":"ReplayFunnel"},{"floor":41.0,"key":"REME_IWantAll"},{"floor":42.0,"key":"Quantum Egg"},{"floor":42.0,"key":"PreservedInsect"},{"floor":43,"key":"Ornamental Fan"},{"floor":45,"key":"Lantern"},{"floor":45,"key":"ReplayTheSpireMod:Shallot"},{"floor":46,"key":"Girya"},{"floor":54,"key":"InkBottle"},{"floor":54,"key":"Pet Ghost"}],"event_choices":[{"damage_healed":0.0,"max_hp_gain":0.0,"max_hp_loss":0.0,"gold_gain":0.0,"event_name":"Liars Game","player_choice":"Ignored","floor":10.0,"gold_loss":0.0,"damage_taken":0.0},{"damage_healed":0.0,"max_hp_gain":0.0,"max_hp_loss":0.0,"gold_gain":0.0,"event_name":"The Mausoleum","player_choice":"Ignored","floor":22.0,"gold_loss":0.0,"damage_taken":0.0},{"damage_healed":0.0,"max_hp_gain":0.0,"max_hp_loss":4.0,"gold_gain":0.0,"event_name":"Winding Halls","player_choice":"Max HP","floor":39.0,"gold_loss":0.0,"damage_taken":0.0},{"damage_healed":0.0,"max_hp_gain":0.0,"max_hp_loss":0.0,"gold_gain":0.0,"event_name":"Mysterious Sphere","player_choice":"Fight","floor":41.0,"gold_loss":0.0,"damage_taken":0.0},{"damage_healed":0,"gold_gain":0,"player_choice":"Fight","damage_taken":0,"max_hp_gain":0,"max_hp_loss":0,"event_name":"MindBloom","floor":46,"gold_loss":0}],"is_beta":false,"boss_relics":[{"not_picked":["REME_DuelDisc","Painkiller Herb"],"picked":"Replay:Grab Bag"},{"not_picked":["SlaversCollar","Cursed Key"],"picked":"Busted Crown"},{"not_picked":["Velvet Choker","ChewingGum"],"picked":"Philosopher\u0027s Stone"},{"not_picked":["Astrolabe","Ring of Chaos"],"picked":"Black Star"},{"not_picked":["EE1DDrone","OneHitWonderSystem"],"picked":"Replay:Bronze Core"}],"items_purged_floors":[36,44,47,52],"is_endless":false,"potions_floor_spawned":[1,3,8,14,16,21,25,28,30,31,37,41,45,46,48],"ascension_level":0}}