{"host":"onfdonezo2qmaex3","time":1613673478,"event":{"mods":["2.2 Compatiblity","AchievementEnabler","Act Like it!","Aspiration","BaseMod","Colored Powertips","Downfall","Friendly Minions","Gensokyo","Hallownest","Hermit","Highlight Path","Jorbs\u0027s Wanderer Trilogy","Marisa????????","Marked Mod","Minty Spire (QoL Compilation)","Quick Restart","Reliquary","Shop Mod","StSLib","The Disciple","The Hayseed","The Hierophant","The Marked","The Runesmith"],"gold_per_floor":[118,118,118,118,136,171,171,198,198,198,198],"floor_reached":10,"language":"ENG","playtime":459,"items_purged":[],"score":99,"play_id":"3bfc4414-264b-4b96-9fc1-af7733b4b48e","local_time":"20210218193758","is_ascension_mode":false,"campfire_choices":[],"circlet_count":0,"master_deck":["hermit:Strike_Hermit","hermit:Strike_Hermit","hermit:Defend_Hermit+1","hermit:Defend_Hermit","hermit:Defend_Hermit+1","hermit:Snapshot","hermit:Covet","hermit:CursedWeapon","hermit:Quickdraw","hermit:Dissolve"],"relics":["hermit:Momento","NeowsBlessing","Mango","Lantern","Gensokyo:Mercy","War Paint"],"acts_visited":["Gensokyo:Gensokyo"],"potions_floor_usage":[8,10],"damage_taken":[{"damage":0.0,"enemies":"Gensokyo:Python","floor":1.0,"turns":1.0},{"damage":2.0,"enemies":"Gensokyo:3_Fairies","floor":5.0,"turns":2.0},{"damage":2.0,"enemies":"Gensokyo:Cirno","floor":6.0,"turns":2.0},{"damage":28,"enemies":"Gensokyo:Aya","floor":8,"turns":8},{"damage":6,"enemies":"Gensokyo:Cirno","floor":10,"turns":6}],"seed_played":"836557476470839192","potions_obtained":[{"floor":5.0,"key":"Explosive Potion"},{"floor":8,"key":"hexamod:SoulburnPotion"}],"is_trial":false,"path_per_floor":["M","?","?","?","M","E","?","E","T","E"],"character_chosen":"HERMIT","items_purchased":[],"campfire_rested":0,"item_purchase_floors":[],"current_hp_per_floor":[75,45,38,38,36,34,34,6,6,0,0],"gold":198,"neow_bonus":"THREE_ENEMY_KILL","is_daily":false,"chose_seed":false,"campfire_upgraded":0,"win_rate":0.0,"timestamp":1613673478,"path_taken":["M","?","?","?","M","E","?","E","T","E"],"items_purchased_type":[],"build_version":"2020-12-22","purchased_purges":0,"victory":false,"max_hp_per_floor":[75,75,89,89,89,89,89,89,89,89,89],"card_choices":[{"not_picked":["hermit:Snipe","hermit:Desperado"],"picked":"hermit:CursedWeapon","floor":1.0},{"not_picked":["hermit:DeadMansHand","hermit:Virtue"],"picked":"hermit:Quickdraw","floor":5.0},{"not_picked":["hermit:Headshot","hermit:Coalescence"],"picked":"hermit:GoldenBullet","floor":6.0},{"not_picked":["hermit:Dive","hermit:Midnight"],"picked":"hermit:Dissolve","floor":8}],"player_experience":199481,"relics_obtained":[{"floor":6.0,"key":"Lantern"},{"floor":8,"key":"War Paint"}],"event_choices":[],"is_beta":false,"boss_relics":[],"items_purged_floors":[],"is_endless":false,"potions_floor_spawned":[5,8],"killed_by":"Gensokyo:Cirno","ascension_level":0}}