{"host":"mxox80e574zusnt5","time":1613642527,"event":{"mods":["AchievementEnabler","Act Like it!","BaseMod","Better Match","CapriCore","Challenge The Spire","Energized Spire","Friendly Minions","Gensokyo","GifTheSpireLib","HexUI Lib","Infinite Spire","Minty Spire (QoL Compilation)","Pale of the Ancients","Quick Restart","Reliquary","Replay The Spire","Spire Arcade","StSLib","The Clintock","The Construct","The Elementalist","The Marked","The Servant 0.9.4","The Trickster","TheVacant"],"gold_per_floor":[115,149,174,194,205,234,234,245,245,259,259,259,259,274,274,371,371,389,389,389,405,405,405,405,405,405,415,745,764,193,204,204,304,304,316,326,326,342,267,267,278,278,305,305,305,305,316,350,350,350,350,368,368,65,65,80,80,107,107,107,107],"floor_reached":60,"language":"ENG","playtime":8522,"items_purged":[],"score":923,"play_id":"1e95b473-38c1-45d8-9a48-ca81c63d1d01","local_time":"20210218040207","is_ascension_mode":false,"campfire_choices":[{"data":"theTrickster:UpThePace","floor":7,"key":"SMITH"},{"data":"theTrickster:FancyCape","floor":11,"key":"SMITH"},{"data":"theTrickster:DejaVu+1","floor":13,"key":"SMITH"},{"data":"theTrickster:KillThemAll","floor":15,"key":"SMITH"},{"data":"theTrickster:DeepPockets","floor":23,"key":"SMITH"},{"floor":25,"key":"REST"},{"data":"theTrickster:DejaVu+2","floor":32,"key":"SMITH"},{"floor":40,"key":"REST"},{"floor":42,"key":"REST"},{"data":"theTrickster:RampingUpStrike","floor":44,"key":"SMITH"},{"floor":46,"key":"REST"},{"floor":49,"key":"RECALL"},{"data":"theTrickster:BackStep","floor":55,"key":"SMITH"},{"data":"theTrickster:DejaVu+3","floor":57,"key":"SMITH"}],"circlet_count":0,"master_deck":["theTrickster:Strike_Brown","theTrickster:Strike_Brown","theTrickster:Strike_Brown","theTrickster:Strike_Brown","theTrickster:Strike_Brown","theTrickster:Defend_Brown","theTrickster:Defend_Brown","theTrickster:Defend_Brown","theTrickster:Defend_Brown","theTrickster:Defend_Brown+1","theTrickster:DaringSlash+1","theTrickster:BackStep+1","theTrickster:ThickVest","ReplayTheSpireMod:Splinters","theTrickster:KillThemAll+1","theTrickster:FancyCape+1","theTrickster:NickAndSkid","theTrickster:UpThePace+1","theTrickster:PistolWhip","theTrickster:DejaVu+4","theTrickster:BattlePlan","theTrickster:TriedTechniques+1","Crow Ritual+1","theTrickster:UpThePace+1","theTrickster:DeepPockets+1","theTrickster:SmokeOfConfusion+1","theTrickster:EnhancingDrug+1","theTrickster:MentalStrength+1","Crow Ritual+1","theTrickster:DeepPockets+1","theTrickster:TriedTechniques+1","theTrickster:EnhancingDrug+1","theTrickster:SmokeOfConfusion+1","theTrickster:SwiftSlash+1","theTrickster:Feint+1","theTrickster:Repetition+1","theTrickster:RampingUpStrike+1","theTrickster:SmokeOfConfusion+1","infinitespire:UltimateForm+1"],"relics":["theTrickster:OpticalIllusionRelic","NeowsBlessing","StoneCalendar","reliquary:QuartzCube","reliquary:Buckler","Frozen Egg 2","Gensokyo:ConquerorOfFear","Gensokyo:ChorusOfJoy","Old Coin","Toxic Egg 2","SacredBark","Nunchaku","paleoftheancients:Timepiece","paleoftheancients:KeyRelic","Ice Cream","Letter Opener","Thread and Needle","paleoftheancients:SoulOfTheVixen","Art of War"],"acts_visited":["Gensokyo:Gensokyo","Gensokyo:Gensokyoer","Gensokyo:Gensokyoest","paleoftheancients:PaleOfTheAncients"],"potions_floor_usage":[16,27,27,27,29,29,35,35,38,48,50,51,60,60],"damage_taken":[{"damage":0,"enemies":"Gensokyo:Python","floor":1,"turns":1},{"damage":0,"enemies":"Gensokyo:Mamizou","floor":3,"turns":2},{"damage":0,"enemies":"Gensokyo:3_Fairies","floor":4,"turns":3},{"damage":2,"enemies":"Gensokyo:Gryphon","floor":5,"turns":2},{"damage":19,"enemies":"Gensokyo:Mamizou","floor":6,"turns":7},{"damage":0,"enemies":"Gensokyo:Python_and_Kodama","floor":8,"turns":6},{"damage":3,"enemies":"Gensokyo:Gryphon_and_Rabbit","floor":10,"turns":5},{"damage":2,"enemies":"Gensokyo:CorruptedTreant","floor":14,"turns":4},{"damage":3,"enemies":"Gensokyo:Reimu","floor":16,"turns":8},{"damage":16,"enemies":"Gensokyo:CosmicMonolith","floor":18,"turns":7},{"damage":14,"enemies":"Gensokyo:3_Dogs","floor":21,"turns":5},{"damage":20,"enemies":"Gensokyo:Slime_Group","floor":27,"turns":5},{"damage":11,"enemies":"Gensokyo:Koishi","floor":28,"turns":6},{"damage":5,"enemies":"Gensokyo:Swordslinger","floor":29,"turns":4},{"damage":13,"enemies":"Gensokyo:3_Gloops","floor":31,"turns":6},{"damage":18,"enemies":"Gensokyo:Eternal_Rivals","floor":33,"turns":19},{"damage":7,"enemies":"Gensokyo:3_Boulders","floor":35,"turns":6},{"damage":14,"enemies":"Gensokyo:3_Bats","floor":36,"turns":5},{"damage":42,"enemies":"Gensokyo:AtlasGolem","floor":38,"turns":7},{"damage":20,"enemies":"Gensokyo:Sharpion","floor":41,"turns":7},{"damage":11,"enemies":"Gensokyo:SeedOfUnknown","floor":47,"turns":5},{"damage":0,"enemies":"Gensokyo:4_Bats","floor":48,"turns":4},{"damage":35,"enemies":"Gensokyo:Shinki","floor":50,"turns":11},{"damage":82,"enemies":"Gensokyo:Shinki","floor":51,"turns":4},{"damage":11,"enemies":"Gensokyo:Shinki","floor":52,"turns":11},{"damage":1,"enemies":"Gensokyo:Shinki","floor":56,"turns":9},{"damage":76,"enemies":"paleoftheancients:N","floor":60,"turns":10}],"seed_played":"-3314492434651733396","potions_obtained":[{"floor":3,"key":"AttackPotion"},{"floor":5,"key":"EntropicBrew"},{"floor":8,"key":"AttackPotion"},{"floor":27,"key":"LifebloodPotion"},{"floor":28,"key":"Block Potion"},{"floor":31,"key":"Block Potion"},{"floor":41,"key":"Swift Potion"},{"floor":47,"key":"BlessingOfTheForge"},{"floor":48,"key":"Fire Potion"},{"floor":56,"key":"Fire Potion"}],"is_trial":false,"path_per_floor":["M","?","?","M","M","E","R","M","T","M","R","?","R","M","R","B",null,"M","?","?","M","?","R","?","R","T","M","E","M","$","M","R","B",null,"M","M","?","M","?","R","M","R","T","R","?","R","M","M","R","B","M","M","?","$","R","M","R","T","?","B"],"character_chosen":"THE_TRICKSTER","items_purchased":["Toxic Egg 2","theTrickster:MentalStrength+1","Crow Ritual+1","theTrickster:DeepPockets+1","Thread and Needle"],"campfire_rested":4,"item_purchase_floors":[30,30,30,30,54],"current_hp_per_floor":[75,75,75,75,75,58,58,60,60,59,59,59,59,59,59,58,75,61,61,61,49,49,49,49,71,71,53,44,41,41,30,30,14,75,70,58,58,18,18,40,22,44,44,44,44,66,57,59,59,75,75,71,54,54,54,66,66,66,66,0,0],"gold":107,"neow_bonus":"THREE_ENEMY_KILL","is_daily":false,"chose_seed":false,"campfire_upgraded":9,"win_rate":0.0,"timestamp":1613642527,"path_taken":["M","?","?","M","M","E","R","M","T","M","R","?","R","M","R","BOSS","M","?","?","M","?","R","?","R","T","M","E","?","$","M","R","BOSS","M","M","?","M","?","R","M","R","T","R","?","R","M","M","R","BOSS","M","M","?","$","R","M","R","T","?","BOSS"],"items_purchased_type":["Relic","Card","Card","Card","Relic"],"build_version":"2020-12-22","purchased_purges":0,"victory":false,"max_hp_per_floor":[75,75,75,75,75,75,75,75,75,75,75,75,75,75,75,75,75,75,75,75,75,75,75,75,75,75,75,75,75,75,75,75,75,75,75,75,75,75,75,75,75,75,75,75,75,75,75,75,75,75,75,75,75,75,75,75,75,75,75,75,75],"card_choices":[{"not_picked":["theTrickster:Reposition","theTrickster:CapriciousThrust"],"picked":"theTrickster:ThickVest","floor":1},{"not_picked":["theTrickster:SmokeOfConfusion","theTrickster:Distract"],"picked":"theTrickster:KillThemAll","floor":2},{"not_picked":["theTrickster:SharpBlade","theTrickster:UpThePace"],"picked":"theTrickster:FancyCape","floor":3},{"not_picked":["theTrickster:CautiousManeuver","theTrickster:StudiedSnipe"],"picked":"theTrickster:NickAndSkid","floor":4},{"not_picked":["theTrickster:SwiftSlash","theTrickster:StudiedSnipe"],"picked":"theTrickster:UpThePace","floor":5},{"not_picked":["theTrickster:DivingSlice","theTrickster:KillThemAll"],"picked":"theTrickster:PistolWhip","floor":6},{"not_picked":["theTrickster:IntrepidRush","theTrickster:BattlePlan"],"picked":"theTrickster:DejaVu","floor":8},{"not_picked":["theTrickster:TrickyStrike","theTrickster:CautiousManeuver","theTrickster:StudiedSnipe"],"picked":"SKIP","floor":10},{"not_picked":["theTrickster:TickingPackage","theTrickster:SmokeOfConfusion"],"picked":"theTrickster:BattlePlan","floor":14},{"not_picked":["theTrickster:Gunblade","theTrickster:Impale"],"picked":"theTrickster:TriedTechniques+1","floor":16},{"not_picked":["theTrickster:CapriciousThrust","theTrickster:DivingSlice","theTrickster:CautiousManeuver"],"picked":"SKIP","floor":18},{"not_picked":["ReplayTheSpireMod:Brewmster+1","ReplayUltimateDefense+1"],"picked":"Crow Ritual+1","floor":19},{"not_picked":["theTrickster:ImpulsiveStrike+1","theTrickster:StudiedSnipe"],"picked":"theTrickster:DeepPockets","floor":21},{"not_picked":["theTrickster:ImpulsiveDefend","theTrickster:Parry"],"picked":"theTrickster:SmokeOfConfusion+1","floor":27},{"not_picked":["theTrickster:DeepPockets","theTrickster:ImpulsiveStrike"],"picked":"theTrickster:EnhancingDrug+1","floor":28},{"not_picked":["theTrickster:OminousSmile","theTrickster:StudiedSnipe","theTrickster:ImpulsiveDefend"],"picked":"SKIP","floor":29},{"not_picked":["theTrickster:RampingUpDefend+1","theTrickster:CapriciousThrust","theTrickster:TacticalStrike"],"picked":"SKIP","floor":31},{"not_picked":["theTrickster:Anticipation+1","theTrickster:BulletRain"],"picked":"theTrickster:TriedTechniques+1","floor":33},{"not_picked":["theTrickster:CautiousManeuver+1","theTrickster:HandGrenade+1"],"picked":"theTrickster:EnhancingDrug+1","floor":35},{"not_picked":["theTrickster:TrickyDefend+1","theTrickster:ImpulsiveStrike"],"picked":"theTrickster:SmokeOfConfusion+1","floor":36},{"not_picked":["theTrickster:CapriciousThrust+1","theTrickster:ImpulsiveDefend+1"],"picked":"theTrickster:SwiftSlash+1","floor":38},{"not_picked":["theTrickster:PlayingWithFire+1","theTrickster:Distract+1"],"picked":"theTrickster:Feint+1","floor":39},{"not_picked":["theTrickster:Decoy+1","theTrickster:EyeForEye+1"],"picked":"theTrickster:Repetition+1","floor":39},{"not_picked":["theTrickster:RampingUpDefend+1","theTrickster:TickingPackage+1"],"picked":"theTrickster:RampingUpStrike","floor":41},{"not_picked":["theTrickster:SmokeOfConfusion+1","theTrickster:KillThemAll+1","theTrickster:SwiftSlash+1"],"picked":"SKIP","floor":47},{"not_picked":["theTrickster:SharpBlade","theTrickster:StudiedSnipe"],"picked":"theTrickster:SmokeOfConfusion+1","floor":48},{"not_picked":["theTrickster:Audacity","theTrickster:CautiousManeuver+1","theTrickster:ImpulsiveDefend+1"],"picked":"SKIP","floor":52},{"not_picked":["ReplayTheSpireMod:Echoes of Time","infinitespire:Collect"],"picked":"infinitespire:UltimateForm","floor":53},{"not_picked":["theTrickster:TrickyStrike","theTrickster:DebilitatingShot+1","theTrickster:TrickyDefend+1"],"picked":"SKIP","floor":56}],"player_experience":968857,"relics_obtained":[{"floor":2,"key":"StoneCalendar"},{"floor":3,"key":"reliquary:QuartzCube"},{"floor":6,"key":"reliquary:Buckler"},{"floor":9,"key":"Frozen Egg 2"},{"floor":27,"key":"Gensokyo:ConquerorOfFear"},{"floor":28,"key":"Old Coin"},{"floor":43,"key":"Nunchaku"},{"floor":56,"key":"paleoftheancients:SoulOfTheVixen"},{"floor":58,"key":"Art of War"}],"event_choices":[{"damage_healed":0,"gold_gain":0,"player_choice":"2","damage_taken":0,"max_hp_gain":0,"max_hp_loss":0,"event_name":"betterMatch:BetterMatch","floor":19,"gold_loss":0,"cards_obtained":["betterMatch:ColorlessRareCard"]},{"damage_healed":0,"gold_gain":0,"player_choice":"2","damage_taken":0,"max_hp_gain":0,"max_hp_loss":0,"event_name":"betterMatch:BetterMatch","floor":39,"gold_loss":0,"cards_obtained":["betterMatch:UncommonCard","betterMatch:UncommonCard"]}],"is_beta":false,"boss_relics":[{"not_picked":["energizedSpire:EnergizedDie","energizedSpire:OgreHead","Philosopher\u0027s Stone"]},{"not_picked":["Fusion Hammer","Honey Jar"],"picked":"SacredBark"}],"items_purged_floors":[],"is_endless":false,"potions_floor_spawned":[3,5,8,10,14,27,28,31,41,47,48,56],"killed_by":"paleoftheancients:N","ascension_level":0}}