{"host":"rb2p2z6v6vieend5","time":1613611850,"event":{"mods":["BaseMod","Block Reminder","Colored Map","DeckTracker","Highlight Path","Minty Spire (QoL Compilation)","Random Character Button","Relic Stats"],"gold_per_floor":[112,37,37,52,70,70,103,103,127,127,127,127,144,164,164,236,286,296,296,316,329,9,9,9],"floor_reached":23,"language":"ENG","playtime":1041,"items_purged":["Parasite"],"score":458,"play_id":"b91b71a0-716f-417f-b054-54340f1c9a8b","local_time":"20210218023050","is_ascension_mode":true,"campfire_choices":[{"data":"Searing Blow","floor":6,"key":"SMITH"},{"data":"Searing Blow+1","floor":10,"key":"SMITH"},{"data":"Searing Blow+2","floor":12,"key":"SMITH"},{"data":"Searing Blow+3","floor":15,"key":"SMITH"}],"circlet_count":0,"master_deck":["AscendersBane","Strike_R","Strike_R","Strike_R","Strike_R+1","Defend_R","Defend_R","Defend_R","Defend_R","Bash+1","Searing Blow+4","Pommel Strike","Headbutt","Fiend Fire","Flame Barrier+1","Ghostly Armor","Offering","Ghostly Armor","Violence","Shrug It Off"],"relics":["Burning Blood","Gambling Chip","FaceOfCleric","Whetstone","Bag of Preparation","Tiny House"],"acts_visited":["Exordium","TheCity"],"potions_floor_usage":[21,23,23],"damage_taken":[{"damage":14,"enemies":"Jaw Worm","floor":1,"turns":5},{"damage":4,"enemies":"2 Louse","floor":4,"turns":4},{"damage":7,"enemies":"Cultist","floor":5,"turns":4},{"damage":40,"enemies":"Lagavulin","floor":7,"turns":7},{"damage":0,"enemies":"2 Fungi Beasts","floor":13,"turns":2},{"damage":12,"enemies":"3 Louse","floor":14,"turns":5},{"damage":0,"enemies":"Slime Boss","floor":16,"turns":5},{"damage":15,"enemies":"Chosen","floor":18,"turns":4},{"damage":7,"enemies":"Spheric Guardian","floor":20,"turns":3},{"damage":38,"enemies":"Cultist and Chosen","floor":21,"turns":8},{"damage":41,"enemies":"Book of Stabbing","floor":23,"turns":5}],"seed_played":"2617233321771596174","potions_obtained":[{"floor":7,"key":"Block Potion"},{"floor":13,"key":"Block Potion"},{"floor":14,"key":"DistilledChaos"},{"floor":21,"key":"PowerPotion"}],"is_trial":false,"path_per_floor":["M","?","?","M","M","R","E","?","T","R","?","R","M","M","R","B",null,"M","?","M","M","$","E"],"character_chosen":"IRONCLAD","items_purchased":["Violence","Shrug It Off"],"campfire_rested":0,"item_purchase_floors":[22,22],"current_hp_per_floor":[60,60,60,63,63,63,30,49,49,49,49,49,56,51,51,58,80,72,66,66,35,35,0,0],"gold":9,"neow_bonus":"ONE_RARE_RELIC","is_daily":false,"chose_seed":false,"campfire_upgraded":4,"win_rate":0.0,"timestamp":1613611850,"path_taken":["M","?","?","?","M","R","E","?","T","R","?","R","M","M","R","BOSS","M","?","M","M","?","E"],"items_purchased_type":["Card","Card"],"build_version":"2020-12-22","purchased_purges":1,"victory":false,"max_hp_per_floor":[75,75,75,76,77,77,78,78,78,78,78,78,79,80,80,81,86,87,87,88,89,86,86,86],"relic_stats":{"FaceOfCleric":9,"counters":[11,52],"Gambling Chip":[54],"Bag of Preparation":[14],"Whetstone":["Strike_R","Bash"],"obtain_stats":[{"Tiny House":17,"FaceOfCleric":3,"Gambling Chip":0,"Bag of Preparation":9,"Whetstone":7,"Burning Blood":0},{"Tiny House":7,"FaceOfCleric":1,"Gambling Chip":0,"Bag of Preparation":4,"Whetstone":4,"Burning Blood":0},{"Tiny House":32,"FaceOfCleric":5,"Gambling Chip":0,"Bag of Preparation":20,"Whetstone":20,"Burning Blood":0}],"Burning Blood":60},"card_choices":[{"not_picked":["Warcry","Cleave"],"picked":"Searing Blow","floor":1},{"not_picked":["Twin Strike","Clash"],"picked":"Pommel Strike","floor":4},{"not_picked":["Wild Strike","Sword Boomerang"],"picked":"Headbutt","floor":5},{"not_picked":["Body Slam","Bloodletting","Havoc"],"picked":"SKIP","floor":7},{"not_picked":["Metallicize","Double Tap"],"picked":"Flame Barrier","floor":13},{"not_picked":["Anger","Sword Boomerang"],"picked":"Ghostly Armor","floor":14},{"not_picked":["Immolate","Exhume"],"picked":"Offering","floor":16},{"not_picked":["Entrench","Anger"],"picked":"Ghostly Armor","floor":17},{"not_picked":["Perfected Strike","Sever Soul","Headbutt"],"picked":"SKIP","floor":18},{"not_picked":["Havoc+1","Bloodletting","Burning Pact"],"picked":"SKIP","floor":20},{"not_picked":["Power Through","Perfected Strike+1","Bloodletting"],"picked":"SKIP","floor":21}],"player_experience":772850,"relics_obtained":[{"floor":7,"key":"Whetstone"},{"floor":9,"key":"Bag of Preparation"}],"event_choices":[{"cards_removed":["Injury"],"damage_healed":0,"gold_gain":0,"player_choice":"Card Removal","damage_taken":0,"max_hp_gain":0,"max_hp_loss":0,"event_name":"The Cleric","floor":2,"gold_loss":75},{"damage_healed":0,"gold_gain":0,"player_choice":"Trade","damage_taken":0,"relics_obtained":["FaceOfCleric"],"max_hp_gain":0,"max_hp_loss":0,"event_name":"FaceTrader","floor":3,"gold_loss":0},{"damage_healed":19,"gold_gain":0,"player_choice":"Healed and dodged fight","damage_taken":0,"max_hp_gain":0,"max_hp_loss":0,"event_name":"Mushrooms","floor":8,"gold_loss":0,"cards_obtained":["Parasite"]},{"damage_healed":0,"gold_gain":0,"cards_transformed":["Strike_R"],"player_choice":"Transformed","damage_taken":0,"max_hp_gain":0,"max_hp_loss":0,"event_name":"Transmorgrifier","floor":11,"gold_loss":0,"cards_obtained":["Fiend Fire"]},{"damage_healed":0,"gold_gain":0,"player_choice":"","damage_taken":6,"max_hp_gain":0,"max_hp_loss":0,"event_name":"Knowing Skull","floor":19,"potions_obtained":[],"gold_loss":0,"cards_obtained":[]}],"is_beta":false,"boss_relics":[{"not_picked":["Fusion Hammer","Calling Bell"],"picked":"Tiny House"}],"items_purged_floors":[22],"is_endless":false,"potions_floor_spawned":[7,13,14,20,21],"killed_by":"Book of Stabbing","ascension_level":18}}