{"host":"1vqon1dbpr5c1qll","time":1613649453,"event":{"mods":["2.2 Compatiblity","AchievementEnabler","BaseMod","BetterRewards","Colored Map","DeckTracker","Hermit","Highlight Path","Lobotomy","Minty Spire (QoL Compilation)","Permanent Neow","Quick Restart","Random Character Button","Replay The Spire","StSLib","SuperFastMode","The Cursed","The Servant 0.9.4","everything is the same but u backflip on backflip"],"gold_per_floor":[114,130,130,130,154,166,209,221,256,303,330,376,388,400,412,524,836,866,891,979,1007,1031,1078,1090,1129,1141,376,376,406,17,50,50,150,150,165,165,185,145,158,191,211,238,319,15,15,32,49,61,0,0],"floor_reached":51,"language":"KOR","playtime":3018,"items_purged":[],"score":973,"play_id":"2b7b8919-b049-446b-9b87-518261a1204b","local_time":"20210218205733","is_ascension_mode":true,"campfire_choices":[{"data":"TheCursedMod:CircleOfBlood","floor":6.0,"key":"SMITH"},{"data":"TheCursedMod:CircleOfBlood","floor":8.0,"key":"SMITH"},{"data":"TheCursedMod:CircleOfFlame","floor":13.0,"key":"SMITH"},{"data":"TheCursedMod:CleanUpWorkshop","floor":15.0,"key":"SMITH"},{"data":"TheCursedMod:DarkBarrier","floor":24,"key":"SMITH"},{"data":"Apotheosis","floor":28,"key":"SMITH"},{"floor":32,"key":"DIG"}],"circlet_count":0,"master_deck":["TheCursedMod:Strike_TheCursed+1","TheCursedMod:Defend_TheCursed","TheCursedMod:Defend_TheCursed+1","TheCursedMod:CursedWand+1","TheCursedMod:CleanUpWorkshop+1","TheCursedMod:Dregs","TheCursedMod:CircleOfFlame+1","TheCursedMod:SpitefulStrike","TheCursedMod:CircleOfBlood+1","TheCursedMod:CircleOfBlood+1","TheCursedMod:ManaBullet","TheCursedMod:BlessingInDisguise","TheCursedMod:RapidMovement","TheCursedMod:CursedRelics","CurseOfTheBell","TheCursedMod:SurpriseAttack","TheCursedMod:CursedAmulet","ReplayTheSpireMod:Splinters","TheCursedMod:WearCloak+1","TheCursedMod:CursedBlade+1","TheCursedMod:WearCloak","TheCursedMod:DemonSword","TheCursedMod:DarkBarrier+1","TheCursedMod:StunningStrike+1","Apotheosis+1","TheCursedMod:SurpriseAttack","TheCursedMod:HellfireBreathing","Injury","TheCursedMod:CursedAmulet","TheCursedMod:CircleOfFlame+1","TheCursedMod:HellsGateOpen","TheCursedMod:SmokeScreen","TheCursedMod:Obscuration+1","TheCursedMod:CollectTribute","Delirium","Amnesia","TheCursedMod:SmokeScreen+1","TheCursedMod:CursedArmor","TheCursedMod:CursedWand+1","TheCursedMod:CursedBlade+1","TheCursedMod:VitalStrike+1","TheCursedMod:CursedBlade+1","TheCursedMod:CursedShiv","TheCursedMod:PrepareRite+1","Parasite","TheCursedMod:ReleasedStrength","TheCursedMod:CircleOfAbyss","TheCursedMod:CircleOfFlame+1"],"relics":["TheCursedMod:BlackMagic101","MawBank","Thread and Needle","Ancient Tea Set","Blood Vial","Replay:Baseball","Calling Bell","Boot","Replay:Bottled Steam","Old Coin","Smiling Mask","ReplayTheSpireMod:Lightbulb","Sundial","Peace Pipe","ReplayTheSpireMod:Shallot","Pantograph","ReplayTheSpireMod:CursedCoin","Counterbalance","Akabeko","TheAbacus","Quantum Egg","TheCursedMod:BloodyHarpoon","Kintsugi","Shuriken","TungstenRod","Replay:Bottled Eggs","Replay:Kaleidoscope","Ring of Peace","Ring of Panic","Red Mask"],"acts_visited":["Exordium","TheCity","TheBeyond"],"potions_floor_usage":[29,29,29,31,39,39,39,50,50,50,50,50],"damage_taken":[{"damage":7.0,"enemies":"Small Slimes","floor":1.0,"turns":4.0},{"damage":0.0,"enemies":"2 Louse","floor":2.0,"turns":3.0},{"damage":0.0,"enemies":"Jaw Worm","floor":5.0,"turns":3.0},{"damage":19.0,"enemies":"3 Sentries","floor":7.0,"turns":6.0},{"damage":15.0,"enemies":"Lagavulin","floor":10.0,"turns":6.0},{"damage":7.0,"enemies":"3 Louse","floor":11.0,"turns":4.0},{"damage":21.0,"enemies":"Gremlin Nob","floor":12.0,"turns":5.0},{"damage":62.0,"enemies":"Hexaghost","floor":16.0,"turns":13.0},{"damage":17.0,"enemies":"3 Byrds","floor":18.0,"turns":6.0},{"damage":2.0,"enemies":"Spheric Guardian","floor":19.0,"turns":3.0},{"damage":20,"enemies":"Cultist and Chosen","floor":21,"turns":5},{"damage":16,"enemies":"Snake Plant","floor":22,"turns":4},{"damage":11,"enemies":"Book of Stabbing","floor":23,"turns":4},{"damage":0,"enemies":"Gremlin Leader","floor":25,"turns":8},{"damage":6,"enemies":"Book of Stabbing","floor":29,"turns":7},{"damage":2,"enemies":"Gremlin Leader","floor":31,"turns":4},{"damage":45,"enemies":"Collector","floor":33,"turns":12},{"damage":0,"enemies":"3 Shapes","floor":35,"turns":3},{"damage":1,"enemies":"Orb Walker","floor":37,"turns":4},{"damage":3,"enemies":"Transient","floor":39,"turns":5},{"damage":6,"enemies":"R_Hoarder","floor":40,"turns":8},{"damage":0,"enemies":"Maw","floor":41,"turns":7},{"damage":0,"enemies":"Reptomancer","floor":42,"turns":6},{"damage":0,"enemies":"Sphere and 2 Shapes","floor":46,"turns":5},{"damage":0,"enemies":"Jaw Worm Horde","floor":47,"turns":5},{"damage":0,"enemies":"Writhing Mass","floor":48,"turns":4},{"damage":1,"enemies":"Replay:Hell Engine","floor":50,"turns":8}],"seed_played":"9087329277693995712","potions_obtained":[{"floor":7.0,"key":"Weak Potion"},{"floor":11.0,"key":"Block Potion"},{"floor":12.0,"key":"Milkshake"},{"floor":19.0,"key":"SpeedPotion"},{"floor":29,"key":"Explosive Potion"},{"floor":33,"key":"EntropicBrew"},{"floor":39,"key":"Flashbang"},{"floor":42,"key":"EntropicBrew"},{"floor":46,"key":"ColorlessPotion"}],"is_trial":false,"path_per_floor":["M","M","?","?","M","R","E","R","T","E","M","E","R","?","R","B",null,"M","M","?","M","M","E","R","E","T","$","R","E","$","E","R_BF","B",null,"M","?","M","?","M","E","M","E","T","$","?","M","M","M","R_BF","B",null],"character_chosen":"THE_CURSED","items_purchased":["Apotheosis","ReplayTheSpireMod:Shallot","TheCursedMod:SurpriseAttack","TheCursedMod:HellfireBreathing","Pantograph","ReplayTheSpireMod:CursedCoin","TheCursedMod:CursedAmulet","Swift Potion","Adrenaline Potion","Akabeko","TheAbacus","TheCursedMod:HellsGateOpen","TheCursedMod:SmokeScreen","Replay:Kaleidoscope"],"campfire_rested":0,"item_purchase_floors":[27,27,27,27,27,27,27,27,27,30,30,30,30,44],"current_hp_per_floor":[68,68,68,56,56,56,49,49,49,54,65,54,54,54,54,18,75,60,73,73,55,49,52,52,66,66,66,66,69,69,75,75,30,75,75,75,75,75,72,75,75,75,75,75,75,75,75,75,75,74],"gold":0,"neow_bonus":"TRANSFORM_CARD","is_daily":false,"chose_seed":false,"campfire_upgraded":6,"win_rate":0.0,"timestamp":1613649453,"path_taken":["M","M","?","?","M","R","E","R","T","E","M","E","R","?","R","BOSS","M","M","?","M","M","E","R","E","T","$","R","E","$","E","R_BF","BOSS","M","?","?","?","M","E","M","E","T","?","?","M","M","M","R_BF","BOSS"],"items_purchased_type":["Card","Relic","Card","Card","Relic","Relic","Card","Potion","Potion","Relic","Relic","Card","Card","Relic"],"build_version":"2020-12-22","purchased_purges":0,"victory":true,"max_hp_per_floor":[75,75,75,75,75,75,75,75,75,75,75,75,75,75,75,75,75,75,75,75,75,75,75,75,75,75,75,75,75,75,75,75,75,75,75,75,75,75,75,75,75,75,75,75,75,75,75,75,75,75],"card_choices":[{"not_picked":["TheCursedMod:Torture","TheCursedMod:Evocation"],"picked":"TheCursedMod:CircleOfFlame","floor":1.0},{"not_picked":["TheCursedMod:CircleOfCorruption","TheCursedMod:Stigma"],"picked":"TheCursedMod:SpitefulStrike","floor":2.0},{"not_picked":["TheCursedMod:CircleOfAmplification","TheCursedMod:CursedMace"],"picked":"TheCursedMod:CircleOfBlood","floor":5.0},{"not_picked":["TheCursedMod:SaltUponWound","TheCursedMod:ReleasedKnowledge"],"picked":"TheCursedMod:CircleOfBlood","floor":7.0},{"not_picked":["TheCursedMod:RavingStaff","TheCursedMod:CircleOfWindfury"],"picked":"TheCursedMod:ManaBullet","floor":10.0},{"not_picked":["TheCursedMod:SoulCrush","TheCursedMod:LuckyCharm"],"picked":"TheCursedMod:BlessingInDisguise","floor":11.0},{"not_picked":["TheCursedMod:FleshFromBone","TheCursedMod:ParallelWorld"],"picked":"TheCursedMod:RapidMovement","floor":12.0},{"not_picked":["TheCursedMod:CircleOfAbyss","TheCursedMod:ManaCirculation"],"picked":"TheCursedMod:CursedRelics","floor":16.0},{"not_picked":["TheCursedMod:SpitefulStrike","TheCursedMod:RavingStaff+1"],"picked":"TheCursedMod:SurpriseAttack","floor":18.0},{"not_picked":["TheCursedMod:RavingStaff+1","TheCursedMod:Obscuration"],"picked":"TheCursedMod:CursedAmulet","floor":19.0},{"not_picked":["TheCursedMod:CursedBoomerang","TheCursedMod:Stigma"],"picked":"TheCursedMod:WearCloak+1","floor":20},{"not_picked":["TheCursedMod:Obscuration+1","TheCursedMod:CursedMace"],"picked":"TheCursedMod:CursedBlade+1","floor":20},{"not_picked":["TheCursedMod:Torture+1","TheCursedMod:SpitefulPlan"],"picked":"TheCursedMod:WearCloak","floor":21},{"not_picked":["TheCursedMod:SpitefulPlan","TheCursedMod:CircleOfWindfury"],"picked":"TheCursedMod:DemonSword","floor":22},{"not_picked":["TheCursedMod:RapidMovement","TheCursedMod:CursedAmulet+1"],"picked":"TheCursedMod:DarkBarrier","floor":23},{"not_picked":["TheCursedMod:SpitefulPray","TheCursedMod:PrepareRite"],"picked":"TheCursedMod:StunningStrike","floor":25},{"not_picked":["TheCursedMod:CircleOfCorruption","TheCursedMod:FuryStrike"],"picked":"TheCursedMod:CircleOfFlame+1","floor":29},{"not_picked":["TheCursedMod:SmokeScreen+1","TheCursedMod:FleshFromBone"],"picked":"TheCursedMod:Obscuration+1","floor":31},{"not_picked":["TheCursedMod:DemonicPact","TheCursedMod:NeowsMight"],"picked":"TheCursedMod:CollectTribute","floor":33},{"not_picked":["TheCursedMod:CircleOfAmplification+1","TheCursedMod:SaltUponWound"],"picked":"TheCursedMod:SmokeScreen+1","floor":35},{"not_picked":["TheCursedMod:SurpriseAttack","TheCursedMod:SpreadPlague+1"],"picked":"TheCursedMod:CursedBlade+1","floor":37},{"not_picked":["TheCursedMod:RavingStaff","TheCursedMod:WearCloak"],"picked":"TheCursedMod:VitalStrike+1","floor":39},{"not_picked":["TheCursedMod:AntiAging","TheCursedMod:LuckyCharm+1"],"picked":"TheCursedMod:CursedBlade+1","floor":40},{"not_picked":["TheCursedMod:Torture+1","TheCursedMod:CircleOfWindfury+1"],"picked":"TheCursedMod:CursedShiv","floor":41},{"not_picked":["TheCursedMod:RapidMovement","TheCursedMod:HellsGateOpen+1"],"picked":"TheCursedMod:PrepareRite+1","floor":42},{"not_picked":["TheCursedMod:CircleOfFocus","TheCursedMod:TacticalStrike"],"picked":"TheCursedMod:ReleasedStrength","floor":46},{"not_picked":["TheCursedMod:CircleOfFocus","TheCursedMod:CursedAmulet"],"picked":"TheCursedMod:CircleOfAbyss","floor":47},{"not_picked":["TheCursedMod:FleshFromBone","TheCursedMod:PrepareRite"],"picked":"TheCursedMod:CircleOfFlame+1","floor":48}],"player_experience":1002975,"relics_obtained":[{"floor":7.0,"key":"Thread and Needle"},{"floor":9.0,"key":"Ancient Tea Set"},{"floor":10.0,"key":"Blood Vial"},{"floor":12.0,"key":"Replay:Baseball"},{"floor":17.0,"key":"Boot"},{"floor":17.0,"key":"Replay:Bottled Steam"},{"floor":17.0,"key":"Old Coin"},{"floor":20,"key":"Smiling Mask"},{"floor":23,"key":"ReplayTheSpireMod:Lightbulb"},{"floor":25,"key":"Sundial"},{"floor":26,"key":"Peace Pipe"},{"floor":29,"key":"Counterbalance"},{"floor":31,"key":"Quantum Egg"},{"floor":32,"key":"TheCursedMod:BloodyHarpoon"},{"floor":40,"key":"Shuriken"},{"floor":42,"key":"TungstenRod"},{"floor":43,"key":"Replay:Bottled Eggs"},{"floor":45,"key":"Ring of Peace"},{"floor":45,"key":"Ring of Panic"}],"event_choices":[{"damage_healed":0.0,"max_hp_gain":0.0,"max_hp_loss":0.0,"gold_gain":0.0,"event_name":"Scrap Ooze","player_choice":"Success","floor":4.0,"gold_loss":0.0,"damage_taken":12.0,"relics_obtained":["MawBank"]},{"damage_healed":0.0,"max_hp_gain":0.0,"max_hp_loss":0.0,"gold_gain":0.0,"event_name":"Golden Idol","player_choice":"Ignored","floor":14.0,"gold_loss":0.0,"damage_taken":0.0},{"damage_healed":0,"gold_gain":0,"player_choice":"2 cards matched","damage_taken":0,"max_hp_gain":0,"max_hp_loss":0,"event_name":"Match and Keep!","floor":36,"gold_loss":0,"cards_obtained":["TheCursedMod:CursedArmor","TheCursedMod:CursedWand"]},{"damage_healed":0,"gold_gain":0,"player_choice":"Upgraded Two","damage_taken":0,"max_hp_gain":0,"max_hp_loss":0,"event_name":"Designer","floor":38,"gold_loss":40,"cards_upgraded":["TheCursedMod:StunningStrike","TheCursedMod:Defend_TheCursed"]},{"damage_healed":0,"gold_gain":0,"player_choice":"Paid","damage_taken":0,"relics_obtained":["Red Mask"],"max_hp_gain":0,"max_hp_loss":0,"event_name":"Tomb of Lord Red Mask","floor":49,"gold_loss":61}],"is_beta":false,"boss_relics":[{"not_picked":["Pandora\u0027s Box","Fusion Hammer"],"picked":"Calling Bell"},{"not_picked":["Runic Pyramid","Empty Cage"],"picked":"Kintsugi"}],"items_purged_floors":[],"is_endless":false,"potions_floor_spawned":[7,11,12,19,29,33,39,42,46,47],"ascension_level":2}}