{"host":"6to8m083wj0ro91z","time":1613654659,"event":{"mods":["BaseMod","Better Third Choice","BetterRewards","CatGirl Mod","ChefMod","Friendly Minions","Hubris","Mad Scientist","Marisa????????","Minty Spire (QoL Compilation)","Onozuka Komachi Mod","QueenMod","Robot Space Explorer","Shade Mod","Shapeshifter Mod","Spicy Shops","StSLib","The Blackbeard","The Death Knight","The Elementalist","The Forsaken","The Gatherer","The Marked","The Mystic","The Necromancer","The Runesmith","The Servant 0.9.4","The Showman","The Vixen","Yohane!"],"gold_per_floor":[113,129,129,141,156,156,182,207,219,181,216,261,273,299,311,421,433,462,474,486,498,530,542,554,577,589,612,634,673,695,741,753,867,879,911,1123,440,452,452,479,495,495,495,611,212,212,225,250,250,250,250,250,81,106,206],"floor_reached":56,"language":"ENG","playtime":2279,"items_purged":["QueenMod:Strike","QueenMod:Recruit","QueenMod:WorkerDrones+1","QueenMod:Strike"],"score":1709,"play_id":"df9811d1-d98d-4f02-9749-670ff0d33917","local_time":"20210218142419","is_ascension_mode":false,"campfire_choices":[{"data":"QueenMod:QuickJabs","floor":6.0,"key":"SMITH"},{"data":"QueenMod:WorkerDrones","floor":13.0,"key":"SMITH"},{"data":"QueenMod:Incubate","floor":15.0,"key":"SMITH"},{"floor":24.0,"key":"RECALL"},{"floor":32.0,"key":"REST"},{"floor":46.0,"key":"REST"},{"floor":49.0,"key":"REST"},{"floor":52,"key":"REST"}],"circlet_count":0,"master_deck":["QueenMod:Defend","QueenMod:Defend","QueenMod:Defend","QueenMod:Defend+1","QueenMod:QuickJabs+1","Panache+1","Finesse","QueenMod:DignifiedSlap+1","QueenMod:Conscripts+1","QueenMod:Charge+1","QueenMod:Conscripts+1","QueenMod:Conscripts+1","QueenMod:Conscripts+1","QueenMod:ScoutingParty","QueenMod:Mark","QueenMod:Charge+1","Finesse+1","hubris:EnhanceAbility+1","QueenMod:Conscripts+1","QueenMod:Conscripts+1","QueenMod:Conscripts+1","QueenMod:FlankingStrike+1","hubris:DuctTapeCard","QueenMod:HoneyShield+1"],"relics":["QueenMod:QueensBanner","theForsaken:Gavel","Molten Egg 2","Frozen Egg 2","MawBank","Shuriken","Odd Mushroom","Boot","Fusion Hammer","Kunai","hubris:DuctTape","hubris:Metronome","Anchor","Cursed Key","hubris:MysteriousPyramids","Membership Card","hubris:PeanutButter","TheAbacus","InkBottle","Question Card","hubris:Icosahedron","Potion Belt","hubris:EmptyBottle","Mango","Happy Flower","War Paint"],"acts_visited":["Exordium","TheCity","TheBeyond","TheEnding"],"potions_floor_usage":[55,55,55,55,55,55,55,55,55,55],"damage_taken":[{"damage":0.0,"enemies":"2 Louse","floor":1.0,"turns":3.0},{"damage":1.0,"enemies":"Jaw Worm","floor":2.0,"turns":5.0},{"damage":8.0,"enemies":"Small Slimes","floor":4.0,"turns":4.0},{"damage":7.0,"enemies":"Gremlin Gang","floor":5.0,"turns":3.0},{"damage":11.0,"enemies":"3 Sentries","floor":7.0,"turns":4.0},{"damage":1.0,"enemies":"Lots of Slimes","floor":8.0,"turns":3.0},{"damage":0.0,"enemies":"The Mushroom Lair","floor":11.0,"turns":2.0},{"damage":0.0,"enemies":"Lagavulin","floor":12.0,"turns":2.0},{"damage":0.0,"enemies":"Red Slaver","floor":14.0,"turns":1.0},{"damage":0.0,"enemies":"Hexaghost","floor":16.0,"turns":3.0},{"damage":0.0,"enemies":"Shell Parasite","floor":18.0,"turns":2.0},{"damage":0.0,"enemies":"Chosen","floor":22.0,"turns":1.0},{"damage":0.0,"enemies":"Snake Plant","floor":25.0,"turns":2.0},{"damage":0.0,"enemies":"Snecko","floor":27.0,"turns":2.0},{"damage":0.0,"enemies":"Shelled Parasite and Fungi","floor":28.0,"turns":1.0},{"damage":0.0,"enemies":"Book of Stabbing","floor":29.0,"turns":1.0},{"damage":4.0,"enemies":"Cultist and Chosen","floor":30.0,"turns":2.0},{"damage":0.0,"enemies":"Gremlin Leader","floor":31.0,"turns":2.0},{"damage":16.0,"enemies":"hubris:MusketHawk","floor":33.0,"turns":4.0},{"damage":0.0,"enemies":"Orb Walker","floor":35.0,"turns":1.0},{"damage":0.0,"enemies":"3 Darklings","floor":38.0,"turns":1.0},{"damage":0.0,"enemies":"Nemesis","floor":40.0,"turns":1.0},{"damage":0.0,"enemies":"Transient","floor":41.0,"turns":4.0},{"damage":0.0,"enemies":"Writhing Mass","floor":44.0,"turns":1.0},{"damage":0.0,"enemies":"Sphere and 2 Shapes","floor":47.0,"turns":1.0},{"damage":2.0,"enemies":"Reptomancer","floor":48.0,"turns":1.0},{"damage":0,"enemies":"Awakened One","floor":50,"turns":2},{"damage":0,"enemies":"Shield and Spear","floor":54,"turns":1},{"damage":0,"enemies":"The Heart","floor":55,"turns":3}],"seed_played":"-7983174174565372129","potions_obtained":[{"floor":2.0,"key":"Regen Potion"},{"floor":7.0,"key":"EssenceOfSteel"},{"floor":8.0,"key":"CultistPotion"},{"floor":16.0,"key":"Fire Potion"},{"floor":30.0,"key":"Ancient Potion"}],"is_trial":false,"path_per_floor":["M","M","?","M","M","R","E","M","T","?","?","E","R","M","R","B",null,"M","?","T","?","M","?","R","M","T","M","M","E","M","E","R","B",null,"M","?","$","M","?","E","M","?","T","M","$","R","M","E","R","B",null,"R","$","E","B",null],"character_chosen":"THE_QUEEN","items_purchased":["theForsaken:Gavel","Molten Egg 2","Frozen Egg 2","Panache+1","Finesse","FearPotion","Membership Card","hubris:PeanutButter","TheAbacus","InkBottle","Finesse","hubris:EnhanceAbility+1","Potion Belt","hubris:EmptyBottle","Ancient Potion","Mango","Dexterity Potion","QueenMod:HoneyShield+1"],"campfire_rested":4,"item_purchase_floors":[0,0,0,0,0,0,37,37,37,37,37,37,45,45,45,45,53,53],"current_hp_per_floor":[40,39,39,31,24,24,25,24,24,24,24,24,24,24,24,24,75,75,75,75,75,75,75,75,75,75,75,75,75,71,71,75,59,75,75,75,75,75,75,75,75,75,75,75,89,89,89,87,89,89,89,89,89,89,89],"gold":206,"neow_bonus":"","is_daily":false,"chose_seed":false,"campfire_upgraded":3,"win_rate":0.0,"timestamp":1613654659,"path_taken":["M","M","?","M","M","R","E","M","T","?","?","E","R","M","R","BOSS","M","?","?","?","M","?","R","?","T","?","M","E","M","E","R","BOSS","M","?","$","M","?","E","M","?","T","M","$","R","M","E","R","BOSS","R","$","E","BOSS"],"items_purchased_type":["Relic","Relic","Relic","Card","Card","Potion","Relic","Relic","Relic","Relic","Card","Card","Relic","Relic","Potion","Relic","Potion","Card"],"build_version":"2020-12-22","purchased_purges":4,"victory":true,"max_hp_per_floor":[75,75,75,75,75,75,75,75,75,75,75,75,75,75,75,75,75,75,75,75,75,75,75,75,75,75,75,75,75,75,75,75,75,75,75,75,75,75,75,75,75,75,75,75,89,89,89,89,89,89,89,89,89,89,89],"card_choices":[{"not_picked":["QueenMod:HoneycombSmash+1","QueenMod:CrossGuard"],"picked":"QueenMod:WorkerDrones","floor":1.0},{"not_picked":["QueenMod:Parry","QueenMod:InspiringStrike+1"],"picked":"QueenMod:DignifiedSlap+1","floor":2.0},{"not_picked":["QueenMod:SplitStrike+1","QueenMod:DefendOrder","QueenMod:Rally"],"picked":"SKIP","floor":4.0},{"not_picked":["QueenMod:Infest","QueenMod:Flyby+1"],"picked":"QueenMod:Conscripts+1","floor":5.0},{"not_picked":["QueenMod:IAmTheSwarm","QueenMod:Parry","QueenMod:Ravage+1"],"picked":"SKIP","floor":7.0},{"not_picked":["QueenMod:HexGuard","QueenMod:Assimilate"],"picked":"QueenMod:Charge+1","floor":8.0},{"not_picked":["QueenMod:PollenBlast+1","QueenMod:HonorGuard"],"picked":"QueenMod:Conscripts+1","floor":11.0},{"not_picked":["QueenMod:RoyalBanquet","QueenMod:Advisor","QueenMod:Parry"],"picked":"SKIP","floor":12.0},{"not_picked":["QueenMod:Fleche+1","QueenMod:PollenBlast+1"],"picked":"QueenMod:Incubate","floor":14.0},{"not_picked":["QueenMod:HoldPosition","QueenMod:HexGuard+1","QueenMod:Flyby+1"],"picked":"SKIP","floor":18.0},{"not_picked":["QueenMod:PollenBlast+1","QueenMod:Regroup","QueenMod:HoneycombSmash+1"],"picked":"SKIP","floor":22.0},{"not_picked":["QueenMod:PollenBlast+1","QueenMod:HiveDefenses+1","QueenMod:Regroup"],"picked":"SKIP","floor":25.0},{"not_picked":["QueenMod:Reinforcements+1","QueenMod:Fortify"],"picked":"QueenMod:ScoutingParty","floor":27.0},{"not_picked":["QueenMod:Ambush","QueenMod:Rally+1"],"picked":"QueenMod:Mark","floor":28.0},{"not_picked":["QueenMod:ProtectQueen+1","QueenMod:GnatSquadron+1","QueenMod:Honeyblaster+1"],"picked":"SKIP","floor":29.0},{"not_picked":["QueenMod:StrategicGenius","QueenMod:Rally","QueenMod:Ravage+1"],"picked":"SKIP","floor":30.0},{"not_picked":["QueenMod:Incubate+1","QueenMod:OverwhelmingForce+1","QueenMod:SplitStrike+1"],"picked":"SKIP","floor":31.0},{"not_picked":["QueenMod:Gather","QueenMod:DefendOrder","QueenMod:ScoutingParty"],"picked":"SKIP","floor":35.0},{"not_picked":["QueenMod:HiveDefenses+1","QueenMod:Regroup"],"picked":"QueenMod:Charge+1","floor":36.0},{"not_picked":["QueenMod:Parry+1","QueenMod:PollenBlast+1","QueenMod:KillerBee+1"],"picked":"SKIP","floor":38.0},{"not_picked":["QueenMod:Rally","QueenMod:Parry","QueenMod:Ravage+1"],"picked":"SKIP","floor":40.0},{"not_picked":["QueenMod:OverwhelmingForce+1","QueenMod:HoneyTrap","QueenMod:Gather+1"],"picked":"QueenMod:Conscripts+1","floor":41.0},{"not_picked":["QueenMod:HiveNetwork","QueenMod:CrossGuard+1","QueenMod:HiveDefenses+1","QueenMod:HoneyTrap"],"picked":"SKIP","floor":44.0},{"not_picked":["QueenMod:ProtectQueen+1","QueenMod:FullRetreat+1","QueenMod:Fleche+1"],"picked":"QueenMod:FlankingStrike+1","floor":47.0},{"not_picked":["QueenMod:Regroup","QueenMod:FullRetreat+1","QueenMod:HoneyTrap+1","QueenMod:RoyalOrder"],"picked":"SKIP","floor":48.0},{"not_picked":["QueenMod:InspiringStrike+1","QueenMod:SplitStrike+1","QueenMod:SecretWeapon+1","QueenMod:PopulateOrder+1"],"picked":"SKIP","floor":54}],"player_experience":1162122,"relics_obtained":[{"floor":7.0,"key":"MawBank"},{"floor":9.0,"key":"Shuriken"},{"floor":11.0,"key":"Odd Mushroom"},{"floor":12.0,"key":"Boot"},{"floor":26.0,"key":"hubris:DuctTape"},{"floor":29.0,"key":"hubris:Metronome"},{"floor":31.0,"key":"Anchor"},{"floor":36.0,"key":"hubris:MysteriousPyramids"},{"floor":40.0,"key":"Question Card"},{"floor":48.0,"key":"Happy Flower"},{"floor":54,"key":"War Paint"}],"event_choices":[{"cards_removed":["QueenMod:Strike"],"damage_healed":0.0,"max_hp_gain":0.0,"max_hp_loss":0.0,"gold_gain":0.0,"event_name":"The Cleric","player_choice":"Card Removal","floor":10.0,"gold_loss":50.0,"damage_taken":0.0},{"damage_healed":0.0,"max_hp_gain":0.0,"max_hp_loss":0.0,"gold_gain":0.0,"event_name":"Mushrooms","player_choice":"Fought Mushrooms","floor":11.0,"gold_loss":0.0,"damage_taken":0.0},{"damage_healed":0.0,"max_hp_gain":0.0,"max_hp_loss":0.0,"gold_gain":0.0,"event_name":"The Mausoleum","player_choice":"Opened","floor":21.0,"gold_loss":0.0,"damage_taken":0.0,"relics_obtained":["Kunai"]},{"damage_healed":0.0,"max_hp_gain":0.0,"max_hp_loss":0.0,"gold_gain":0.0,"event_name":"N\u0027loth","player_choice":"Ignored","floor":23.0,"gold_loss":0.0,"damage_taken":0.0},{"damage_healed":0.0,"max_hp_gain":0.0,"max_hp_loss":0.0,"gold_gain":0.0,"event_name":"Tomb of Lord Red Mask","player_choice":"Ignored","floor":39.0,"gold_loss":0.0,"damage_taken":0.0}],"is_beta":false,"boss_relics":[{"not_picked":["Velvet Choker","hubris:Stopwatch"],"picked":"Fusion Hammer"},{"not_picked":["hubris:CrackedHourglass","Philosopher\u0027s Stone"],"picked":"Cursed Key"}],"items_purged_floors":[0,37,45,53],"is_endless":false,"potions_floor_spawned":[2,7,8,11,16,28,30,31,38,40],"ascension_level":0}}