{"host":"soyfmymeou4emntr","time":1613626737,"event":{"mods":["BaseMod","Minty Spire (QoL Compilation)","Permanent Neow","Relic Sorter","Relic Stats","StSLib"],"gold_per_floor":[111,111,128,51,70,70,102,102,148,175,7,22,52,52,52,131,131,142,155,155,155,171,171,187,217,217,230,230,241,241,241],"floor_reached":30,"language":"ENG","playtime":1901,"items_purged":[],"score":540,"play_id":"6ad6e067-7806-426d-8893-37834d5df594","local_time":"20210217223857","is_ascension_mode":true,"campfire_choices":[{"data":"Heavy Blade","floor":6.0,"key":"SMITH"},{"data":"Carnage","floor":8.0,"key":"SMITH"},{"data":"Double Tap","floor":15.0,"key":"SMITH"},{"floor":23.0,"key":"REST"},{"floor":28,"key":"REST"}],"circlet_count":0,"master_deck":["AscendersBane","Strike_R","Defend_R","Defend_R","Defend_R","Defend_R","Bash+1","Feel No Pain","Double Tap+1","Heavy Blade+1","Hemokinesis","Spot Weakness","Carnage+1","Limit Break","Reckless Charge","Feel No Pain","Fiend Fire","Cleave+1","Wild Strike+1","Feel No Pain+1","J.A.X.","Flame Barrier","Shockwave","Reckless Charge","Flame Barrier","Dropkick"],"relics":["Burning Blood","Dream Catcher","Pen Nib","Shuriken","Happy Flower","Mercury Hourglass","Ornamental Fan","Astrolabe","Boot","Champion Belt"],"acts_visited":["Exordium","TheCity"],"potions_floor_usage":[27,30],"damage_taken":[{"damage":2.0,"enemies":"Cultist","floor":1.0,"turns":4.0},{"damage":7.0,"enemies":"Jaw Worm","floor":3.0,"turns":3.0},{"damage":7.0,"enemies":"2 Louse","floor":5.0,"turns":2.0},{"damage":35.0,"enemies":"Gremlin Nob","floor":7.0,"turns":4.0},{"damage":9.0,"enemies":"3 Sentries","floor":10.0,"turns":6.0},{"damage":4.0,"enemies":"Large Slime","floor":12.0,"turns":4.0},{"damage":8.0,"enemies":"Gremlin Nob","floor":13.0,"turns":3.0},{"damage":26.0,"enemies":"The Guardian","floor":16.0,"turns":8.0},{"damage":27.0,"enemies":"2 Thieves","floor":18.0,"turns":3.0},{"damage":0.0,"enemies":"Chosen","floor":19.0,"turns":2.0},{"damage":10.0,"enemies":"Centurion and Healer","floor":22.0,"turns":6.0},{"damage":33.0,"enemies":"Shelled Parasite and Fungi","floor":24.0,"turns":5.0},{"damage":20.0,"enemies":"Slavers","floor":25.0,"turns":4.0},{"damage":13,"enemies":"Sentry and Sphere","floor":27,"turns":6},{"damage":36,"enemies":"Snecko","floor":29,"turns":6},{"damage":22,"enemies":"Cultist and Chosen","floor":30,"turns":3}],"seed_played":"-8812145005844783666","potions_obtained":[{"floor":3.0,"key":"BlessingOfTheForge"},{"floor":5.0,"key":"DistilledChaos"},{"floor":13.0,"key":"Dexterity Potion"},{"floor":16.0,"key":"GamblersBrew"},{"floor":18.0,"key":"SneckoOil"},{"floor":19.0,"key":"Strength Potion"},{"floor":24.0,"key":"BlessingOfTheForge"},{"floor":29,"key":"Swift Potion"}],"is_trial":false,"path_per_floor":["M","?","M","$","M","R","E","R","T","E","$","M","E","T","R","B",null,"M","M","?","?","M","R","M","E","T","M","R","M","M"],"character_chosen":"IRONCLAD","items_purchased":["Hemokinesis","Happy Flower"],"campfire_rested":2,"item_purchase_floors":[4,11],"current_hp_per_floor":[72,72,71,71,70,70,41,41,41,38,38,40,38,38,38,18,61,40,46,46,46,42,64,37,23,23,16,38,8,0,0],"gold":241,"neow_bonus":"UPGRADE_CARD","is_daily":false,"chose_seed":false,"campfire_upgraded":3,"win_rate":0.0,"timestamp":1613626737,"path_taken":["M","?","?","$","M","R","E","R","T","E","?","M","E","?","R","BOSS","M","M","?","?","M","R","M","E","T","M","R","M","M"],"items_purchased_type":["Card","Relic"],"build_version":"2020-12-22","purchased_purges":0,"victory":false,"max_hp_per_floor":[75,75,75,75,75,75,75,75,75,75,75,75,75,75,75,75,75,75,75,75,75,75,75,75,75,75,75,75,75,75,75],"relic_stats":{"Dream Catcher":2,"Happy Flower":[16],"counters":[16,69],"Shuriken":[5],"Ornamental Fan":[16],"Astrolabe":["Cleave","Wild Strike","Feel No Pain"],"Pen Nib":[7],"Champion Belt":[2],"Boot":[0],"obtain_stats":[{"Dream Catcher":7,"Happy Flower":11,"Shuriken":10,"Ornamental Fan":14,"Astrolabe":17,"Pen Nib":9,"Champion Belt":26,"Boot":25,"Burning Blood":0,"Mercury Hourglass":13},{"Dream Catcher":4,"Happy Flower":5,"Shuriken":5,"Ornamental Fan":7,"Astrolabe":8,"Pen Nib":4,"Champion Belt":13,"Boot":13,"Burning Blood":0,"Mercury Hourglass":7},{"Dream Catcher":13,"Happy Flower":19,"Shuriken":19,"Ornamental Fan":26,"Astrolabe":34,"Pen Nib":13,"Champion Belt":54,"Boot":54,"Burning Blood":0,"Mercury Hourglass":26}],"Burning Blood":90,"Mercury Hourglass":[142]},"card_choices":[{"not_picked":["Clash","Armaments"],"picked":"Feel No Pain","floor":1.0},{"not_picked":["Havoc","Twin Strike"],"picked":"Heavy Blade","floor":3.0},{"not_picked":["Armaments","Clash"],"picked":"Spot Weakness","floor":5.0},{"not_picked":["Anger","Sword Boomerang"],"picked":"Carnage","floor":7.0},{"not_picked":["Carnage","Clothesline"],"picked":"Limit Break","floor":10.0},{"not_picked":["Combust","Iron Wave"],"picked":"Reckless Charge","floor":12.0},{"not_picked":["Anger","Sentinel"],"picked":"Feel No Pain","floor":13.0},{"not_picked":["Brutality","Exhume"],"picked":"Fiend Fire","floor":16.0},{"not_picked":["Flex","Rupture","Sever Soul"],"picked":"SKIP","floor":18.0},{"not_picked":["Body Slam","Perfected Strike+1","Cleave"],"picked":"SKIP","floor":19.0},{"not_picked":["Rage","Headbutt"],"picked":"Flame Barrier","floor":22.0},{"not_picked":["Feel No Pain","Flex"],"picked":"Shockwave","floor":23.0},{"not_picked":["Body Slam","True Grit"],"picked":"Reckless Charge","floor":24.0},{"not_picked":["Bloodletting","Evolve"],"picked":"Flame Barrier","floor":25.0},{"not_picked":["Twin Strike","Armaments","Wild Strike"],"picked":"SKIP","floor":27},{"not_picked":["Clothesline","Headbutt"],"picked":"Dropkick","floor":28},{"not_picked":["Anger","Pommel Strike","Berserk"],"picked":"SKIP","floor":29}],"player_experience":3391339,"relics_obtained":[{"floor":7.0,"key":"Dream Catcher"},{"floor":9.0,"key":"Pen Nib"},{"floor":10.0,"key":"Shuriken"},{"floor":13.0,"key":"Mercury Hourglass"},{"floor":14.0,"key":"Ornamental Fan"},{"floor":25.0,"key":"Boot"},{"floor":26.0,"key":"Champion Belt"}],"event_choices":[{"damage_healed":0.0,"max_hp_gain":0.0,"max_hp_loss":0.0,"gold_gain":0.0,"event_name":"Match and Keep!","player_choice":"1 cards matched","floor":2.0,"gold_loss":0.0,"damage_taken":0.0,"cards_obtained":["Double Tap"]},{"damage_healed":0.0,"max_hp_gain":0.0,"max_hp_loss":0.0,"gold_gain":0.0,"event_name":"Drug Dealer","player_choice":"Obtain J.A.X.","floor":20.0,"gold_loss":0.0,"damage_taken":0.0,"cards_obtained":["J.A.X."]},{"cards_removed":["Strike_R"],"damage_healed":0.0,"max_hp_gain":0.0,"max_hp_loss":0.0,"gold_gain":0.0,"event_name":"Wheel of Change","player_choice":"Card Removal","floor":21.0,"gold_loss":0.0,"damage_taken":0.0}],"is_beta":false,"boss_relics":[{"not_picked":["Sozu","Runic Dome"],"picked":"Astrolabe"}],"items_purged_floors":[],"is_endless":false,"potions_floor_spawned":[3,5,7,13,16,18,19,24,29],"killed_by":"Cultist and Chosen","ascension_level":20}}