{"host":"ju66gn9zov5ov15o","time":1613662937,"event":{"mods":["100% Spire Juice","2.2 Compatiblity","Act Like it!","Arknights","Aspiration","BaseMod","Conspire","Downfall","GifTheSpireLib","Hubris","Lobotomy","LobotomyExtend","Marisa????????","Minty Spire (QoL Compilation)","Pale of the Ancients","Rare Cards Sparkle","Relic Stats","Ruina","Shapeshifter Mod","StSLib","The Alterego","The Animator"],"gold_per_floor":[112,124,124,136,136,136,51,84,84,115,128,141,162,172,172,270,270,270,270],"floor_reached":18,"language":"ENG","playtime":889,"items_purged":[],"score":197,"play_id":"fadd93eb-94db-4b3e-b2af-674a08b4cca1","local_time":"20210218164217","is_ascension_mode":false,"campfire_choices":[{"data":"alterego_mod:BiFurious","floor":6,"key":"SMITH"},{"data":"alterego_mod:Belts","floor":15,"key":"SMITH"}],"circlet_count":0,"master_deck":["alterego_mod:Strike","alterego_mod:Strike","alterego_mod:Strike","alterego_mod:Strike","alterego_mod:Defend","alterego_mod:Defend","alterego_mod:Defend","alterego_mod:Impale","alterego_mod:BigMeatyClaws","alterego_mod:BrynhildrsRune","alterego_mod:BiFurious+1","alterego_mod:Rip+1","alterego_mod:SakuraFive","alterego_mod:Belts+1","alterego_mod:GoddessCore","Dazed","alterego_mod:Birthday","alterego_mod:Lingerie","alterego_mod:Antipathy","alterego_mod:Nekomimi"],"relics":["alterego_mod:MasochisticConstitution","LetterFromLob","Happy Flower","hubris:Metronome","Bronze Scales","Odd Mushroom","Cursed Key"],"acts_visited":["Exordium","ruina:Briah"],"potions_floor_usage":[8,16],"damage_taken":[{"damage":0,"enemies":"2 Louse","floor":1,"turns":3},{"damage":21,"enemies":"Cultist","floor":2,"turns":5},{"damage":11,"enemies":"Jaw Worm","floor":4,"turns":8},{"damage":2,"enemies":"3 Sentries","floor":8,"turns":8},{"damage":0,"enemies":"Gremlin Nob","floor":10,"turns":2},{"damage":3,"enemies":"2 Fungi Beasts","floor":11,"turns":3},{"damage":4,"enemies":"Exordium Wildlife","floor":12,"turns":3},{"damage":32,"enemies":"The Mushroom Lair","floor":13,"turns":4},{"damage":12,"enemies":"Looter","floor":14,"turns":3},{"damage":30,"enemies":"Hexaghost","floor":16,"turns":7}],"seed_played":"-3040515035489758536","potions_obtained":[{"floor":2,"key":"PowerPotion"},{"floor":4,"key":"DuplicationPotion"},{"floor":8,"key":"bronze:BurnAndBuffPotion"},{"floor":10,"key":"SteroidPotion"}],"is_trial":false,"path_per_floor":["M","M","?","M","?","R","$","E","T","E","M","M","?","M","R","B",null,"M"],"character_chosen":"The_Alterego","items_purchased":["alterego_mod:Belts","alterego_mod:GoddessCore"],"campfire_rested":0,"item_purchase_floors":[7,7],"current_hp_per_floor":[70,50,50,47,47,47,47,67,67,67,74,71,56,52,52,25,78,0,0],"gold":270,"neow_bonus":"REMOVE_CARD","is_daily":false,"chose_seed":false,"campfire_upgraded":2,"win_rate":0.0,"timestamp":1613662937,"path_taken":["M","M","?","?","?","R","$","E","T","E","M","M","?","M","R","BOSS","M"],"items_purchased_type":["Card","Card"],"build_version":"2020-12-22","purchased_purges":0,"victory":false,"max_hp_per_floor":[70,71,71,72,72,72,72,73,73,73,74,75,76,77,77,78,78,78,78],"relic_stats":{"Happy Flower":[7],"counters":[10,46],"Bronze Scales":[54],"Cursed Key":0,"obtain_stats":[{"alterego_mod:MasochisticConstitution":0,"hubris:Metronome":9,"Happy Flower":8,"Bronze Scales":10,"LetterFromLob":1,"Odd Mushroom":13,"Cursed Key":17},{"alterego_mod:MasochisticConstitution":0,"hubris:Metronome":4,"Happy Flower":4,"Bronze Scales":5,"LetterFromLob":1,"Odd Mushroom":8,"Cursed Key":10},{"alterego_mod:MasochisticConstitution":0,"hubris:Metronome":24,"Happy Flower":24,"Bronze Scales":26,"LetterFromLob":3,"Odd Mushroom":36,"Cursed Key":46}]},"card_choices":[{"not_picked":["alterego_mod:Cycle","alterego_mod:RidiculouslyBig"],"picked":"alterego_mod:BiFurious","floor":1},{"not_picked":["alterego_mod:Clap","alterego_mod:HighServant"],"picked":"alterego_mod:Rip","floor":2},{"not_picked":["alterego_mod:Undulate","alterego_mod:Clap"],"picked":"alterego_mod:SakuraFive","floor":4},{"not_picked":["alterego_mod:Exercise","alterego_mod:Clap"],"picked":"alterego_mod:PerceptionDisorder","floor":8},{"not_picked":["alterego_mod:GoddessCore","alterego_mod:Crossover","alterego_mod:Mirror"],"picked":"SKIP","floor":10},{"not_picked":["alterego_mod:Undulate","alterego_mod:Clap"],"picked":"alterego_mod:Birthday","floor":11},{"not_picked":["alterego_mod:Cooking","alterego_mod:TrashNCrash"],"picked":"alterego_mod:Lingerie","floor":12},{"not_picked":["alterego_mod:ChallengeComplete","alterego_mod:Mirror"],"picked":"alterego_mod:Antipathy","floor":13},{"not_picked":["alterego_mod:GoddessCore","alterego_mod:Cycle"],"picked":"alterego_mod:Nekomimi","floor":14}],"player_experience":493595,"relics_obtained":[{"floor":1,"key":"LetterFromLob"},{"floor":8,"key":"Happy Flower"},{"floor":9,"key":"hubris:Metronome"},{"floor":10,"key":"Bronze Scales"},{"floor":13,"key":"Odd Mushroom"}],"event_choices":[{"damage_healed":0,"gold_gain":0,"player_choice":"Upgraded","damage_taken":0,"max_hp_gain":0,"max_hp_loss":0,"event_name":"Upgrade Shrine","floor":3,"gold_loss":0,"cards_upgraded":["alterego_mod:Rip"]},{"damage_healed":0,"gold_gain":0,"player_choice":"Fought Mushrooms","damage_taken":0,"max_hp_gain":0,"max_hp_loss":0,"event_name":"Mushrooms","floor":13,"gold_loss":0}],"is_beta":false,"boss_relics":[{"not_picked":["Astrolabe","Busted Crown"],"picked":"Cursed Key"}],"items_purged_floors":[],"is_endless":false,"potions_floor_spawned":[2,4,8,10,13,14],"ascension_level":0}}