{"host":"jpqwruqnh1dd5q7l","time":1613622583,"event":{"mods":["AchievementEnabler","Alarm Clock","BaseMod","Better Altar","Better Match","Better Note","Better Sensory Stone","Better Skull","Chat Monstrosity","ChefMod","Colored Powertips","Curses Come First","Hermit","Marisa????????","Minty Spire (QoL Compilation)","Rare Cards Sparkle","Relic Sorter","Shop Mod","Spire Birthday Party","StSLib","The Disciple","The Exalted","slay the spire mod where everything is the same but ironclad has a cowboy hat"],"gold_per_floor":[110,122,122,147,147,147,188,188,215,215,215,228,242,258,258,387,387,401,425,42,42,42,86,86,106,106,121,121,136,136,154,154,277,277,302,45,64,82,103,103,103,103,128,128,159,159,159,182,182,182,182],"floor_reached":50,"language":"ENG","playtime":5489,"items_purged":["Strike_G","Defend_G"],"score":519,"play_id":"60cb660d-3c62-484b-9e2d-9ef8c1eef3a6","local_time":"20210217232943","is_ascension_mode":false,"campfire_choices":[{"data":"Noxious Fumes","floor":6,"key":"SMITH"},{"data":"Infinite Blades","floor":8,"key":"SMITH"},{"data":"Neutralize","floor":11,"key":"SMITH"},{"floor":15,"key":"REST"},{"floor":24,"key":"REST"},{"data":"Adrenaline","floor":28,"key":"SMITH"},{"data":"Tools of the Trade","floor":30,"key":"SMITH"},{"data":"Catalyst","floor":32,"key":"SMITH"},{"data":"Caltrops","floor":40,"key":"SMITH"},{"data":"Blur","floor":42,"key":"SMITH"},{"floor":47,"key":"REST"},{"floor":49,"key":"REST"}],"circlet_count":0,"master_deck":["Strike_G","Strike_G","Defend_G","Defend_G","Defend_G","Defend_G","Survivor","Neutralize+1","Noxious Fumes+1","Injury","Poisoned Stab","Infinite Blades+1","Impatience","Blur+1","Prepared","Terror","Adrenaline+1","Crippling Poison+1","Footwork","Bandage Up","Dagger Throw","Tools of the Trade+1","Prepared","Catalyst+1","CurseOfTheBell","Dagger Throw+1","Caltrops+1","Escape Plan","Acrobatics","Catalyst","Leg Sweep+1","Prepared+1","Writhe"],"relics":["Ring of the Snake","Golden Idol","PreservedInsect","Boot","Philosopher\u0027s Stone","Strange Spoon","Bottled Lightning","Eternal Feather","Calling Bell","Bromod:ArcaneTempo","Blue Candle","Prayer Wheel","Snake Skull","Happy Flower","Omamori","Ancient Tea Set"],"acts_visited":["Exordium","TheCity","TheBeyond"],"potions_floor_usage":[7,16,16,23,29,33,33,38,39],"damage_taken":[{"damage":0,"enemies":"Cultist","floor":1,"turns":5},{"damage":0,"enemies":"2 Louse","floor":2,"turns":3},{"damage":0,"enemies":"Small Slimes","floor":4,"turns":5},{"damage":18,"enemies":"3 Sentries","floor":7,"turns":8},{"damage":2,"enemies":"Looter","floor":12,"turns":4},{"damage":4,"enemies":"Red Slaver","floor":13,"turns":4},{"damage":5,"enemies":"Gremlin Gang","floor":14,"turns":5},{"damage":20,"enemies":"Hexaghost","floor":16,"turns":7},{"damage":7,"enemies":"Chosen","floor":18,"turns":5},{"damage":0,"enemies":"Shell Parasite","floor":19,"turns":5},{"damage":18,"enemies":"Book of Stabbing","floor":23,"turns":7},{"damage":8,"enemies":"Centurion and Healer","floor":25,"turns":7},{"damage":13,"enemies":"Sentry and Sphere","floor":27,"turns":5},{"damage":9,"enemies":"Cultist and Chosen","floor":29,"turns":6},{"damage":8,"enemies":"Centurion and Healer","floor":31,"turns":6},{"damage":12,"enemies":"Champ","floor":33,"turns":4},{"damage":7,"enemies":"3 Shapes","floor":35,"turns":6},{"damage":30,"enemies":"3 Darklings","floor":37,"turns":4},{"damage":26,"enemies":"Jaw Worm Horde","floor":38,"turns":5},{"damage":4,"enemies":"Maw","floor":39,"turns":6},{"damage":56,"enemies":"Reptomancer","floor":45,"turns":6},{"damage":23,"enemies":"Spire Growth","floor":48,"turns":4},{"damage":85,"enemies":"Donu and Deca","floor":50,"turns":6}],"seed_played":"-3960626688137603802","potions_obtained":[{"floor":2,"key":"CultistPotion"},{"floor":4,"key":"EssenceOfSteel"},{"floor":13,"key":"Strength Potion"},{"floor":19,"key":"Swift Potion"},{"floor":27,"key":"Block Potion"},{"floor":29,"key":"LiquidMemories"},{"floor":31,"key":"DuplicationPotion"},{"floor":37,"key":"Swift Potion"},{"floor":38,"key":"AttackPotion"},{"floor":45,"key":"BlessingOfTheForge"}],"is_trial":false,"path_per_floor":["M","M","?","M","?","R","E","R","T","?","R","M","M","M","R","B",null,"M","M","$","?","$","E","R","M","T","M","R","M","R","M","R","B",null,"M","$","M","M","M","R","$","R","T","?","E","T","R","M","R","B"],"character_chosen":"THE_SILENT","items_purchased":["Strange Spoon","Footwork","Bandage Up","Snake Skull"],"campfire_rested":4,"item_purchase_floors":[20,20,20,36],"current_hp_per_floor":[70,70,70,70,70,70,52,52,52,52,52,50,46,41,62,42,70,63,63,63,63,63,49,70,66,66,61,70,65,70,66,70,58,70,67,67,37,19,23,41,41,59,59,70,18,18,57,38,70,0,0],"gold":182,"neow_bonus":"REMOVE_CARD","is_daily":false,"chose_seed":false,"campfire_upgraded":8,"win_rate":0.0,"timestamp":1613622583,"path_taken":["M","?","?","M","?","R","E","R","T","?","R","M","M","?","R","BOSS","M","M","$","?","$","E","R","M","T","M","R","M","R","?","R","BOSS","M","$","M","?","M","R","$","R","T","?","E","?","R","M","R","BOSS"],"items_purchased_type":["Relic","Card","Card","Relic"],"build_version":"2020-12-22","purchased_purges":2,"victory":false,"max_hp_per_floor":[70,70,70,70,70,70,70,70,70,70,70,70,70,70,70,70,70,70,70,70,70,70,70,70,70,70,70,70,70,70,70,70,70,70,70,70,70,70,70,70,70,70,70,70,70,70,70,70,70,70,70],"card_choices":[{"not_picked":["Poisoned Stab","Blade Dance"],"picked":"Noxious Fumes","floor":1},{"not_picked":["Backflip","Concentrate","Dagger Throw"],"picked":"SKIP","floor":2},{"not_picked":["Infinite Blades","Eviscerate"],"picked":"Poisoned Stab","floor":4},{"not_picked":["Heel Hook","Sucker Punch"],"picked":"Infinite Blades","floor":7},{"not_picked":["Jack Of All Trades","Discovery"],"picked":"Impatience","floor":10},{"not_picked":["Dodge and Roll","Catalyst"],"picked":"Blur","floor":12},{"not_picked":["Acrobatics","Distraction"],"picked":"Prepared","floor":13},{"not_picked":["Eviscerate","Outmaneuver"],"picked":"Terror","floor":14},{"not_picked":["Burst","Wraith Form v2"],"picked":"Adrenaline","floor":16},{"not_picked":["Blade Dance","Quick Slash","Dodge and Roll"],"picked":"SKIP","floor":18},{"not_picked":["Expertise","Skewer"],"picked":"Crippling Poison+1","floor":19},{"not_picked":["All Out Attack","Deflect","Dodge and Roll"],"picked":"SKIP","floor":23},{"not_picked":["Flechettes","Masterful Stab"],"picked":"Dagger Throw","floor":25},{"not_picked":["Deadly Poison","Predator"],"picked":"Tools of the Trade","floor":27},{"not_picked":["Outmaneuver","Backflip"],"picked":"Prepared","floor":29},{"not_picked":["Flechettes","Choke"],"picked":"Catalyst","floor":31},{"not_picked":["Slice+1","Backflip"],"picked":"Dagger Throw+1","floor":35},{"not_picked":["Endless Agony","Expertise+1","Dash"],"picked":"SKIP","floor":35},{"not_picked":["Endless Agony","Expertise+1","Dash"],"picked":"SKIP","floor":35},{"not_picked":["Dagger Spray","Slice+1"],"picked":"Caltrops","floor":37},{"not_picked":["All Out Attack","Choke"],"picked":"Escape Plan","floor":37},{"not_picked":["Prepared","Backflip+1"],"picked":"Acrobatics","floor":38},{"not_picked":["Slice","Flying Knee"],"picked":"Catalyst","floor":38},{"not_picked":["PiercingWail","Calculated Gamble"],"picked":"Leg Sweep+1","floor":39},{"not_picked":["Leg Sweep","PiercingWail+1"],"picked":"Prepared+1","floor":39},{"not_picked":["Skewer+1","Crippling Poison","Accuracy"],"picked":"SKIP","floor":45},{"not_picked":["Finisher+1","Dagger Throw","Underhanded Strike"],"picked":"SKIP","floor":48},{"not_picked":["PiercingWail+1","All Out Attack+1","Dash+1"],"picked":"SKIP","floor":48}],"player_experience":193395,"relics_obtained":[{"floor":7,"key":"PreservedInsect"},{"floor":9,"key":"Boot"},{"floor":23,"key":"Bottled Lightning"},{"floor":26,"key":"Eternal Feather"},{"floor":34,"key":"Bromod:ArcaneTempo"},{"floor":34,"key":"Blue Candle"},{"floor":34,"key":"Prayer Wheel"},{"floor":43,"key":"Happy Flower"},{"floor":45,"key":"Omamori"},{"floor":46,"key":"Ancient Tea Set"}],"event_choices":[{"damage_healed":0,"gold_gain":0,"player_choice":"Take Wound","damage_taken":0,"relics_obtained":["Golden Idol"],"max_hp_gain":0,"max_hp_loss":0,"event_name":"Golden Idol","floor":3,"gold_loss":0,"cards_obtained":["Injury"]},{"damage_healed":0,"gold_gain":0,"player_choice":"Ignored","damage_taken":0,"max_hp_gain":0,"max_hp_loss":0,"event_name":"Shining Light","floor":5,"gold_loss":0},{"damage_healed":0,"gold_gain":1,"player_choice":"1","damage_taken":0,"max_hp_gain":0,"max_hp_loss":0,"event_name":"betterStone:BetterStone","floor":10,"gold_loss":0},{"cards_removed":["Strike_G"],"damage_healed":0,"gold_gain":0,"player_choice":"Purged","damage_taken":0,"max_hp_gain":0,"max_hp_loss":0,"event_name":"Purifier","floor":21,"gold_loss":0},{"damage_healed":18,"gold_gain":0,"player_choice":"Writhe","damage_taken":0,"max_hp_gain":0,"max_hp_loss":0,"event_name":"Winding Halls","floor":44,"gold_loss":0,"cards_obtained":["Writhe"]}],"is_beta":false,"boss_relics":[{"not_picked":["Velvet Choker","Busted Crown"],"picked":"Philosopher\u0027s Stone"},{"not_picked":["Ring of the Serpent","Cursed Key"],"picked":"Calling Bell"}],"items_purged_floors":[20,36],"is_endless":false,"potions_floor_spawned":[2,4,13,19,27,29,31,37,38,45],"killed_by":"Donu and Deca","ascension_level":0}}