{"host":"v4nyfngrgywi7zc6","time":1613628414,"event":{"mods":["2.2 Compatiblity","Act Like it!","BaseMod","Custom Start","Friendly Minions","Kiyohime（清?）","Koishi","Marisa（霧雨　魔理沙）","Minty Spire (QoL Compilation)","Reimu（博??梦）","Reliquary","Remilia（蕾米莉?）","Shop Mod","StSLib","The Cursed","The Hierophant","The Judge","The Jungle","The Mystic","The Necromancer","The Saiyan","The Senshi","The Servant 0.9.4"],"gold_per_floor":[114,126,76,76,76,110,110,128,128,146,146,179,179,193,193,296,296,316,328,328,343,343,372,372,372,372],"floor_reached":25,"language":"ENG","playtime":1847,"items_purged":[],"score":258,"play_id":"e02881d0-cbdb-4cf6-a0d4-bea7e177aaf6","local_time":"20210218000654","is_ascension_mode":false,"campfire_choices":[{"floor":13,"key":"RECALL"},{"data":"Death_March_Dance","floor":15,"key":"SMITH"}],"circlet_count":0,"master_deck":["Strike_W","Strike_W","Defend_W","Defend_W","Defend_W","Negative_Energy_Arrows","Bone_Wall","Negative_Energy_Mist","Death_Coil","Exploit","Spectral_Armor","Acid_Javelin","Negative_Energy_Shield","Death_March_Dance+1","Cloudkill","Toxic_Smoke_Screen","Violent_Necrosis","Toxic_Smoke_Screen","Negative_Energy_Sphere"],"relics":["Vampire_Amulet","NeowsBlessing","Bag of Marbles","reliquary:IridiumChain","reliquary:NewFriend","Eternal Feather","SlaversCollar","PreservedInsect"],"acts_visited":["Exordium","Exordium"],"potions_floor_usage":[12,16,21,24],"damage_taken":[{"damage":0,"enemies":"Small Slimes","floor":1,"turns":1},{"damage":0,"enemies":"Jaw Worm","floor":2,"turns":1},{"damage":0,"enemies":"Lagavulin","floor":6,"turns":1},{"damage":0,"enemies":"2 Louse","floor":8,"turns":2},{"damage":1,"enemies":"Looter","floor":10,"turns":3},{"damage":5,"enemies":"3 Sentries","floor":12,"turns":9},{"damage":17,"enemies":"Exordium Thugs","floor":14,"turns":5},{"damage":21,"enemies":"Slime Boss","floor":16,"turns":20},{"damage":1,"enemies":"theJungle:5_Spyders","floor":18,"turns":11},{"damage":7,"enemies":"Shell Parasite","floor":19,"turns":6},{"damage":21,"enemies":"theJungle:SlimyTreeVines","floor":21,"turns":11},{"damage":42,"enemies":"theJungle:MamaSnecko","floor":23,"turns":9},{"damage":0,"enemies":"theJungle:2_Snecko_Cultists","floor":24,"turns":2},{"damage":16,"enemies":"theJungle:2_Flameangoes","floor":25,"turns":6}],"seed_played":"-8921355079893947837","potions_obtained":[{"floor":2,"key":"BlessingOfTheForge"},{"floor":6,"key":"SmokeBomb"},{"floor":14,"key":"Swift Potion"},{"floor":19,"key":"Block Potion"}],"is_trial":false,"path_per_floor":["M","M","?","?","?","E","T","M","T","M","$","E","R","M","R","B",null,"M","M","?","M","?","E","M","M"],"character_chosen":"NECROMANCER","items_purchased":[],"campfire_rested":0,"item_purchase_floors":[],"current_hp_per_floor":[75,75,75,75,57,59,59,63,63,64,64,65,71,58,67,54,75,75,70,70,59,59,35,35,19,19],"gold":372,"neow_bonus":"THREE_ENEMY_KILL","is_daily":false,"chose_seed":false,"campfire_upgraded":1,"win_rate":0.0,"timestamp":1613628414,"path_taken":["M","M","?","?","?","E","?","?","T","M","$","E","R","M","R","BOSS","M","M","?","M","?","E","M","?"],"items_purchased_type":[],"build_version":"2020-12-22","purchased_purges":0,"victory":false,"max_hp_per_floor":[75,75,75,75,75,75,75,75,75,75,75,75,75,75,75,75,75,75,75,75,75,75,75,75,75,75],"card_choices":[{"not_picked":["Negative_Energy_Shield","Chill_Blood"],"picked":"Negative_Energy_Mist","floor":1},{"not_picked":["Bone_Bullets","Bones_to_Steel"],"picked":"Death_Coil","floor":2},{"not_picked":["Violent_Necrosis","Blood_Whip"],"picked":"Exploit","floor":6},{"not_picked":["Bone_Armory","Whirlwind_of_Bones"],"picked":"Spectral_Armor","floor":8},{"not_picked":["Toxic_Smoke_Screen","Bone_Shift"],"picked":"Acid_Javelin","floor":10},{"not_picked":["Reap_The_Weak","Shackles_Of_Pain"],"picked":"Negative_Energy_Shield","floor":12},{"not_picked":["Death_Knell","Bone_Armor"],"picked":"Death_March_Dance","floor":14},{"not_picked":["Requiem","Skeleton_Dragon"],"picked":"Cloudkill","floor":16},{"not_picked":["Death_March_Dance","Death_Knell"],"picked":"Toxic_Smoke_Screen","floor":18},{"not_picked":["Death_Coil+1","Bone_Armor"],"picked":"Violent_Necrosis","floor":19},{"not_picked":["Shackles_Of_Pain","Summon_Lich"],"picked":"Toxic_Smoke_Screen","floor":21},{"not_picked":["Hellfire","Epidemic"],"picked":"Negative_Energy_Sphere","floor":23}],"player_experience":300781,"relics_obtained":[{"floor":6,"key":"reliquary:IridiumChain"},{"floor":9,"key":"reliquary:NewFriend"},{"floor":12,"key":"Eternal Feather"},{"floor":23,"key":"PreservedInsect"}],"event_choices":[{"cards_removed":["Strike_W"],"damage_healed":0,"gold_gain":0,"player_choice":"Card Removal","damage_taken":0,"max_hp_gain":0,"max_hp_loss":0,"event_name":"The Cleric","floor":3,"gold_loss":50},{"cards_removed":["Defend_W"],"damage_healed":0,"gold_gain":0,"player_choice":"Forget","damage_taken":0,"max_hp_gain":0,"max_hp_loss":0,"event_name":"Living Wall","floor":4,"gold_loss":0},{"damage_healed":0,"gold_gain":0,"player_choice":"Success","damage_taken":18,"relics_obtained":["Bag of Marbles"],"max_hp_gain":0,"max_hp_loss":0,"event_name":"Scrap Ooze","floor":5,"gold_loss":0},{"cards_removed":["Strike_W"],"damage_healed":0,"gold_gain":0,"player_choice":"Purged","damage_taken":0,"max_hp_gain":0,"max_hp_loss":0,"event_name":"Purifier","floor":22,"gold_loss":0}],"is_beta":false,"boss_relics":[{"not_picked":["reliquary:RedPaperclip","Tiny House"],"picked":"SlaversCollar"}],"items_purged_floors":[],"is_endless":false,"potions_floor_spawned":[2,6,14,19,24],"killed_by":"theJungle:2_Flameangoes","ascension_level":0}}