{"host":"5on5jp4vj4dvuydb","time":1613617568,"event":{"mods":["2.2 Compatiblity","BaseMod","Clockwork Mod","Colored Map","Colored Powertips","Dio Mod","GungeonMod","Halation","Highlight Path","Melee Mod","Minty Spire (QoL Compilation)","Morshu Shopkeeper","Relic Stats","Robot Space Explorer","SOS???????","Small Relic Pack","StSLib","everything is the same but u backflip on backflip"],"gold_per_floor":[130,163,225,271,346,381,381,437,437,437,507,584,584,640,640,757,757,799,799,799],"floor_reached":19,"language":"ENG","playtime":7392,"items_purged":[],"score":171,"play_id":"3cf0e95a-a4fa-4991-b928-2f30c99286f5","local_time":"20210217220608","is_ascension_mode":false,"campfire_choices":[{"floor":7,"key":"REST"},{"data":"Redorb","floor":10,"key":"SMITH"},{"data":"Whiteorb","floor":13,"key":"SMITH"},{"floor":15,"key":"REST"}],"circlet_count":0,"master_deck":["Attack_a","Attack_a","Attack_b","Shoot","Shoot","Provocation","Defend_Dante","Defend_Dante","Defend_Dante","Defend_Dante","Redorb+1","Rebellion","Millionstab","Chargeshoot2","Doubleshoot","EbonyIvory","Whiteorb+1","Royaldefend","LucifercomboA","Stylechange"],"relics":["SSS","Combocheck","DemoMod:Metronome","DemoMod:MemoryAlloy","Odd Mushroom","halation:ForbiddenBikini"],"acts_visited":["Exordium","TheCity"],"potions_floor_usage":[14,16,16],"damage_taken":[{"damage":9,"enemies":"Jaw Worm","floor":1,"turns":8},{"damage":7,"enemies":"Cultist","floor":2,"turns":6},{"damage":7,"enemies":"2 Louse","floor":3,"turns":4},{"damage":0,"enemies":"Large Slime","floor":4,"turns":5},{"damage":42,"enemies":"3 Sentries","floor":6,"turns":8},{"damage":0,"enemies":"Red Slaver","floor":8,"turns":5},{"damage":6,"enemies":"Exordium Thugs","floor":11,"turns":4},{"damage":13,"enemies":"The Mushroom Lair","floor":12,"turns":4},{"damage":0,"enemies":"Exordium Wildlife","floor":14,"turns":2},{"damage":52,"enemies":"Slime Boss","floor":16,"turns":11},{"damage":9,"enemies":"Spheric Guardian","floor":18,"turns":4},{"damage":0,"enemies":"2 Thieves","floor":19,"turns":1}],"seed_played":"-6697312351490581697","potions_obtained":[{"floor":6,"key":"Energy Potion"},{"floor":8,"key":"FearPotion"},{"floor":11,"key":"Regen Potion"},{"floor":16,"key":"SpeedPotion"},{"floor":18,"key":"DuplicationPotion"}],"is_trial":false,"path_per_floor":["M","M","M","M","?","E","R","M","T","R","M","?","R","M","R","B",null,"M","M"],"character_chosen":"DANTE","items_purchased":[],"campfire_rested":2,"item_purchase_floors":[],"current_hp_per_floor":[79,72,65,65,57,15,41,41,41,41,35,22,22,27,53,1,88,79,79,79],"gold":799,"neow_bonus":"TEN_PERCENT_HP_BONUS","is_daily":false,"chose_seed":false,"campfire_upgraded":2,"win_rate":0.0,"timestamp":1613617568,"path_taken":["M","M","M","M","?","E","R","?","T","R","M","?","R","M","R","BOSS","M","M"],"items_purchased_type":[],"build_version":"2020-12-22","purchased_purges":0,"victory":false,"max_hp_per_floor":[88,88,88,88,88,88,88,88,88,88,88,88,88,88,88,88,88,88,88,88],"relic_stats":{"counters":[12,62],"obtain_stats":[{"SSS":0,"DemoMod:Metronome":6,"DemoMod:MemoryAlloy":9,"halation:ForbiddenBikini":17,"DemoMod:GlassGuonStoneRelic":3,"Odd Mushroom":12,"Combocheck":0},{"SSS":0,"DemoMod:Metronome":5,"DemoMod:MemoryAlloy":6,"halation:ForbiddenBikini":10,"DemoMod:GlassGuonStoneRelic":3,"Odd Mushroom":8,"Combocheck":0},{"SSS":0,"DemoMod:Metronome":31,"DemoMod:MemoryAlloy":36,"halation:ForbiddenBikini":57,"DemoMod:GlassGuonStoneRelic":18,"Odd Mushroom":44,"Combocheck":0}]},"card_choices":[{"not_picked":["LucifercomboC","DT"],"picked":"Rebellion","floor":1},{"not_picked":["Kick13","Rebellion"],"picked":"Millionstab","floor":2},{"not_picked":["Lucifer","Dash1"],"picked":"Chargeshoot2","floor":3},{"not_picked":["Dash2","Airhike"],"picked":"Doubleshoot","floor":4},{"not_picked":["Blueorb","Rebellion","Millionstab"],"picked":"SKIP","floor":6},{"not_picked":["Chargeshoot","Unrisingdragon"],"picked":"EbonyIvory","floor":8},{"not_picked":["Splesh","Weaponupgrade"],"picked":"Whiteorb","floor":11},{"not_picked":["Chargeshoot2","Rebellion"],"picked":"Royaldefend","floor":12},{"not_picked":["Millionstab","Millionkick"],"picked":"LucifercomboA","floor":14},{"not_picked":["Weaponreturn","Swordcombo"],"picked":"Stylechange","floor":16},{"not_picked":["Whiteorb","GilgameshcomboA","LucifercomboD"],"picked":"SKIP","floor":18}],"player_experience":44072,"relics_obtained":[{"floor":6,"key":"DemoMod:Metronome"},{"floor":9,"key":"DemoMod:MemoryAlloy"},{"floor":12,"key":"Odd Mushroom"}],"event_choices":[{"damage_healed":0,"gold_gain":75,"player_choice":"Touch","damage_taken":8,"max_hp_gain":0,"max_hp_loss":0,"event_name":"FaceTrader","floor":5,"gold_loss":0},{"damage_healed":0,"gold_gain":0,"player_choice":"Fought Mushrooms","damage_taken":0,"max_hp_gain":0,"max_hp_loss":0,"event_name":"Mushrooms","floor":12,"gold_loss":0}],"is_beta":false,"boss_relics":[{"not_picked":["Velvet Choker","Runic Dome"],"picked":"halation:ForbiddenBikini"}],"items_purged_floors":[],"is_endless":false,"potions_floor_spawned":[6,8,11,16,18],"killed_by":"2 Thieves","ascension_level":0}}