{"host":"9slw7l0ws16384qq","time":1613656616,"event":{"mods":["A Penny For Your Troubles","BaseMod","Colored Map","Downfall","Evolution","Hubris","Minty Spire (QoL Compilation)","Replay The Spire","StS++","StSLib"],"gold_per_floor":[0,20,20,20,33,62,62,87,99,99,12,12,12,24,35,35,35,35],"floor_reached":16,"language":"FRA","playtime":525,"items_purged":[],"score":230,"play_id":"6da839b2-d695-4acf-959e-7cf17e5e262f","local_time":"20210218145656","is_ascension_mode":true,"campfire_choices":[{"data":"Guardian:HyperBeam_Guardian","floor":10,"key":"SMITH"},{"data":"Guardian:CurlUp","floor":13,"key":"SMITH"}],"circlet_count":0,"master_deck":["AscendersBane","Guardian:Incinerate","Guardian:Incinerate","Guardian:Incinerate","Guardian:Strike_Guardian","Guardian:Defend_Guardian","Guardian:Defend_Guardian+1","Guardian:Defend_Guardian+1","Guardian:CurlUp+1","Guardian:TwinSlam+1","Guardian:ConstructionForm","Guardian:Harden","downfall:Malfunctioning","Guardian:HyperBeam_Guardian+1","Guardian:Gem_Red"],"relics":["Guardian:ModeShifter","EVO:Axolotl","Ring of Fury","ReplayTheSpireMod:Ring of Exchange","Pantograph","MealTicket","Tiny Chest","hubris:Towel"],"acts_visited":["Exordium"],"potions_floor_usage":[6,16],"damage_taken":[{"damage":11.0,"enemies":"2 Louse","floor":2.0,"turns":3.0},{"damage":8.0,"enemies":"Small Slimes","floor":5.0,"turns":3.0},{"damage":18,"enemies":"Gremlin Nob","floor":6,"turns":6},{"damage":0,"enemies":"Lagavulin","floor":8,"turns":6},{"damage":0,"enemies":"Jaw Worm","floor":9,"turns":2},{"damage":6,"enemies":"downfall:FleeingMerchant","floor":11,"turns":4},{"damage":0,"enemies":"2 Fungi Beasts","floor":14,"turns":1},{"damage":0,"enemies":"Large Slime","floor":15,"turns":6},{"damage":71,"enemies":"IC_STATUS_ARCHETYPE","floor":16,"turns":13}],"seed_played":"1233485058469903325","potions_obtained":[{"floor":5.0,"key":"DistilledChaos"},{"floor":6,"key":"Weak Potion"}],"is_trial":false,"path_per_floor":["R_BF","M","?","?","M","E","T","E","M","R","$","?","R","M","M","B"],"character_chosen":"GUARDIAN","items_purchased":["Guardian:Gem_Synthetic"],"campfire_rested":0,"item_purchase_floors":[11],"current_hp_per_floor":[65,54,54,54,46,28,28,28,28,28,37,37,37,37,37,0,0,0],"gold":35,"neow_bonus":"THREE_RARE_CARDS","is_daily":false,"chose_seed":false,"campfire_upgraded":2,"win_rate":0.0,"timestamp":1613656616,"path_taken":["R_BF","M","?","?","M","E","T","E","M","R","$","?","R","M","M","BOSS"],"items_purchased_type":["Card"],"build_version":"2020-12-22","purchased_purges":0,"victory":false,"max_hp_per_floor":[72,72,72,72,72,72,72,72,72,72,72,72,72,72,72,72,72,72],"card_choices":[{"not_picked":["Guardian:RevengeProtocol","Guardian:CompilePackage"],"picked":"Guardian:ConstructionForm","floor":0.0},{"not_picked":["Guardian:TemporalStrike","Guardian:Recover","Guardian:Gem_Lightblue"],"picked":"SKIP","floor":2.0},{"not_picked":["Guardian:SpikerProtocol","Guardian:RollAttack","Guardian:CrystalBeam"],"picked":"SKIP","floor":5.0},{"not_picked":["Guardian:ShieldSpikes","Guardian:TemporalStrike","Guardian:FuturePlans"],"picked":"SKIP","floor":6},{"not_picked":["Guardian:Gem_Green","Guardian:PiercingHide"],"picked":"Guardian:HyperBeam_Guardian","floor":8},{"not_picked":["Guardian:Incinerate","Guardian:Preprogram","Guardian:Gem_Green"],"picked":"SKIP","floor":9},{"not_picked":["Guardian:Reroute","Guardian:Harden","Guardian:ShieldSpikes"],"picked":"SKIP","floor":11},{"not_picked":["Guardian:PrimingBeam","Guardian:Planning","Guardian:Recover"],"picked":"SKIP","floor":14},{"not_picked":["Guardian:Incinerate","Guardian:TemporalShield"],"picked":"Guardian:Gem_Red","floor":15}],"player_experience":1703731,"relics_obtained":[{"floor":4.0,"key":"Ring of Fury"},{"floor":4.0,"key":"ReplayTheSpireMod:Ring of Exchange"},{"floor":6,"key":"Pantograph"},{"floor":7,"key":"MealTicket"},{"floor":8,"key":"Tiny Chest"}],"event_choices":[],"is_beta":false,"boss_relics":[],"items_purged_floors":[],"is_endless":false,"potions_floor_spawned":[5,6],"killed_by":"IC_STATUS_ARCHETYPE","ascension_level":14}}