{"host":"mq7pyadb5kndcn8l","time":1613678868,"event":{"mods":["AchievementEnabler","Act Like it!","Arknights","Aspiration","BaseMod","Better Altar","Better Match","Better Note","Better Sensory Stone","Better Skull","Better Third Choice","BetterRewards","Block Reminder","CCEM2","Challenge The Spire","ChefMod","Colored Map","Colored Powertips","Conspire","Displayed Cursed Tome","Dota2Spire","Energized Spire","GifTheSpireLib","Highlight Path","Hubris","Infinite Spire","Mad Scientist","Marked Mod","Mimic Mod","Minty Spire (QoL Compilation)","Permanent Neow","QueenMod","Quick Restart","Random Character Button","Rare Cards Sparkle","Relic Filter","Relic Sorter","Reliquary","Replay The Spire","Reworked Bosses","Shade Mod","Shop Mod","Spicy Shops","Spikes Relics","Spire Arcade","StSLib","Stuff the Spire","SuperFastMode","The Blue Laboratory","Thieving Mod","Trackpad","Transform Curses","Wandering Minibosses"],"gold_per_floor":[142,17,27,27,27,27,85,99,122,183,260,272,284,360,372,545,557,589,643,223,234,280,280,296,360,360,19,36,54,86,86,86,227,227,254,254,254,287,287,287,322,232,232,266,329,329,383,427,427,427,427,427,44,82,112],"floor_reached":56,"language":"ENG","playtime":3610,"items_purged":["Strike_G","Strike_G","Defend_G","Strike_G","aspiration:Lunge","Parasite","StuffTheSpire:Python","Clumsy","StuffTheSpire:Shiver","Neutralize"],"score":3009,"play_id":"b6ce9b45-dcaf-4a76-a6d0-313544380650","local_time":"20210218150748","is_ascension_mode":true,"campfire_choices":[{"floor":6.0,"key":"REST"},{"data":"Cloak And Dagger","floor":12.0,"key":"SMITH"},{"floor":15.0,"key":"REST"},{"data":"Adrenaline","floor":23,"key":"SMITH"},{"data":"hubris:Sniper","floor":32,"key":"SMITH"},{"data":"Tactician","floor":40,"key":"SMITH"},{"floor":46,"key":"RECALL"},{"data":"Acrobatics","floor":49,"key":"SMITH"},{"data":"After Image","floor":52,"key":"SMITH"}],"circlet_count":0,"master_deck":["AscendersBane","ReplayTheSpireMod:Scrap Shanks+1","Cloak And Dagger+1","ReplayTheSpireMod:Speed Training+1","Backflip","hubris:Sniper+1","Adrenaline+1","Acrobatics+1","Finisher+1","ReplayTheSpireMod:The Works","Fluid Movement","Acrobatics+1","Tactician+1","Acrobatics","Adrenaline+1","After Image+1","Prepared+1","Adrenaline","Escape Plan+1"],"relics":["Ring of the Snake","Dota2Spire:MaskOfMadness","Dota2Spire:HandOfMidas","trackpad:Mousetrap","MerchantsRug","SpikesRelics:DaevaFist","Medical Kit","trackpad:ByrdBGone","SuspiciousGoo","hubris:TenFootPole","energizedSpire:HighHeels","hubris:SphereOfDissonance","Replay:Baseball","infinitespire:EvilPickle","CCEMRelics:TransientCore","Tough Bandages","Juzu Bracelet","CCEMRelics:HeirloomTomato"],"acts_visited":["Exordium","TheCity","TheBeyond","TheEnding"],"potions_floor_usage":[16,25,33,55,55,55],"damage_taken":[{"damage":0.0,"enemies":"ats:Genji","floor":1.0,"turns":3.0},{"damage":0.0,"enemies":"Small Slimes","floor":3.0,"turns":3.0},{"damage":7.0,"enemies":"Lagavulin","floor":7.0,"turns":8.0},{"damage":0.0,"enemies":"Jaw Worm","floor":8.0,"turns":2.0},{"damage":0.0,"enemies":"Looter","floor":10.0,"turns":3.0},{"damage":19.0,"enemies":"3 Sentries","floor":11.0,"turns":8.0},{"damage":0.0,"enemies":"Replay:BlueRogue","floor":14.0,"turns":4.0},{"damage":12,"enemies":"Slime Boss","floor":16,"turns":14},{"damage":0,"enemies":"Shell Parasite","floor":18,"turns":4},{"damage":0,"enemies":"conspire:FuzzyDice","floor":19,"turns":3},{"damage":0,"enemies":"Centurion and Healer","floor":21,"turns":3},{"damage":0,"enemies":"Cultist and Chosen","floor":22,"turns":2},{"damage":0,"enemies":"Chosen and Byrds","floor":24,"turns":2},{"damage":11,"enemies":"Gremlin Leader","floor":25,"turns":3},{"damage":0,"enemies":"Snake Plant","floor":28,"turns":1},{"damage":0,"enemies":"Cultist and Chosen","floor":29,"turns":1},{"damage":0,"enemies":"conspire:Head Lice","floor":30,"turns":1},{"damage":0,"enemies":"Pondfish","floor":33,"turns":2},{"damage":0,"enemies":"3 Darklings","floor":35,"turns":1},{"damage":0,"enemies":"Orb Walker","floor":38,"turns":1},{"damage":0,"enemies":"Jaw Worm Horde","floor":41,"turns":1},{"damage":0,"enemies":"Maw","floor":44,"turns":1},{"damage":0,"enemies":"Writhing Mass","floor":45,"turns":1},{"damage":0,"enemies":"Giant Head","floor":47,"turns":1},{"damage":0,"enemies":"Jaw Worm Horde","floor":48,"turns":1},{"damage":0,"enemies":"conspire:OrnateMirror","floor":50,"turns":1},{"damage":0,"enemies":"Shield and Spear","floor":54,"turns":1},{"damage":46,"enemies":"The Heart","floor":55,"turns":4}],"seed_played":"-3821686909724617225","potions_obtained":[{"floor":1.0,"key":"LiquidMemories"},{"floor":11.0,"key":"Strength Potion"},{"floor":14.0,"key":"blueLaboratory:TrueEctoplasm"},{"floor":21,"key":"blueLaboratory:FruitPunch"},{"floor":22,"key":"Strength Potion"},{"floor":30,"key":"blueLaboratory:FruitPunch"},{"floor":35,"key":"blueLaboratory:BottledHope"},{"floor":38,"key":"GamblersBrew"},{"floor":54,"key":"PowerPotion"}],"is_trial":false,"path_per_floor":["M","$","M","?","?","R","E","M","T","M","E","R","$","E","R","B",null,"M","M","$","M","M","R","M","E","T","$","M","M","E","?","R","B",null,"M","?","AVR","M","?","R","M","?","T","M","M","R","E","M","R","B",null,"R","$","E","B",null],"character_chosen":"THE_SILENT","items_purchased":["Dota2Spire:HandOfMidas","trackpad:Mousetrap","MerchantsRug","ReplayTheSpireMod:Scrap Shanks","SpikesRelics:DaevaFist","Dota2Spire:MaskOfMadness","Strawberry","Cloak And Dagger","Medical Kit","ReplayTheSpireMod:Speed Training","trackpad:ByrdBGone","Pandora\u0027s Box","Acrobatics","Replay:Baseball"],"campfire_rested":2,"item_purchase_floors":[0,0,0,0,0,0,0,0,0,0,0,20,27,27],"current_hp_per_floor":[28,28,28,28,13,36,32,32,32,32,15,15,15,15,38,26,64,64,75,74,74,74,74,74,65,65,65,68,71,83,83,83,85,87,96,96,96,105,105,105,114,114,114,123,132,132,141,150,150,159,159,159,159,173,134],"gold":112,"neow_bonus":"","is_daily":false,"chose_seed":false,"campfire_upgraded":6,"win_rate":0.0,"timestamp":1613678868,"path_taken":["M","$","M","?","?","R","E","M","T","M","E","R","$","E","R","BOSS","M","M","$","M","M","R","M","E","T","$","M","M","E","?","R","BOSS","M","?","AVR","M","?","R","M","?","T","?","M","R","E","M","R","BOSS","R","$","E","BOSS"],"items_purchased_type":["Relic","Relic","Relic","Card","Relic","Relic","Relic","Card","Relic","Card","Relic","Relic","Card","Relic"],"build_version":"2020-12-22","purchased_purges":10,"victory":true,"max_hp_per_floor":[77,77,77,77,77,77,77,77,77,77,77,77,77,77,77,77,77,77,77,74,74,74,74,74,76,76,76,79,82,85,85,85,87,87,96,96,96,105,105,105,114,114,114,123,132,132,141,150,150,159,159,159,159,173,176],"card_choices":[{"not_picked":["PiercingWail","StuffTheSpire:Python","Poisoned Stab"],"picked":"SKIP","floor":1.0},{"not_picked":["Well Laid Plans","StuffTheSpire:Python","Outmaneuver"],"picked":"SKIP","floor":3.0},{"not_picked":["Flying Knee","Infinite Blades","Dagger Spray"],"picked":"SKIP","floor":7.0},{"not_picked":["Hidden Blade","Malaise"],"picked":"Backflip","floor":8.0},{"not_picked":["Footwork","hubris:TrickCloak"],"picked":"hubris:Sniper","floor":10.0},{"not_picked":["Deflect","Slice","Dodge and Roll"],"picked":"SKIP","floor":11.0},{"not_picked":["Atom Bomb","StuffTheSpire:Injection"],"picked":"Adrenaline","floor":14.0},{"not_picked":["hubris:Counter+1","ReplayTheSpireMod:Scrap Shanks+1"],"picked":"Acrobatics","floor":18},{"not_picked":["Dagger Spray+1","Replay:Poison Smokescreen+1"],"picked":"Finisher","floor":19},{"not_picked":["StuffTheSpire:Python","Hidden Blade"],"picked":"Acrobatics+1","floor":21},{"not_picked":["Underhanded Strike","Cloak And Dagger","StuffTheSpire:ClusterCrunch"],"picked":"SKIP","floor":22},{"not_picked":["Underhanded Strike","Cloak And Dagger","StuffTheSpire:ClusterCrunch"],"picked":"SKIP","floor":22},{"not_picked":["Bane","ReplayTheSpireMod:Tripwire"],"picked":"Tactician","floor":24},{"not_picked":["Concentrate","Backstab","Heel Hook"],"picked":"SKIP","floor":25},{"not_picked":["Concentrate","Backstab","Heel Hook"],"picked":"SKIP","floor":25},{"not_picked":["Dagger Throw","StuffTheSpire:Incursion","Outmaneuver+1"],"picked":"SKIP","floor":28},{"not_picked":["Sucker Punch","Poisoned Stab","Predator"],"picked":"SKIP","floor":29},{"not_picked":["Tactician+1","Unload","hubris:TrickCloak+1"],"picked":"SKIP","floor":30},{"not_picked":["Burst","Venomology"],"picked":"After Image","floor":33},{"not_picked":["Crippling Poison","Dash+1","hubris:SlightOfHand"],"picked":"SKIP","floor":35},{"not_picked":["Quick Slash+1","Backflip"],"picked":"Prepared+1","floor":38},{"not_picked":["Dagger Spray","Hidden Blade+1"],"picked":"Adrenaline","floor":41},{"not_picked":["StuffTheSpire:Incantation","StuffTheSpire:Sprint","StuffTheSpire:BumpUp+1"],"picked":"SKIP","floor":44},{"not_picked":["Dodge and Roll","Sucker Punch+1","Underhanded Strike"],"picked":"SKIP","floor":45},{"not_picked":["hubris:SlightOfHand+1","Distraction+1","Poisoned Stab"],"picked":"SKIP","floor":47},{"not_picked":["Prepared","StuffTheSpire:Shiver","hubris:Sniper"],"picked":"SKIP","floor":48},{"not_picked":["StuffTheSpire:Shiver+1","All Out Attack+1"],"picked":"Escape Plan+1","floor":54}],"player_experience":754936,"relics_obtained":[{"floor":7.0,"key":"SuspiciousGoo"},{"floor":9.0,"key":"MawBank"},{"floor":11.0,"key":"hubris:TenFootPole"},{"floor":14.0,"key":"reliquary:GummyVitamins"},{"floor":25,"key":"hubris:SphereOfDissonance"},{"floor":30,"key":"StuffTheSpire:SapphireSignet"},{"floor":43,"key":"Tough Bandages"},{"floor":47,"key":"Juzu Bracelet"},{"floor":54,"key":"CCEMRelics:HeirloomTomato"}],"event_choices":[{"damage_healed":28.0,"max_hp_gain":0.0,"max_hp_loss":77.0,"gold_gain":0.0,"event_name":"betterThird:BetterShining","player_choice":"Upgrade","floor":5.0,"gold_loss":0.0,"damage_taken":15.0,"cards_upgraded":["ReplayTheSpireMod:Scrap Shanks","ReplayTheSpireMod:Speed Training"]},{"damage_healed":0,"gold_gain":0,"player_choice":"Copied","damage_taken":0,"max_hp_gain":0,"max_hp_loss":0,"event_name":"Duplicator","floor":31,"gold_loss":0,"cards_obtained":["Adrenaline"]},{"damage_healed":0,"gold_gain":0,"player_choice":"Leave","damage_taken":0,"max_hp_gain":0,"max_hp_loss":0,"event_name":"conspire:Investor","floor":39,"gold_loss":0},{"cards_removed":["Survivor"],"damage_healed":0,"gold_gain":0,"player_choice":"Upgrade and Remove","damage_taken":0,"max_hp_gain":0,"max_hp_loss":0,"event_name":"Designer","floor":42,"gold_loss":90,"cards_upgraded":["Finisher"]}],"is_beta":false,"boss_relics":[{"not_picked":["energizedSpire:EnergizedDie","ReplayTheSpireMod:DimensionalGlitch"],"picked":"energizedSpire:HighHeels"},{"not_picked":["hubris:BlackHole","Busted Crown"],"picked":"CCEMRelics:TransientCore"}],"items_purged_floors":[0,0,0,2,20,20,27,37,53,53],"is_endless":false,"potions_floor_spawned":[1,11,14,21,22,30,35,38,54],"ascension_level":10}}