{"host":"dl909bjyolgrn2uw","time":1613615990,"event":{"mods":["2.2 Compatiblity","BaseMod","Bestiary","Better Altar","Better Note","Better Sensory Stone","Better Skull","Better Vampires","Better-Laid Plans","Colored Powertips","Curses Come First","Disable Question Mark Monsters","Displayed Cursed Tome","Emptier Cage","Minty Spire (QoL Compilation)","Morshu Shopkeeper","Permanent Neow","Rare Cards Sparkle","Relic Stats","Shop Mod","Spicy Shops","StSLib","SuperFastMode","Transform Curses"],"gold_per_floor":[112,126,126,140,159,159,187,201,226,226,241,275,292,224,224,295,295,309,309,338,15,33,33,65,84,163,183,211,229,71,71,71,147,147,167,178,178,1177,1187,1230,1230,1249,1327,1327,226,241,241,270,270,270],"floor_reached":51,"language":"ENG","playtime":4534,"items_purged":["Strike_B","Strike_B"],"score":1534,"play_id":"3519d674-541d-4c9c-8711-468a3e660c89","local_time":"20210217203950","is_ascension_mode":true,"campfire_choices":[{"data":"Compile Driver","floor":6.0,"key":"SMITH"},{"floor":10.0,"key":"REST"},{"floor":15,"key":"REST"},{"floor":23,"key":"REST"},{"data":"Go for the Eyes","floor":32,"key":"SMITH"},{"data":"Coolheaded","floor":44,"key":"SMITH"},{"data":"Magnetism","floor":47,"key":"SMITH"},{"data":"Loop","floor":49,"key":"SMITH"}],"circlet_count":0,"master_deck":["AscendersBane","Strike_B+1","Strike_B","Defend_B","Defend_B+1","Defend_B+1","Defend_B","Zap","Dualcast","Coolheaded+1","Cold Snap","Compile Driver+1","Doom and Gloom","Barrage","Ball Lightning+1","White Noise+1","White Noise+1","Electrodynamics","White Noise+1","Ghostly+1","Ghostly+1","Ghostly+1","Steam+1","Steam+1","Go for the Eyes+1","FTL","Steam+1","Coolheaded+1","Genetic Algorithm+1","RitualDagger","Seek+1","Hologram+1","Biased Cognition","Biased Cognition","Stack+1","Lockon","Magnetism+1","Loop+1"],"relics":["Black Star","Juzu Bracelet","Vajra","Omamori","Toxic Egg 2","Whetstone","InkBottle","Runic Pyramid","Red Mask","Calipers","Orichalcum","Strawberry","Symbiotic Virus","Pear","War Paint","Anchor","Coffee Dripper","CeramicFish","PreservedInsect","Singing Bowl","ClockworkSouvenir","Centennial Puzzle","Ancient Tea Set"],"acts_visited":["Exordium","TheCity","TheBeyond"],"potions_floor_usage":[13,16,33,40,45,45,50],"damage_taken":[{"damage":11.0,"enemies":"Jaw Worm","floor":1.0,"turns":5.0},{"damage":11.0,"enemies":"Cultist","floor":2.0,"turns":4.0},{"damage":8.0,"enemies":"Small Slimes","floor":4.0,"turns":4.0},{"damage":6.0,"enemies":"Blue Slaver","floor":5.0,"turns":6.0},{"damage":11.0,"enemies":"3 Sentries","floor":7.0,"turns":11.0},{"damage":2.0,"enemies":"Red Slaver","floor":8.0,"turns":4.0},{"damage":12.0,"enemies":"3 Louse","floor":11.0,"turns":4.0},{"damage":13.0,"enemies":"Lagavulin","floor":12.0,"turns":5.0},{"damage":3,"enemies":"Blue Slaver","floor":13,"turns":2},{"damage":0,"enemies":"Slime Boss","floor":16,"turns":5},{"damage":6,"enemies":"Chosen","floor":18,"turns":5},{"damage":26,"enemies":"Masked Bandits","floor":20,"turns":4},{"damage":4,"enemies":"3 Byrds","floor":22,"turns":3},{"damage":0,"enemies":"Gremlin Leader","floor":24,"turns":5},{"damage":0,"enemies":"Centurion and Healer","floor":25,"turns":7},{"damage":0,"enemies":"3 Cultists","floor":27,"turns":5},{"damage":0,"enemies":"Book of Stabbing","floor":28,"turns":6},{"damage":0,"enemies":"Sentry and Sphere","floor":29,"turns":4},{"damage":20,"enemies":"Champ","floor":33,"turns":18},{"damage":0,"enemies":"3 Darklings","floor":35,"turns":4},{"damage":0,"enemies":"Orb Walker","floor":36,"turns":5},{"damage":0,"enemies":"4 Shapes","floor":39,"turns":3},{"damage":32,"enemies":"Giant Head","floor":40,"turns":11},{"damage":0,"enemies":"Transient","floor":42,"turns":6},{"damage":0,"enemies":"Maw","floor":46,"turns":9},{"damage":0,"enemies":"Spire Growth","floor":48,"turns":6},{"damage":9,"enemies":"Time Eater","floor":50,"turns":7}],"seed_played":"5777673292661240052","potions_obtained":[{"floor":2.0,"key":"PowerPotion"},{"floor":3.0,"key":"Fire Potion"},{"floor":8.0,"key":"BlessingOfTheForge"},{"floor":12.0,"key":"Ancient Potion"},{"floor":13,"key":"Fire Potion"},{"floor":18,"key":"EssenceOfDarkness"},{"floor":33,"key":"ColorlessPotion"}],"is_trial":false,"path_per_floor":["M","M","?","M","M","R","E","M","T","R","M","E","M","?","R","B",null,"M","?","?","$","M","R","E","M","T","M","E","M","$","?","R","B",null,"M","M","?","?","M","E","?","M","T","R","$","M","R","M","R","B",null],"character_chosen":"DEFECT","items_purchased":["Calipers","Steam+1","Go for the Eyes","Anchor","ClockworkSouvenir","Centennial Puzzle","Ancient Tea Set","Fruit Juice","PowerPotion","Lockon","Magnetism"],"campfire_rested":3,"item_purchase_floors":[21,21,21,30,45,45,45,45,45,45,45],"current_hp_per_floor":[53,42,42,34,28,28,17,15,15,36,24,11,8,8,29,29,61,55,35,9,9,5,15,22,22,22,22,32,32,32,26,26,6,41,41,41,41,41,41,9,43,43,43,43,53,55,55,55,55,46],"gold":270,"neow_bonus":"BOSS_RELIC","is_daily":false,"chose_seed":false,"campfire_upgraded":5,"win_rate":0.0,"timestamp":1613615990,"path_taken":["M","M","?","M","M","R","E","M","T","R","M","E","M","?","R","BOSS","M","?","?","$","M","R","E","M","T","M","E","M","$","?","R","BOSS","M","M","?","?","M","E","?","M","T","R","$","M","R","M","R","BOSS"],"items_purchased_type":["Relic","Card","Card","Relic","Relic","Relic","Relic","Potion","Potion","Card","Card"],"build_version":"2020-12-22","purchased_purges":2,"victory":true,"max_hp_per_floor":[71,71,71,71,71,71,71,71,71,71,71,71,71,71,71,71,71,71,35,35,35,35,35,42,42,42,42,52,52,52,52,52,52,52,52,52,52,52,52,52,43,43,43,43,53,55,55,55,55,55],"relic_stats":{"Centennial Puzzle":[2],"Singing Bowl":2,"counters":[27,158],"CeramicFish":45,"PreservedInsect":0,"Black Star":5,"Juzu Bracelet":2,"Whetstone":["Ball Lightning","Strike_B"],"Orichalcum":[150],"War Paint":["Defend_B","Defend_B"],"obtain_stats":[{"Calipers":21,"Pear":28,"Singing Bowl":43,"CeramicFish":40,"Vajra":7,"PreservedInsect":40,"Juzu Bracelet":7,"Omamori":9,"Whetstone":12,"Orichalcum":24,"War Paint":28,"Ancient Tea Set":45,"ClockworkSouvenir":45,"Anchor":30,"Centennial Puzzle":45,"Strawberry":24,"Black Star":0,"Red Mask":20,"Coffee Dripper":34,"Toxic Egg 2":12,"Cracked Core":0,"Symbiotic Virus":26,"InkBottle":14,"Runic Pyramid":17},{"Calipers":12,"Pear":17,"Singing Bowl":24,"CeramicFish":23,"Vajra":5,"PreservedInsect":23,"Juzu Bracelet":5,"Omamori":6,"Whetstone":8,"Orichalcum":14,"War Paint":17,"Ancient Tea Set":24,"ClockworkSouvenir":24,"Anchor":18,"Centennial Puzzle":24,"Strawberry":14,"Black Star":0,"Red Mask":12,"Coffee Dripper":19,"Toxic Egg 2":8,"Cracked Core":0,"Symbiotic Virus":15,"InkBottle":9,"Runic Pyramid":10},{"Calipers":59,"Pear":85,"Singing Bowl":136,"CeramicFish":130,"Vajra":30,"PreservedInsect":130,"Juzu Bracelet":30,"Omamori":34,"Whetstone":43,"Orichalcum":67,"War Paint":85,"Ancient Tea Set":136,"ClockworkSouvenir":136,"Anchor":89,"Centennial Puzzle":136,"Strawberry":67,"Black Star":0,"Red Mask":59,"Coffee Dripper":107,"Toxic Egg 2":43,"Cracked Core":0,"Symbiotic Virus":74,"InkBottle":45,"Runic Pyramid":50}],"InkBottle":[45]},"card_choices":[{"not_picked":["Stack","Steam Power","Barrage"],"picked":"SKIP","floor":1.0},{"not_picked":["Conserve Battery","Hologram"],"picked":"Coolheaded","floor":2.0},{"not_picked":["Darkness","Stack"],"picked":"Cold Snap","floor":4.0},{"not_picked":["Scrape","Reinforced Body"],"picked":"Compile Driver","floor":5.0},{"not_picked":["Compile Driver","Cold Snap"],"picked":"Doom and Gloom","floor":7.0},{"not_picked":["Sweeping Beam","Steam"],"picked":"Barrage","floor":8.0},{"not_picked":["Barrage","Sweeping Beam"],"picked":"Ball Lightning","floor":11.0},{"not_picked":["Streamline","Compile Driver"],"picked":"White Noise+1","floor":12.0},{"not_picked":["Turbo+1","Fusion+1"],"picked":"White Noise+1","floor":13},{"not_picked":["Seek+1","Core Surge"],"picked":"Electrodynamics","floor":16},{"not_picked":["Streamline","Doom and Gloom"],"picked":"White Noise+1","floor":18},{"not_picked":["Fusion+1","Cold Snap"],"picked":"Steam+1","floor":20},{"not_picked":["Redo+1","Scrape"],"picked":"FTL","floor":22},{"not_picked":["Tempest+1","FTL"],"picked":"Steam+1","floor":24},{"not_picked":["Rebound","Compile Driver"],"picked":"Coolheaded+1","floor":25},{"not_picked":["Gash","Stack+1","Rebound"],"picked":"SKIP","floor":27},{"not_picked":["Static Discharge","Melter","Sweeping Beam"],"picked":"SKIP","floor":28},{"not_picked":["Ball Lightning","Redo+1"],"picked":"Genetic Algorithm+1","floor":29},{"not_picked":["Rainbow+1","Creative AI"],"picked":"Seek+1","floor":33},{"not_picked":["Steam+1","Cold Snap","Chill+1"],"picked":"SKIP","floor":35},{"not_picked":["Aggregate+1","Streamline"],"picked":"Hologram+1","floor":36},{"not_picked":["Barrage","Steam+1","Rebound+1"],"picked":"SKIP","floor":39},{"not_picked":["Storm","Defragment"],"picked":"Biased Cognition","floor":40},{"not_picked":["Gash","Cold Snap+1"],"picked":"Stack+1","floor":42},{"not_picked":["Rebound","Blizzard+1","Gash"],"picked":"Singing Bowl","floor":46},{"not_picked":["Hologram+1","Reprogram+1"],"picked":"Loop","floor":48}],"player_experience":463377,"relics_obtained":[{"floor":7.0,"key":"Juzu Bracelet"},{"floor":7.0,"key":"Vajra"},{"floor":9.0,"key":"Omamori"},{"floor":12.0,"key":"Toxic Egg 2"},{"floor":12.0,"key":"Whetstone"},{"floor":20,"key":"Red Mask"},{"floor":24,"key":"Orichalcum"},{"floor":24,"key":"Strawberry"},{"floor":26,"key":"Symbiotic Virus"},{"floor":28,"key":"Pear"},{"floor":28,"key":"War Paint"},{"floor":40,"key":"CeramicFish"},{"floor":40,"key":"PreservedInsect"},{"floor":43,"key":"Singing Bowl"}],"event_choices":[{"damage_healed":0.0,"max_hp_gain":0.0,"max_hp_loss":0.0,"gold_gain":0.0,"event_name":"Lab","player_choice":"Got Potions","floor":3.0,"gold_loss":0.0,"damage_taken":0.0},{"damage_healed":0,"gold_gain":0,"player_choice":"Paid Gold","damage_taken":0,"relics_obtained":["InkBottle"],"max_hp_gain":0,"max_hp_loss":0,"event_name":"WeMeetAgain","floor":14,"gold_loss":68},{"damage_healed":0,"gold_gain":0,"player_choice":"Became a Ghost","damage_taken":0,"max_hp_gain":0,"max_hp_loss":36,"event_name":"Ghosts","floor":19,"gold_loss":0,"cards_obtained":["Ghostly","Ghostly","Ghostly"]},{"damage_healed":0,"gold_gain":0,"player_choice":"Fought Bandits","damage_taken":0,"max_hp_gain":0,"max_hp_loss":0,"event_name":"Masked Bandits","floor":20,"gold_loss":0},{"damage_healed":0,"gold_gain":0,"player_choice":"Joined the Cult","damage_taken":6,"max_hp_gain":0,"max_hp_loss":0,"event_name":"Nest","floor":31,"gold_loss":0,"cards_obtained":["RitualDagger"]},{"damage_healed":0,"gold_gain":0,"player_choice":"1 cards matched","damage_taken":0,"max_hp_gain":0,"max_hp_loss":0,"event_name":"Match and Keep!","floor":37,"gold_loss":0,"cards_obtained":["Biased Cognition"]},{"damage_healed":0,"gold_gain":0,"player_choice":"1 cards matched","damage_taken":0,"max_hp_gain":0,"max_hp_loss":0,"event_name":"Match and Keep!","floor":37,"gold_loss":0,"cards_obtained":["Biased Cognition"]},{"damage_healed":0,"gold_gain":999,"player_choice":"Gold","damage_taken":0,"max_hp_gain":0,"max_hp_loss":0,"event_name":"MindBloom","floor":38,"gold_loss":0,"cards_obtained":["Normality","Normality"]},{"damage_healed":43,"gold_gain":0,"player_choice":"Heal","damage_taken":0,"max_hp_gain":0,"max_hp_loss":9,"event_name":"The Moai Head","floor":41,"gold_loss":0}],"is_beta":false,"boss_relics":[{"not_picked":["Philosopher\u0027s Stone","Ectoplasm"],"picked":"Runic Pyramid"},{"not_picked":["Runic Dome","Calling Bell"],"picked":"Coffee Dripper"}],"items_purged_floors":[21,45],"is_endless":false,"potions_floor_spawned":[2,4,5,8,12,13,18,27,28,33,36,39],"ascension_level":18}}