{"host":"sxaoifcprvg3ww0o","time":1613649297,"event":{"mods":["Act Like it!","Arknights","BaseMod","Downfall","GifTheSpireLib","Hermit","KinomotoSakuraMod(ƒæ÷Æ±æ”£)","Lobotomy","LobotomyExtend","Marisa£®ÏF”Í°°ƒß¿Ì…≥£©","Minty Spire (QoL Compilation)","Prisma Mod","Quick Restart","Reimu£®≤©¿ˆ¡È√Œ£©","Reliquary","Remilia£®¿Ÿ√◊¿Ú—«£©","Replay The Spire","StSLib","The Bug Knight","The Senshi","Waifu the Spire","WarShipGirlsR/’ΩΩ¢…Ÿ≈ÆR mod","Yakumo Yukari mod","Youmu£®ªÍ∆«—˝√Œ£©","Yuyuko","°æ“≈ŒÔø®≈∆°øREMEMod"],"gold_per_floor":[111,130,149,169,344,344,72,72,99,99,99],"floor_reached":10,"language":"ZHS","playtime":821,"items_purged":[],"score":58,"play_id":"81eddc80-68b8-49a9-80f6-f2842c002478","local_time":"20210218195457","is_ascension_mode":false,"campfire_choices":[{"data":"ats:Apocalypse","floor":6,"key":"SMITH"},{"data":"REME_BuildACard","floor":8,"key":"SMITH"}],"circlet_count":0,"master_deck":["ats:Strike C","ats:Strike G","ats:Strike S","ats:Strike V","ats:Armor Crushing Shot","ats:Defend","ats:Defend","ats:Defend","ats:Emotion Absorption","ats:Durian","DevaForm","ats:Apocalypse+1","ats:Assault Order","ats:Rapid Magazine","ats:Chain Hook","Doubt","REME_BuildACard+1","ats:Powerful Strike+1","ats:Absolute Focus"],"relics":["ats:Sanity","REME_ComplimentaryCards","LetterFromLob","PreservedInsect"],"acts_visited":["Exordium"],"potions_floor_usage":[],"damage_taken":[{"damage":6,"enemies":"Jaw Worm","floor":1,"turns":4},{"damage":11,"enemies":"2 Louse","floor":2,"turns":6},{"damage":18,"enemies":"Cultist","floor":3,"turns":6},{"damage":33,"enemies":"2 Fungi Beasts","floor":4,"turns":6},{"damage":51,"enemies":"3 Sentries","floor":10,"turns":5}],"seed_played":"758680359923731454","potions_obtained":[{"floor":1,"key":"ats:Emergency Sanity Potion"},{"floor":4,"key":"ZuzhouPotion:ReiMu"}],"is_trial":false,"path_per_floor":["M","M","M","M","?","R","$","R","T","E"],"character_chosen":"DOCTOR_CLASS","items_purchased":["REME_BuildACard","ats:Powerful Strike+1","ats:Absolute Focus"],"campfire_rested":0,"item_purchase_floors":[7,7,7],"current_hp_per_floor":[66,67,61,40,40,40,40,40,40,0,0],"gold":99,"neow_bonus":"TRANSFORM_CARD","is_daily":false,"chose_seed":false,"campfire_upgraded":2,"win_rate":0.0,"timestamp":1613649297,"path_taken":["M","M","M","M","?","R","$","R","T","E"],"items_purchased_type":["Card","Card","Card"],"build_version":"2020-12-22","purchased_purges":0,"victory":false,"max_hp_per_floor":[72,72,72,72,72,72,72,72,72,72,72],"card_choices":[{"not_picked":["ats:Poison Spread","ats:Serious Mode"],"picked":"ats:Apocalypse","floor":1},{"not_picked":["ats:Curse Doll","ats:Explosion Area Strengthen"],"picked":"ats:Assault Order","floor":2},{"not_picked":["ats:Curse Doll","ats:Flexible Camouflage"],"picked":"ats:Rapid Magazine","floor":3},{"not_picked":["ats:Counter Healing Mode","ats:Assault Order"],"picked":"ats:Chain Hook","floor":4}],"player_experience":572805,"relics_obtained":[{"floor":1,"key":"LetterFromLob"},{"floor":9,"key":"PreservedInsect"}],"event_choices":[{"damage_healed":0,"gold_gain":175,"player_choice":"AGREE","damage_taken":0,"max_hp_gain":0,"max_hp_loss":0,"event_name":"Liars Game","floor":5,"gold_loss":0,"cards_obtained":["Doubt"]}],"is_beta":false,"boss_relics":[],"items_purged_floors":[],"is_endless":false,"potions_floor_spawned":[1,4],"killed_by":"3 Sentries","ascension_level":0}}