{"host":"kh6fvhxn285ncg0o","time":1613686884,"event":{"mods":["Act Like it!","BaseMod","Colored Map","Friendly Minions","Keyboard Shortcuts","Minty Spire (QoL Compilation)","Quick Restart","Relic Stats","StSLib","SuperFastMode","UnlockEverythingMod"],"gold_per_floor":[110,128,128,146,146,146,179,179,179,203,216,216,216,232,232,325,325,340,358,373,126,76,76,76,76],"floor_reached":24,"language":"KOR","playtime":489,"items_purged":["Strike_R"],"score":396,"play_id":"c4882767-eca7-4a88-b62c-1a4d1cd9e3b6","local_time":"20210219072124","is_ascension_mode":true,"campfire_choices":[{"data":"Blood for Blood","floor":6,"key":"SMITH"},{"data":"Demon Form","floor":8,"key":"SMITH"},{"data":"Bash","floor":13,"key":"SMITH"},{"data":"Feel No Pain","floor":15,"key":"SMITH"},{"data":"Immolate","floor":23,"key":"SMITH"}],"circlet_count":0,"master_deck":["AscendersBane","Defend_R","Defend_R","Defend_R","Defend_R","Bash+1","Pain","Searing Blow","Second Wind","Blood for Blood+1","Demon Form+1","Feel No Pain+1","Seeing Red","Sword Boomerang","Immolate+1","Offering","Disarm"],"relics":["Burning Blood","Golden Idol","Magic Flower","TungstenRod","Empty Cage","Pen Nib"],"acts_visited":["Exordium","TheCity"],"potions_floor_usage":[10,14,20,20],"damage_taken":[{"damage":14,"enemies":"Small Slimes","floor":1,"turns":4},{"damage":19,"enemies":"Jaw Worm","floor":2,"turns":6},{"damage":2,"enemies":"Cultist","floor":4,"turns":4},{"damage":18,"enemies":"Lagavulin","floor":7,"turns":6},{"damage":20,"enemies":"Exordium Thugs","floor":10,"turns":4},{"damage":12,"enemies":"Exordium Wildlife","floor":11,"turns":5},{"damage":17,"enemies":"Large Slime","floor":14,"turns":6},{"damage":2,"enemies":"Hexaghost","floor":16,"turns":7},{"damage":28,"enemies":"Chosen","floor":18,"turns":4},{"damage":25,"enemies":"Shell Parasite","floor":19,"turns":4},{"damage":17,"enemies":"Centurion and Healer","floor":20,"turns":5},{"damage":20,"enemies":"Gremlin Leader","floor":24,"turns":6}],"seed_played":"-7698131360601526314","potions_obtained":[{"floor":2,"key":"BlessingOfTheForge"},{"floor":7,"key":"HeartOfIron"},{"floor":10,"key":"Energy Potion"},{"floor":12,"key":"Dexterity Potion"},{"floor":12,"key":"Fire Potion"},{"floor":19,"key":"LiquidMemories"}],"is_trial":false,"path_per_floor":["M","M","?","M","?","R","E","R","T","M","M","?","R","M","R","B",null,"M","M","M","$","?","R","E"],"character_chosen":"IRONCLAD","items_purchased":["Pen Nib"],"campfire_rested":0,"item_purchase_floors":[21],"current_hp_per_floor":[60,47,47,51,44,44,32,32,32,21,18,18,18,10,10,17,55,36,20,12,12,12,12,0,0],"gold":76,"neow_bonus":"TRANSFORM_TWO_CARDS","is_daily":false,"chose_seed":false,"campfire_upgraded":5,"win_rate":0.0,"timestamp":1613686884,"path_taken":["M","M","?","M","?","R","E","R","T","M","M","?","R","M","R","BOSS","M","M","M","$","?","R","E"],"items_purchased_type":["Relic"],"build_version":"2020-12-22","purchased_purges":1,"victory":false,"max_hp_per_floor":[75,75,68,68,68,68,68,68,68,68,68,68,68,68,68,68,68,68,68,68,68,68,68,68,68],"relic_stats":{"counters":[12,61],"Golden Idol":51,"Magic Flower":[21],"Pen Nib":[0],"obtain_stats":[{"Golden Idol":3,"Magic Flower":7,"Pen Nib":21,"Empty Cage":17,"Burning Blood":0,"TungstenRod":9},{"Golden Idol":2,"Magic Flower":4,"Pen Nib":11,"Empty Cage":8,"Burning Blood":0,"TungstenRod":4},{"Golden Idol":10,"Magic Flower":20,"Pen Nib":55,"Empty Cage":42,"Burning Blood":0,"TungstenRod":20}],"Burning Blood":87,"TungstenRod":58},"card_choices":[{"not_picked":["Power Through","Cleave"],"picked":"Second Wind","floor":1},{"not_picked":["Burning Pact","Sentinel"],"picked":"Blood for Blood","floor":2},{"not_picked":["Clothesline","Havoc","Pommel Strike"],"picked":"SKIP","floor":4},{"not_picked":["Armaments","Twin Strike"],"picked":"Demon Form","floor":7},{"not_picked":["Twin Strike","Ghostly Armor"],"picked":"Feel No Pain","floor":10},{"not_picked":["Havoc","Warcry"],"picked":"Seeing Red","floor":11},{"not_picked":["Clash","Wild Strike","Sword Boomerang"],"picked":"SKIP","floor":14},{"not_picked":["Clash","Wild Strike"],"picked":"Sword Boomerang","floor":14},{"not_picked":["Berserk","Double Tap"],"picked":"Immolate","floor":16},{"not_picked":["Perfected Strike+1","Thunderclap","Armaments"],"picked":"SKIP","floor":18},{"not_picked":["Anger","Inflame"],"picked":"Offering","floor":19},{"not_picked":["Iron Wave","Perfected Strike"],"picked":"Disarm","floor":20}],"player_experience":1449954,"relics_obtained":[{"floor":7,"key":"Magic Flower"},{"floor":9,"key":"TungstenRod"}],"event_choices":[{"damage_healed":0,"gold_gain":0,"player_choice":"Lose Max HP","damage_taken":0,"relics_obtained":["Golden Idol"],"max_hp_gain":0,"max_hp_loss":7,"event_name":"Golden Idol","floor":3,"gold_loss":0},{"cards_removed":["Searing Blow"],"damage_healed":0,"gold_gain":0,"player_choice":"Card Removal","damage_taken":7,"max_hp_gain":0,"max_hp_loss":0,"event_name":"Golden Wing","floor":5,"gold_loss":0},{"damage_healed":0,"gold_gain":0,"player_choice":"Got Potions","damage_taken":0,"max_hp_gain":0,"max_hp_loss":0,"event_name":"Lab","floor":12,"gold_loss":0},{"damage_healed":0,"gold_gain":0,"player_choice":"Bet on Owner","damage_taken":0,"max_hp_gain":0,"max_hp_loss":0,"event_name":"The Joust","floor":22,"gold_loss":50}],"is_beta":false,"boss_relics":[{"not_picked":["Busted Crown","SacredBark"],"picked":"Empty Cage"}],"items_purged_floors":[21],"is_endless":false,"potions_floor_spawned":[2,7,10,19],"killed_by":"Gremlin Leader","ascension_level":20}}