{"host":"8lvnnmfamkc2d31d","time":1613631969,"event":{"mods":["2.2 Compatiblity","Act Like it!","BaseMod","Better Skull","Better Third Choice","Colored Map","Hermit","Infinite Spire","Minty Spire (QoL Compilation)","Relic Stats","StSLib"],"gold_per_floor":[109,109,109,128,203,238,273,309,309,335,335,335,340,340],"floor_reached":13,"language":"ENG","playtime":672,"items_purged":[],"score":368,"play_id":"6893b081-68fb-48e0-95eb-fd32a5b1cd83","local_time":"20210218010609","daily_mods":["SealedDeck","Vintage","Heirloom","Time Dilation","Flight","Cursed Run","Lethality"],"is_ascension_mode":true,"campfire_choices":[{"data":"hermit:FlashPowder","floor":11,"key":"SMITH"}],"circlet_count":0,"master_deck":["AscendersBane","hermit:ItchyTrigger","hermit:TakeCover","hermit:TrackingShot","hermit:TakeCover","hermit:Quickdraw","hermit:BigShot","hermit:Combo","hermit:TrackingShot","hermit:Snipe","hermit:Determination","hermit:Glare","hermit:Scavenge","hermit:LowProfile","Regret","hermit:FlashPowder+1"],"relics":["Cursed Key","Darkstone Periapt","Du-Vu Doll","FossilizedHelix","Akabeko","Pen Nib","Ginger","hermit:RyeStalk","Boot","Mercury Hourglass","Dream Catcher","Omamori"],"acts_visited":["Exordium"],"potions_floor_usage":[4,8,13],"damage_taken":[{"damage":0,"enemies":"Jaw Worm","floor":1,"turns":2},{"damage":0,"enemies":"Small Slimes","floor":4,"turns":2},{"damage":0,"enemies":"3 Sentries","floor":6,"turns":1},{"damage":0,"enemies":"Lagavulin","floor":7,"turns":5},{"damage":0,"enemies":"3 Sentries","floor":8,"turns":2},{"damage":9,"enemies":"Lagavulin","floor":10,"turns":4},{"damage":14,"enemies":"3 Sentries","floor":13,"turns":6}],"seed_played":"-7822114241652074938","potions_obtained":[{"floor":1,"key":"GamblersBrew"},{"floor":7,"key":"AttackPotion"},{"floor":10,"key":"Swift Potion"}],"is_trial":true,"path_per_floor":["M","?","?","M","?","E","E","E","T","E","R","?","E"],"character_chosen":"HERMIT","items_purchased":[],"campfire_rested":0,"item_purchase_floors":[],"current_hp_per_floor":[64,46,28,28,17,17,17,17,23,14,14,14,0,0],"gold":340,"neow_bonus":"","is_daily":false,"chose_seed":false,"campfire_upgraded":1,"win_rate":0.0,"timestamp":1613631969,"path_taken":["M","?","?","M","?","E","E","E","T","E","R","?","E"],"items_purchased_type":[],"build_version":"2020-12-22","purchased_purges":0,"victory":false,"max_hp_per_floor":[71,71,71,71,71,71,71,71,77,77,77,77,77,77],"relic_stats":{"Darkstone Periapt":6,"Dream Catcher":0,"counters":[7,22],"Pen Nib":[2],"Ginger":[0],"Cursed Key":1,"Boot":[0],"obtain_stats":[{"Darkstone Periapt":0,"Du-Vu Doll":0,"hermit:RyeStalk":6,"Dream Catcher":9,"Pen Nib":2,"Omamori":10,"Ginger":4,"Cursed Key":0,"Boot":7,"FossilizedHelix":0,"Akabeko":1,"Mercury Hourglass":8},{"Darkstone Periapt":0,"Du-Vu Doll":0,"hermit:RyeStalk":3,"Dream Catcher":5,"Pen Nib":1,"Omamori":6,"Ginger":2,"Cursed Key":0,"Boot":4,"FossilizedHelix":0,"Akabeko":1,"Mercury Hourglass":5},{"Darkstone Periapt":0,"Du-Vu Doll":0,"hermit:RyeStalk":5,"Dream Catcher":12,"Pen Nib":2,"Omamori":16,"Ginger":4,"Cursed Key":0,"Boot":10,"FossilizedHelix":0,"Akabeko":2,"Mercury Hourglass":12}],"Mercury Hourglass":[45]},"card_choices":[{"not_picked":["infinitespire:Oblivion","infinitespire:Execution"],"picked":"infinitespire:SealOfDarkness+","floor":3},{"not_picked":["hermit:FullyLoaded","hermit:ItchyTrigger"],"picked":"hermit:Glare","floor":6},{"not_picked":["hermit:TakeCover","hermit:Ricochet"],"picked":"hermit:Scavenge","floor":7},{"not_picked":["hermit:Snipe","hermit:CalledShot"],"picked":"hermit:LowProfile","floor":8},{"not_picked":["hermit:Coalescence","hermit:Headshot"],"picked":"hermit:FlashPowder","floor":10}],"player_experience":465276,"relics_obtained":[{"floor":1,"key":"Akabeko"},{"floor":4,"key":"Ginger"},{"floor":6,"key":"hermit:RyeStalk"},{"floor":7,"key":"Boot"},{"floor":8,"key":"Mercury Hourglass"},{"floor":9,"key":"Dream Catcher"},{"floor":10,"key":"Omamori"}],"event_choices":[{"damage_healed":0,"gold_gain":0,"player_choice":"Relic ","damage_taken":18,"max_hp_gain":0,"max_hp_loss":0,"event_name":"betterThird:BetterScrap","floor":2,"gold_loss":0,"cards_obtained":["DeceiveReality"]},{"damage_healed":0,"gold_gain":75,"player_choice":"Gold","damage_taken":11,"max_hp_gain":0,"max_hp_loss":0,"event_name":"betterThird:BetterGoop","floor":5,"gold_loss":0}],"is_beta":false,"boss_relics":[],"items_purged_floors":[],"is_endless":false,"potions_floor_spawned":[1,7,10],"killed_by":"3 Sentries","ascension_level":20}}