{"host":"h5fgmkg3q5qe8ocv","time":1613678882,"event":{"mods":["AchievementEnabler","BaseMod","Colored Map","Colored Powertips","Minty Spire (QoL Compilation)","Quick Restart"],"gold_per_floor":[119,85,105,105,115,150,162,162,189,199,210,222,242,262,262,361,411,431,381,356,356,356],"floor_reached":21,"language":"ENG","playtime":1134,"items_purged":[],"score":187,"play_id":"36829c2b-9ce2-4c77-b32b-882d8e047569","local_time":"20210218210802","is_ascension_mode":false,"campfire_choices":[{"data":"Juggernaut","floor":15.0,"key":"SMITH"}],"circlet_count":0,"master_deck":["Strike_R","Strike_R","Strike_R","Strike_R","Strike_R","Defend_R","Defend_R","Defend_R","Defend_R","Bash","Bludgeon","Thunderclap+1","Dark Embrace","Armaments+1","Shrug It Off","Juggernaut+1","Demon Form","Body Slam","Feel No Pain","Demon Form","Fire Breathing","Shrug It Off","Armaments"],"relics":["Burning Blood","Lantern","Tiny House"],"acts_visited":["Exordium","TheCity"],"potions_floor_usage":[21,21],"damage_taken":[{"damage":1.0,"enemies":"Jaw Worm","floor":1.0,"turns":3.0},{"damage":0.0,"enemies":"Cultist","floor":3.0,"turns":4.0},{"damage":11.0,"enemies":"2 Louse","floor":5.0,"turns":2.0},{"damage":27.0,"enemies":"3 Sentries","floor":6.0,"turns":9.0},{"damage":16.0,"enemies":"Lots of Slimes","floor":7.0,"turns":3.0},{"damage":8.0,"enemies":"Large Slime","floor":10.0,"turns":6.0},{"damage":0.0,"enemies":"3 Louse","floor":11.0,"turns":4.0},{"damage":9.0,"enemies":"Exordium Wildlife","floor":12.0,"turns":4.0},{"damage":0.0,"enemies":"Looter","floor":13.0,"turns":2.0},{"damage":0.0,"enemies":"Large Slime","floor":14.0,"turns":5.0},{"damage":62.0,"enemies":"The Guardian","floor":16.0,"turns":9.0},{"damage":62.0,"enemies":"Spheric Guardian","floor":18.0,"turns":8.0},{"damage":40.0,"enemies":"2 Thieves","floor":20.0,"turns":5.0},{"damage":17,"enemies":"Centurion and Healer","floor":21,"turns":3}],"seed_played":"4945521615496793749","potions_obtained":[{"floor":1.0,"key":"BloodPotion"},{"floor":5.0,"key":"EssenceOfSteel"},{"floor":6.0,"key":"SteroidPotion"},{"floor":17.0,"key":"SteroidPotion"},{"floor":20.0,"key":"FearPotion"}],"is_trial":false,"path_per_floor":["M","$","M","?","M","E","M","?","T","M","M","M","M","M","R","B",null,"M","?","M","M"],"character_chosen":"IRONCLAD","items_purchased":["Dark Embrace"],"campfire_rested":0,"item_purchase_floors":[2],"current_hp_per_floor":[80,80,80,80,75,54,44,80,80,78,80,77,80,80,80,24,85,46,46,12,0,0],"gold":356,"neow_bonus":"ONE_RANDOM_RARE_CARD","is_daily":false,"chose_seed":false,"campfire_upgraded":1,"win_rate":0.0,"timestamp":1613678882,"path_taken":["M","$","M","?","M","E","M","?","T","M","M","?","M","M","R","BOSS","M","?","M","?"],"items_purchased_type":["Card"],"build_version":"2020-12-22","purchased_purges":0,"victory":false,"max_hp_per_floor":[80,80,80,80,80,80,80,80,80,80,80,80,80,80,80,80,85,85,85,85,85,85],"card_choices":[{"not_picked":["Reckless Charge","True Grit"],"picked":"Thunderclap","floor":1.0},{"not_picked":["Dropkick","Warcry"],"picked":"Armaments","floor":3.0},{"not_picked":["True Grit","Warcry","Twin Strike"],"picked":"SKIP","floor":5.0},{"not_picked":["Uppercut","Cleave","Sever Soul"],"picked":"SKIP","floor":6.0},{"not_picked":["Dual Wield","Wild Strike"],"picked":"Shrug It Off","floor":7.0},{"not_picked":["Reckless Charge","Entrench"],"picked":"Juggernaut","floor":10.0},{"not_picked":["Power Through","Cleave","Twin Strike"],"picked":"SKIP","floor":11.0},{"not_picked":["Feel No Pain","Flex"],"picked":"Demon Form","floor":12.0},{"not_picked":["Headbutt","Rampage"],"picked":"Body Slam","floor":13.0},{"not_picked":["Anger","Intimidate"],"picked":"Feel No Pain","floor":14.0},{"not_picked":["Corruption","Feed"],"picked":"Demon Form","floor":16.0},{"not_picked":["Cleave","Anger"],"picked":"Fire Breathing","floor":17.0},{"not_picked":["Iron Wave","Reckless Charge"],"picked":"Shrug It Off","floor":18.0},{"not_picked":["True Grit","Second Wind"],"picked":"Armaments","floor":20.0}],"player_experience":56396,"relics_obtained":[{"floor":6.0,"key":"Lantern"}],"event_choices":[{"damage_healed":0.0,"max_hp_gain":0.0,"max_hp_loss":0.0,"gold_gain":0.0,"event_name":"Living Wall","player_choice":"Grow","floor":4.0,"gold_loss":0.0,"damage_taken":0.0,"cards_upgraded":["Armaments"]},{"damage_healed":36.0,"max_hp_gain":0.0,"max_hp_loss":0.0,"gold_gain":0.0,"event_name":"Wheel of Change","player_choice":"Full Heal","floor":8.0,"gold_loss":0.0,"damage_taken":0.0},{"damage_healed":0.0,"max_hp_gain":0.0,"max_hp_loss":0.0,"gold_gain":0.0,"event_name":"The Joust","player_choice":"Bet on Owner","floor":19.0,"gold_loss":50.0,"damage_taken":0.0}],"is_beta":false,"boss_relics":[{"not_picked":["SacredBark","SlaversCollar"],"picked":"Tiny House"}],"items_purged_floors":[],"is_endless":false,"potions_floor_spawned":[1,5,6,11,14,20],"killed_by":"Centurion and Healer","ascension_level":0}}