{"host":"0ueeacaatm8t6jyh","time":1613627215,"event":{"mods":["AchievementEnabler","BaseMod","Colored Powertips","Minty Spire (QoL Compilation)","Quick Restart","Rare Cards Sparkle","Shop Mod","StSLib"],"gold_per_floor":[117,267,267,278,298,330,341,341,341,352,378,378,390,406,406,53,53,53,53],"floor_reached":18,"language":"ZHS","playtime":498,"items_purged":["Strike_B"],"score":217,"play_id":"8bb1e0e3-d839-4ba0-86eb-35ebe88dd264","local_time":"20210218134655","is_ascension_mode":true,"campfire_choices":[{"data":"Hyperbeam","floor":8.0,"key":"SMITH"},{"floor":12.0,"key":"REST"},{"floor":15.0,"key":"REST"},{"data":"Recycle","floor":17.0,"key":"SMITH"}],"circlet_count":0,"master_deck":["AscendersBane","Strike_B","Strike_B","Strike_B","Defend_B","Defend_B","Defend_B","Defend_B","Zap","Dualcast","Recycle+1","Streamline","Hyperbeam+1","Coolheaded","Sunder"],"relics":["Cracked Core","NeowsBlessing","Toy Ornithopter","Orichalcum","Matryoshka","Singing Bowl"],"acts_visited":["Exordium"],"potions_floor_usage":[],"damage_taken":[{"damage":0.0,"enemies":"Jaw Worm","floor":1.0,"turns":1.0},{"damage":0.0,"enemies":"Cultist","floor":4.0,"turns":1.0},{"damage":0.0,"enemies":"2 Louse","floor":5.0,"turns":1.0},{"damage":32.0,"enemies":"Gremlin Nob","floor":6.0,"turns":4.0},{"damage":14.0,"enemies":"2 Fungi Beasts","floor":7.0,"turns":4.0},{"damage":0.0,"enemies":"Large Slime","floor":10.0,"turns":4.0},{"damage":15.0,"enemies":"Lagavulin","floor":11.0,"turns":5.0},{"damage":12.0,"enemies":"Exordium Thugs","floor":13.0,"turns":3.0},{"damage":6.0,"enemies":"Looter","floor":14.0,"turns":2.0},{"damage":36,"enemies":"The Guardian","floor":18,"turns":5}],"seed_played":"6917335717867337203","potions_obtained":[{"floor":1.0,"key":"Fire Potion"},{"floor":5.0,"key":"SkillPotion"},{"floor":6.0,"key":"BlessingOfTheForge"},{"floor":13.0,"key":"SpeedPotion"}],"is_trial":false,"path_per_floor":["M","?","?","M","M","E","M","R","T","M","E","R","M","M","R","$","R","B"],"character_chosen":"DEFECT","items_purchased":["Singing Bowl","Sunder"],"campfire_rested":2,"item_purchase_floors":[16,16],"current_hp_per_floor":[64,64,64,64,64,32,18,18,18,18,8,29,17,11,32,32,32,0,0],"gold":53,"neow_bonus":"THREE_ENEMY_KILL","is_daily":false,"chose_seed":false,"campfire_upgraded":2,"win_rate":0.0,"timestamp":1613627215,"path_taken":["M","?","?","?","?","E","M","R","T","M","E","R","M","?","R","$","R","BOSS"],"items_purchased_type":["Relic","Card"],"build_version":"2020-12-22","purchased_purges":1,"victory":false,"max_hp_per_floor":[71,71,71,71,71,71,71,71,71,71,71,71,71,71,71,71,71,71,71],"card_choices":[{"not_picked":["Chill","Compile Driver"],"picked":"Recycle","floor":1.0},{"not_picked":["Doom and Gloom","Leap","Barrage"],"picked":"SKIP","floor":4.0},{"not_picked":["Force Field","Turbo"],"picked":"Streamline","floor":5.0},{"not_picked":["Redo","Darkness","Stack"],"picked":"SKIP","floor":6.0},{"not_picked":["Hologram","Force Field"],"picked":"Hyperbeam","floor":7.0},{"not_picked":["Rebound","Go for the Eyes","Fusion"],"picked":"SKIP","floor":10.0},{"not_picked":["Storm","Blizzard","Stack"],"picked":"SKIP","floor":11.0},{"not_picked":["Barrage","Leap"],"picked":"Coolheaded","floor":13.0},{"not_picked":["Hello World","Leap","Rebound"],"picked":"SKIP","floor":14.0}],"player_experience":552395,"relics_obtained":[{"floor":6.0,"key":"Toy Ornithopter"},{"floor":9.0,"key":"Orichalcum"},{"floor":11.0,"key":"Matryoshka"}],"event_choices":[{"damage_healed":0.0,"max_hp_gain":0.0,"max_hp_loss":0.0,"gold_gain":150.0,"event_name":"Liars Game","player_choice":"AGREE","floor":2.0,"gold_loss":0.0,"damage_taken":0.0,"cards_obtained":["Doubt"]},{"cards_removed":["Doubt"],"damage_healed":0.0,"max_hp_gain":0.0,"max_hp_loss":0.0,"gold_gain":0.0,"event_name":"Fountain of Cleansing","player_choice":"Removed Curses","floor":3.0,"gold_loss":0.0,"damage_taken":0.0}],"is_beta":false,"boss_relics":[],"items_purged_floors":[16],"is_endless":false,"potions_floor_spawned":[1,5,6,13],"killed_by":"The Guardian","ascension_level":15}}