{"host":"x52zk6e1f2bye2h7","time":1613686790,"event":{"mods":["AchievementEnabler","BaseMod","Highlight Path","Minty Spire (QoL Compilation)","everything is the same but u backflip on backflip"],"gold_per_floor":[114,124,0,19,194,194,212,245,313,313,313,323,335,367,367,465,515,526,544,544,444,444,479,493,493,516,431,431,431],"floor_reached":28,"language":"ENG","playtime":1648,"items_purged":["Defend_B","Zap"],"score":273,"play_id":"33cb996a-7c40-49f9-91c8-4087e52948b5","local_time":"20210218221950","is_ascension_mode":true,"campfire_choices":[{"data":"Dualcast","floor":6,"key":"SMITH"},{"data":"Barrage","floor":11,"key":"SMITH"},{"data":"Blizzard","floor":15,"key":"SMITH"},{"data":"Coolheaded","floor":25,"key":"SMITH"}],"circlet_count":0,"master_deck":["Strike_B+1","Strike_B","Strike_B","Defend_B","Defend_B","Dualcast+1","Glacier","Barrage+1","Doubt","Coolheaded","Blizzard+1","Glacier","Coolheaded+1","Self Repair"],"relics":["Cracked Core","TungstenRod","Symbiotic Virus","Art of War","Tiny House","Nilry\u0027s Codex","Orichalcum","Anchor","Eternal Feather"],"acts_visited":["Exordium","TheCity"],"potions_floor_usage":[8,8,16,16,23,23],"damage_taken":[{"damage":2,"enemies":"Cultist","floor":1,"turns":4},{"damage":0,"enemies":"Small Slimes","floor":2,"turns":3},{"damage":1,"enemies":"Jaw Worm","floor":4,"turns":3},{"damage":7,"enemies":"Looter","floor":7,"turns":4},{"damage":14,"enemies":"Gremlin Nob","floor":8,"turns":3},{"damage":5,"enemies":"2 Fungi Beasts","floor":12,"turns":2},{"damage":0,"enemies":"Blue Slaver","floor":13,"turns":3},{"damage":8,"enemies":"Lagavulin","floor":14,"turns":7},{"damage":10,"enemies":"Slime Boss","floor":16,"turns":10},{"damage":16,"enemies":"Chosen","floor":18,"turns":5},{"damage":7,"enemies":"3 Byrds","floor":19,"turns":5},{"damage":64,"enemies":"Slavers","floor":23,"turns":8},{"damage":6,"enemies":"Centurion and Healer","floor":24,"turns":16},{"damage":6,"enemies":"Colosseum Slavers","floor":28,"turns":5},{"damage":24,"enemies":"Colosseum Nobs","floor":28,"turns":5}],"seed_played":"6561655745034339836","potions_obtained":[{"floor":4,"key":"ColorlessPotion"},{"floor":7,"key":"SpeedPotion"},{"floor":14,"key":"EssenceOfSteel"},{"floor":16,"key":"PotionOfCapacity"},{"floor":17,"key":"FairyPotion"},{"floor":19,"key":"GamblersBrew"}],"is_trial":false,"path_per_floor":["M","M","$","M","?","R","M","E","T","?","R","M","M","E","R","B",null,"M","M","?","$","?","E","M","R","T","?","?"],"character_chosen":"DEFECT","items_purchased":["Fire Potion"],"campfire_rested":0,"item_purchase_floors":[3],"current_hp_per_floor":[73,73,73,72,72,72,65,51,51,45,45,40,40,32,32,22,80,64,57,45,45,45,22,16,16,16,16,0,0],"gold":431,"neow_bonus":"TRANSFORM_CARD","is_daily":false,"chose_seed":false,"campfire_upgraded":4,"win_rate":0.0,"timestamp":1613686790,"path_taken":["M","M","$","M","?","R","M","E","T","?","R","M","M","E","R","BOSS","M","M","?","$","?","E","M","R","T","?","?"],"items_purchased_type":["Potion"],"build_version":"2020-12-22","purchased_purges":2,"victory":false,"max_hp_per_floor":[75,75,75,75,75,75,75,75,75,75,75,75,75,75,75,75,80,80,80,80,80,80,80,80,80,80,80,80,80],"card_choices":[{"not_picked":["Ball Lightning","Turbo"],"picked":"Barrage","floor":1},{"not_picked":["Hologram","Streamline","Leap"],"picked":"SKIP","floor":2},{"not_picked":["Stack","Redo","Multi-Cast"],"picked":"SKIP","floor":4},{"not_picked":["Streamline","Conserve Battery","Sweeping Beam"],"picked":"SKIP","floor":7},{"not_picked":["Tempest","Stack","Melter"],"picked":"SKIP","floor":8},{"not_picked":["Rebound","Beam Cell"],"picked":"Coolheaded","floor":12},{"not_picked":["Melter","Aggregate"],"picked":"Blizzard","floor":13},{"not_picked":["Recycle","Gash","Stack"],"picked":"SKIP","floor":14},{"not_picked":["Turbo","BootSequence"],"picked":"Glacier","floor":17},{"not_picked":["Leap","Conserve Battery","Glacier"],"picked":"SKIP","floor":18},{"not_picked":["Conserve Battery","Aggregate"],"picked":"Coolheaded","floor":19},{"not_picked":["Cold Snap+1","Steam+1","Rip and Tear"],"picked":"SKIP","floor":23},{"not_picked":["Hologram","Conserve Battery"],"picked":"Self Repair","floor":24}],"player_experience":143611,"relics_obtained":[{"floor":8,"key":"TungstenRod"},{"floor":9,"key":"Symbiotic Virus"},{"floor":14,"key":"Art of War"},{"floor":20,"key":"Nilry\u0027s Codex"},{"floor":23,"key":"Orichalcum"},{"floor":26,"key":"Anchor"}],"event_choices":[{"damage_healed":0,"gold_gain":175,"player_choice":"AGREE","damage_taken":0,"max_hp_gain":0,"max_hp_loss":0,"event_name":"Liars Game","floor":5,"gold_loss":0,"cards_obtained":["Doubt"]},{"cards_removed":["Defend_B"],"damage_healed":0,"gold_gain":0,"player_choice":"Card Removal","damage_taken":7,"max_hp_gain":0,"max_hp_loss":0,"event_name":"Golden Wing","floor":10,"gold_loss":0},{"damage_healed":0,"gold_gain":0,"player_choice":"Obtained Book","damage_taken":16,"max_hp_gain":0,"max_hp_loss":0,"event_name":"Cursed Tome","floor":20,"gold_loss":0},{"damage_healed":0,"gold_gain":0,"player_choice":"Ignored","damage_taken":0,"max_hp_gain":0,"max_hp_loss":0,"event_name":"Ghosts","floor":22,"gold_loss":0},{"damage_healed":0,"gold_gain":0,"player_choice":"Obtained Relic","damage_taken":0,"relics_obtained":["Eternal Feather"],"max_hp_gain":0,"max_hp_loss":0,"event_name":"Addict","floor":27,"gold_loss":85},{"damage_healed":0,"gold_gain":0,"player_choice":"Fight","damage_taken":0,"max_hp_gain":0,"max_hp_loss":0,"event_name":"Colosseum","floor":28,"gold_loss":0},{"damage_healed":0,"gold_gain":0,"player_choice":"Fought Nobs","damage_taken":0,"max_hp_gain":0,"max_hp_loss":0,"event_name":"Colosseum","floor":28,"gold_loss":0}],"is_beta":false,"boss_relics":[{"not_picked":["Pandora\u0027s Box","Cursed Key"],"picked":"Tiny House"}],"items_purged_floors":[3,21],"is_endless":false,"potions_floor_spawned":[4,7,14,16,19],"killed_by":"Colosseum Nobs","ascension_level":2}}