{"host":"9tfvol0kcdggcv47","time":1613687485,"event":{"mods":["BaseMod","Bestiary","Highlight Path","Infinite Spire","Minty Spire (QoL Compilation)","Quick Restart","Relic Stats","Reliquary","Replay The Spire","StSLib"],"gold_per_floor":[115,115,127,141,153,180,180,180,180,209,209,209,209,209],"floor_reached":13,"language":"ENG","playtime":402,"items_purged":[],"score":135,"play_id":"8af30f2f-8a60-41a7-b74a-364bd503d9b3","local_time":"20210218173125","is_ascension_mode":true,"campfire_choices":[{"data":"Barrage","floor":7,"key":"SMITH"}],"circlet_count":0,"master_deck":["Strike_B","Strike_B","Strike_B","Defend_B","Defend_B","Defend_B","Defend_B","Zap","Dualcast","Sweeping Beam","Coolheaded","Barrage+1","Self Repair","Panic Button"],"relics":["Cracked Core","NeowsBlessing","Darkstone Periapt","Eternal Feather","Bottled Lightning","Dream Catcher"],"acts_visited":[],"potions_floor_usage":[10,13],"damage_taken":[{"damage":0.0,"enemies":"Jaw Worm","floor":1.0,"turns":1.0},{"damage":0.0,"enemies":"Cultist","floor":3.0,"turns":1.0},{"damage":0.0,"enemies":"2 Louse","floor":4.0,"turns":1.0},{"damage":5.0,"enemies":"2 Fungi Beasts","floor":5.0,"turns":3.0},{"damage":27,"enemies":"3 Sentries","floor":6,"turns":10},{"damage":16,"enemies":"Gremlin Nob","floor":10,"turns":4},{"damage":23,"enemies":"3 Sentries","floor":13,"turns":6}],"seed_played":"1164265129998423089","potions_obtained":[{"floor":3.0,"key":"DuplicationPotion"},{"floor":6,"key":"AttackPotion"},{"floor":10,"key":"Adrenaline Potion"}],"is_trial":false,"path_per_floor":["M","?","M","M","M","E","R","?","T","E","PTL","PTL","E"],"character_chosen":"DEFECT","items_purchased":[],"campfire_rested":0,"item_purchase_floors":[],"current_hp_per_floor":[68,68,68,68,63,36,36,36,36,27,27,27,4,4],"gold":209,"neow_bonus":"THREE_ENEMY_KILL","is_daily":false,"chose_seed":false,"campfire_upgraded":1,"win_rate":0.0,"timestamp":1613687485,"path_taken":["M","?","M","M","?","E","R","?","T","E","PTL","PTL","E"],"items_purchased_type":[],"build_version":"2020-12-22","purchased_purges":0,"victory":false,"max_hp_per_floor":[75,75,75,75,75,75,75,75,75,75,75,75,75,75],"relic_stats":{"Darkstone Periapt":0,"Dream Catcher":0,"counters":[7,26],"Eternal Feather":0,"obtain_stats":[{"Darkstone Periapt":6,"Dream Catcher":10,"NeowsBlessing":0,"Eternal Feather":8,"Bottled Lightning":9,"Cracked Core":0},{"Darkstone Periapt":5,"Dream Catcher":6,"NeowsBlessing":0,"Eternal Feather":5,"Bottled Lightning":5,"Cracked Core":0},{"Darkstone Periapt":16,"Dream Catcher":20,"NeowsBlessing":0,"Eternal Feather":16,"Bottled Lightning":16,"Cracked Core":0}]},"card_choices":[{"not_picked":["Conserve Battery","Stack"],"picked":"Sweeping Beam","floor":1.0},{"not_picked":["Recycle","Stack","Hello World"],"picked":"SKIP","floor":3.0},{"not_picked":["Cold Snap","Redo"],"picked":"Coolheaded","floor":4.0},{"not_picked":["Beam Cell","Hologram"],"picked":"Barrage","floor":5},{"not_picked":["Panic Button","Streamline"],"picked":"Self Repair","floor":6},{"not_picked":["Leap","Streamline"],"picked":"Panic Button","floor":10}],"player_experience":282452,"relics_obtained":[{"floor":6,"key":"Darkstone Periapt"},{"floor":9,"key":"Bottled Lightning"},{"floor":10,"key":"Dream Catcher"}],"event_choices":[{"cards_removed":["Strike_B"],"damage_healed":0.0,"max_hp_gain":0.0,"max_hp_loss":0.0,"gold_gain":0.0,"event_name":"Purifier","player_choice":"Purged","floor":2.0,"gold_loss":0.0,"damage_taken":0.0},{"damage_healed":0,"gold_gain":0,"player_choice":"Searched \u00271\u0027 times","damage_taken":0,"relics_obtained":["Eternal Feather"],"max_hp_gain":0,"max_hp_loss":0,"event_name":"Dead Adventurer","floor":8,"gold_loss":0}],"is_beta":false,"boss_relics":[],"items_purged_floors":[],"is_endless":false,"potions_floor_spawned":[3,6,10],"killed_by":"3 Sentries","ascension_level":9}}