{"host":"0fupymmp6wdjyqoi","time":1613670802,"event":{"mods":["BaseMod","Bestiary","Clockwork Mod","Conspire","Downfall","GifTheSpireLib","Hubris","Infinite Spire","Minty Spire (QoL Compilation)","Replay The Spire","StSLib","The Construct","The Senshi"],"gold_per_floor":[112,44,58,74,87,117,117,192,219,219,245,245,25,51,51,150,150,163,78,97,97,97,97,97,97],"floor_reached":24,"language":"ENG","playtime":1861,"items_purged":[],"score":227,"play_id":"5bc6fd1d-daca-49e0-bdd5-1738c2b9b89b","local_time":"20210218185322","is_ascension_mode":false,"campfire_choices":[{"floor":7.0,"key":"REST"},{"data":"Rupture","floor":10.0,"key":"SMITH"},{"floor":12.0,"key":"REST"},{"data":"Berserk","floor":15.0,"key":"SMITH"},{"data":"Bite","floor":23.0,"key":"SMITH"}],"circlet_count":0,"master_deck":["Defend_R+1","Defend_R+1","Defend_R+1","Defend_R+1","Bash","Disarm","Hemokinesis","Ghostly Armor","Rupture+1","Double Tap","Clash","Berserk+1","Inflame","Limit Break","Feel No Pain+1","Fire Breathing+1","Brutality+1","Combust","Bloodletting","Bite","Bite","Bite+1","Bite","Bite"],"relics":["Burning Blood","Tiny Chest","MealTicket","Anchor","Strawberry","Centennial Puzzle","Dream Catcher","Astrolabe","Calipers"],"acts_visited":[],"potions_floor_usage":[24,24],"damage_taken":[{"damage":2.0,"enemies":"Cultist","floor":1.0,"turns":6.0},{"damage":5.0,"enemies":"Jaw Worm","floor":3.0,"turns":5.0},{"damage":2.0,"enemies":"2 Louse","floor":4.0,"turns":2.0},{"damage":4.0,"enemies":"Looter","floor":5.0,"turns":5.0},{"damage":36.0,"enemies":"Lagavulin","floor":6.0,"turns":8.0},{"damage":39.0,"enemies":"Gremlin Nob","floor":11.0,"turns":5.0},{"damage":17.0,"enemies":"Slime Boss","floor":16.0,"turns":8.0},{"damage":29.0,"enemies":"Spheric Guardian","floor":18.0,"turns":5.0},{"damage":33.0,"enemies":"2 Thieves","floor":20.0,"turns":4.0},{"damage":46,"enemies":"Slavers","floor":24,"turns":4}],"seed_played":"4316134989685256958","potions_obtained":[{"floor":1.0,"key":"Explosive Potion"},{"floor":6.0,"key":"LiquidMemories"},{"floor":16.0,"key":"Block Potion"},{"floor":20.0,"key":"Strength Potion"}],"is_trial":false,"path_per_floor":["M","$","M","M","M","E","R","?","T","R","E","R","$","T","R","B",null,"M","?","M","?","?","R","E"],"character_chosen":"IRONCLAD","items_purchased":["Hemokinesis","Centennial Puzzle","Inflame"],"campfire_rested":2,"item_purchase_floors":[2,13,13],"current_hp_per_floor":[80,80,80,80,80,50,74,63,63,63,37,63,78,78,78,67,87,64,64,37,37,37,37,0,0],"gold":97,"neow_bonus":"RANDOM_COMMON_RELIC","is_daily":false,"chose_seed":false,"campfire_upgraded":3,"win_rate":0.0,"timestamp":1613670802,"path_taken":["M","?","M","?","M","E","R","?","T","R","E","R","$","?","R","BOSS","M","?","M","?","?","R","E"],"items_purchased_type":["Card","Relic","Card"],"build_version":"2020-12-22","purchased_purges":0,"victory":false,"max_hp_per_floor":[80,80,80,80,80,80,80,80,80,80,87,87,87,87,87,87,87,87,87,87,87,60,60,60,60],"card_choices":[{"not_picked":["Dropkick","Iron Wave"],"picked":"Disarm","floor":1.0},{"not_picked":["Heavy Blade","Metallicize"],"picked":"Ghostly Armor","floor":3.0},{"not_picked":["Clash","Armaments"],"picked":"Rupture","floor":4.0},{"not_picked":["Clothesline","Perfected Strike"],"picked":"Double Tap","floor":5.0},{"not_picked":["Heavy Blade","Perfected Strike"],"picked":"Clash","floor":6.0},{"not_picked":["Cleave","Warcry"],"picked":"Berserk","floor":11.0},{"not_picked":["Double Tap","Fiend Fire"],"picked":"Limit Break","floor":16.0},{"not_picked":["Spot Weakness","Shrug It Off"],"picked":"Combust","floor":18.0},{"not_picked":["Combust","Iron Wave"],"picked":"Bloodletting","floor":20.0}],"player_experience":29052,"relics_obtained":[{"floor":6.0,"key":"MealTicket"},{"floor":9.0,"key":"Anchor"},{"floor":11.0,"key":"Strawberry"},{"floor":14.0,"key":"Dream Catcher"}],"event_choices":[{"damage_healed":0.0,"max_hp_gain":0.0,"max_hp_loss":0.0,"gold_gain":75.0,"event_name":"World of Goop","player_choice":"Gather Gold","floor":8.0,"gold_loss":0.0,"damage_taken":11.0},{"damage_healed":0.0,"max_hp_gain":0.0,"max_hp_loss":0.0,"gold_gain":0.0,"event_name":"Addict","player_choice":"Obtained Relic","floor":19.0,"gold_loss":85.0,"damage_taken":0.0,"relics_obtained":["Calipers"]},{"damage_healed":0.0,"max_hp_gain":0.0,"max_hp_loss":0.0,"gold_gain":0.0,"event_name":"Back to Basics","player_choice":"Simplicity","floor":21.0,"gold_loss":0.0,"damage_taken":0.0,"cards_upgraded":["Strike_R","Strike_R","Defend_R","Defend_R","Defend_R","Defend_R"]},{"damage_healed":0.0,"max_hp_gain":0.0,"max_hp_loss":27.0,"gold_gain":0.0,"event_name":"Vampires","player_choice":"Became a vampire","floor":22.0,"gold_loss":0.0,"damage_taken":0.0,"cards_obtained":["Bite","Bite","Bite","Bite","Bite"]}],"is_beta":false,"boss_relics":[{"not_picked":["Runic Dome","Ectoplasm"],"picked":"Astrolabe"}],"items_purged_floors":[],"is_endless":false,"potions_floor_spawned":[1,6,16,20],"killed_by":"Slavers","ascension_level":0}}