{"host":"32dedufnxebqtmo3","time":1613683075,"event":{"mods":["AchievementEnabler","Act Like it!","BaseMod","Better Third Choice","Card Filter","Clockwork Mod","Colored Powertips","Defuse TimeMaze Blight","GifTheSpireLib","Minty Spire (QoL Compilation)","Permanent Neow","Relic Filter","Relic Stats","Remove Card Discount Mod","Ruina","Shapeshifter Mod","Shop Mod","StSLib","The Cursed","Unceasing Turn Reminder"],"gold_per_floor":[109,122,27,40,74,74,91,136,136,136,136,136,182,193,193,193,193],"floor_reached":16,"language":"ENG","playtime":1035,"items_purged":["StSShapeShifter:ShapeShifter_Strike","StSShapeShifter:ShapeShifter_Strike","StSShapeShifter:ShapeShifter_Strike"],"score":112,"play_id":"59309952-7880-4d73-b7fa-4c98e382a621","local_time":"20210218131755","is_ascension_mode":false,"campfire_choices":[{"data":"StSShapeShifter:RockSlide","floor":6,"key":"SMITH"},{"data":"StSShapeShifter:BloomingSlash","floor":10,"key":"SMITH"},{"floor":12,"key":"REST"},{"floor":15,"key":"REST"}],"circlet_count":0,"master_deck":["StSShapeShifter:ShapeShifter_Strike","StSShapeShifter:ShapeShifter_Strike","StSShapeShifter:ShapeShifter_Defend","StSShapeShifter:ShapeShifter_Defend","StSShapeShifter:ShapeShifter_Defend","StSShapeShifter:ShapeShifter_Defend","StSShapeShifter:ShapeShifter_Defend","StSShapeShifter:Tortoise_Form+1","StSShapeShifter:Lynx_Form","StSShapeShifter:RockSlide+1","StSShapeShifter:BloomingSlash+1","Madness","StSShapeShifter:FoxForm","StSShapeShifter:IntimidatingAura","StSShapeShifter:FruitBasket","StSShapeShifter:EntForm"],"relics":["StSShapeShifter:AnimalHeart","StSShapeShifter:TheShapeShiftersMagnolia","Eternal Feather","FossilizedHelix","Toy Ornithopter","Potion Belt","Letter Opener"],"acts_visited":["Exordium"],"potions_floor_usage":[8,16],"damage_taken":[{"damage":0,"enemies":"2 Louse","floor":1,"turns":2},{"damage":0,"enemies":"Jaw Worm","floor":2,"turns":5},{"damage":0,"enemies":"Cultist","floor":4,"turns":4},{"damage":7,"enemies":"Blue Slaver","floor":5,"turns":4},{"damage":0,"enemies":"2 Fungi Beasts","floor":7,"turns":2},{"damage":49,"enemies":"Gremlin Nob","floor":8,"turns":6},{"damage":16,"enemies":"Lagavulin","floor":13,"turns":9},{"damage":0,"enemies":"Gremlin Gang","floor":14,"turns":1},{"damage":0,"enemies":"The Guardian","floor":16,"turns":2}],"seed_played":"2329214977035279669","potions_obtained":[{"floor":1,"key":"Dexterity Potion"},{"floor":4,"key":"Fire Potion"},{"floor":8,"key":"Fire Potion"},{"floor":13,"key":"StSShapeShifter:PolyBeastPotion"}],"is_trial":false,"path_per_floor":["M","M","$","M","M","R","M","E","T","R","?","R","E","M","R","B"],"character_chosen":"SHAPESHIFTER","items_purchased":["Madness"],"campfire_rested":2,"item_purchase_floors":[3],"current_hp_per_floor":[78,78,78,78,71,71,71,22,22,31,3,35,21,21,53,58,58],"gold":193,"neow_bonus":"UPGRADE_CARD","is_daily":false,"chose_seed":false,"campfire_upgraded":2,"win_rate":0.0,"timestamp":1613683075,"path_taken":["M","M","$","M","M","R","M","E","T","R","?","R","E","M","R","BOSS"],"items_purchased_type":["Card"],"build_version":"2020-12-22","purchased_purges":3,"victory":false,"max_hp_per_floor":[78,78,78,78,78,78,78,78,78,78,78,78,78,78,78,78,78],"relic_stats":{"counters":[9,35],"Eternal Feather":27,"Letter Opener":[0],"obtain_stats":[{"StSShapeShifter:TheShapeShiftersMagnolia":0,"Potion Belt":11,"StSShapeShifter:AnimalHeart":0,"Eternal Feather":8,"Letter Opener":13,"FossilizedHelix":9,"Toy Ornithopter":11},{"StSShapeShifter:TheShapeShiftersMagnolia":0,"Potion Belt":6,"StSShapeShifter:AnimalHeart":0,"Eternal Feather":6,"Letter Opener":7,"FossilizedHelix":6,"Toy Ornithopter":6},{"StSShapeShifter:TheShapeShiftersMagnolia":0,"Potion Belt":23,"StSShapeShifter:AnimalHeart":0,"Eternal Feather":23,"Letter Opener":32,"FossilizedHelix":23,"Toy Ornithopter":23}],"Toy Ornithopter":5},"card_choices":[{"not_picked":["StSShapeShifter:Ensconce","StSShapeShifter:FallingLeaves"],"picked":"StSShapeShifter:RockSlide","floor":1},{"not_picked":["StSShapeShifter:Guard","StSShapeShifter:SunflowerShuriken"],"picked":"StSShapeShifter:BloomingSlash","floor":2},{"not_picked":["StSShapeShifter:Efflorescence","StSShapeShifter:BloomingSlash"],"picked":"StSShapeShifter:FoxForm","floor":4},{"not_picked":["StSShapeShifter:OpportuneSwoop","StSShapeShifter:Rest","StSShapeShifter:DeerForm"],"picked":"SKIP","floor":5},{"not_picked":["StSShapeShifter:RockSlide","StSShapeShifter:Roar"],"picked":"StSShapeShifter:IntimidatingAura","floor":7},{"not_picked":["StSShapeShifter:WiltingWrath","StSShapeShifter:PoisonIvy"],"picked":"StSShapeShifter:FruitBasket","floor":8},{"not_picked":["StSShapeShifter:EagleForm","StSShapeShifter:VileMushroom","StSShapeShifter:Winter"],"picked":"SKIP","floor":13},{"not_picked":["StSShapeShifter:SunflowerShuriken","StSShapeShifter:Roar"],"picked":"StSShapeShifter:EntForm","floor":14}],"player_experience":726148,"relics_obtained":[{"floor":8,"key":"Eternal Feather"},{"floor":9,"key":"FossilizedHelix"},{"floor":13,"key":"Letter Opener"}],"event_choices":[{"damage_healed":0,"gold_gain":1,"player_choice":"Relic Relic ","damage_taken":28,"max_hp_gain":0,"max_hp_loss":0,"event_name":"betterThird:BetterScrap","floor":11,"gold_loss":0,"cards_obtained":["Rip and Tear"]}],"is_beta":false,"boss_relics":[],"items_purged_floors":[3,3,3],"is_endless":false,"potions_floor_spawned":[1,4,8,13],"killed_by":"The Guardian","ascension_level":0}}