{"host":"4wxwpv5qre4pm8t8","time":1613642245,"event":{"mods":["2.2 Compatiblity","AchievementEnabler","Act Like it!","Always Whale","Astrologer","BaseMod","Challenge The Spire","Conspire","Dota2Spire","Downfall","Elementarium","Friendly Minions","GungeonMod","Halation","Hallownest","Hermit","Highlight Path","Hubris","Infinite Spire","Lobotomy","Minty Spire (QoL Compilation)","Pale of the Ancients","Random Character Button","Replay The Spire","Shop Mod","StSLib","SuperFastMode","The Animator","The Bug Knight","The Jungle","TheFirefly","Useless Jewels Mod","Yuri Mod","[IsaacMod]????","egg"],"gold_per_floor":[111,126,143,161,175,252,252,329,411,411,537,601,618,637,637,735,735,746,765,864,877,877,877,877,877],"floor_reached":24,"language":"ENG","playtime":1574,"items_purged":[],"score":259,"play_id":"044f67a6-94c1-4d94-ade4-2df374d8d5b7","local_time":"20210218015725","is_ascension_mode":true,"campfire_choices":[],"circlet_count":0,"master_deck":["SpecialBullet","SpecialBullet","SpecialBullet","SpecialBullet","SpecialBullet","SpecialBullet","SpecialBullet","SpecialBullet","InformationCode","TrainingCode","SecurityCode","OldLady","Wingbeat","Logging","LifeForTheDareDevil","CherryBlossom","CrimsonScar","Noise","Lamp+2","OSAHOGD","FeatherOfHonor","WristCuter","SpiderBud","Noise","Regret_ego","DisciplinaryCode"],"relics":["CogitoBucket","HushsDoor","KeepersGift","Oddly Smooth Stone","hubris:MobiusCoin","DeadEye","conspire:BottledYoYo","Calipers","ResearcherNote","hubris:Backtick","Tiny Chest","BackwardClock"],"acts_visited":["Exordium","TheCity"],"potions_floor_usage":[12,16,19,19,21],"damage_taken":[{"damage":26,"enemies":"infinitespire:Voidling","floor":1,"turns":3},{"damage":0,"enemies":"Cultist","floor":2,"turns":2},{"damage":2,"enemies":"Jaw Worm","floor":3,"turns":2},{"damage":0,"enemies":"3 Louse","floor":4,"turns":2},{"damage":6,"enemies":"Red Slaver","floor":5,"turns":2},{"damage":1,"enemies":"Replay:BlueRogue","floor":6,"turns":2},{"damage":0,"enemies":"HollowMod:MossKnight","floor":8,"turns":3},{"damage":1,"enemies":"3 Sentries","floor":11,"turns":3},{"damage":30,"enemies":"conspire:2 RoseBushes","floor":12,"turns":4},{"damage":2,"enemies":"Looter","floor":13,"turns":2},{"damage":0,"enemies":"Exordium Wildlife","floor":14,"turns":2},{"damage":37,"enemies":"The Guardian","floor":16,"turns":10},{"damage":4,"enemies":"Chosen","floor":18,"turns":2},{"damage":27,"enemies":"Spheric Guardian","floor":19,"turns":6},{"damage":20,"enemies":"Centurion and Healer","floor":21,"turns":3},{"damage":21,"enemies":"Gremlin Leader","floor":24,"turns":2}],"seed_played":"-6978711981196799251","potions_obtained":[{"floor":3,"key":"Reflective Coating"},{"floor":5,"key":"Weak Potion"},{"floor":8,"key":"Swift Potion"},{"floor":12,"key":"Dota2Spire:HealingSalve"},{"floor":16,"key":"champ:CounterPotion"},{"floor":19,"key":"Toxic Potion"}],"is_trial":false,"path_per_floor":["M","M","M","M","M","E","R","E","T","R","E","M","M","M","R","B",null,"M","M","?","M","?","R","E"],"character_chosen":"Angela","items_purchased":[],"campfire_rested":0,"item_purchase_floors":[],"current_hp_per_floor":[52,60,66,66,60,59,59,59,59,59,58,28,26,26,26,7,70,66,39,39,19,19,19,0,0],"gold":877,"neow_bonus":"RANDOM_COMMON_RELIC","is_daily":false,"chose_seed":false,"campfire_upgraded":0,"win_rate":0.0,"timestamp":1613642245,"path_taken":["M","M","?","M","?","E","R","E","T","R","E","M","M","M","R","BOSS","M","M","?","?","?","R","E"],"items_purchased_type":[],"build_version":"2020-12-22","purchased_purges":0,"victory":false,"max_hp_per_floor":[70,70,70,70,70,70,70,70,70,70,70,70,70,70,70,70,70,70,70,70,70,70,70,70,70],"card_choices":[{"not_picked":["Yin","MeatLantern"],"picked":"OldLady","floor":1},{"not_picked":["RapturousDream"],"picked":"Wingbeat","floor":1},{"not_picked":["BloodyDesire"],"picked":"Logging","floor":2},{"not_picked":["RedEyes"],"picked":"LifeForTheDareDevil","floor":3},{"not_picked":["Reverberation"],"picked":"CherryBlossom","floor":4},{"not_picked":["Tough","SwordSharpenedByTears"],"picked":"SKIP","floor":5},{"not_picked":["SoundOfStar"],"picked":"CrimsonScar","floor":6},{"not_picked":["ParadiseLost"],"picked":"Noise","floor":8},{"not_picked":["Moonlight"],"picked":"Lamp","floor":11},{"not_picked":["SingingMachine","MHz"],"picked":"OSAHOGD","floor":12},{"not_picked":["BlueScar"],"picked":"FeatherOfHonor","floor":12},{"not_picked":["Tough"],"picked":"WristCuter","floor":13},{"not_picked":["LaLuna","ShyLook"],"picked":"SpiderBud","floor":14},{"not_picked":["TodaysExpression","Harmony"],"picked":"SKIP","floor":14},{"not_picked":["Penitence"],"picked":"Noise","floor":18},{"not_picked":["Wingbeat"],"picked":"Regret_ego","floor":19},{"not_picked":["RapturousDream","Harmony+1"],"picked":"SKIP","floor":21}],"player_experience":538468,"relics_obtained":[{"floor":6,"key":"hubris:MobiusCoin"},{"floor":8,"key":"DeadEye"},{"floor":9,"key":"conspire:BottledYoYo"},{"floor":11,"key":"Calipers"}],"event_choices":[{"damage_healed":0,"gold_gain":99,"player_choice":"Stole From Cult","damage_taken":0,"max_hp_gain":0,"max_hp_loss":0,"event_name":"Nest","floor":20,"gold_loss":0},{"damage_healed":0,"gold_gain":0,"player_choice":"Ignored","damage_taken":0,"max_hp_gain":0,"max_hp_loss":0,"event_name":"Vampires","floor":22,"gold_loss":0}],"is_beta":false,"boss_relics":[{"not_picked":["halation:PlatinumPhoenix","hubris:ScarierMask"],"picked":"hubris:Backtick"},{"not_picked":[]}],"items_purged_floors":[],"is_endless":false,"potions_floor_spawned":[3,5,8,12,16,18,19],"killed_by":"Gremlin Leader","ascension_level":1}}