{"host":"pqs17sqrgflf4eqa","time":1613692754,"event":{"mods":["AchievementEnabler","BaseMod","Bestiary","Better Altar","Better Match","Better Skull","Block Reminder","Bossed Relics","Colored Map","Colored Powertips","Curses Come First","Dark Map","DeckTracker","Defective Defect","Displayed Cursed Tome","Emptier Cage","Googly Eyes","Highlight Path","Minty Spire (QoL Compilation)","Quick Restart","Slay-I","StSLib","SuperFastMode","Synergy Search","Thieving Mod","Transform Curses","everything is the same but u backflip on backflip","slay the spire mod where everything is the same but ironclad has a cowboy hat"],"gold_per_floor":[119,130,130,130,145,472,472,527,578,89,107,141,151,171,171,268,268,313,339,339,339,43,43,43],"floor_reached":23,"language":"ENG","playtime":500,"items_purged":["Defend_P"],"score":324,"play_id":"4deee779-7192-4ae8-9e92-698303fb67f0","local_time":"20210218185914","is_ascension_mode":true,"campfire_choices":[{"data":"Eruption","floor":7.0,"key":"SMITH"},{"data":"Vault","floor":15.0,"key":"SMITH"}],"circlet_count":0,"master_deck":["Strike_P","Strike_P","Strike_P","Strike_P","Defend_P","Defend_P","Defend_P","Eruption+1","Vigilance","Dramatic Entrance","ForeignInfluence","FlyingSleeves+1","FearNoEvil+1","Conclude","Protect","Protect","BattleHymn","Flash of Steel","Tantrum","Vault+1","Prostrate","FollowUp","Wish","ClearTheMind+1","EmptyFist","DevaForm"],"relics":["PureWater","Art of War","Old Coin","Dream Catcher","Whetstone","StrikeDummy","Incense Burner","Philosopher\u0027s Stone","Red Mask","Pear","Toolbox"],"acts_visited":["Exordium","TheCity"],"potions_floor_usage":[19,19],"damage_taken":[{"damage":0.0,"enemies":"Jaw Worm","floor":1.0,"turns":2.0},{"damage":0.0,"enemies":"Cultist","floor":2.0,"turns":3.0},{"damage":3.0,"enemies":"2 Louse","floor":5.0,"turns":2.0},{"damage":20.0,"enemies":"Lagavulin","floor":6.0,"turns":4.0},{"damage":16.0,"enemies":"Gremlin Nob","floor":8.0,"turns":3.0},{"damage":0.0,"enemies":"Large Slime","floor":11.0,"turns":3.0},{"damage":12.0,"enemies":"3 Sentries","floor":12.0,"turns":3.0},{"damage":0.0,"enemies":"Exordium Wildlife","floor":13.0,"turns":2.0},{"damage":11.0,"enemies":"Looter","floor":14.0,"turns":2.0},{"damage":0.0,"enemies":"Hexaghost","floor":16.0,"turns":6.0},{"damage":2.0,"enemies":"Shell Parasite","floor":18.0,"turns":3.0},{"damage":24,"enemies":"Masked Bandits","floor":19,"turns":4},{"damage":44,"enemies":"Slavers","floor":23,"turns":3}],"seed_played":"7051004671684152019","potions_obtained":[{"floor":2.0,"key":"Ancient Potion"},{"floor":5.0,"key":"Regen Potion"},{"floor":8.0,"key":"EssenceOfSteel"},{"floor":12.0,"key":"Block Potion"},{"floor":13.0,"key":"SkillPotion"},{"floor":16.0,"key":"ColorlessPotion"},{"floor":18.0,"key":"BottledMiracle"}],"is_trial":false,"path_per_floor":["M","M","?","?","M","E","R","?","T","$","M","E","M","M","R","B",null,"M","?","T","?","$","E"],"character_chosen":"WATCHER","items_purchased":["StrikeDummy","Protect","BattleHymn","Flash of Steel","DevaForm","Toolbox"],"campfire_rested":0,"item_purchase_floors":[10,10,10,10,22,22],"current_hp_per_floor":[65,65,65,65,62,51,51,35,35,35,35,23,23,12,12,12,57,55,31,41,41,41,0,0],"gold":43,"neow_bonus":"RANDOM_COLORLESS","is_daily":false,"chose_seed":false,"campfire_upgraded":2,"win_rate":0.0,"timestamp":1613692754,"path_taken":["M","M","?","?","?","E","R","?","T","$","M","E","M","M","R","BOSS","M","?","?","?","$","E"],"items_purchased_type":["Relic","Card","Card","Card","Card","Relic"],"build_version":"2020-12-22","purchased_purges":1,"victory":false,"max_hp_per_floor":[72,72,72,72,72,72,72,72,72,72,72,72,72,72,72,72,72,72,72,82,82,82,82,82],"card_choices":[{"not_picked":["Forethought","Bandage Up"],"picked":"Dramatic Entrance","floor":0.0},{"not_picked":["EmptyFist","FearNoEvil"],"picked":"ForeignInfluence","floor":1.0},{"not_picked":["Study","Collect"],"picked":"FlyingSleeves","floor":2.0},{"not_picked":["Evaluate","FlurryOfBlows"],"picked":"FearNoEvil","floor":5.0},{"not_picked":["WheelKick","LessonLearned"],"picked":"Conclude","floor":6.0},{"not_picked":["EmptyBody","Prostrate"],"picked":"Protect","floor":8.0},{"not_picked":["EmptyFist","WindmillStrike"],"picked":"Tantrum","floor":11.0},{"not_picked":["FlyingSleeves","JustLucky"],"picked":"Vault","floor":12.0},{"not_picked":["SandsOfTime","ReachHeaven"],"picked":"Prostrate","floor":13.0},{"not_picked":["MentalFortress","JustLucky"],"picked":"FollowUp","floor":14.0},{"not_picked":["LessonLearned","ConjureBlade"],"picked":"Wish","floor":16.0},{"not_picked":["FlyingSleeves","Meditate"],"picked":"ClearTheMind+1","floor":18.0},{"not_picked":["PathToVictory","ClearTheMind+1"],"picked":"EmptyFist","floor":19}],"player_experience":237169,"relics_obtained":[{"floor":6.0,"key":"Old Coin"},{"floor":9.0,"key":"Whetstone"},{"floor":12.0,"key":"Incense Burner"},{"floor":19,"key":"Red Mask"},{"floor":20,"key":"Pear"}],"event_choices":[{"damage_healed":0.0,"max_hp_gain":0.0,"max_hp_loss":0.0,"gold_gain":0.0,"event_name":"Golden Wing","player_choice":"Ignored","floor":3.0,"gold_loss":0.0,"damage_taken":0.0},{"damage_healed":0.0,"max_hp_gain":0.0,"max_hp_loss":0.0,"gold_gain":0.0,"event_name":"WeMeetAgain","player_choice":"Gave Potion","floor":4.0,"gold_loss":0.0,"damage_taken":0.0,"relics_obtained":["Art of War"]},{"damage_healed":0.0,"max_hp_gain":0.0,"max_hp_loss":0.0,"gold_gain":0.0,"event_name":"Dead Adventurer","player_choice":"Searched \u00273\u0027 times","floor":8.0,"gold_loss":0.0,"damage_taken":0.0,"relics_obtained":["Dream Catcher"]},{"damage_healed":0,"gold_gain":0,"player_choice":"Fought Bandits","damage_taken":0,"max_hp_gain":0,"max_hp_loss":0,"event_name":"Masked Bandits","floor":19,"gold_loss":0},{"damage_healed":0,"gold_gain":0,"player_choice":"Ignored","damage_taken":0,"max_hp_gain":0,"max_hp_loss":0,"event_name":"Vampires","floor":21,"gold_loss":0}],"is_beta":false,"boss_relics":[{"not_picked":["Coffee Dripper","Fusion Hammer"],"picked":"Philosopher\u0027s Stone"}],"items_purged_floors":[10],"is_endless":false,"potions_floor_spawned":[2,5,8,12,13,16,18],"killed_by":"Slavers","ascension_level":6}}