{"host":"u2qrfxkm3wve0vp3","time":1613661385,"event":{"mods":["AchievementEnabler","BaseMod","Downfall","Minty Spire (QoL Compilation)","Quick Restart","Shop Mod","StSLib","The Cursed","The Marked"],"gold_per_floor":[115,127,127,202,202,231,231,249,273,273,34,52,83,99,99,197,197],"floor_reached":16,"language":"ZHS","playtime":335,"items_purged":["theMarked:Defend"],"score":185,"play_id":"f00c07a5-2d41-49bd-ac75-49d33535b59b","local_time":"20210218231625","is_ascension_mode":false,"campfire_choices":[{"data":"theMarked:SoldierOfQuellstein","floor":7,"key":"SMITH"},{"data":"theMarked:Toughness","floor":15,"key":"SMITH"}],"circlet_count":0,"master_deck":["theMarked:Strike+1","theMarked:Strike","theMarked:Strike","theMarked:Strike","theMarked:Defend+1","theMarked:Defend+1","theMarked:Defend","theMarked:SoldierOfQuellstein+1","theMarked:GodGivenPower","theMarked:Challenge+1","theMarked:Toughness+1"],"relics":["theMarked:ArtifactOfAir","NeowsBlessing","Bronze Scales","War Paint"],"acts_visited":["Exordium"],"potions_floor_usage":[13,13],"damage_taken":[{"damage":0,"enemies":"Jaw Worm","floor":1,"turns":1},{"damage":0,"enemies":"2 Louse","floor":2,"turns":1},{"damage":0,"enemies":"3 Sentries","floor":6,"turns":1},{"damage":0,"enemies":"Small Slimes","floor":8,"turns":3},{"damage":1,"enemies":"Looter","floor":12,"turns":3},{"damage":7,"enemies":"Gremlin Nob","floor":13,"turns":3},{"damage":0,"enemies":"Red Slaver","floor":14,"turns":3},{"damage":9,"enemies":"Hexaghost","floor":16,"turns":9}],"seed_played":"3205385954136016033","potions_obtained":[{"floor":1,"key":"Fire Potion"},{"floor":2,"key":"AttackPotion"},{"floor":6,"key":"Strength Potion"},{"floor":16,"key":"Fire Potion"}],"is_trial":false,"path_per_floor":["M","M","?","?","?","E","R","M","T","?","$","M","E","M","R","B"],"character_chosen":"THE_DEFAULT","items_purchased":["theMarked:Challenge"],"campfire_rested":0,"item_purchase_floors":[11],"current_hp_per_floor":[72,72,65,54,59,59,59,59,59,44,44,43,36,36,36,27,27],"gold":197,"neow_bonus":"THREE_ENEMY_KILL","is_daily":false,"chose_seed":false,"campfire_upgraded":2,"win_rate":0.0,"timestamp":1613661385,"path_taken":["M","M","?","?","?","E","R","M","T","?","?","?","E","M","R","BOSS"],"items_purchased_type":["Card"],"build_version":"2020-12-22","purchased_purges":1,"victory":false,"max_hp_per_floor":[72,72,72,72,77,77,77,77,77,77,77,77,77,77,77,77,77],"card_choices":[{"not_picked":["theMarked:TunnelVision","theMarked:Opportunist","theMarked:Friction"],"picked":"SKIP","floor":1},{"not_picked":["theMarked:Pokerface","theMarked:ElectricStrings","theMarked:EmpowerWeapon"],"picked":"SKIP","floor":2},{"not_picked":["theMarked:Heritage","theMarked:Maelstrom"],"picked":"theMarked:GodGivenPower","floor":6},{"not_picked":["theMarked:Pokerface","theMarked:MuscleMemory","theMarked:ChainLightning"],"picked":"SKIP","floor":8},{"not_picked":["theMarked:ResourceFulStrike","theMarked:Memento","theMarked:LightningStrikesTwice"],"picked":"SKIP","floor":12},{"not_picked":["theMarked:TakeCover","theMarked:Aftermath","theMarked:Improvise"],"picked":"SKIP","floor":13},{"not_picked":["theMarked:TwofoldDefense","theMarked:Electrocute"],"picked":"theMarked:Toughness","floor":14}],"player_experience":325730,"relics_obtained":[{"floor":6,"key":"Bronze Scales"},{"floor":13,"key":"War Paint"}],"event_choices":[{"cards_removed":["theMarked:Strike"],"damage_healed":0,"gold_gain":0,"player_choice":"Card Removal","damage_taken":7,"max_hp_gain":0,"max_hp_loss":0,"event_name":"Golden Wing","floor":3,"gold_loss":0},{"damage_healed":0,"gold_gain":75,"player_choice":"Gather Gold","damage_taken":11,"max_hp_gain":0,"max_hp_loss":0,"event_name":"World of Goop","floor":4,"gold_loss":0},{"damage_healed":0,"gold_gain":0,"player_choice":"Donut","damage_taken":0,"max_hp_gain":5,"max_hp_loss":0,"event_name":"Big Fish","floor":5,"gold_loss":0},{"damage_healed":0,"gold_gain":0,"player_choice":"Entered Light","damage_taken":15,"max_hp_gain":0,"max_hp_loss":0,"event_name":"Shining Light","floor":10,"gold_loss":0,"cards_upgraded":["theMarked:Strike","theMarked:Defend"]}],"is_beta":false,"boss_relics":[],"items_purged_floors":[11],"is_endless":false,"potions_floor_spawned":[1,2,6,12,16],"killed_by":"Hexaghost","ascension_level":0}}