{"host":"qc1sjgtdjonvdsd8","time":1613679589,"event":{"mods":["BaseMod","Colored Map","Colored Powertips","Curses Come First","Minty Spire (QoL Compilation)","StSLib"],"gold_per_floor":[110,110,123,142,142,176,31,56,56,87,102,121,121,2,2,128,128,142,417,433,433,447,447,447],"floor_reached":23,"language":"ENG","playtime":1837,"items_purged":["Sever Soul"],"score":253,"play_id":"0ed9d0d2-d57e-4882-a833-420cae5176d2","local_time":"20210218121949","is_ascension_mode":true,"campfire_choices":[{"data":"True Grit","floor":15,"key":"SMITH"}],"circlet_count":0,"master_deck":["Strike_R","Strike_R","Strike_R","Defend_R","Defend_R","Defend_R","Bash","Reckless Charge","Power Through","Armaments","True Grit+1","Combust","Disarm","Cleave","Exhume","Regret","Flame Barrier"],"relics":["Black Blood","HornCleat","Bottled Flame","The Courier","Blood Vial","Golden Idol","Lee\u0027s Waffle","Art of War"],"acts_visited":["Exordium","TheCity"],"potions_floor_usage":[10,20,22],"damage_taken":[{"damage":1,"enemies":"Cultist","floor":1,"turns":4},{"damage":0,"enemies":"Jaw Worm","floor":3,"turns":4},{"damage":0,"enemies":"2 Louse","floor":4,"turns":3},{"damage":35,"enemies":"Lagavulin","floor":6,"turns":6},{"damage":16,"enemies":"Gremlin Nob","floor":8,"turns":5},{"damage":14,"enemies":"3 Sentries","floor":10,"turns":6},{"damage":16,"enemies":"Exordium Thugs","floor":11,"turns":7},{"damage":9,"enemies":"3 Louse","floor":12,"turns":3},{"damage":67,"enemies":"The Guardian","floor":16,"turns":16},{"damage":28,"enemies":"Chosen","floor":18,"turns":7},{"damage":29,"enemies":"Spheric Guardian","floor":20,"turns":5},{"damage":58,"enemies":"Snecko","floor":22,"turns":9},{"damage":21,"enemies":"Slavers","floor":23,"turns":3}],"seed_played":"6599236537700082261","potions_obtained":[{"floor":4,"key":"BloodPotion"},{"floor":8,"key":"ColorlessPotion"},{"floor":16,"key":"Swift Potion"},{"floor":18,"key":"Fire Potion"},{"floor":22,"key":"EntropicBrew"}],"is_trial":false,"path_per_floor":["M","?","M","M","?","E","$","E","T","E","M","M","?","$","R","B",null,"M","?","M","?","M","E"],"character_chosen":"IRONCLAD","items_purchased":["Combust","Lee\u0027s Waffle"],"campfire_rested":0,"item_purchase_floors":[7,14],"current_hp_per_floor":[80,80,80,80,80,51,51,41,41,33,25,24,24,81,81,20,81,65,65,50,50,22,3,3],"gold":447,"neow_bonus":"TRANSFORM_CARD","is_daily":false,"chose_seed":false,"campfire_upgraded":1,"win_rate":0.0,"timestamp":1613679589,"path_taken":["M","?","M","?","?","E","?","E","T","E","M","?","?","$","R","BOSS","M","?","?","?","M","E"],"items_purchased_type":["Card","Relic"],"build_version":"2020-12-22","purchased_purges":1,"victory":false,"max_hp_per_floor":[80,80,80,80,80,80,80,80,80,80,80,80,74,81,81,81,81,81,81,81,81,81,81,81],"card_choices":[{"not_picked":["Headbutt","Rampage"],"picked":"Power Through","floor":1},{"not_picked":["Rage","Heavy Blade"],"picked":"Armaments","floor":3},{"not_picked":["Iron Wave","Havoc","Headbutt"],"picked":"SKIP","floor":4},{"not_picked":["Reckless Charge","Sentinel"],"picked":"True Grit","floor":6},{"not_picked":["Twin Strike","Headbutt","Bloodletting"],"picked":"SKIP","floor":8},{"not_picked":["Havoc","Exhume"],"picked":"Disarm","floor":10},{"not_picked":["Flex","Cleave","Sword Boomerang"],"picked":"SKIP","floor":11},{"not_picked":["Entrench","Seeing Red"],"picked":"Cleave","floor":12},{"not_picked":["Double Tap","Feed"],"picked":"Exhume","floor":16},{"not_picked":["Perfected Strike","Clash","Entrench"],"picked":"SKIP","floor":18},{"not_picked":["Armaments","Uppercut"],"picked":"Flame Barrier","floor":20},{"not_picked":["Dual Wield","Flex","Clash+1"],"picked":"SKIP","floor":22}],"player_experience":292813,"relics_obtained":[{"floor":6,"key":"HornCleat"},{"floor":8,"key":"Bottled Flame"},{"floor":9,"key":"The Courier"},{"floor":10,"key":"Blood Vial"},{"floor":21,"key":"Art of War"}],"event_choices":[{"cards_removed":["Strike_R"],"damage_healed":0,"gold_gain":0,"player_choice":"Offered Basic","damage_taken":0,"max_hp_gain":0,"max_hp_loss":0,"event_name":"Bonfire Elementals","floor":2,"gold_loss":0},{"damage_healed":0,"gold_gain":0,"cards_transformed":["Defend_R"],"player_choice":"Change","damage_taken":0,"max_hp_gain":0,"max_hp_loss":0,"event_name":"Living Wall","floor":5,"gold_loss":0,"cards_obtained":["Sever Soul"]},{"damage_healed":0,"gold_gain":0,"player_choice":"Lose Max HP","damage_taken":0,"relics_obtained":["Golden Idol"],"max_hp_gain":0,"max_hp_loss":6,"event_name":"Golden Idol","floor":13,"gold_loss":0},{"damage_healed":0,"gold_gain":275,"player_choice":"Desecrate","damage_taken":0,"max_hp_gain":0,"max_hp_loss":0,"event_name":"Golden Shrine","floor":19,"gold_loss":0,"cards_obtained":["Regret"]},{"damage_healed":0,"gold_gain":0,"player_choice":"Relic","damage_taken":0,"max_hp_gain":0,"max_hp_loss":0,"event_name":"Wheel of Change","floor":21,"gold_loss":0}],"is_beta":false,"boss_relics":[{"not_picked":["Runic Dome","Tiny House"],"picked":"Black Blood"}],"items_purged_floors":[7],"is_endless":false,"potions_floor_spawned":[4,8,16,18,22],"killed_by":"Slavers","ascension_level":4}}