{"host":"l46m38yewlsb1e16","time":1613669677,"event":{"mods":["BaseMod","Infinite Spire","Minty Spire (QoL Compilation)","Replay The Spire","Shop Mod","StSLib","The Jungle"],"gold_per_floor":[361,341,359,138,154,154,185,204,227,259,271,294,320,350,362,479,491,514,194,205,205,223,223,223,223],"floor_reached":24,"language":"ENG","playtime":2349,"items_purged":["infinitespire:Pacifist","Strike_R"],"score":317,"play_id":"d53fa60f-076e-47a7-8aea-544fca6fb971","local_time":"20210218173437","is_ascension_mode":true,"campfire_choices":[{"data":"infinitespire:OneForAll","floor":6,"key":"SMITH"},{"data":"Inflame","floor":11,"key":"SMITH"},{"data":"Dark Embrace","floor":15,"key":"SMITH"},{"data":"Evolve","floor":23,"key":"SMITH"}],"circlet_count":0,"master_deck":["Strike_R","Defend_R","Defend_R","Defend_R","Defend_R","Bash","Shrug It Off","infinitespire:OneForAll+1","Wild Strike","Inflame+1","Sword Boomerang","Power Through","Replay:Undeath\u0027s Touch","Offering","Sword Boomerang","Dark Embrace+1","Infernal Blade","Shockwave","Limit Break","Fiend Fire+1","Burning Pact+1","Reaper+1","Evolve+1","Replay:Undeath\u0027s Touch","Whirlwind","Havoc+1"],"relics":["Burning Blood","Toy Ornithopter","MawBank","Astrolabe","Oddly Smooth Stone"],"acts_visited":["Exordium","TheCity"],"potions_floor_usage":[3,7,14,16,22],"damage_taken":[{"damage":16,"enemies":"Jaw Worm","floor":1,"turns":7},{"damage":6,"enemies":"Cultist","floor":3,"turns":3},{"damage":0,"enemies":"2 Louse","floor":5,"turns":3},{"damage":0,"enemies":"Lagavulin","floor":7,"turns":7},{"damage":3,"enemies":"Blue Slaver","floor":8,"turns":4},{"damage":18,"enemies":"3 Sentries","floor":10,"turns":8},{"damage":14,"enemies":"Large Slime","floor":12,"turns":3},{"damage":19,"enemies":"2 Fungi Beasts","floor":13,"turns":4},{"damage":11,"enemies":"Gremlin Gang","floor":14,"turns":4},{"damage":46,"enemies":"Hexaghost","floor":16,"turns":8},{"damage":21,"enemies":"Chosen","floor":18,"turns":5},{"damage":11,"enemies":"Spheric Guardian","floor":20,"turns":3},{"damage":17,"enemies":"Snecko","floor":22,"turns":4},{"damage":50,"enemies":"Slavers","floor":24,"turns":4}],"seed_played":"-8590235785845310447","potions_obtained":[{"floor":1,"key":"Fire Potion"},{"floor":2,"key":"LifebloodPotion"},{"floor":3,"key":"FearPotion"},{"floor":12,"key":"SkillPotion"},{"floor":14,"key":"SteroidPotion"},{"floor":16,"key":"SpeedPotion"},{"floor":18,"key":"Elixir"},{"floor":20,"key":"LiquidMemories"}],"is_trial":false,"path_per_floor":["M","?","M","$","M","R","E","M","T","E","R","M","M","M","R","B",null,"M","$","M","?","M","R","E"],"character_chosen":"IRONCLAD","items_purchased":["Wild Strike","Inflame","Sword Boomerang","Evolve","Oddly Smooth Stone"],"campfire_rested":0,"item_purchase_floors":[4,4,4,19,19],"current_hp_per_floor":[62,62,62,62,68,68,74,77,77,65,65,57,44,44,44,9,62,56,56,51,51,45,45,0,0],"gold":223,"neow_bonus":"TWO_FIFTY_GOLD","is_daily":false,"chose_seed":false,"campfire_upgraded":4,"win_rate":0.0,"timestamp":1613669677,"path_taken":["M","?","M","$","M","R","E","M","T","E","R","M","?","M","R","BOSS","M","$","M","?","M","R","E"],"items_purchased_type":["Card","Card","Card","Card","Relic"],"build_version":"2020-12-22","purchased_purges":2,"victory":false,"max_hp_per_floor":[80,80,80,80,80,80,80,80,80,80,80,80,80,80,80,80,80,80,80,80,80,80,80,80,80],"card_choices":[{"not_picked":["Intimidate","ReplayTheSpireMod:Strike From Hell"],"picked":"Shrug It Off","floor":1},{"not_picked":["Sword Boomerang","Sever Soul"],"picked":"infinitespire:OneForAll","floor":3},{"not_picked":["Second Wind","Sword Boomerang"],"picked":"Power Through","floor":5},{"not_picked":["Clothesline","Sword Boomerang"],"picked":"Replay:Undeath\u0027s Touch","floor":7},{"not_picked":["Bloodletting","Twin Strike"],"picked":"Offering","floor":8},{"not_picked":["Offering","ReplayTheSpireMod:Strike From Hell"],"picked":"Sword Boomerang","floor":10},{"not_picked":["Warcry","Perfected Strike"],"picked":"Dark Embrace","floor":12},{"not_picked":["Run Through","Searing Blow"],"picked":"Infernal Blade","floor":13},{"not_picked":["Armaments","Sword Boomerang"],"picked":"Shockwave","floor":14},{"not_picked":["Bludgeon","Double Tap"],"picked":"Limit Break","floor":16},{"not_picked":["True Grit","infinitespire:OneForAll","Run Through"],"picked":"SKIP","floor":18},{"not_picked":["True Grit","Havoc"],"picked":"Replay:Undeath\u0027s Touch","floor":20},{"not_picked":["ReplayTheSpireMod:Strike From Hell","Sword Boomerang"],"picked":"Havoc+1","floor":22}],"player_experience":375697,"relics_obtained":[{"floor":7,"key":"Toy Ornithopter"},{"floor":10,"key":"MawBank"}],"event_choices":[{"damage_healed":0,"gold_gain":0,"player_choice":"Bought 1 Potion","damage_taken":0,"max_hp_gain":0,"max_hp_loss":0,"event_name":"The Woman in Blue","floor":2,"gold_loss":0},{"damage_healed":0,"gold_gain":0,"player_choice":"Read","damage_taken":0,"max_hp_gain":0,"max_hp_loss":0,"event_name":"The Library","floor":21,"gold_loss":0,"cards_obtained":["Whirlwind"]}],"is_beta":false,"boss_relics":[{"not_picked":["ChewingGum","Philosopher\u0027s Stone"],"picked":"Astrolabe"}],"items_purged_floors":[4,19],"is_endless":false,"potions_floor_spawned":[1,3,12,14,16,18,20],"killed_by":"Slavers","ascension_level":7}}