{"host":"hl3ams4am2ku5u4p","time":1613671442,"event":{"mods":["AchievementEnabler","Act Like it!","Aspiration","BaseMod","Beaked The Cultist","BetterRewards","CatGirl Mod","Colored Map","Colored Powertips","Conspire","Downfall","Energized Spire","Halation","Hallownest","HornydragonMod","Hubris","Infinite Spire","Jedi Mod","Mad Scientist","Magitek Elite","Minty Spire (QoL Compilation)","READ ME - Guardian Mod","Replay The Spire","Spikes Relics","StSLib","SuperFastMode","The Blackbeard","The Bug Knight","The Construct","The Disciple","The Jungle","The Mystic","The Necromancer","The Senshi"],"gold_per_floor":[112,112,122,135,154,183,183,209,288,288,348,348,31,49,49,168,168,189,189,189,189,89,99,99,110,110,130,130,157,157,176,176,275,275,294,244,258,258,280,280,280,295,342,342,342,342,342,378,378,378],"floor_reached":51,"language":"FRA","playtime":1633,"items_purged":["Strike_R","jedi:thedog","ReplayTheSpireMod:Compounding Headache"],"score":1205,"play_id":"760bf73c-a60e-4d80-a19f-7e91d48fa122","local_time":"20210218190402","is_ascension_mode":true,"campfire_choices":[{"data":"BarbarianYell","floor":7,"key":"SMITH"},{"data":"theSenshi:StudyParty","floor":10,"key":"SMITH"},{"floor":15,"key":"REST"},{"data":"blackbeard:CloakAndCannonball","floor":24,"key":"SMITH"},{"data":"blackbeard:GoldenStrike","floor":24,"key":"SMITH"},{"floor":30,"key":"REST"},{"data":"Bash","floor":32,"key":"SMITH"},{"data":"Ball Lightning","floor":32,"key":"SMITH"},{"data":"Defend_R","floor":40,"key":"SMITH"},{"data":"Defend_R","floor":40,"key":"SMITH"},{"data":"theCatGirl:SpinningStrike","floor":45,"key":"SMITH"},{"data":"Strike_R","floor":45,"key":"SMITH"},{"data":"Strike_R","floor":47,"key":"SMITH"},{"floor":49,"key":"REST"}],"circlet_count":0,"master_deck":["Strike_R+1","Strike_R+1","Strike_R+1","Strike_R+1","Defend_R+1","Defend_R+1","Defend_R+1","Defend_R+1","Bash+1","BarbarianYell+1","blackbeard:GoldenStrike+1","FollowUp+1","Ball Lightning+1","construct:MemoryTap+1","LessonLearned+1","blackbeard:CloakAndCannonball+1","theCatGirl:SpinningStrike+1","FollowUp+1","FollowUp+1","Echo Form+1"],"relics":["Burning Blood","Paper Frog","PrismaticShard","jedi:heavyjacket","infinitespire:Midas Blood","hubris:IronBody","hubris:PeanutButter","hubris:DeckOfHolding","Golden Egg","Replay:Ancient Bell","Regal Pillow","RetroEgg","Replay:Arrowhead","infinitespire:FocusingShard","jedi:cryingmask","Busted Crown","Replay:Baseball","ReplayTheSpireMod:Spearhead","Prayer Wheel"],"acts_visited":["Exordium","TheCity","TheCity"],"potions_floor_usage":[8,8,11,25,33,33,33,33,50,50],"damage_taken":[{"damage":1,"enemies":"2 Louse","floor":1,"turns":2},{"damage":0,"enemies":"Cultist","floor":3,"turns":3},{"damage":2,"enemies":"Jaw Worm","floor":4,"turns":3},{"damage":7,"enemies":"2 Fungi Beasts","floor":5,"turns":4},{"damage":28,"enemies":"Replay:BlueRogue","floor":6,"turns":6},{"damage":13,"enemies":"Gremlin Nob","floor":8,"turns":4},{"damage":13,"enemies":"Lagavulin Event","floor":11,"turns":5},{"damage":0,"enemies":"Blue Slaver","floor":14,"turns":3},{"damage":25,"enemies":"The Guardian","floor":16,"turns":8},{"damage":3,"enemies":"Shell Parasite","floor":18,"turns":5},{"damage":0,"enemies":"Chosen","floor":23,"turns":3},{"damage":0,"enemies":"Snecko","floor":25,"turns":3},{"damage":0,"enemies":"Sentry and Sphere","floor":27,"turns":5},{"damage":29,"enemies":"Snake Plant","floor":29,"turns":3},{"damage":0,"enemies":"Centurion and Healer","floor":31,"turns":5},{"damage":6,"enemies":"Automaton","floor":33,"turns":6},{"damage":0,"enemies":"Hallownest:2_Littles","floor":35,"turns":4},{"damage":0,"enemies":"Hallownest:Shield_Heavy","floor":37,"turns":4},{"damage":3,"enemies":"Hallownest:Shield_Sturdy","floor":39,"turns":4},{"damage":15,"enemies":"Hallownest:2_Wandering_and_1_Horned","floor":42,"turns":5},{"damage":8,"enemies":"Hallownest:StalkingDevout","floor":48,"turns":9},{"damage":0,"enemies":"Hallownest:Radiance","floor":50,"turns":11}],"seed_played":"9084787396058398299","potions_obtained":[{"floor":2,"key":"Block Potion"},{"floor":2,"key":"HeartOfIron"},{"floor":11,"key":"jedi:StrikingPotion"},{"floor":16,"key":"FairyPotion"},{"floor":27,"key":"PowerPotion"},{"floor":29,"key":"EssenceOfSteel"},{"floor":31,"key":"EntropicBrew"},{"floor":33,"key":"DistilledChaos"},{"floor":35,"key":"DistilledChaos"},{"floor":39,"key":"Strength Potion"}],"is_trial":false,"path_per_floor":["M","?","M","M","M","E","R","E","T","R","?","?","$","M","R","B",null,"M","?","AVR","?","$","M","R","M","T","M","?","M","R","M","R","B",null,"M","?","M","?","M","R","?","M","T","?","R","?","R","E","R","B",null],"character_chosen":"IRONCLAD","items_purchased":["Paper Frog","BarbarianYell","PrismaticShard","AttackPotion","Golden Egg"],"campfire_rested":3,"item_purchase_floors":[0,0,0,0,13],"current_hp_per_floor":[69,69,75,79,78,56,56,49,49,49,42,42,42,48,72,53,73,76,76,76,76,76,80,80,80,80,80,80,57,80,80,80,80,80,80,80,80,80,80,80,80,71,71,71,71,71,71,69,80,80],"gold":378,"neow_bonus":"","is_daily":false,"chose_seed":false,"campfire_upgraded":11,"win_rate":0.0,"timestamp":1613671442,"path_taken":["M","?","M","?","M","E","R","E","T","R","?","?","$","M","R","BOSS","M","?","AVR","?","?","M","R","M","T","M","?","?","R","M","R","BOSS","M","?","M","?","M","R","?","?","T","?","R","?","R","E","R","BOSS"],"items_purchased_type":["Relic","Card","Relic","Potion","Relic"],"build_version":"2020-12-22","purchased_purges":3,"victory":true,"max_hp_per_floor":[80,80,80,80,80,80,80,80,80,80,80,80,80,80,80,80,80,80,80,80,80,80,80,80,80,80,80,80,80,80,80,80,80,80,80,80,80,80,80,80,80,80,80,80,80,80,80,80,80,80],"card_choices":[{"not_picked":["beaked:MimicMachine","beaked:SurvivalInstinct"],"picked":"blackbeard:GoldenStrike","floor":1},{"not_picked":["beaked:SacrificialDive","Slimebound:SplitAcid","Beer"],"picked":"SKIP","floor":3},{"not_picked":["blackbeard:GoldenStrike","HollowMod:WraithStrike","mysticmod:PunishingArmor"],"picked":"SKIP","floor":4},{"not_picked":["jedi:BurstLightning","sneckomod:UnknownClassCONSTRUCTMOD","Slimebound:DivideAndConquer"],"picked":"SKIP","floor":5},{"not_picked":["sneckomod:SoulRoll","ReplayTheSpireMod:Muscle Training"],"picked":"theSenshi:StudyParty","floor":6},{"not_picked":["champ:TornadoPunch","Wall"],"picked":"FollowUp","floor":8},{"not_picked":["Scrawl","CarveReality"],"picked":"Ball Lightning","floor":14},{"not_picked":["construct:HastyRepair","Brimstone"],"picked":"construct:MemoryTap","floor":16},{"not_picked":["Sickly","conspire:NecroticWound"],"picked":"Writhe","floor":17},{"not_picked":["downfall:Bewildered","SwitchConfidence"],"picked":"ReplayTheSpireMod:Compounding Headache","floor":17},{"not_picked":["Regret","hubris:Envy"],"picked":"jedi:thedog","floor":17},{"not_picked":["Deflect","sneckomod:QuickMove+1"],"picked":"LessonLearned","floor":18},{"not_picked":["theCatGirl:Claws+1","Lockon","blackbeard:CloakAndCannonball"],"picked":"SKIP","floor":23},{"not_picked":["theCatGirl:Claws+1","Lockon"],"picked":"blackbeard:CloakAndCannonball","floor":23},{"not_picked":["champ:ArenaPreparation","hexamod:ThirdSeal","Guardian:Recover"],"picked":"SKIP","floor":25},{"not_picked":["Clothesline","theCatGirl:ElegantStrike","bronze:Shield"],"picked":"SKIP","floor":27},{"not_picked":["SashWhip","Crystal_Sword","bronze:OilSpill"],"picked":"SKIP","floor":29},{"not_picked":["Darkness","Throw+1","Guardian:ShieldCharger"],"picked":"SKIP","floor":31},{"not_picked":[],"picked":"theCatGirl:ClawScratch+1","floor":35},{"not_picked":["HollowMod:DoubleDash+1"],"picked":"SKIP","floor":37},{"not_picked":["bronze:BitShift+1"],"picked":"SKIP","floor":39},{"not_picked":[],"picked":"theCatGirl:SpinningStrike","floor":42},{"not_picked":["beaked:Resilience+1"],"picked":"SKIP","floor":48}],"player_experience":95066,"relics_obtained":[{"floor":6,"key":"jedi:heavyjacket"},{"floor":8,"key":"infinitespire:Midas Blood"},{"floor":9,"key":"hubris:IronBody"},{"floor":11,"key":"hubris:PeanutButter"},{"floor":12,"key":"hubris:DeckOfHolding"},{"floor":26,"key":"jedi:cryingmask"},{"floor":43,"key":"Replay:Baseball"},{"floor":48,"key":"ReplayTheSpireMod:Spearhead"}],"event_choices":[{"damage_healed":0,"gold_gain":0,"player_choice":"Got Potions","damage_taken":0,"max_hp_gain":0,"max_hp_loss":0,"event_name":"Lab","floor":2,"gold_loss":0},{"damage_healed":0,"gold_gain":30,"player_choice":"Searched \u00272\u0027 times","damage_taken":0,"max_hp_gain":0,"max_hp_loss":0,"event_name":"Dead Adventurer","floor":11,"gold_loss":0},{"damage_healed":0,"gold_gain":0,"player_choice":"Ignored","damage_taken":0,"max_hp_gain":0,"max_hp_loss":0,"event_name":"Vampires","floor":19,"gold_loss":0},{"cards_removed":["Writhe"],"damage_healed":0,"gold_gain":0,"player_choice":"Purged","damage_taken":0,"max_hp_gain":0,"max_hp_loss":0,"event_name":"Purifier","floor":28,"gold_loss":0}],"is_beta":false,"boss_relics":[{"not_picked":["CosmicIsotope","halation:SmartPhone"],"picked":"Replay:Ancient Bell"},{"not_picked":["Ancient Tea Set","Gremlin Food"],"picked":"Regal Pillow"},{"not_picked":["Kunai","ReplayTheSpireMod:Shallot"],"picked":"RetroEgg"},{"not_picked":["jedi:gremlinknob","FossilizedHelix"],"picked":"Replay:Arrowhead"},{"not_picked":["Sandwich","hubris:RunicObelisk"],"picked":"Busted Crown"}],"items_purged_floors":[13,20,22],"is_endless":false,"potions_floor_spawned":[5,6,11,16,27,29,31,33,35,39],"ascension_level":5}}