{"host":"k6d6vy172g6ium25","time":1613684138,"event":{"mods":["Act Like it!","BaseMod","Bestiary","Bossed Relics","Custom Start","Downfall","Friendly Minions","Kiyohime????","Marisa????????","Minty Spire (QoL Compilation)","Prisma Mod","Rare Cards Sparkle","Relic Filter","StSLib","The Alterego","Transform Curses","Waifu the Spire","Wide Potions","Yakumo Yukari mod","Yohane!"],"gold_per_floor":[114,126,126,36,54,89,89,102,122,153,138,138,151,164,164,260,260,271,285,385,404,489,489,489,518,518,547,182,193,93,107,107,212,212,229,245,257,275,275,180,229,243,274,292,323,123,137,150,150,150,150,179,20,20,20,20],"floor_reached":57,"language":"ENG","playtime":7719,"items_purged":["Pain","Slimebound:SamplingLick"],"score":1516,"play_id":"08511803-2861-488c-9e62-98f507f4b9e8","local_time":"20210218223538","is_ascension_mode":false,"campfire_choices":[{"data":"Slimebound:SpikyOuterGoop","floor":15,"key":"SMITH"},{"data":"Slimebound:OozeBath","floor":23,"key":"SMITH"},{"data":"Slimebound:AcidTongue","floor":30,"key":"SMITH"},{"floor":32,"key":"RECALL"},{"data":"Discovery","floor":46,"key":"SMITH"},{"data":"Slimebound:LeadByExample","floor":49,"key":"SMITH"},{"data":"Slimebound:DuplicatedForm","floor":54,"key":"SMITH"}],"circlet_count":0,"master_deck":["Slimebound:Strike_Slimebound","Slimebound:Strike_Slimebound","Slimebound:Strike_Slimebound","Slimebound:Tackle","Slimebound:Defend_Slimebound","Slimebound:Defend_Slimebound","Slimebound:Defend_Slimebound","Slimebound:Defend_Slimebound","Slimebound:Split","Slimebound:CorrosiveSpit","Slimebound:LeechEnergy","Slimebound:SpikyOuterGoop+1","Slimebound:Prepare","Slimebound:SplitMire","Slimebound:SplitBruiser","Slimebound:RejuvenatingLick","Slimebound:Teamwork","Slimebound:RainOfGoop","Slimebound:MassFeed","Slimebound:ViciousTackle","Slimebound:LeechLife","Slimebound:SplitSpecialist+1","Slimebound:LeechEnergy","Slimebound:OozeBath+1","Slimebound:MegaLick","Slimebound:Schlurp+1","Slimebound:AcidTongue+1","Slimebound:Gluttony","Slimebound:Prepare","Slimebound:Repurpose+1","Slimebound:TagTeam","Slimebound:LevelUp","Slimebound:Prepare","Slimebound:LeechingTouch","Slimebound:SpikyOuterGoop","Discovery+1","Slimebound:SlimeBarrage+1","Slimebound:LeadByExample+1","Slimebound:LeechLife","Slimebound:DuplicatedForm+1","expansioncontent:InvincibleStrength"],"relics":["Slimebound:AbsorbEndCombat","WarpedTongs","Slimebound:MaxSlimesRelic","Odd Mushroom","Matryoshka","Tiny House","Snecko Eye","Mummified Hand","Pen Nib","Centennial Puzzle","Happy Flower","Bronze Scales","White Beast Statue","Astrolabe","SacredBark","downfall:HeartBlessingGreen","Busted Crown","Anchor","Slimebound:AggressiveSlimeRelic","Mercury Hourglass","Incense Burner","Calipers","downfall:HeartBlessingBlue","downfall:HeartBlessingRed","Lantern"],"acts_visited":["Exordium","TheCity","TheBeyond","TheEnding"],"potions_floor_usage":[19,25,43,47],"damage_taken":[{"damage":7,"enemies":"Small Slimes","floor":1,"turns":5},{"damage":9,"enemies":"Cultist","floor":2,"turns":3},{"damage":12,"enemies":"downfall:FleeingMerchant","floor":4,"turns":4},{"damage":2,"enemies":"2 Louse","floor":5,"turns":3},{"damage":0,"enemies":"Lagavulin","floor":6,"turns":6},{"damage":6,"enemies":"Gremlin Gang","floor":8,"turns":5},{"damage":10,"enemies":"The Mushroom Lair","floor":9,"turns":4},{"damage":0,"enemies":"Gremlin Nob","floor":10,"turns":3},{"damage":12,"enemies":"downfall:FleeingMerchant","floor":11,"turns":4},{"damage":0,"enemies":"3 Louse","floor":13,"turns":3},{"damage":19,"enemies":"2 Fungi Beasts","floor":14,"turns":7},{"damage":18,"enemies":"IC_STATUS_ARCHETYPE","floor":16,"turns":6},{"damage":7,"enemies":"3 Byrds","floor":18,"turns":5},{"damage":6,"enemies":"downfall:LooterAlt2","floor":19,"turns":4},{"damage":9,"enemies":"DF_ARCHETYPE_STREAMLINE","floor":20,"turns":6},{"damage":0,"enemies":"Centurion and Healer","floor":21,"turns":4},{"damage":17,"enemies":"Book of Stabbing","floor":25,"turns":5},{"damage":16,"enemies":"Slavers","floor":27,"turns":6},{"damage":11,"enemies":"downfall:FleeingMerchant","floor":28,"turns":4},{"damage":3,"enemies":"Snake Plant","floor":29,"turns":3},{"damage":2,"enemies":"Cultist and Chosen","floor":31,"turns":4},{"damage":27,"enemies":"SI_MIRROR_ARCHETYPE","floor":33,"turns":7},{"damage":13,"enemies":"3 Darklings","floor":35,"turns":4},{"damage":0,"enemies":"Orb Walker","floor":36,"turns":2},{"damage":0,"enemies":"Maw","floor":37,"turns":5},{"damage":0,"enemies":"downfall:FleeingMerchant","floor":38,"turns":3},{"damage":0,"enemies":"4 Shapes","floor":42,"turns":5},{"damage":0,"enemies":"Giant Head","floor":43,"turns":6},{"damage":0,"enemies":"Sphere and 2 Shapes","floor":44,"turns":3},{"damage":10,"enemies":"Reptomancer","floor":45,"turns":4},{"damage":0,"enemies":"Maw","floor":47,"turns":3},{"damage":0,"enemies":"Transient","floor":48,"turns":5},{"damage":0,"enemies":"DF_ARCHETYPE_ORBS","floor":50,"turns":6},{"damage":0,"enemies":"downfall:CharBossMerchant","floor":52,"turns":6},{"damage":3,"enemies":"downfall:NeowBoss","floor":55,"turns":13},{"damage":25,"enemies":"downfall:NeowBossFinal","floor":56,"turns":9}],"seed_played":"3941873283483932376","potions_obtained":[{"floor":2,"key":"DuplicationPotion"},{"floor":6,"key":"FairyPotion"},{"floor":21,"key":"SteroidPotion"},{"floor":27,"key":"Slimebound:SlimedPotion"},{"floor":29,"key":"LiquidMemories"},{"floor":45,"key":"SteroidPotion"},{"floor":47,"key":"Fruit Juice"},{"floor":48,"key":"ColorlessPotion"}],"is_trial":false,"path_per_floor":["M","M","?","$","M","E","T","M","?","E","$","?","M","M","R","B",null,"M","M","?","M","?","R","T","E","T","E","$","M","R","M","R","B",null,"M","M","M","$","T","$","T","M","E","M","E","R","M","M","R","B",null,"E","$","R","B","B",null],"character_chosen":"SLIMEBOUND","items_purchased":["SacredBark","Slimebound:Prepare","Slimebound:SpikyOuterGoop","Anchor","Discovery","Slimebound:DuplicatedForm","expansioncontent:InvincibleStrength"],"campfire_rested":0,"item_purchase_floors":[28,28,38,38,40,53,53],"current_hp_per_floor":[66,63,63,57,59,67,67,65,63,67,59,59,63,54,54,48,81,85,89,91,94,82,82,82,80,80,91,92,93,93,98,98,79,100,93,101,107,107,107,107,107,107,110,116,114,124,150,150,150,150,150,150,150,150,150,150],"gold":20,"neow_bonus":"TEN_PERCENT_HP_BONUS","is_daily":false,"chose_seed":false,"campfire_upgraded":6,"win_rate":0.0,"timestamp":1613684138,"path_taken":["M","M","?","?","M","E","T","M","?","E","$","?","?","?","R","BOSS","M","M","?","M","?","R","T","E","?","E","$","?","R","?","R","BOSS","M","M","M","$","?","$","T","M","E","?","E","R","M","M","R","BOSS","E","$","R","BOSS","BOSS"],"items_purchased_type":["Relic","Card","Card","Relic","Card","Card","Card"],"build_version":"2020-12-22","purchased_purges":2,"victory":true,"max_hp_per_floor":[71,71,71,71,71,71,71,71,71,71,71,71,71,77,77,81,81,85,91,91,94,94,94,94,94,94,97,97,97,97,100,100,100,100,100,104,107,107,107,107,107,107,110,116,116,126,150,150,150,150,150,150,150,150,150,150],"card_choices":[{"not_picked":["Slimebound:GoopSpray","Slimebound:DivideAndConquer"],"picked":"Slimebound:LeechEnergy","floor":1},{"not_picked":["Slimebound:SlimeSpikes","Slimebound:BestDefense"],"picked":"Slimebound:SpikyOuterGoop","floor":2},{"not_picked":["Slimebound:LeechingTouch","Slimebound:RainOfGoop"],"picked":"Slimebound:Prepare","floor":4},{"not_picked":["Slimebound:Schlurp","Slimebound:SplitBruiser"],"picked":"Slimebound:SplitMire","floor":5},{"not_picked":["Slimebound:LeechingTouch","Slimebound:SlimeSpikes"],"picked":"Slimebound:SplitBruiser","floor":6},{"not_picked":["Slimebound:SamplingLick","Slimebound:LeechEnergy"],"picked":"Slimebound:RejuvenatingLick","floor":8},{"not_picked":["Slimebound:Chomp","Slimebound:ServeAndProtect"],"picked":"Slimebound:Teamwork","floor":9},{"not_picked":["Slimebound:BestDefense","Slimebound:ComboTackle"],"picked":"Slimebound:RainOfGoop","floor":10},{"not_picked":["Slimebound:FinishingTackle","Slimebound:ServeAndProtect"],"picked":"Slimebound:MassFeed","floor":11},{"not_picked":["Slimebound:RollThrough","Slimebound:FinishingTackle"],"picked":"Slimebound:ViciousTackle","floor":13},{"not_picked":["Slimebound:ComboTackle","Slimebound:HauntingLick"],"picked":"Slimebound:SamplingLick","floor":14},{"not_picked":["Slimebound:SlimeSlap","Slimebound:OozeBath"],"picked":"Slimebound:LeechLife","floor":16},{"not_picked":["Slimebound:HauntingLick","Slimebound:Chomp"],"picked":"Slimebound:SplitSpecialist+1","floor":18},{"not_picked":["Slimebound:ViciousTackle","Slimebound:FinishingTackle"],"picked":"Slimebound:LeechEnergy","floor":19},{"not_picked":["Slimebound:ComboTackle+1","Slimebound:SplitBruiser"],"picked":"Slimebound:OozeBath","floor":20},{"not_picked":["Slimebound:SamplingLick","Slimebound:FinishingTackle"],"picked":"Slimebound:MegaLick","floor":21},{"not_picked":["Slimebound:Overexert","Slimebound:SlimeSpikes"],"picked":"Slimebound:Schlurp+1","floor":25},{"not_picked":["Slimebound:SpikyOuterGoop","Slimebound:Schlurp"],"picked":"Slimebound:AcidTongue","floor":27},{"not_picked":["Slimebound:ItLooksTasty","Slimebound:LeechingTouch+1"],"picked":"Slimebound:Gluttony","floor":28},{"not_picked":["Slimebound:ForwardTackle","Slimebound:SplitBruiser+1"],"picked":"Slimebound:Repurpose+1","floor":29},{"not_picked":["Slimebound:SlimeSpikes","Slimebound:GoopTackle","Slimebound:SlimeTap"],"picked":"SKIP","floor":31},{"not_picked":["Slimebound:MassFeed","Slimebound:OneTwoCombo"],"picked":"Slimebound:TagTeam","floor":33},{"not_picked":[],"picked":"Slimebound:LevelUp","floor":35},{"not_picked":["Slimebound:Nibble"],"picked":"SKIP","floor":36},{"not_picked":[],"picked":"Slimebound:Prepare","floor":37},{"not_picked":[],"picked":"Slimebound:LeechingTouch","floor":38},{"not_picked":["Slimebound:GoopSpray+1"],"picked":"SKIP","floor":42},{"not_picked":["Slimebound:RollThrough+1"],"picked":"SKIP","floor":43},{"not_picked":["Slimebound:FinishingTackle"],"picked":"SKIP","floor":44},{"not_picked":[],"picked":"Slimebound:SlimeBarrage+1","floor":45},{"not_picked":[],"picked":"Slimebound:LeadByExample","floor":47},{"not_picked":[],"picked":"Slimebound:LeechLife","floor":48},{"not_picked":["Slimebound:FinishingTackle"],"picked":"SKIP","floor":52}],"player_experience":116684,"relics_obtained":[{"floor":6,"key":"Slimebound:MaxSlimesRelic"},{"floor":9,"key":"Odd Mushroom"},{"floor":10,"key":"Matryoshka"},{"floor":20,"key":"Snecko Eye"},{"floor":20,"key":"Mummified Hand"},{"floor":24,"key":"Pen Nib"},{"floor":24,"key":"Centennial Puzzle"},{"floor":25,"key":"Happy Flower"},{"floor":26,"key":"Bronze Scales"},{"floor":26,"key":"White Beast Statue"},{"floor":27,"key":"Astrolabe"},{"floor":39,"key":"Slimebound:AggressiveSlimeRelic"},{"floor":41,"key":"Mercury Hourglass"},{"floor":43,"key":"Incense Burner"},{"floor":45,"key":"Calipers"},{"floor":52,"key":"Lantern"}],"event_choices":[{"damage_healed":0,"gold_gain":0,"player_choice":"Rummage","damage_taken":0,"relics_obtained":["WarpedTongs"],"max_hp_gain":0,"max_hp_loss":0,"event_name":"Accursed Blacksmith","floor":3,"gold_loss":0,"cards_obtained":["Pain"]},{"damage_healed":0,"gold_gain":0,"player_choice":"Fought Mushrooms","damage_taken":0,"max_hp_gain":0,"max_hp_loss":0,"event_name":"Mushrooms","floor":9,"gold_loss":0},{"damage_healed":0,"gold_gain":0,"player_choice":"Ignored","damage_taken":0,"max_hp_gain":0,"max_hp_loss":0,"event_name":"NoteForYourself","floor":12,"gold_loss":0}],"is_beta":false,"boss_relics":[{"not_picked":["Coffee Dripper","bronze:MakeshiftBattery"],"picked":"Tiny House"},{"not_picked":["Fusion Hammer","Calling Bell"],"picked":"Busted Crown"}],"items_purged_floors":[4,38],"is_endless":false,"potions_floor_spawned":[2,6,8,13,16,21,27,28,29,31,33,35,36,37,38,42,43,44,45,47,48,52],"ascension_level":0}}