{"host":"ufhw4cf0hh51lveu","time":1613623154,"event":{"mods":["BaseMod","DeckTracker","Minty Spire (QoL Compilation)","SuperFastMode"],"gold_per_floor":[118,64,64,14,26,26,46,57,82,82,82,82,94,108,108,203,203,220,220,235,254,271,271,186,186,186,186,68,68,82,94,94,94,94],"floor_reached":33,"language":"KOR","playtime":1230,"items_purged":["Strike_B","Strike_B"],"score":238,"play_id":"9af6e77a-3405-4bce-bc13-a866ff6adfdc","local_time":"20210218133914","is_ascension_mode":false,"campfire_choices":[{"data":"Cold Snap","floor":6,"key":"SMITH"},{"data":"Sunder","floor":10,"key":"SMITH"},{"data":"Zap","floor":12,"key":"SMITH"},{"data":"Genetic Algorithm","floor":15,"key":"SMITH"},{"floor":23,"key":"REST"},{"data":"Rainbow","floor":25,"key":"SMITH"},{"data":"Leap","floor":27,"key":"SMITH"},{"data":"Blizzard","floor":32,"key":"SMITH"}],"circlet_count":0,"master_deck":["Strike_B","Defend_B","Defend_B","Defend_B","Defend_B","Zap+1","Dualcast","BootSequence","Compile Driver","Cold Snap+1","Coolheaded","Sunder+1","Leap+1","Genetic Algorithm+1","Rainbow+1","BootSequence","Auto Shields","Cold Snap","Blizzard+1","Iron Wave","Skim+1"],"relics":["SacredBark","Smiling Mask","MealTicket","Sozu","Spirit Poop","Ancient Tea Set","Mummified Hand"],"acts_visited":["Exordium","TheCity"],"potions_floor_usage":[14,16],"damage_taken":[{"damage":0,"enemies":"Small Slimes","floor":1,"turns":5},{"damage":1,"enemies":"Cultist","floor":5,"turns":4},{"damage":0,"enemies":"2 Louse","floor":7,"turns":3},{"damage":0,"enemies":"Exordium Wildlife","floor":8,"turns":4},{"damage":7,"enemies":"Blue Slaver","floor":13,"turns":4},{"damage":0,"enemies":"Gremlin Gang","floor":14,"turns":3},{"damage":38,"enemies":"Slime Boss","floor":16,"turns":11},{"damage":1,"enemies":"Shell Parasite","floor":18,"turns":7},{"damage":24,"enemies":"3 Byrds","floor":20,"turns":6},{"damage":1,"enemies":"Snake Plant","floor":21,"turns":4},{"damage":26,"enemies":"3 Cultists","floor":22,"turns":7},{"damage":7,"enemies":"Centurion and Healer","floor":30,"turns":6},{"damage":4,"enemies":"Snake Plant","floor":31,"turns":4},{"damage":120,"enemies":"Champ","floor":33,"turns":21}],"seed_played":"-5189620856502637093","potions_obtained":[{"floor":8,"key":"AttackPotion"},{"floor":14,"key":"Regen Potion"},{"floor":16,"key":"FairyPotion"}],"is_trial":false,"path_per_floor":["M","$","?","$","M","R","M","M","T","R","?","R","M","M","R","B",null,"M","?","M","M","M","R","?","R","T","R","$","?","M","M","R","B"],"character_chosen":"DEFECT","items_purchased":["Compile Driver","Blizzard"],"campfire_rested":1,"item_purchase_floors":[2,28],"current_hp_per_floor":[75,75,57,57,56,56,56,56,56,56,56,56,49,49,49,64,75,74,74,50,49,23,45,45,45,45,45,60,60,53,49,49,0,0],"gold":94,"neow_bonus":"BOSS_RELIC","is_daily":false,"chose_seed":false,"campfire_upgraded":7,"win_rate":0.0,"timestamp":1613623154,"path_taken":["M","$","?","$","M","R","M","M","T","R","?","R","M","M","R","BOSS","M","?","M","M","?","R","?","R","T","R","?","?","M","M","R","BOSS"],"items_purchased_type":["Card","Card"],"build_version":"2020-12-22","purchased_purges":2,"victory":false,"max_hp_per_floor":[75,75,75,75,75,75,75,75,75,75,75,75,75,75,75,75,75,75,75,75,75,75,75,75,75,75,75,75,75,75,75,75,75,75],"card_choices":[{"not_picked":["Turbo","Double Energy"],"picked":"BootSequence","floor":1},{"not_picked":["FTL","Sweeping Beam"],"picked":"Cold Snap","floor":5},{"not_picked":["Sweeping Beam","Amplify"],"picked":"Coolheaded","floor":7},{"not_picked":["Go for the Eyes","Stack"],"picked":"Sunder","floor":8},{"not_picked":["Coolheaded","Barrage"],"picked":"Leap","floor":13},{"not_picked":["Doom and Gloom","Gash"],"picked":"Genetic Algorithm","floor":14},{"not_picked":["Seek","Amplify"],"picked":"Rainbow","floor":16},{"not_picked":["Cold Snap+1","Beam Cell+1"],"picked":"BootSequence","floor":18},{"not_picked":["Steam","Barrage","Reprogram+1"],"picked":"SKIP","floor":20},{"not_picked":["Barrage","Go for the Eyes+1"],"picked":"Auto Shields","floor":21},{"not_picked":["Reinforced Body","Go for the Eyes"],"picked":"Cold Snap","floor":22},{"not_picked":["Gash","Chill"],"picked":"Skim+1","floor":30},{"not_picked":["Barrage","Multi-Cast","Beam Cell"],"picked":"SKIP","floor":31}],"player_experience":36855,"relics_obtained":[{"floor":9,"key":"MealTicket"},{"floor":26,"key":"Mummified Hand"}],"event_choices":[{"damage_healed":0,"gold_gain":0,"player_choice":"Success","damage_taken":18,"relics_obtained":["Smiling Mask"],"max_hp_gain":0,"max_hp_loss":0,"event_name":"Scrap Ooze","floor":3,"gold_loss":0},{"damage_healed":0,"gold_gain":0,"player_choice":"Cursed","damage_taken":0,"max_hp_gain":0,"max_hp_loss":0,"event_name":"Wheel of Change","floor":11,"gold_loss":0,"cards_obtained":["Decay"]},{"cards_removed":["Decay"],"damage_healed":0,"gold_gain":0,"player_choice":"Offered Curse","damage_taken":0,"relics_obtained":["Spirit Poop"],"max_hp_gain":0,"max_hp_loss":0,"event_name":"Bonfire Elementals","floor":19,"gold_loss":0},{"damage_healed":0,"gold_gain":0,"player_choice":"Obtained Relic","damage_taken":0,"relics_obtained":["Ancient Tea Set"],"max_hp_gain":0,"max_hp_loss":0,"event_name":"Addict","floor":24,"gold_loss":85},{"cards_removed":["Strike_B"],"damage_healed":0,"gold_gain":0,"player_choice":"Took Card","damage_taken":0,"max_hp_gain":0,"max_hp_loss":0,"event_name":"NoteForYourself","floor":29,"gold_loss":0,"cards_obtained":["Iron Wave"]}],"is_beta":false,"boss_relics":[{"not_picked":["Fusion Hammer","Coffee Dripper"],"picked":"Sozu"}],"items_purged_floors":[4,28],"is_endless":false,"potions_floor_spawned":[8,14,16,18,22],"killed_by":"Champ","ascension_level":0}}