{"host":"c5j8t0wyh2hvx9ju","time":1613632557,"event":{"mods":["Act Like it!","Astrologer","BaseMod","BetterRewards","Gensokyo","Minty Spire (QoL Compilation)","Prisma Mod","StSLib"],"gold_per_floor":[112,112,127,146,146,171,171,207,230,12,12,35,35,55,55,179,179,195,215,230,230,249,249,288,288,314,354,33,46,46,71,71,201,201,222,222,241,191,215,246,246,246,246,128,168,184,523,541,541,541],"floor_reached":51,"language":"JPN","playtime":16003,"items_purged":["Injury","Strike_P","Normality"],"score":1200,"play_id":"15f7639c-7a75-45d0-96ce-4a86e4841faa","local_time":"20210218161557","is_ascension_mode":true,"campfire_choices":[{"data":"Eruption","floor":7.0,"key":"SMITH"},{"floor":15.0,"key":"REST"},{"data":"Vigilance","floor":23.0,"key":"SMITH"},{"data":"Evaluate","floor":25.0,"key":"SMITH"},{"data":"DevaForm","floor":32.0,"key":"SMITH"},{"data":"Halt","floor":42,"key":"SMITH"},{"floor":49,"key":"REST"}],"circlet_count":0,"master_deck":["Strike_P+1","Strike_P+1","Defend_P","Defend_P","Defend_P","Defend_P","Eruption+1","Vigilance+1","FearNoEvil","Worship+1","Ragnarok+1","Evaluate+1","BowlingBash+1","Wallop+1","BattleHymn","CutThroughFate+1","CurseOfTheBell","FlurryOfBlows+1","ForeignInfluence+1","Ragnarok+1","Halt+1","InnerPeace","TalkToTheHand+1","DevaForm+1","Omniscience+1","SandsOfTime+1","Indignation","CutThroughFate+1","FearNoEvil+1","Halt+1","FlurryOfBlows+1"],"relics":["PureWater","Medical Kit","Molten Egg 2","Golden Idol","Anchor","Akabeko","Calling Bell","Centennial Puzzle","Yang","Pocketwatch","Smiling Mask","PreservedInsect","Mummified Hand","Bottled Flame","Cursed Key","Vajra","Girya","Whetstone","Old Coin"],"acts_visited":["Exordium","TheCity","TheBeyond"],"potions_floor_usage":[47,50],"damage_taken":[{"damage":2.0,"enemies":"Jaw Worm","floor":1.0,"turns":4.0},{"damage":0.0,"enemies":"Small Slimes","floor":3.0,"turns":3.0},{"damage":0.0,"enemies":"Cultist","floor":4.0,"turns":3.0},{"damage":4.0,"enemies":"Looter","floor":6.0,"turns":4.0},{"damage":17.0,"enemies":"Lagavulin","floor":8.0,"turns":6.0},{"damage":0.0,"enemies":"3 Louse","floor":12.0,"turns":2.0},{"damage":20.0,"enemies":"Exordium Thugs","floor":14.0,"turns":6.0},{"damage":11.0,"enemies":"Slime Boss","floor":16.0,"turns":6.0},{"damage":0.0,"enemies":"3 Byrds","floor":18.0,"turns":4.0},{"damage":2.0,"enemies":"Chosen","floor":19.0,"turns":2.0},{"damage":17.0,"enemies":"Snake Plant","floor":20.0,"turns":4.0},{"damage":0.0,"enemies":"Chosen and Byrds","floor":22.0,"turns":2.0},{"damage":24.0,"enemies":"Slavers","floor":24.0,"turns":4.0},{"damage":0.0,"enemies":"Gremlin Leader","floor":27.0,"turns":3.0},{"damage":0.0,"enemies":"Shelled Parasite and Fungi","floor":29.0,"turns":1.0},{"damage":0.0,"enemies":"3 Cultists","floor":31.0,"turns":2.0},{"damage":11,"enemies":"Champ","floor":33,"turns":9},{"damage":5,"enemies":"3 Darklings","floor":35,"turns":3},{"damage":0,"enemies":"Orb Walker","floor":37,"turns":1},{"damage":0,"enemies":"3 Darklings","floor":39,"turns":4},{"damage":0,"enemies":"Giant Head","floor":40,"turns":4},{"damage":13,"enemies":"Reptomancer","floor":45,"turns":3},{"damage":7,"enemies":"4 Shapes","floor":46,"turns":3},{"damage":11,"enemies":"Giant Head","floor":47,"turns":6},{"damage":20,"enemies":"Maw","floor":48,"turns":5},{"damage":46,"enemies":"Time Eater","floor":50,"turns":7}],"seed_played":"-1490191486910100072","potions_obtained":[{"floor":3.0,"key":"BlessingOfTheForge"},{"floor":4.0,"key":"BlessingOfTheForge"},{"floor":6.0,"key":"BottledMiracle"},{"floor":14.0,"key":"ColorlessPotion"},{"floor":18.0,"key":"Fire Potion"},{"floor":20.0,"key":"GamblersBrew"},{"floor":37,"key":"LiquidMemories"}],"is_trial":false,"path_per_floor":["M","?","M","M","?","M","R","E","T","$","?","M","?","M","R","B",null,"M","M","M","?","M","R","E","R","T","E","$","M","$","M","R","B",null,"M","?","M","$","M","E","?","R","T","$","E","M","E","M","R","B",null],"character_chosen":"WATCHER","items_purchased":["Medical Kit","FearNoEvil","Worship","Molten Egg 2","Ragnarok+1","Akabeko","Bottled Flame","InnerPeace","FearNoEvil+1"],"campfire_rested":2,"item_purchase_floors":[0,0,0,0,0,10,28,28,44],"current_hp_per_floor":[44,44,44,44,44,40,40,23,23,23,23,23,47,27,48,37,72,72,70,53,82,82,82,58,58,58,58,58,58,58,58,58,47,82,77,77,77,77,77,77,77,77,77,77,64,57,46,26,50,4],"gold":541,"neow_bonus":"","is_daily":false,"chose_seed":false,"campfire_upgraded":5,"win_rate":0.0,"timestamp":1613632557,"path_taken":["M","?","M","M","?","M","R","E","T","$","?","?","?","M","R","BOSS","M","M","M","?","M","R","E","R","T","E","$","M","?","M","R","BOSS","M","?","M","?","M","E","?","R","T","$","E","M","E","M","R","BOSS"],"items_purchased_type":["Relic","Card","Card","Relic","Card","Relic","Relic","Card","Card"],"build_version":"2020-12-22","purchased_purges":3,"victory":true,"max_hp_per_floor":[72,72,72,72,72,72,72,72,72,72,72,72,72,72,72,72,72,72,72,72,82,82,82,82,82,82,82,82,82,82,82,82,82,82,82,82,82,82,82,82,82,82,82,82,82,82,82,82,82,82],"card_choices":[{"not_picked":["ThirdEye","BattleHymn"],"picked":"Evaluate","floor":1.0},{"not_picked":["JustLucky+1","WheelKick+1"],"picked":"BowlingBash+1","floor":3.0},{"not_picked":["Weave+1","ClearTheMind","LikeWater"],"picked":"SKIP","floor":4.0},{"not_picked":["Consecrate+1","EmptyFist+1"],"picked":"Wallop+1","floor":6.0},{"not_picked":["Perseverance","Wireheading"],"picked":"BattleHymn","floor":8.0},{"not_picked":["BattleHymn","Prostrate"],"picked":"CutThroughFate+1","floor":12.0},{"not_picked":["ThirdEye","SashWhip+1","FlyingSleeves+1"],"picked":"SKIP","floor":14.0},{"not_picked":["MasterReality","DeusExMachina"],"picked":"ConjureBlade","floor":16.0},{"not_picked":["SashWhip+1","FollowUp+1","SignatureMove+1"],"picked":"SKIP","floor":18.0},{"not_picked":["EmptyBody","Wireheading"],"picked":"FlurryOfBlows+1","floor":19.0},{"not_picked":["Nirvana","CutThroughFate+1"],"picked":"ForeignInfluence+1","floor":20.0},{"not_picked":["Judgement","JustLucky+1","Prostrate"],"picked":"SKIP","floor":22.0},{"not_picked":["SashWhip+1","PathToVictory+1"],"picked":"Ragnarok+1","floor":24.0},{"not_picked":["FearNoEvil+1","Nirvana"],"picked":"Halt","floor":27.0},{"not_picked":["BowlingBash+1","CrushJoints+1"],"picked":"TalkToTheHand+1","floor":29.0},{"not_picked":["ClearTheMind","Crescendo+1"],"picked":"DevaForm","floor":31.0},{"not_picked":["LessonLearned+1","Establishment"],"picked":"Omniscience","floor":33},{"not_picked":["Fasting2+1","EmptyFist+1"],"picked":"SandsOfTime+1","floor":35},{"not_picked":["PathToVictory","Nirvana","Prostrate"],"picked":"SKIP","floor":37},{"not_picked":["PathToVictory","Blasphemy"],"picked":"Indignation","floor":39},{"not_picked":["Study+1","Nirvana+1"],"picked":"CutThroughFate+1","floor":40},{"not_picked":["Evaluate","Collect+1","JustLucky+1"],"picked":"SKIP","floor":45},{"not_picked":["DeceiveReality","Fasting2"],"picked":"Halt+1","floor":46},{"not_picked":["JustLucky+1","Scrawl","PathToVictory+1"],"picked":"SKIP","floor":47},{"not_picked":["CutThroughFate+1","Consecrate+1"],"picked":"FlurryOfBlows+1","floor":48}],"player_experience":882623,"relics_obtained":[{"floor":9.0,"key":"Anchor"},{"floor":17.0,"key":"Centennial Puzzle"},{"floor":17.0,"key":"Yang"},{"floor":17.0,"key":"Pocketwatch"},{"floor":24.0,"key":"Smiling Mask"},{"floor":26.0,"key":"PreservedInsect"},{"floor":27.0,"key":"Mummified Hand"},{"floor":40,"key":"Vajra"},{"floor":43,"key":"Girya"},{"floor":45,"key":"Whetstone"},{"floor":47,"key":"Old Coin"}],"event_choices":[{"damage_healed":0.0,"max_hp_gain":0.0,"max_hp_loss":0.0,"gold_gain":0.0,"event_name":"Shining Light","player_choice":"Ignored","floor":2.0,"gold_loss":0.0,"damage_taken":0.0},{"damage_healed":0.0,"max_hp_gain":0.0,"max_hp_loss":0.0,"gold_gain":0.0,"event_name":"Golden Idol","player_choice":"Take Wound","floor":5.0,"gold_loss":0.0,"damage_taken":0.0,"relics_obtained":["Golden Idol"],"cards_obtained":["Injury"]},{"damage_healed":0.0,"max_hp_gain":0.0,"max_hp_loss":0.0,"gold_gain":0.0,"event_name":"Upgrade Shrine","player_choice":"Upgraded","floor":11.0,"gold_loss":0.0,"damage_taken":0.0,"cards_upgraded":["Worship"]},{"damage_healed":24.0,"max_hp_gain":0.0,"max_hp_loss":0.0,"gold_gain":0.0,"event_name":"Big Fish","player_choice":"Banana","floor":13.0,"gold_loss":0.0,"damage_taken":0.0},{"cards_removed":["ConjureBlade"],"damage_healed":19.0,"max_hp_gain":10.0,"max_hp_loss":0.0,"gold_gain":0.0,"event_name":"Bonfire Elementals","player_choice":"Offered Rare","floor":21.0,"gold_loss":0.0,"damage_taken":0.0},{"damage_healed":0,"gold_gain":0,"player_choice":"Upgraded","damage_taken":0,"max_hp_gain":0,"max_hp_loss":0,"event_name":"Upgrade Shrine","floor":36,"gold_loss":0,"cards_upgraded":["Omniscience"]},{"cards_removed":["Strike_P"],"damage_healed":0,"gold_gain":0,"player_choice":"Card Removal","damage_taken":0,"max_hp_gain":0,"max_hp_loss":0,"event_name":"Wheel of Change","floor":41,"gold_loss":0}],"is_beta":false,"boss_relics":[{"not_picked":["Empty Cage","Ectoplasm"],"picked":"Calling Bell"},{"not_picked":["Fusion Hammer","Runic Pyramid"],"picked":"Cursed Key"}],"items_purged_floors":[10,38,44],"is_endless":false,"potions_floor_spawned":[3,4,6,14,16,18,20,22,37,39,45,46],"ascension_level":4}}