{"host":"w97dq1whmpm6b2tc","time":1613646375,"event":{"mods":["BaseMod","Challenge The Spire","Downfall","Minty Spire (QoL Compilation)","StSLib"],"gold_per_floor":[99,99,99,99,249,149,149,184,184,204,104,136,136,170,186,186,186,186],"floor_reached":16,"language":"ENG","playtime":554,"items_purged":[],"score":172,"play_id":"8afaedac-f6d2-4dab-a3aa-8afa21f7539e","local_time":"20210218130615","is_ascension_mode":true,"campfire_choices":[{"floor":1.0,"key":"RECALL"},{"data":"Leg Sweep","floor":13,"key":"SMITH"}],"circlet_count":0,"master_deck":["sneckomod:Strike","sneckomod:Strike","sneckomod:Strike","sneckomod:Defend","sneckomod:Defend","sneckomod:Defend","sneckomod:TailWhip","sneckomod:SnekBite","sneckomod:Unknown","downfall:Icky","Shrug It Off","Leg Sweep+1","sneckomod:Cheat"],"relics":["sneckomod:SneckoSoul","downfall:HeartsMalice","MealTicket","downfall:HeartBlessingRed","Frozen Egg 2","Ice Cream","downfall:HeartBlessingBlue","bronze:BronzeIdol","InkBottle"],"acts_visited":["Exordium"],"potions_floor_usage":[14,16],"damage_taken":[{"damage":0.0,"enemies":"Cultist","floor":2.0,"turns":1.0},{"damage":0.0,"enemies":"Small Slimes","floor":3.0,"turns":1.0},{"damage":0.0,"enemies":"Lagavulin","floor":8.0,"turns":1.0},{"damage":6.0,"enemies":"Jaw Worm","floor":10.0,"turns":3.0},{"damage":14.0,"enemies":"Gremlin Nob","floor":12.0,"turns":4.0},{"damage":0,"enemies":"3 Sentries","floor":14,"turns":12},{"damage":0,"enemies":"Exordium Wildlife","floor":15,"turns":2},{"damage":17,"enemies":"IC_STATUS_ARCHETYPE","floor":16,"turns":7}],"seed_played":"8020753925012152115","potions_obtained":[{"floor":10.0,"key":"SneckoOil"},{"floor":12.0,"key":"EssenceOfSteel"},{"floor":15,"key":"DuplicationPotion"}],"is_trial":false,"path_per_floor":["R","M","M","?","?","R","T","E","T","M","R","E","R","E","M","B"],"character_chosen":"THE_SNECKO","items_purchased":[],"campfire_rested":0,"item_purchase_floors":[],"current_hp_per_floor":[90,90,90,72,72,72,72,72,72,66,76,62,62,62,62,45,45,45],"gold":186,"neow_bonus":"THREE_ENEMY_KILL","is_daily":false,"chose_seed":false,"campfire_upgraded":1,"win_rate":0.0,"timestamp":1613646375,"path_taken":["R","M","?","?","?","R","T","E","?","M","R","E","R","E","M","BOSS"],"items_purchased_type":[],"build_version":"2020-12-22","purchased_purges":0,"victory":false,"max_hp_per_floor":[90,90,90,90,90,90,90,90,90,90,100,100,100,100,100,100,100,100],"card_choices":[{"not_picked":["sneckomod:UnknownCommonAttack","sneckomod:UnknownClassRED","sneckomod:UnknownClassGREEN"],"picked":"SKIP","floor":2.0},{"not_picked":["sneckomod:UnknownCommonSkill","sneckomod:UnknownClassPURPLE"],"picked":"sneckomod:UnknownDraw","floor":3.0},{"not_picked":["sneckomod:Unknown2Cost","sneckomod:Nope","sneckomod:UnknownClassGREEN"],"picked":"SKIP","floor":8.0},{"not_picked":["sneckomod:UnknownUncommonSkill","sneckomod:DiceCrush","sneckomod:UnknownBoss"],"picked":"SKIP","floor":10.0},{"not_picked":["sneckomod:UnknownBlock","sneckomod:RainOfDice","sneckomod:UnknownColorless"],"picked":"SKIP","floor":12.0},{"not_picked":["sneckomod:Unknown2Cost","sneckomod:IronFang"],"picked":"sneckomod:Cheat","floor":14},{"not_picked":["sneckomod:QuickMove","sneckomod:UnknownX","sneckomod:UnknownExhaust"],"picked":"SKIP","floor":15}],"player_experience":3777087,"relics_obtained":[{"floor":7.0,"key":"Frozen Egg 2"},{"floor":8.0,"key":"Ice Cream"},{"floor":12.0,"key":"bronze:BronzeIdol"},{"floor":14,"key":"InkBottle"}],"event_choices":[{"damage_healed":0.0,"max_hp_gain":0.0,"max_hp_loss":0.0,"gold_gain":0.0,"event_name":"Scrap Ooze","player_choice":"Success","floor":4.0,"gold_loss":0.0,"damage_taken":18.0,"relics_obtained":["MealTicket"]}],"is_beta":false,"boss_relics":[],"items_purged_floors":[],"is_endless":false,"potions_floor_spawned":[8,10,12,15],"killed_by":"IC_STATUS_ARCHETYPE","ascension_level":1}}