{"host":"ul0c1243uydmw2e7","time":1613685518,"event":{"mods":["BaseMod","Better Match","Better Sensory Stone","Better Silent Start","Better Third Choice","Better Vampires","Block Reminder","Bossed Relics","Minty Spire (QoL Compilation)","StSLib","Virulent Crown"],"gold_per_floor":[114,36,111,127,127,127,171,187,187,230,230,230,230],"floor_reached":12,"language":"ENG","playtime":189,"items_purged":[],"score":222,"play_id":"d4031ac5-22f2-4bdc-b9ce-c8b50b87fb52","local_time":"20210218165838","is_ascension_mode":true,"campfire_choices":[{"data":"Doom and Gloom","floor":6,"key":"SMITH"},{"floor":11,"key":"REST"}],"circlet_count":0,"master_deck":["AscendersBane","Strike_B","Strike_B","Strike_B","Strike_B","Defend_B","Defend_B","Defend_B","Defend_B","Zap","Dualcast","Streamline","Doom and Gloom+1","Conserve Battery","Sweeping Beam","White Noise+1","Self Repair+1"],"relics":["Cracked Core","NeowsBlessing","Golden Idol","Toxic Egg 2","InkBottle","Frozen Egg 2"],"acts_visited":["Exordium"],"potions_floor_usage":[12,12],"damage_taken":[{"damage":0,"enemies":"Cultist","floor":1,"turns":1},{"damage":0,"enemies":"Jaw Worm","floor":4,"turns":1},{"damage":0,"enemies":"Lagavulin","floor":7,"turns":1},{"damage":7,"enemies":"Small Slimes","floor":8,"turns":2},{"damage":44,"enemies":"Gremlin Nob","floor":10,"turns":4},{"damage":25,"enemies":"3 Sentries","floor":12,"turns":4}],"seed_played":"8606467356148214573","potions_obtained":[{"floor":4,"key":"Strength Potion"},{"floor":10,"key":"SteroidPotion"}],"is_trial":false,"path_per_floor":["M","$","?","M","?","R","E","M","T","E","R","E"],"character_chosen":"DEFECT","items_purchased":["Doom and Gloom"],"campfire_rested":1,"item_purchase_floors":[2],"current_hp_per_floor":[64,64,53,53,53,53,53,46,46,2,21,0,0],"gold":230,"neow_bonus":"THREE_ENEMY_KILL","is_daily":false,"chose_seed":false,"campfire_upgraded":1,"win_rate":0.0,"timestamp":1613685518,"path_taken":["M","?","?","M","?","R","E","M","T","E","R","E"],"items_purchased_type":["Card"],"build_version":"2020-12-22","purchased_purges":0,"victory":false,"max_hp_per_floor":[71,71,71,71,64,64,64,64,64,64,64,64,64],"card_choices":[{"not_picked":["Beam Cell","Aggregate"],"picked":"Streamline","floor":1},{"not_picked":["Stack","Streamline"],"picked":"Conserve Battery","floor":4},{"not_picked":["Doom and Gloom","Hyperbeam"],"picked":"Sweeping Beam","floor":7},{"not_picked":["Hologram+1","Sweeping Beam"],"picked":"White Noise+1","floor":8},{"not_picked":["Loop+1","Rainbow+1"],"picked":"Self Repair+1","floor":10}],"player_experience":398906,"relics_obtained":[{"floor":7,"key":"Toxic Egg 2"},{"floor":9,"key":"InkBottle"},{"floor":10,"key":"Frozen Egg 2"}],"event_choices":[{"damage_healed":0,"gold_gain":75,"player_choice":"Gold","damage_taken":11,"max_hp_gain":0,"max_hp_loss":0,"event_name":"betterThird:BetterGoop","floor":3,"gold_loss":0},{"damage_healed":0,"gold_gain":0,"player_choice":"Lose Max HP","damage_taken":0,"relics_obtained":["Golden Idol"],"max_hp_gain":0,"max_hp_loss":7,"event_name":"Golden Idol","floor":5,"gold_loss":0}],"is_beta":false,"boss_relics":[],"items_purged_floors":[],"is_endless":false,"potions_floor_spawned":[4,10],"killed_by":"3 Sentries","ascension_level":20}}