{"host":"f7rb14kzcw8hx1r1","time":1613677381,"event":{"mods":["BaseMod","Better Note","Better Third Choice","Colored Map","Curses Come First","Highlight Path","Hubris","Minty Spire (QoL Compilation)","Reliquary","Replay The Spire","StSLib","The Forsaken"],"gold_per_floor":[113,125,142,152,327,327,361,377,377,203,203,35,62,72,72,167,167,186,199,199,214,29,29,29,56,83,116,134,134,153,153,153,250,250,267,267,279,75,125,155,155,155,155],"floor_reached":42,"language":"ENG","playtime":1707,"items_purged":["Doubt","Strike_G","Strike_G","Strike_G"],"score":576,"play_id":"353b92a7-2a5b-4cd9-9f54-b567dbd6ac35","local_time":"20210218204301","is_ascension_mode":false,"campfire_choices":[{"data":"Blade Dance","floor":6,"key":"SMITH"},{"data":"Blur","floor":11,"key":"SMITH"},{"data":"Neutralize","floor":15,"key":"SMITH"},{"data":"Tools of the Trade","floor":23,"key":"SMITH"},{"data":"Cloak And Dagger","floor":29,"key":"SMITH"},{"data":"Accuracy","floor":32,"key":"SMITH"},{"data":"hubris:Sniper","floor":41,"key":"SMITH"}],"circlet_count":0,"master_deck":["Strike_G","Defend_G","Defend_G","Defend_G","Defend_G","Defend_G","Survivor","Neutralize+1","Blade Dance+1","Dagger Throw","Blur+1","hubris:Sniper+1","Flying Knee","Accuracy+1","ReplayTheSpireMod:From All Sides+1","Backflip","Tools of the Trade+1","Blade Dance+1","Leg Sweep+1","Berserk+1","Cloak And Dagger+1","Acrobatics","Hidden Blade+1","Underhanded Strike"],"relics":["Ring of the Snake","Singing Bowl","Kunai","Tiny Chest","Busted Crown","reliquary:Vitrine","reliquary:PartyBalloon","HornCleat","Replay:Ringing Soul","reliquary:ThirdArm","Turnip","The Specimen"],"acts_visited":["Exordium","TheCity","TheBeyond"],"potions_floor_usage":[4,7,19,33,33,35],"damage_taken":[{"damage":0.0,"enemies":"Cultist","floor":1.0,"turns":4.0},{"damage":0.0,"enemies":"Jaw Worm","floor":2.0,"turns":3.0},{"damage":0,"enemies":"2 Louse","floor":3,"turns":3},{"damage":7,"enemies":"Exordium Thugs","floor":4,"turns":6},{"damage":38,"enemies":"Lagavulin","floor":7,"turns":8},{"damage":3,"enemies":"Blue Slaver","floor":8,"turns":5},{"damage":10,"enemies":"Gremlin Nob","floor":13,"turns":4},{"damage":1,"enemies":"Red Slaver","floor":14,"turns":5},{"damage":17,"enemies":"Slime Boss","floor":16,"turns":13},{"damage":1,"enemies":"Chosen","floor":18,"turns":5},{"damage":0,"enemies":"3 Byrds","floor":19,"turns":4},{"damage":0,"enemies":"3 Cultists","floor":21,"turns":5},{"damage":8,"enemies":"Book of Stabbing","floor":25,"turns":6},{"damage":0,"enemies":"Replay:Snechameleon","floor":27,"turns":6},{"damage":0,"enemies":"Centurion and Healer","floor":28,"turns":5},{"damage":0,"enemies":"Snecko","floor":30,"turns":5},{"damage":22,"enemies":"Champ","floor":33,"turns":7},{"damage":1,"enemies":"Orb Walker","floor":35,"turns":3},{"damage":0,"enemies":"3 Shapes","floor":37,"turns":2},{"damage":0,"enemies":"Mind Bloom Boss Battle","floor":39,"turns":4},{"damage":0,"enemies":"Giant Head","floor":40,"turns":6},{"damage":0,"enemies":"3 Darklings","floor":42,"turns":1}],"seed_played":"-5152889235015802058","potions_obtained":[{"floor":1.0,"key":"AttackPotion"},{"floor":2.0,"key":"DistilledChaos"},{"floor":3,"key":"LiquidBronze"},{"floor":16,"key":"Venom Potion"},{"floor":19,"key":"SmokeBomb"},{"floor":21,"key":"Dexterity Potion"},{"floor":28,"key":"DuplicationPotion"},{"floor":33,"key":"Strength Potion"},{"floor":35,"key":"Fruit Juice"},{"floor":37,"key":"LifebloodPotion"},{"floor":40,"key":"Venom Potion"}],"is_trial":false,"path_per_floor":["M","M","M","M","?","R","E","M","T","$","R","$","E","M","R","B",null,"M","M","?","M","$","R","?","E","T","E","M","R","M","T","R","B",null,"M","?","M","$","?","E","R","M"],"character_chosen":"THE_SILENT","items_purchased":["hubris:Sniper","Flying Knee","Accuracy","Leg Sweep+1","Underhanded Strike"],"campfire_rested":0,"item_purchase_floors":[10,10,12,22,38],"current_hp_per_floor":[77,77,77,70,70,70,34,33,33,33,33,33,23,22,22,5,81,82,84,84,86,86,86,86,80,80,80,80,80,80,80,80,60,91,97,97,99,102,104,106,106,106,106],"gold":155,"neow_bonus":"TEN_PERCENT_HP_BONUS","is_daily":false,"chose_seed":false,"campfire_upgraded":7,"win_rate":0.0,"timestamp":1613677381,"path_taken":["M","M","M","?","?","R","E","M","T","$","R","?","E","M","R","BOSS","M","M","?","?","$","R","?","E","T","E","M","R","M","?","R","BOSS","M","?","?","$","?","E","R","M"],"items_purchased_type":["Card","Card","Card","Card","Card"],"build_version":"2020-12-22","purchased_purges":4,"victory":false,"max_hp_per_floor":[77,77,77,77,77,77,79,81,81,81,81,81,81,81,81,81,81,83,85,85,87,87,87,87,89,89,89,89,89,89,89,89,91,91,98,98,100,103,105,107,107,107,107],"card_choices":[{"not_picked":["Dash","Hidden Blade"],"picked":"Blade Dance","floor":1.0},{"not_picked":["hubris:SlightOfHand","Eviscerate","Prepared"],"picked":"SKIP","floor":2.0},{"not_picked":["Deflect","Flying Knee"],"picked":"Dagger Throw","floor":3},{"not_picked":["Crippling Poison","PiercingWail"],"picked":"Blur","floor":4},{"not_picked":["Glass Knife","Skewer","Deadly Poison"],"picked":"Singing Bowl","floor":7},{"not_picked":["Riddle With Holes","Prepared","Dodge and Roll"],"picked":"Singing Bowl","floor":8},{"not_picked":["Deadly Poison","Deflect"],"picked":"ReplayTheSpireMod:From All Sides","floor":13},{"not_picked":["Deflect","Catalyst"],"picked":"Backflip","floor":14},{"not_picked":["Die Die Die","Venomology"],"picked":"Tools of the Trade","floor":16},{"not_picked":["hubris:SlightOfHand+1"],"picked":"Singing Bowl","floor":18},{"not_picked":["Quick Slash"],"picked":"Singing Bowl","floor":19},{"not_picked":["Quick Slash"],"picked":"Singing Bowl","floor":21},{"not_picked":["Poisoned Stab"],"picked":"Singing Bowl","floor":25},{"not_picked":[],"picked":"Cloak And Dagger","floor":27},{"not_picked":[],"picked":"Acrobatics","floor":28},{"not_picked":[],"picked":"Hidden Blade+1","floor":30},{"not_picked":["Wraith Form v2"],"picked":"Singing Bowl","floor":33},{"not_picked":["Setup"],"picked":"Singing Bowl","floor":35},{"not_picked":["PiercingWail"],"picked":"Singing Bowl","floor":37},{"not_picked":["All Out Attack+1"],"picked":"Singing Bowl","floor":39},{"not_picked":["Replay:Poison Smokescreen"],"picked":"Singing Bowl","floor":40}],"player_experience":972749,"relics_obtained":[{"floor":7,"key":"Singing Bowl"},{"floor":9,"key":"Kunai"},{"floor":13,"key":"Tiny Chest"},{"floor":25,"key":"reliquary:Vitrine"},{"floor":26,"key":"reliquary:PartyBalloon"},{"floor":27,"key":"HornCleat"},{"floor":31,"key":"Replay:Ringing Soul"},{"floor":39,"key":"Turnip"},{"floor":40,"key":"The Specimen"}],"event_choices":[{"damage_healed":0,"gold_gain":175,"player_choice":"AGREE","damage_taken":152,"max_hp_gain":0,"max_hp_loss":0,"event_name":"betterThird:BetterSerpent","floor":5,"gold_loss":0},{"damage_healed":0,"gold_gain":0,"player_choice":"Copied","damage_taken":0,"max_hp_gain":0,"max_hp_loss":0,"event_name":"Duplicator","floor":20,"gold_loss":0,"cards_obtained":["Blade Dance"]},{"cards_removed":["Tools of the Trade"],"damage_healed":0,"gold_gain":0,"player_choice":"Take \u0026 Give","damage_taken":0,"max_hp_gain":0,"max_hp_loss":0,"event_name":"betterNote:BetterNote","floor":24,"gold_loss":0,"cards_obtained":["Berserk"]},{"damage_healed":0,"gold_gain":0,"player_choice":"Forge","damage_taken":0,"max_hp_gain":0,"max_hp_loss":0,"event_name":"Accursed Blacksmith","floor":36,"gold_loss":0,"cards_upgraded":["ReplayTheSpireMod:From All Sides"]},{"damage_healed":0,"gold_gain":0,"player_choice":"Fight","damage_taken":0,"max_hp_gain":0,"max_hp_loss":0,"event_name":"MindBloom","floor":39,"gold_loss":0}],"is_beta":false,"boss_relics":[{"not_picked":["Black Star","Runic Dome"],"picked":"Busted Crown"},{"not_picked":["hubris:VirtuousBlindfold","hubris:Stopwatch"],"picked":"reliquary:ThirdArm"}],"items_purged_floors":[10,12,22,38],"is_endless":false,"potions_floor_spawned":[1,2,3,16,19,21,28,30,33,35,37,40],"killed_by":"3 Darklings","ascension_level":0}}