{"host":"h49usdrjeju7gyhi","time":1613611822,"event":{"mods":["BaseMod","Colored Map","Minty Spire (QoL Compilation)","SOS???????","StSLib"],"gold_per_floor":[150,167,230,241,275,275,273,70,70,70,68,68,53,84,84,183,183,198,224,245,263,306,373,373,395,395,460,504,502,601,631,631,730,730,612,476,350,350,218,104,104,135,135,135,161,218,218,238,238,276,276,276,56,111,146],"floor_reached":56,"language":"ENG","playtime":3569,"items_purged":["Defend_Dante"],"score":2061,"play_id":"04c24aa2-23dc-49cb-8918-78f61d5b201b","local_time":"20210217203022","is_ascension_mode":true,"campfire_choices":[{"data":"Dash2","floor":6,"key":"SMITH"},{"data":"Stylechange","floor":10,"key":"SMITH"},{"data":"Provocation","floor":12,"key":"SMITH"},{"data":"Attack_b","floor":15,"key":"SMITH"},{"data":"EbonyIvory","floor":24,"key":"SMITH"},{"data":"Darkslayer","floor":32,"key":"SMITH"},{"floor":41,"key":"RECALL"},{"data":"Airtrick","floor":49,"key":"SMITH"},{"data":"Chargeshoot2","floor":52,"key":"SMITH"}],"circlet_count":0,"master_deck":["Attack_a","Attack_a","Attack_b+1","Shoot","Shoot","Provocation+1","Defend_Dante","Redorb","Royaldefend","Dash2+1","Honeycombofire","Hightime","Stylechange+1","EbonyIvory+1","Chargeshoot","Airtrick+1","Dash1","Royalguard","Swordmaster","Gunstinger+1","Gunslinger+1","Darkslayer+1","Pandora+1","Demonreform","Purpleorb","Parasite","Demonreform","Chargeshoot2+1","DT+1"],"relics":["SSS","Combocheck","Juzu Bracelet","Bag of Preparation","OrangePellets","Incense Burner","Sozu","Bottled Tornado","Pen Nib","CaptainsWheel","Bag of Marbles","Letter Opener","Empty Cage","Pocketwatch","Anchor","Lantern","Mercury Hourglass"],"acts_visited":["Exordium","TheCity","TheBeyond","TheEnding"],"potions_floor_usage":[7,14],"damage_taken":[{"damage":0,"enemies":"Cultist","floor":1,"turns":2},{"damage":0,"enemies":"Small Slimes","floor":2,"turns":3},{"damage":6,"enemies":"2 Louse","floor":3,"turns":3},{"damage":0,"enemies":"Large Slime","floor":4,"turns":5},{"damage":0,"enemies":"Blue Slaver","floor":5,"turns":5},{"damage":62,"enemies":"3 Sentries","floor":7,"turns":13},{"damage":0,"enemies":"Looter","floor":11,"turns":3},{"damage":0,"enemies":"Large Slime","floor":13,"turns":4},{"damage":3,"enemies":"Exordium Thugs","floor":14,"turns":6},{"damage":0,"enemies":"Slime Boss","floor":16,"turns":2},{"damage":0,"enemies":"Chosen","floor":18,"turns":1},{"damage":0,"enemies":"Shell Parasite","floor":19,"turns":1},{"damage":0,"enemies":"Shelled Parasite and Fungi","floor":20,"turns":3},{"damage":8,"enemies":"Snake Plant","floor":21,"turns":2},{"damage":0,"enemies":"Cultist and Chosen","floor":22,"turns":2},{"damage":0,"enemies":"Book of Stabbing","floor":23,"turns":2},{"damage":0,"enemies":"Centurion and Healer","floor":25,"turns":2},{"damage":0,"enemies":"Gremlin Leader","floor":27,"turns":1},{"damage":0,"enemies":"Snake Plant","floor":28,"turns":1},{"damage":0,"enemies":"Book of Stabbing","floor":29,"turns":3},{"damage":0,"enemies":"Gremlin Leader","floor":31,"turns":3},{"damage":0,"enemies":"Champ","floor":33,"turns":1},{"damage":0,"enemies":"3 Darklings","floor":35,"turns":1},{"damage":0,"enemies":"Orb Walker","floor":36,"turns":1},{"damage":0,"enemies":"Writhing Mass","floor":37,"turns":2},{"damage":0,"enemies":"4 Shapes","floor":39,"turns":1},{"damage":0,"enemies":"Giant Head","floor":40,"turns":2},{"damage":0,"enemies":"Jaw Worm Horde","floor":42,"turns":1},{"damage":0,"enemies":"Nemesis","floor":45,"turns":1},{"damage":0,"enemies":"Transient","floor":46,"turns":3},{"damage":0,"enemies":"Sphere and 2 Shapes","floor":48,"turns":1},{"damage":0,"enemies":"Donu and Deca","floor":50,"turns":1},{"damage":0,"enemies":"Shield and Spear","floor":54,"turns":1},{"damage":3,"enemies":"The Heart","floor":55,"turns":3}],"seed_played":"-782071149696704988","potions_obtained":[{"floor":1,"key":"GamblersBrew"},{"floor":2,"key":"Block Potion"},{"floor":7,"key":"Explosive Potion"},{"floor":13,"key":"Block Potion"}],"is_trial":false,"path_per_floor":["M","M","M","M","M","R","E","$","T","R","M","R","M","M","R","B",null,"M","M","M","M","M","E","R","M","T","E","M","E","?","E","R","B",null,"M","M","M","?","M","E","R","M","T","?","E","M","?","M","R","B",null,"R","$","E","B",null],"character_chosen":"DANTE","items_purchased":["EbonyIvory","OrangePellets","Lantern"],"campfire_rested":0,"item_purchase_floors":[8,8,53],"current_hp_per_floor":[72,72,66,66,66,66,24,24,24,24,44,44,64,61,61,61,75,75,75,75,67,67,67,67,67,67,67,67,80,80,80,80,80,80,80,80,80,76,76,76,76,76,76,76,76,76,76,76,76,76,76,76,76,76,76],"gold":146,"neow_bonus":"RANDOM_COMMON_RELIC","is_daily":false,"chose_seed":false,"campfire_upgraded":8,"win_rate":0.0,"timestamp":1613611822,"path_taken":["M","M","M","M","M","R","E","$","T","R","M","R","M","M","R","BOSS","M","M","M","M","M","E","R","M","T","E","M","E","?","E","R","BOSS","M","M","M","?","M","E","R","M","T","?","E","M","?","M","R","BOSS","R","$","E","BOSS"],"items_purchased_type":["Card","Relic","Relic"],"build_version":"2020-12-22","purchased_purges":1,"victory":true,"max_hp_per_floor":[80,80,80,80,80,80,80,80,80,80,80,80,80,80,80,80,80,80,80,80,80,80,80,80,80,80,80,80,80,80,80,80,80,80,80,80,80,76,76,76,76,76,76,76,76,76,76,76,76,76,76,76,76,76,76],"card_choices":[{"not_picked":["Pandora","Swordmaster"],"picked":"Royaldefend","floor":1},{"not_picked":["Chargeshoot2","Kick13"],"picked":"Dash2","floor":2},{"not_picked":["Hightime","Doubleshoot"],"picked":"Honeycombofire","floor":3},{"not_picked":["Kick13","Stinger"],"picked":"Hightime","floor":4},{"not_picked":["Weaponchange","GilgameshcomboA"],"picked":"VitalstarL","floor":5},{"not_picked":["DevilstarS","Stinger"],"picked":"Stylechange","floor":7},{"not_picked":["Shock","Straight","Stinger"],"picked":"SKIP","floor":11},{"not_picked":["Shock","Straight","Stinger"],"picked":"SKIP","floor":11},{"not_picked":["VitalstarS","Weaponupgrade"],"picked":"Chargeshoot","floor":13},{"not_picked":["GilgameshcomboA","DevilstarS","Millionstab"],"picked":"SKIP","floor":14},{"not_picked":["DevilstarL","Blueorb"],"picked":"Airtrick","floor":16},{"not_picked":["GilgameshcomboA","VitalstarS"],"picked":"Dash1","floor":18},{"not_picked":["Splesh+1","GilgameshcomboA","EbonyIvory"],"picked":"SKIP","floor":19},{"not_picked":["GilgameshcomboA","Millionkick+1"],"picked":"Royalguard","floor":20},{"not_picked":["Greenorb","Ecstasy+1","DevilstarS"],"picked":"SKIP","floor":21},{"not_picked":["Honeycombofire","Kick13"],"picked":"Swordmaster","floor":22},{"not_picked":["Kick13","Unrisingdragon"],"picked":"Gunstinger+1","floor":23},{"not_picked":["Greenorb","VitalstarS+1","Splesh"],"picked":"SKIP","floor":25},{"not_picked":["Airhike+1","Weaponchange"],"picked":"Gunslinger+1","floor":27},{"not_picked":["Weaponchange","DevilstarS"],"picked":"Darkslayer","floor":28},{"not_picked":["VitalstarS+1","LucifercomboB"],"picked":"Pandora+1","floor":29},{"not_picked":["Blueorb","VitalstarM"],"picked":"Demonreform","floor":31},{"not_picked":["Darkslayer","Goldorb"],"picked":"Purpleorb","floor":33},{"not_picked":["EbonyIvory+1","Splesh","Weaponchange"],"picked":"SKIP","floor":35},{"not_picked":["Dash2","Stinger+1","Pandora+1"],"picked":"SKIP","floor":36},{"not_picked":["Gunslinger","Rebellion+1","DevilstarS+1"],"picked":"SKIP","floor":37},{"not_picked":["BeastUppercut+1","Millionstab","Fullhouse+1"],"picked":"SKIP","floor":39},{"not_picked":["Weaponupgrade","Airhike+1","EbonyIvory+1"],"picked":"SKIP","floor":40},{"not_picked":["Gilgamesh+1","EbonyIvory+1","Darkslayer"],"picked":"SKIP","floor":42},{"not_picked":["Dash2","Airhike+1"],"picked":"Demonreform","floor":45},{"not_picked":["Shock+1","Lucifer","CoyoteA"],"picked":"SKIP","floor":46},{"not_picked":["VitalstarS","Unrisingdragon+1"],"picked":"Chargeshoot2","floor":48},{"not_picked":["Unrisingdragon+1","Royaldefend"],"picked":"DT+1","floor":54}],"player_experience":1145650,"relics_obtained":[{"floor":7,"key":"Bag of Preparation"},{"floor":9,"key":"Incense Burner"},{"floor":23,"key":"Bottled Tornado"},{"floor":26,"key":"Pen Nib"},{"floor":27,"key":"CaptainsWheel"},{"floor":29,"key":"Bag of Marbles"},{"floor":31,"key":"Letter Opener"},{"floor":40,"key":"Pocketwatch"},{"floor":45,"key":"Anchor"},{"floor":54,"key":"Mercury Hourglass"}],"event_choices":[{"damage_healed":0,"gold_gain":99,"player_choice":"Stole From Cult","damage_taken":0,"max_hp_gain":0,"max_hp_loss":0,"event_name":"Nest","floor":30,"gold_loss":0},{"damage_healed":0,"gold_gain":0,"player_choice":"Max HP","damage_taken":0,"max_hp_gain":0,"max_hp_loss":4,"event_name":"Winding Halls","floor":38,"gold_loss":0},{"damage_healed":0,"gold_gain":0,"player_choice":"Ignored","damage_taken":0,"max_hp_gain":0,"max_hp_loss":0,"event_name":"Tomb of Lord Red Mask","floor":44,"gold_loss":0},{"cards_removed":["Defend_Dante"],"damage_healed":0,"gold_gain":0,"player_choice":"Removed Skill","damage_taken":0,"max_hp_gain":0,"max_hp_loss":0,"event_name":"Falling","floor":47,"gold_loss":0}],"is_beta":false,"boss_relics":[{"not_picked":["Runic Pyramid","Philosopher\u0027s Stone"],"picked":"Sozu"},{"not_picked":["Fusion Hammer","Velvet Choker"],"picked":"Empty Cage"}],"items_purged_floors":[53],"is_endless":false,"potions_floor_spawned":[1,2,7,13,18,20,25,27,28,31,33,35,40,42],"ascension_level":6}}