{"host":"ptk1shuto3uimndw","time":1613672888,"event":{"mods":["AchievementEnabler","BaseMod","Bestiary","Colored Map","Colored Powertips","Curses Come First","Minty Spire (QoL Compilation)","Quick Restart","Rare Cards Sparkle","Relic Stats","StSLib","Uncapped"],"gold_per_floor":[118,118,135,32,43,76,88,426,516,543,7,33,50,68,68,142,142,161,13,13,24,40,40,59,59,59,59,87,87,113,129,129,203,203,217,236,41,61,111,139,153,182,182,182,182,200,228,244,244,244],"floor_reached":51,"language":"ENG","playtime":2192,"items_purged":["Strike_B"],"score":1661,"play_id":"65391633-a1b8-4efc-9c81-5ee8b60e4376","local_time":"20210218192808","is_ascension_mode":true,"campfire_choices":[{"data":"Sunder","floor":7,"key":"SMITH"},{"data":"Defragment","floor":15,"key":"SMITH"},{"data":"Biased Cognition","floor":23,"key":"SMITH"},{"data":"Biased Cognition","floor":27,"key":"SMITH"},{"data":"Self Repair","floor":29,"key":"SMITH"},{"data":"Capacitor","floor":32,"key":"SMITH"},{"data":"Creative AI","floor":45,"key":"SMITH"},{"data":"Biased Cognition","floor":49,"key":"SMITH"}],"circlet_count":0,"master_deck":["AscendersBane","Strike_B","Defend_B","Defend_B","Defend_B","Defend_B","Zap","Dualcast","Sweeping Beam","Stack","Self Repair+1","Sunder+1","Reinforced Body","Biased Cognition+1","Coolheaded","Cold Snap","Biased Cognition+1","Cold Snap","Rainbow","Defragment+1","Core Surge","Consume+1","Capacitor+1","Biased Cognition+1","Hologram+1","Coolheaded","Creative AI+1","Core Surge","Amplify"],"relics":["Black Star","White Beast Statue","MawBank","Mango","Old Coin","Nunchaku","Matryoshka","Orrery","Singing Bowl","Art of War","Bag of Preparation","Pantograph","Coffee Dripper","Runic Capacitor","StoneCalendar","MutagenicStrength","Regal Pillow","Tiny Chest","Lantern","Incense Burner","FossilizedHelix","Mummified Hand","Empty Cage","Membership Card","Thread and Needle","Bag of Marbles","Omamori","Shuriken","Lizard Tail","Frozen Egg 2","Bird Faced Urn","Boot","TungstenRod"],"acts_visited":["Exordium","TheCity","TheBeyond"],"potions_floor_usage":[6,8,10,12,16,22,22,22,24,28,30,33,34,38,50,50],"damage_taken":[{"damage":6,"enemies":"Cultist","floor":1,"turns":4},{"damage":7,"enemies":"Small Slimes","floor":3,"turns":3},{"damage":10,"enemies":"Jaw Worm","floor":5,"turns":6},{"damage":16,"enemies":"3 Sentries","floor":6,"turns":7},{"damage":20,"enemies":"Lagavulin","floor":8,"turns":9},{"damage":1,"enemies":"2 Fungi Beasts","floor":10,"turns":3},{"damage":19,"enemies":"3 Sentries","floor":12,"turns":6},{"damage":5,"enemies":"Red Slaver","floor":13,"turns":5},{"damage":0,"enemies":"Large Slime","floor":14,"turns":5},{"damage":11,"enemies":"The Guardian","floor":16,"turns":8},{"damage":18,"enemies":"2 Thieves","floor":18,"turns":5},{"damage":11,"enemies":"3 Byrds","floor":21,"turns":7},{"damage":0,"enemies":"3 Cultists","floor":22,"turns":6},{"damage":11,"enemies":"Centurion and Healer","floor":24,"turns":6},{"damage":4,"enemies":"Book of Stabbing","floor":28,"turns":7},{"damage":30,"enemies":"Slavers","floor":30,"turns":7},{"damage":0,"enemies":"Cultist and Chosen","floor":31,"turns":7},{"damage":7,"enemies":"Collector","floor":33,"turns":12},{"damage":0,"enemies":"3 Shapes","floor":35,"turns":6},{"damage":0,"enemies":"Orb Walker","floor":36,"turns":4},{"damage":6,"enemies":"Writhing Mass","floor":38,"turns":6},{"damage":0,"enemies":"2 Orb Walkers","floor":39,"turns":7},{"damage":0,"enemies":"Reptomancer","floor":40,"turns":7},{"damage":0,"enemies":"Maw","floor":41,"turns":8},{"damage":0,"enemies":"Nemesis","floor":42,"turns":9},{"damage":0,"enemies":"Jaw Worm Horde","floor":46,"turns":6},{"damage":0,"enemies":"Reptomancer","floor":47,"turns":7},{"damage":0,"enemies":"Sphere and 2 Shapes","floor":48,"turns":6},{"damage":22,"enemies":"Time Eater","floor":50,"turns":9}],"seed_played":"749552262252080065","potions_obtained":[{"floor":3,"key":"BlessingOfTheForge"},{"floor":5,"key":"Explosive Potion"},{"floor":6,"key":"Weak Potion"},{"floor":8,"key":"Regen Potion"},{"floor":10,"key":"SteroidPotion"},{"floor":12,"key":"Ancient Potion"},{"floor":13,"key":"Strength Potion"},{"floor":16,"key":"CultistPotion"},{"floor":21,"key":"EntropicBrew"},{"floor":22,"key":"Fruit Juice"},{"floor":24,"key":"Strength Potion"},{"floor":28,"key":"Weak Potion"},{"floor":30,"key":"DistilledChaos"},{"floor":31,"key":"DuplicationPotion"},{"floor":33,"key":"Fruit Juice"},{"floor":35,"key":"ColorlessPotion"},{"floor":36,"key":"Ancient Potion"},{"floor":38,"key":"Weak Potion"}],"is_trial":false,"path_per_floor":["M","T","M","$","M","E","R","E","T","M","$","E","M","M","R","B",null,"M","$","?","M","M","R","M","?","T","R","E","R","E","M","R","B",null,"M","M","$","M","?","E","M","E","T","?","R","M","E","M","R","B",null],"character_chosen":"DEFECT","items_purchased":["Self Repair","Sunder","Orrery","Singing Bowl","Art of War","Runic Capacitor","Membership Card"],"campfire_rested":0,"item_purchase_floors":[4,4,11,11,11,19,37],"current_hp_per_floor":[58,58,51,51,48,53,53,40,40,49,49,52,56,58,58,79,87,78,78,78,76,85,85,86,86,86,86,89,89,71,83,83,104,109,109,109,109,109,111,113,115,117,117,117,117,119,121,121,121,121],"gold":244,"neow_bonus":"BOSS_RELIC","is_daily":false,"chose_seed":false,"campfire_upgraded":8,"win_rate":0.0,"timestamp":1613672888,"path_taken":["M","?","M","$","?","E","R","E","T","?","$","E","M","M","R","BOSS","M","$","?","?","M","R","M","?","T","R","E","R","E","M","R","BOSS","M","M","$","M","?","E","M","E","T","?","R","?","E","M","R","BOSS"],"items_purchased_type":["Card","Card","Relic","Relic","Relic","Relic","Relic"],"build_version":"2020-12-22","purchased_purges":1,"victory":true,"max_hp_per_floor":[71,71,71,71,71,85,85,85,85,85,85,85,87,89,89,89,89,91,91,91,93,95,95,100,100,100,100,100,100,102,104,104,104,109,109,109,109,109,111,113,115,117,117,117,117,119,121,121,121,121],"relic_stats":{"Regal Pillow":0,"Singing Bowl":26,"counters":[29,188],"StoneCalendar":[291],"Bag of Preparation":[44],"MawBank":60,"Boot":[0],"Nunchaku":[17],"Lizard Tail":0,"Mummified Hand":[114],"Shuriken":[2],"Pantograph":46,"Bird Faced Urn":[22],"Tiny Chest":0,"Black Star":8,"Art of War":[50],"obtain_stats":[{"Regal Pillow":26,"Lantern":28,"Singing Bowl":11,"Mango":6,"StoneCalendar":20,"Bag of Preparation":12,"Runic Capacitor":19,"Incense Burner":28,"Empty Cage":34,"Boot":47,"Old Coin":8,"Nunchaku":8,"Lizard Tail":42,"Matryoshka":9,"Mummified Hand":30,"Pantograph":12,"Tiny Chest":26,"Cracked Core":0,"Thread and Needle":39,"Omamori":40,"Frozen Egg 2":43,"MawBank":6,"White Beast Statue":2,"Shuriken":42,"MutagenicStrength":25,"Bird Faced Urn":43,"Orrery":11,"Black Star":0,"Art of War":11,"Coffee Dripper":17,"Bag of Marbles":40,"Membership Card":37,"FossilizedHelix":30,"TungstenRod":47},{"Regal Pillow":14,"Lantern":15,"Singing Bowl":6,"Mango":4,"StoneCalendar":11,"Bag of Preparation":7,"Runic Capacitor":11,"Incense Burner":15,"Empty Cage":18,"Boot":27,"Old Coin":5,"Nunchaku":5,"Lizard Tail":25,"Matryoshka":5,"Mummified Hand":16,"Pantograph":7,"Tiny Chest":14,"Cracked Core":0,"Thread and Needle":22,"Omamori":23,"Frozen Egg 2":25,"MawBank":4,"White Beast Statue":1,"Shuriken":25,"MutagenicStrength":14,"Bird Faced Urn":25,"Orrery":6,"Black Star":0,"Art of War":6,"Coffee Dripper":10,"Bag of Marbles":23,"Membership Card":20,"FossilizedHelix":16,"TungstenRod":27},{"Regal Pillow":80,"Lantern":87,"Singing Bowl":32,"Mango":20,"StoneCalendar":61,"Bag of Preparation":38,"Runic Capacitor":61,"Incense Burner":87,"Empty Cage":113,"Boot":173,"Old Coin":29,"Nunchaku":29,"Lizard Tail":160,"Matryoshka":29,"Mummified Hand":94,"Pantograph":38,"Tiny Chest":80,"Cracked Core":0,"Thread and Needle":136,"Omamori":143,"Frozen Egg 2":160,"MawBank":20,"White Beast Statue":4,"Shuriken":160,"MutagenicStrength":80,"Bird Faced Urn":160,"Orrery":32,"Black Star":0,"Art of War":32,"Coffee Dripper":56,"Bag of Marbles":143,"Membership Card":123,"FossilizedHelix":94,"TungstenRod":173}],"TungstenRod":3},"card_choices":[{"not_picked":["Stack","Conserve Battery"],"picked":"Sweeping Beam","floor":1},{"not_picked":["Hello World","Undo"],"picked":"Stack","floor":3},{"not_picked":["Stack","Sweeping Beam"],"picked":"Reinforced Body","floor":5},{"not_picked":["Streamline","Storm"],"picked":"Biased Cognition","floor":6},{"not_picked":["Go for the Eyes","Capacitor"],"picked":"Coolheaded","floor":8},{"not_picked":["Go for the Eyes","Sweeping Beam"],"picked":"Cold Snap","floor":10},{"not_picked":["Self Repair","Compile Driver"],"picked":"Biased Cognition","floor":11},{"not_picked":["Undo","Steam"],"picked":"Cold Snap","floor":11},{"not_picked":["Redo","Chaos"],"picked":"Rainbow","floor":11},{"not_picked":["Rebound","Hologram"],"picked":"Defragment","floor":12},{"not_picked":["Rebound","Go for the Eyes","Stack"],"picked":"Singing Bowl","floor":13},{"not_picked":["Hologram","Leap","Barrage"],"picked":"Singing Bowl","floor":14},{"not_picked":["Seek","Multi-Cast"],"picked":"Core Surge","floor":16},{"not_picked":["Scrape","Ball Lightning","Gash+1"],"picked":"Singing Bowl","floor":18},{"not_picked":["Leap","Compile Driver","Turbo"],"picked":"Singing Bowl","floor":21},{"not_picked":["Rebound+1","Compile Driver","Stack"],"picked":"Singing Bowl","floor":22},{"not_picked":["Multi-Cast","Darkness"],"picked":"Consume+1","floor":24},{"not_picked":["Reprogram","Consume"],"picked":"Capacitor","floor":28},{"not_picked":["Cold Snap","Sweeping Beam","Barrage"],"picked":"Singing Bowl","floor":30},{"not_picked":["Heatsinks","BootSequence","Chaos"],"picked":"Singing Bowl","floor":31},{"not_picked":["Buffer","Machine Learning"],"picked":"Biased Cognition","floor":33},{"not_picked":["Turbo+1","Beam Cell"],"picked":"Hologram+1","floor":35},{"not_picked":["Hologram","FTL"],"picked":"Coolheaded","floor":36},{"not_picked":["Hologram","Steam"],"picked":"Creative AI","floor":38},{"not_picked":["Conserve Battery+1","Tempest","Streamline+1"],"picked":"Singing Bowl","floor":39},{"not_picked":["Undo+1","Consume","Conserve Battery"],"picked":"Singing Bowl","floor":40},{"not_picked":["Beam Cell","Coolheaded","Reinforced Body"],"picked":"Singing Bowl","floor":41},{"not_picked":["Cold Snap","Heatsinks+1","FTL"],"picked":"Singing Bowl","floor":42},{"not_picked":["Streamline","Sweeping Beam+1","Beam Cell"],"picked":"Singing Bowl","floor":46},{"not_picked":["Redo","Barrage","Steam+1"],"picked":"Singing Bowl","floor":47},{"not_picked":["Tempest","Go for the Eyes"],"picked":"Amplify","floor":48}],"player_experience":279784,"relics_obtained":[{"floor":2,"key":"White Beast Statue"},{"floor":6,"key":"MawBank"},{"floor":6,"key":"Mango"},{"floor":8,"key":"Old Coin"},{"floor":8,"key":"Nunchaku"},{"floor":9,"key":"Matryoshka"},{"floor":12,"key":"Bag of Preparation"},{"floor":12,"key":"Pantograph"},{"floor":26,"key":"Regal Pillow"},{"floor":26,"key":"Tiny Chest"},{"floor":28,"key":"Lantern"},{"floor":28,"key":"Incense Burner"},{"floor":30,"key":"FossilizedHelix"},{"floor":30,"key":"Mummified Hand"},{"floor":39,"key":"Thread and Needle"},{"floor":40,"key":"Bag of Marbles"},{"floor":40,"key":"Omamori"},{"floor":42,"key":"Shuriken"},{"floor":42,"key":"Lizard Tail"},{"floor":43,"key":"Frozen Egg 2"},{"floor":43,"key":"Bird Faced Urn"},{"floor":47,"key":"Boot"},{"floor":47,"key":"TungstenRod"}],"event_choices":[{"damage_healed":0,"gold_gain":0,"player_choice":"Gave Potion","damage_taken":0,"relics_obtained":["StoneCalendar"],"max_hp_gain":0,"max_hp_loss":0,"event_name":"WeMeetAgain","floor":20,"gold_loss":0},{"damage_healed":0,"gold_gain":0,"player_choice":"Inject Mutagens","damage_taken":0,"relics_obtained":["MutagenicStrength"],"max_hp_gain":0,"max_hp_loss":0,"event_name":"Drug Dealer","floor":25,"gold_loss":0},{"damage_healed":0,"gold_gain":0,"player_choice":"Fight","damage_taken":0,"max_hp_gain":0,"max_hp_loss":0,"event_name":"Mysterious Sphere","floor":39,"gold_loss":0},{"damage_healed":0,"gold_gain":0,"player_choice":"Copied","damage_taken":0,"max_hp_gain":0,"max_hp_loss":0,"event_name":"Duplicator","floor":44,"gold_loss":0,"cards_obtained":["Core Surge"]}],"is_beta":false,"boss_relics":[{"not_picked":["Fusion Hammer","SlaversCollar"],"picked":"Coffee Dripper"},{"not_picked":["Philosopher\u0027s Stone","SacredBark"],"picked":"Empty Cage"}],"items_purged_floors":[37],"is_endless":false,"potions_floor_spawned":[3,5,6,8,10,12,13,14,16,18,21,22,24,28,30,31,33,35,36,38,39,40,41,42,46,47,48],"ascension_level":15}}