{"host":"3zmssa4s99zhxek5","time":1613633744,"event":{"mods":["AchievementEnabler","BaseMod","Minty Spire (QoL Compilation)","Permanent Neow","Relic Stats"],"gold_per_floor":[119,138,151,151,76,76,103,103,130,130,18,18,32,49,49,49,49],"floor_reached":16,"language":"KOR","playtime":586,"items_purged":["Strike_R"],"score":200,"play_id":"ef09e112-09a8-484b-a7e2-92208f8a87f8","local_time":"20210218163544","is_ascension_mode":true,"campfire_choices":[{"data":"Rampage","floor":6,"key":"SMITH"},{"data":"True Grit","floor":8,"key":"SMITH"},{"data":"Battle Trance","floor":10,"key":"SMITH"},{"data":"Rampage","floor":15,"key":"SMITH"}],"circlet_count":0,"master_deck":["AscendersBane","Strike_R","Strike_R","Defend_R","Defend_R","Defend_R","Bash","Exhume","Rampage+1","Iron Wave","Battle Trance+1","True Grit+1","Rampage+1","Metallicize"],"relics":["Burning Blood","Bag of Preparation","Omamori"],"acts_visited":["Exordium"],"potions_floor_usage":[16],"damage_taken":[{"damage":2,"enemies":"Cultist","floor":1,"turns":4},{"damage":7,"enemies":"2 Louse","floor":2,"turns":3},{"damage":14,"enemies":"Jaw Worm","floor":3,"turns":4},{"damage":41,"enemies":"Lagavulin","floor":7,"turns":7},{"damage":4,"enemies":"3 Louse","floor":13,"turns":3},{"damage":12,"enemies":"Exordium Thugs","floor":14,"turns":5},{"damage":20,"enemies":"Hexaghost","floor":16,"turns":7}],"seed_played":"823064854441655807","potions_obtained":[{"floor":1,"key":"FearPotion"},{"floor":13,"key":"Dexterity Potion"}],"is_trial":false,"path_per_floor":["M","M","M","?","?","R","E","R","T","R","$","?","M","M","R","B"],"character_chosen":"IRONCLAD","items_purchased":["Rampage"],"campfire_rested":0,"item_purchase_floors":[11],"current_hp_per_floor":[72,71,63,56,56,56,21,21,21,21,21,21,23,17,17,0,0],"gold":49,"neow_bonus":"ONE_RANDOM_RARE_CARD","is_daily":false,"chose_seed":false,"campfire_upgraded":4,"win_rate":0.0,"timestamp":1613633744,"path_taken":["M","?","M","?","?","R","E","R","T","R","$","?","?","M","R","BOSS"],"items_purchased_type":["Card"],"build_version":"2020-12-22","purchased_purges":1,"victory":false,"max_hp_per_floor":[75,75,75,75,75,75,75,75,75,75,75,75,75,75,75,75,75],"relic_stats":{"counters":[7,33],"Bag of Preparation":[6],"obtain_stats":[{"Bag of Preparation":7,"Omamori":9,"Burning Blood":0},{"Bag of Preparation":4,"Omamori":4,"Burning Blood":0},{"Bag of Preparation":18,"Omamori":18,"Burning Blood":0}],"Burning Blood":36},"card_choices":[{"not_picked":["Carnage","Shrug It Off"],"picked":"Rampage","floor":1},{"not_picked":["Twin Strike","Flex"],"picked":"Iron Wave","floor":2},{"not_picked":["Clothesline","Sword Boomerang"],"picked":"Battle Trance","floor":3},{"not_picked":["Body Slam","Immolate"],"picked":"True Grit","floor":7},{"not_picked":["Fire Breathing","Wild Strike"],"picked":"Metallicize","floor":13},{"not_picked":["Combust","Pommel Strike","Heavy Blade"],"picked":"SKIP","floor":14}],"player_experience":1665893,"relics_obtained":[{"floor":7,"key":"Bag of Preparation"},{"floor":9,"key":"Omamori"}],"event_choices":[{"cards_removed":["Defend_R"],"damage_healed":0,"gold_gain":0,"player_choice":"Card Removal","damage_taken":7,"max_hp_gain":0,"max_hp_loss":0,"event_name":"Golden Wing","floor":4,"gold_loss":0},{"cards_removed":["Strike_R"],"damage_healed":0,"gold_gain":0,"player_choice":"Card Removal","damage_taken":0,"max_hp_gain":0,"max_hp_loss":0,"event_name":"The Cleric","floor":5,"gold_loss":75},{"cards_removed":["Strike_R"],"damage_healed":0,"gold_gain":0,"player_choice":"Forget","damage_taken":0,"max_hp_gain":0,"max_hp_loss":0,"event_name":"Living Wall","floor":12,"gold_loss":0}],"is_beta":false,"boss_relics":[],"items_purged_floors":[11],"is_endless":false,"potions_floor_spawned":[1,13],"killed_by":"Hexaghost","ascension_level":20}}