{"host":"tod","time":1613623028,"event":{"mods":["AchievementEnabler","Act Like it!","BaseMod","CapriCore","Energized Spire","Highlight Path","Lobotomy","Marisa£®ÏF”Í°°ƒß¿Ì…≥£©","Minty Spire (QoL Compilation)","Quick Restart","Reimu£®≤©¿ˆ¡È√Œ£©","Relic Filter Mod","Relic Stats","Remilia£®¿Ÿ√◊¿Ú—«£©","Replay The Spire","Shop Mod","StSLib","The Cursed","The Immortal","Yakumo Yukari mod","Youmu£®ªÍ∆«—˝√Œ£©"],"gold_per_floor":[114,114,125,137,137,165,175,190,190,190,201,126,126,26,26,123,123,138,157,223,238,238,264,264,299,299,299,311,325,337,350,350,445,445,456,468,484,252,252,286,302,332,332,332,364,57,71,81,81,81],"floor_reached":51,"language":"ZHS","playtime":3203,"items_purged":["Strike_RM","Defend_RM","Strike_RM"],"score":845,"play_id":"a98cfe21-942b-4ea7-a138-143a62711468","local_time":"20210218123708","is_ascension_mode":true,"campfire_choices":[{"data":"LeisurelyOfLord","floor":10.0,"key":"SMITH"},{"floor":15.0,"key":"REST"},{"data":"ForecastOfChange","floor":24.0,"key":"SMITH"},{"floor":49.0,"key":"REST"}],"circlet_count":0,"master_deck":["Defend_RM","Defend_RM","Defend_RM","RedMoon","ScarletShoot","CurseOfVladTepes+1","Ultimatum","LeisurelyOfLord+1","DiffusionOfMisfortune","RedNightlessCastle","FitfulNightmare","ForecastOfChange+1","DiffusionOfMisfortune","DiffusionOfMisfortune","DiffusionOfMisfortune","DiffusionOfMisfortune+1","MastersStateliness+1","BloodyMagicSquare","MastersStateliness+1","MastersStateliness+1","FitfulNightmare","QueenOfMidnight","BlasphemousPunishment","DiffusionOfMisfortune","DiffusionOfMisfortune+1"],"relics":["ScarletHat","Tiny Chest","ReplayTheSpireMod:Ninjato","Sozu","Ancient Tea Set","Gremlin Horn","Vajra","Prayer Wheel","Replay:WaspNest","ScarletEmblem","BargainBundle","Blue Doll","Art of War","Divine Protection","Singing Bowl","Gungnir"],"acts_visited":["Exordium","TheCity","TheBeyond"],"potions_floor_usage":[],"damage_taken":[{"damage":6.0,"enemies":"2 Louse","floor":1.0,"turns":3.0},{"damage":0.0,"enemies":"Small Slimes","floor":3.0,"turns":5.0},{"damage":0.0,"enemies":"Cultist","floor":4.0,"turns":3.0},{"damage":16.0,"enemies":"3 Sentries","floor":6.0,"turns":9.0},{"damage":5.0,"enemies":"Looter","floor":7.0,"turns":2.0},{"damage":6.0,"enemies":"3 Louse","floor":8.0,"turns":3.0},{"damage":12.0,"enemies":"Exordium Thugs","floor":11.0,"turns":6.0},{"damage":12.0,"enemies":"Slime Boss","floor":16.0,"turns":14.0},{"damage":17.0,"enemies":"Spheric Guardian","floor":18.0,"turns":6.0},{"damage":25.0,"enemies":"2 Thieves","floor":19.0,"turns":3.0},{"damage":7.0,"enemies":"Shelled Parasite and Fungi","floor":21.0,"turns":7.0},{"damage":25.0,"enemies":"Gremlin Leader","floor":23.0,"turns":6.0},{"damage":2.0,"enemies":"Book of Stabbing","floor":25.0,"turns":5.0},{"damage":0.0,"enemies":"Chosen and Byrds","floor":28.0,"turns":5.0},{"damage":2.0,"enemies":"Snecko","floor":29.0,"turns":4.0},{"damage":1.0,"enemies":"Snake Plant","floor":30.0,"turns":3.0},{"damage":0.0,"enemies":"Cultist and Chosen","floor":31.0,"turns":3.0},{"damage":33.0,"enemies":"Collector","floor":33.0,"turns":5.0},{"damage":5.0,"enemies":"Orb Walker","floor":35.0,"turns":2.0},{"damage":1.0,"enemies":"3 Darklings","floor":36.0,"turns":3.0},{"damage":10.0,"enemies":"Spire Growth","floor":37.0,"turns":3.0},{"damage":50.0,"enemies":"R_Hoarder","floor":40.0,"turns":4.0},{"damage":56.0,"enemies":"Jaw Worm Horde","floor":41.0,"turns":3.0},{"damage":42.0,"enemies":"Giant Head","floor":42.0,"turns":6.0},{"damage":20.0,"enemies":"R_Hoarder","floor":45.0,"turns":4.0},{"damage":37.0,"enemies":"4 Shapes","floor":47.0,"turns":3.0},{"damage":20.0,"enemies":"Transient","floor":48.0,"turns":5.0},{"damage":55.0,"enemies":"Donu and Deca","floor":50.0,"turns":6.0},{"damage":39.0,"enemies":"Malkuth","floor":51.0,"turns":8.0},{"damage":88.0,"enemies":"Yesod","floor":51.0,"turns":8.0}],"seed_played":"3531389761896554813","potions_obtained":[{"floor":1.0,"key":"ColorlessPotion"},{"floor":4.0,"key":"ZuzhouPotion:ReiMu"},{"floor":16.0,"key":"Cursed Concoction"}],"is_trial":false,"path_per_floor":["M","?","M","M","?","E","M","M","T","R","M","$","?","$","R","B",null,"M","M","?","M","?","E","R","E","T","T","M","M","M","M","R","B",null,"M","M","M","$","?","E","M","E","T","?","E","$","M","M","R","B",null,null],"character_chosen":"REMILIA","items_purchased":["BargainBundle","Gungnir"],"campfire_rested":2,"item_purchase_floors":[38,46],"current_hp_per_floor":[48,53,53,53,53,39,35,29,29,29,20,20,20,20,44,40,80,63,43,23,17,90,65,65,64,64,64,64,63,62,63,63,45,90,85,86,87,87,87,82,78,84,84,84,68,68,37,31,61,33],"gold":81,"neow_bonus":"THREE_RARE_CARDS","is_daily":false,"chose_seed":false,"campfire_upgraded":2,"win_rate":0.0,"timestamp":1613623028,"path_taken":["M","?","M","M","?","E","M","M","T","R","M","$","?","$","R","BOSS","M","M","?","M","?","E","R","E","T","?","M","M","M","M","R","BOSS","M","M","M","$","?","E","M","E","T","?","E","$","M","?","R","BOSS"],"items_purchased_type":["Relic","Relic"],"build_version":"2020-12-18","purchased_purges":3,"victory":true,"max_hp_per_floor":[75,80,80,80,80,80,80,80,80,80,80,80,80,80,80,80,80,80,80,80,80,90,90,90,90,90,90,90,90,90,90,90,90,90,90,90,90,90,90,90,90,90,90,90,92,92,98,100,100,100],"relic_stats":{"Sozu":8,"Gremlin Horn":[12,12],"Singing Bowl":10,"counters":[30,147],"Tiny Chest":1,"Prayer Wheel":10,"Art of War":[6],"obtain_stats":[{"Divine Protection":43,"BargainBundle":38,"ReplayTheSpireMod:Ninjato":9,"Gremlin Horn":23,"Singing Bowl":45,"Vajra":25,"Blue Doll":40,"Replay:WaspNest":27,"ScarletEmblem":34,"Ancient Tea Set":20,"ScarletHat":0,"Sozu":17,"Gungnir":46,"Tiny Chest":6,"Prayer Wheel":26,"Art of War":42},{"Divine Protection":24,"BargainBundle":21,"ReplayTheSpireMod:Ninjato":6,"Gremlin Horn":12,"Singing Bowl":25,"Vajra":13,"Blue Doll":22,"Replay:WaspNest":13,"ScarletEmblem":18,"Ancient Tea Set":10,"ScarletHat":0,"Sozu":8,"Gungnir":25,"Tiny Chest":4,"Prayer Wheel":13,"Art of War":24},{"Divine Protection":113,"BargainBundle":100,"ReplayTheSpireMod:Ninjato":25,"Gremlin Horn":67,"Singing Bowl":117,"Vajra":72,"Blue Doll":104,"Replay:WaspNest":72,"ScarletEmblem":92,"Ancient Tea Set":54,"ScarletHat":0,"Sozu":45,"Gungnir":117,"Tiny Chest":20,"Prayer Wheel":72,"Art of War":113}]},"card_choices":[{"not_picked":["BloodyCatastrophe","BloodySeventeenLaser"],"picked":"CurseOfVladTepes","floor":0.0},{"not_picked":["CharismaGuard","UltimateOffering"],"picked":"Ultimatum","floor":1.0},{"not_picked":["ScarletDevil","UnstableMagic"],"picked":"LeisurelyOfLord","floor":3.0},{"not_picked":["VampireKiss","DevilSight","ScarletDevilSign"],"picked":"SKIP","floor":4.0},{"not_picked":["UnderTheZenith","RedRainbow","Maim"],"picked":"SKIP","floor":4.0},{"not_picked":["BloodHunter","BlasphemousPunishment"],"picked":"DiffusionOfMisfortune","floor":6.0},{"not_picked":["VampireSweep","AfternoonTea"],"picked":"RedNightlessCastle","floor":6.0},{"not_picked":["VampireKiss","ScarletDevil"],"picked":"FitfulNightmare","floor":7.0},{"not_picked":["UnderTheZenith","BlasphemousPunishment","RedRainbow"],"picked":"SKIP","floor":8.0},{"not_picked":["UnderTheZenith","AfternoonTea","ForbiddenFruit"],"picked":"SKIP","floor":8.0},{"not_picked":["FavorOfDestiny","UnstableMagic","RedMagic"],"picked":"SKIP","floor":11.0},{"not_picked":["BloodyHallows","HellCatastrophe"],"picked":"ForecastOfChange","floor":16.0},{"not_picked":["StarOfDavid","Stigmanizer+1"],"picked":"DiffusionOfMisfortune","floor":18.0},{"not_picked":["UnderTheZenith","ScarletDevil"],"picked":"DiffusionOfMisfortune","floor":19.0},{"not_picked":["FavorOfDestiny","Maim","ScarletImprint"],"picked":"SKIP","floor":21.0},{"not_picked":["CharismaGuard","VampireKiss"],"picked":"DiffusionOfMisfortune","floor":23.0},{"not_picked":["EndlessAdversity","ScarletNetherworld","StarOfDavid+1"],"picked":"SKIP","floor":25.0},{"not_picked":["MastersStateliness","ScarletDream+1","EquivalentExchange"],"picked":"SKIP","floor":25.0},{"not_picked":["Stigmanizer","CharismaGuard"],"picked":"DiffusionOfMisfortune+1","floor":28.0},{"not_picked":["TwelveNightmare","ForbiddenFruit"],"picked":"MastersStateliness+1","floor":28.0},{"not_picked":["HeartBreak","RedRainbow","Stigmanizer+1"],"picked":"SKIP","floor":28.0},{"not_picked":["TwelveNightmare","ScarletImprint+1","ScarletDevil"],"picked":"SKIP","floor":29.0},{"not_picked":["BlasphemousPunishment","VampireFantasy","TwelveNightmare"],"picked":"SKIP","floor":29.0},{"not_picked":["BloodHunter","SuperhumanBloodyKnife","CharismaGuard+1"],"picked":"SKIP","floor":29.0},{"not_picked":["StarOfDavid+1","ScarletGensokyo"],"picked":"BloodyMagicSquare","floor":30.0},{"not_picked":["BloodyMagicSquare+1","EndlessAdversity","BombardNight"],"picked":"SKIP","floor":30.0},{"not_picked":["UnstableMagic+1","EndlessAdversity"],"picked":"MastersStateliness+1","floor":31.0},{"not_picked":["LeisurelyOfLord","Stigmanizer"],"picked":"MastersStateliness+1","floor":31.0},{"not_picked":["CharismaGuard","BombardNight","ScarletDevilSign"],"picked":"SKIP","floor":31.0},{"not_picked":["CeilingFear","ForecastOfChange"],"picked":"QueenOfMidnight","floor":33.0},{"not_picked":["VampireKiss","QueenOfMidnight"],"picked":"BlasphemousPunishment","floor":35.0},{"not_picked":["CharismaGuard+1","StarOfDavid","FavorOfDestiny+1"],"picked":"SKIP","floor":35.0},{"not_picked":["ChainGang","Ultimatum","VampireKiss+1"],"picked":"SKIP","floor":36.0},{"not_picked":["ScarletSymphony+1","TwelveNightmare+1","VampirishNight+1"],"picked":"SKIP","floor":36.0},{"not_picked":["BombardNight","EmergencyRegeneration+1","ScarletSymphony+1"],"picked":"SKIP","floor":37.0},{"not_picked":["ScarletSymphony","FitfulNightmare","StarOfDavid+1"],"picked":"SKIP","floor":37.0},{"not_picked":["ScarletSymphony+1","GlobalNightmare+1","BlasphemousPunishment"],"picked":"SKIP","floor":40.0},{"not_picked":["UnderTheZenith","ScarletSymphony+1"],"picked":"DiffusionOfMisfortune","floor":41.0},{"not_picked":["ChainGang","Stigmanizer","EndlessAdversity+1"],"picked":"SKIP","floor":41.0},{"not_picked":["UnderTheZenith","EndlessAdversity+1","UnstableMagic+1"],"picked":"SKIP","floor":42.0},{"not_picked":["ScarletDream","ScarletDevil","VampireSweep"],"picked":"Singing Bowl","floor":45.0},{"not_picked":["EndlessAdversity","RedRainbow+1","VampireKiss"],"picked":"Singing Bowl","floor":47.0},{"not_picked":["Stigmanizer","ScarletDevil","ScarletImprint+1"],"picked":"Singing Bowl","floor":47.0},{"not_picked":["BombardNight","UnstableMagic","RedRainbow"],"picked":"Singing Bowl","floor":47.0},{"not_picked":["UnderTheZenith","BloodyTrap","GlobalNightmare+1"],"picked":"Singing Bowl","floor":48.0},{"not_picked":["TricksterDevil","LeisurelyOfLord+1"],"picked":"DiffusionOfMisfortune+1","floor":48.0}],"player_experience":395424,"relics_obtained":[{"floor":6.0,"key":"Tiny Chest"},{"floor":9.0,"key":"ReplayTheSpireMod:Ninjato"},{"floor":20.0,"key":"Ancient Tea Set"},{"floor":23.0,"key":"Gremlin Horn"},{"floor":25.0,"key":"Vajra"},{"floor":26.0,"key":"Prayer Wheel"},{"floor":27.0,"key":"Replay:WaspNest"},{"floor":40.0,"key":"Blue Doll"},{"floor":42.0,"key":"Art of War"},{"floor":43.0,"key":"Divine Protection"},{"floor":45.0,"key":"Singing Bowl"}],"event_choices":[{"damage_healed":0.0,"max_hp_gain":5.0,"max_hp_loss":0.0,"gold_gain":0.0,"event_name":"Big Fish","player_choice":"Donut","floor":2.0,"gold_loss":0.0,"damage_taken":0.0},{"damage_healed":0.0,"max_hp_gain":0.0,"max_hp_loss":0.0,"gold_gain":0.0,"event_name":"Living Wall","player_choice":"Grow","floor":5.0,"gold_loss":0.0,"damage_taken":0.0,"cards_upgraded":["CurseOfVladTepes"]},{"cards_removed":["Strike_RM"],"damage_healed":0.0,"max_hp_gain":0.0,"max_hp_loss":0.0,"gold_gain":0.0,"event_name":"Bonfire Elementals","player_choice":"Offered Basic","floor":13.0,"gold_loss":0.0,"damage_taken":0.0},{"damage_healed":0.0,"max_hp_gain":0.0,"max_hp_loss":0.0,"gold_gain":0.0,"event_name":"Tomb of Lord Red Mask","player_choice":"Ignored","floor":39.0,"gold_loss":0.0,"damage_taken":0.0},{"damage_healed":0.0,"max_hp_gain":0.0,"max_hp_loss":0.0,"gold_gain":0.0,"event_name":"SecretPortal","player_choice":"Ignored","floor":44.0,"gold_loss":0.0,"damage_taken":0.0}],"is_beta":true,"boss_relics":[{"not_picked":["energizedSpire:RedRose","RedLine:ReiMu"],"picked":"Sozu"},{"not_picked":["Runic Dome","APieceOfRedMist"],"picked":"ScarletEmblem"}],"items_purged_floors":[12,14,38],"is_endless":false,"potions_floor_spawned":[1,4,16,19,23,25,28,35,40,47,48],"ascension_level":1}}