{"host":"d7iar273udrgisnz","time":1613632803,"event":{"mods":["BaseMod","GifTheSpireLib","Minty Spire (QoL Compilation)","StSLib","The Saiyan","UnlockEverythingMod"],"gold_per_floor":[92,107,57,74,86,111,143,155,167,191,221,267,279,307,319,426,438,468,497,519,630,661,707,734,746,758,770,782,782],"floor_reached":28,"language":"ENG","playtime":3040,"items_purged":[],"score":306,"play_id":"1ed72427-ac8f-47f2-a1e7-fb0de45c1fe7","local_time":"20210218072003","is_ascension_mode":false,"campfire_choices":[{"floor":8,"key":"REST"},{"floor":15,"key":"REST"},{"floor":25,"key":"REST"}],"circlet_count":0,"master_deck":["Saiyan:SAIYA_Strike","Saiyan:SAIYA_Strike","Saiyan:SAIYA_Strike","Saiyan:SAIYA_Strike","Saiyan:SAIYA_Defend","Saiyan:SAIYA_Defend","Saiyan:SAIYA_Defend","Saiyan:SAIYA_Defend","Saiyan:EnergyBlast","Saiyan:KaioKen","Saiyan:RuthlessBlow","Saiyan:SuperSaiyanForm+1","Saiyan:UltraInstinct","Saiyan:KameHameHa","Saiyan:KiExplosion","Saiyan:ThirstForFight","Saiyan:DragonFist","Saiyan:DragonRadar","Saiyan:BurningSoul","Saiyan:Furor","Saiyan:Afterimage","Saiyan:Overexert","Saiyan:GenkiDama","Saiyan:Quickening+1","Saiyan:Reset","Saiyan:Afterimage","Saiyan:DragonRadar","Saiyan:TurtleShell"],"relics":["SaiyanSoul","SaiyanHeart","MawBank","Ornamental Fan","PreservedInsect","Fusion Hammer","FossilizedHelix"],"acts_visited":["Exordium","TheCity"],"potions_floor_usage":[6,12,14,19,20,22,23],"damage_taken":[{"damage":16,"enemies":"Jaw Worm","floor":1,"turns":3},{"damage":0,"enemies":"2 Louse","floor":2,"turns":3},{"damage":1,"enemies":"Small Slimes","floor":4,"turns":4},{"damage":14,"enemies":"2 Fungi Beasts","floor":5,"turns":3},{"damage":12,"enemies":"Lagavulin","floor":6,"turns":18},{"damage":3,"enemies":"Looter","floor":7,"turns":3},{"damage":2,"enemies":"Red Slaver","floor":10,"turns":5},{"damage":6,"enemies":"2 Fungi Beasts","floor":11,"turns":4},{"damage":28,"enemies":"Gremlin Nob","floor":12,"turns":5},{"damage":4,"enemies":"Exordium Thugs","floor":14,"turns":5},{"damage":60,"enemies":"Slime Boss","floor":16,"turns":11},{"damage":0,"enemies":"Chosen","floor":18,"turns":6},{"damage":15,"enemies":"Spheric Guardian","floor":19,"turns":5},{"damage":13,"enemies":"3 Cultists","floor":20,"turns":6},{"damage":0,"enemies":"Centurion and Healer","floor":22,"turns":13},{"damage":20,"enemies":"Gremlin Leader","floor":23,"turns":6},{"damage":7,"enemies":"Snake Plant","floor":24,"turns":5},{"damage":53,"enemies":"Slavers","floor":28,"turns":4}],"seed_played":"-6101817345533955150","potions_obtained":[{"floor":1,"key":"Weak Potion"},{"floor":6,"key":"FearPotion"},{"floor":11,"key":"FairyPotion"},{"floor":12,"key":"Fire Potion"},{"floor":18,"key":"EntropicBrew"},{"floor":20,"key":"Fire Potion"},{"floor":23,"key":"BlessingOfTheForge"}],"is_trial":false,"path_per_floor":["M","M","$","M","M","E","M","R","T","M","M","E","?","M","R","B",null,"M","M","M","?","M","E","M","R","T","$","E"],"character_chosen":"SAIYAJIN","items_purchased":["Saiyan:KameHameHa"],"campfire_rested":3,"item_purchase_floors":[3],"current_hp_per_floor":[51,53,53,53,40,29,26,47,47,47,42,15,15,12,35,23,77,77,63,50,50,50,30,25,49,49,49,0,0],"gold":782,"neow_bonus":"TEN_PERCENT_HP_BONUS","is_daily":false,"chose_seed":false,"campfire_upgraded":0,"win_rate":0.0,"timestamp":1613632803,"path_taken":["M","M","$","M","M","E","M","R","T","M","M","E","?","M","R","BOSS","M","M","M","?","M","E","M","R","T","$","E"],"items_purchased_type":["Card"],"build_version":"2020-12-22","purchased_purges":0,"victory":false,"max_hp_per_floor":[67,69,69,70,71,72,72,72,72,74,75,76,76,77,77,77,77,77,78,78,78,78,78,80,80,80,80,80,80],"card_choices":[{"not_picked":["Saiyan:TurtleShell","Saiyan:SoulSpice"],"picked":"Saiyan:SuperSaiyanForm","floor":1},{"not_picked":["Saiyan:DoubleMasenko","Saiyan:Overexert"],"picked":"Saiyan:UltraInstinct","floor":2},{"not_picked":["Saiyan:DoubleMasenko","Saiyan:ExpandingShockwave"],"picked":"Saiyan:KiExplosion","floor":4},{"not_picked":["Saiyan:BigBangAttack","Saiyan:Planning"],"picked":"Saiyan:ThirstForFight","floor":5},{"not_picked":["Saiyan:SpiritSword","Saiyan:SaiyanHubris"],"picked":"Saiyan:DragonFist","floor":6},{"not_picked":["Saiyan:Scouter","Saiyan:FingerParry"],"picked":"Saiyan:DragonRadar","floor":7},{"not_picked":["Saiyan:SaiyanHubris","Saiyan:PlotArmor"],"picked":"Saiyan:BurningSoul","floor":10},{"not_picked":["Saiyan:BurningSoul","Saiyan:Medicine"],"picked":"Saiyan:Furor","floor":11},{"not_picked":["Saiyan:TheBomb","Saiyan:Planning"],"picked":"Saiyan:Afterimage","floor":12},{"not_picked":["Saiyan:BigBangAttack","Saiyan:Pacing"],"picked":"Saiyan:Overexert","floor":14},{"not_picked":["Saiyan:Rekindle","Saiyan:SuperSaiyanThree"],"picked":"Saiyan:GenkiDama","floor":16},{"not_picked":["Saiyan:ThirstForFight+1","Saiyan:DragonFist"],"picked":"Saiyan:Quickening+1","floor":18},{"not_picked":["Saiyan:PowerStance","Saiyan:CCCapsule"],"picked":"Saiyan:Reset","floor":19},{"not_picked":["Saiyan:Flurry","Saiyan:Scouter"],"picked":"Saiyan:Afterimage","floor":20},{"not_picked":["Saiyan:DoubleMasenko","Saiyan:BackAttack"],"picked":"Saiyan:DragonRadar","floor":22},{"not_picked":["Saiyan:BurningSoul","Saiyan:Expend"],"picked":"Saiyan:TurtleShell","floor":23},{"not_picked":["Saiyan:Planning","Saiyan:SoulSpice","Saiyan:Quickening"],"picked":"SKIP","floor":24}],"player_experience":249948,"relics_obtained":[{"floor":6,"key":"MawBank"},{"floor":9,"key":"Ornamental Fan"},{"floor":12,"key":"PreservedInsect"},{"floor":23,"key":"FossilizedHelix"}],"event_choices":[{"damage_healed":0,"gold_gain":0,"player_choice":"Grow","damage_taken":0,"max_hp_gain":0,"max_hp_loss":0,"event_name":"Living Wall","floor":13,"gold_loss":0,"cards_upgraded":["Saiyan:SuperSaiyanForm"]},{"damage_healed":0,"gold_gain":99,"player_choice":"Stole From Cult","damage_taken":0,"max_hp_gain":0,"max_hp_loss":0,"event_name":"Nest","floor":21,"gold_loss":0}],"is_beta":false,"boss_relics":[{"not_picked":["Cursed Key","Calling Bell"],"picked":"Fusion Hammer"}],"items_purged_floors":[],"is_endless":false,"potions_floor_spawned":[1,6,11,12,18,20,23],"killed_by":"Slavers","ascension_level":0}}