{"host":"en4narc5947t7k9n","time":1613642374,"event":{"mods":["AchievementEnabler","BaseMod","Colored Map","Minty Spire (QoL Compilation)","SuperFastMode"],"gold_per_floor":[112,126,138,138,158,158,158,189,268,268,280,280,292,303,303,401,401,413,413,44,55,67,67,67,67,67,102,102,119,119,119],"floor_reached":30,"language":"KOR","playtime":1486,"items_purged":["Strike_G"],"score":277,"play_id":"424b5333-6574-4a9d-affd-149274010cd2","local_time":"20210218185934","is_ascension_mode":false,"campfire_choices":[{"data":"Terror","floor":6,"key":"SMITH"},{"floor":10,"key":"REST"},{"data":"Tools of the Trade","floor":15,"key":"SMITH"},{"floor":23,"key":"REST"},{"floor":28,"key":"REST"}],"circlet_count":0,"master_deck":["Strike_G","Strike_G","Strike_G","Strike_G+1","Defend_G","Defend_G","Defend_G","Defend_G","Defend_G","Survivor","Neutralize","Endless Agony","Heel Hook+1","Terror+1","Poisoned Stab","All Out Attack","Tools of the Trade+1","Bane","Outmaneuver","Die Die Die","Bouncing Flask","Acrobatics+1","Quick Slash+1","Caltrops+1","Noxious Fumes","Bullet Time","Backstab","Dash+1"],"relics":["Ring of the Snake","The Specimen","HornCleat","Bronze Scales","SlaversCollar","Prayer Wheel","Pantograph","Bag of Preparation"],"acts_visited":["Exordium","TheCity"],"potions_floor_usage":[16,29,30,30],"damage_taken":[{"damage":7,"enemies":"Small Slimes","floor":1,"turns":3},{"damage":4,"enemies":"Jaw Worm","floor":2,"turns":5},{"damage":1,"enemies":"Cultist","floor":3,"turns":4},{"damage":4,"enemies":"Blue Slaver","floor":5,"turns":3},{"damage":16,"enemies":"Lagavulin","floor":8,"turns":5},{"damage":0,"enemies":"3 Louse","floor":11,"turns":3},{"damage":5,"enemies":"Looter","floor":13,"turns":2},{"damage":12,"enemies":"Large Slime","floor":14,"turns":3},{"damage":22,"enemies":"Slime Boss","floor":16,"turns":8},{"damage":10,"enemies":"3 Byrds","floor":18,"turns":3},{"damage":26,"enemies":"Chosen","floor":21,"turns":5},{"damage":5,"enemies":"Snake Plant","floor":22,"turns":3},{"damage":46,"enemies":"Slavers","floor":27,"turns":4},{"damage":12,"enemies":"Cultist and Chosen","floor":29,"turns":4},{"damage":21,"enemies":"Centurion and Healer","floor":30,"turns":4}],"seed_played":"-7785230826262633399","potions_obtained":[{"floor":2,"key":"LiquidBronze"},{"floor":3,"key":"GhostInAJar"},{"floor":11,"key":"SneckoOil"},{"floor":16,"key":"Block Potion"},{"floor":29,"key":"LiquidMemories"}],"is_trial":false,"path_per_floor":["M","M","M","?","M","R","?","E","T","R","M","?","M","M","R","B",null,"M","?","$","M","M","R","?","?","T","E","R","M","M"],"character_chosen":"THE_SILENT","items_purchased":["Prayer Wheel"],"campfire_rested":3,"item_purchase_floors":[20],"current_hp_per_floor":[70,66,65,50,46,46,51,35,35,59,59,59,54,42,42,20,82,72,56,56,30,25,51,51,51,51,5,31,19,0,0],"gold":119,"neow_bonus":"TEN_PERCENT_HP_BONUS","is_daily":false,"chose_seed":false,"campfire_upgraded":2,"win_rate":0.0,"timestamp":1613642374,"path_taken":["M","M","M","?","M","R","?","E","T","R","?","?","M","M","R","BOSS","M","?","$","M","M","R","?","?","T","E","R","M","M"],"items_purchased_type":["Relic"],"build_version":"2020-12-22","purchased_purges":1,"victory":false,"max_hp_per_floor":[77,77,77,77,77,77,82,82,82,82,82,82,82,82,82,82,82,82,87,87,87,87,87,87,87,87,87,87,87,87,87],"card_choices":[{"not_picked":["PiercingWail","Quick Slash"],"picked":"Endless Agony","floor":1},{"not_picked":["Dagger Throw","Bane"],"picked":"Heel Hook","floor":2},{"not_picked":["Poisoned Stab","Bane"],"picked":"Terror","floor":3},{"not_picked":["Bane","Footwork"],"picked":"Poisoned Stab","floor":5},{"not_picked":["Flechettes","Blade Dance"],"picked":"All Out Attack","floor":8},{"not_picked":["Acrobatics","Backflip"],"picked":"Tools of the Trade","floor":11},{"not_picked":["Footwork","Dagger Spray"],"picked":"Bane","floor":13},{"not_picked":["Dagger Spray","Reflex"],"picked":"Outmaneuver","floor":14},{"not_picked":["Glass Knife","Storm of Steel"],"picked":"Die Die Die","floor":16},{"not_picked":["Reflex","Bane"],"picked":"Bouncing Flask","floor":18},{"not_picked":["Prepared","Heel Hook"],"picked":"Acrobatics+1","floor":21},{"not_picked":["Dagger Spray","Dodge and Roll"],"picked":"Quick Slash+1","floor":21},{"not_picked":["Quick Slash","Cloak And Dagger"],"picked":"Caltrops+1","floor":22},{"not_picked":["Flying Knee","Backflip"],"picked":"Noxious Fumes","floor":22},{"not_picked":["Cloak And Dagger","Caltrops+1"],"picked":"Bullet Time","floor":27},{"not_picked":["Deadly Poison","Endless Agony"],"picked":"Backstab","floor":29},{"not_picked":["Cloak And Dagger","Dagger Throw"],"picked":"Dash+1","floor":29}],"player_experience":58726,"relics_obtained":[{"floor":8,"key":"The Specimen"},{"floor":9,"key":"HornCleat"},{"floor":26,"key":"Pantograph"},{"floor":27,"key":"Bag of Preparation"}],"event_choices":[{"damage_healed":0,"gold_gain":0,"player_choice":"Entered Light","damage_taken":15,"max_hp_gain":0,"max_hp_loss":0,"event_name":"Shining Light","floor":4,"gold_loss":0,"cards_upgraded":["Strike_G","Heel Hook"]},{"damage_healed":0,"gold_gain":0,"player_choice":"Donut","damage_taken":0,"max_hp_gain":5,"max_hp_loss":0,"event_name":"Big Fish","floor":7,"gold_loss":0},{"damage_healed":0,"gold_gain":0,"player_choice":"Gave Potion","damage_taken":0,"relics_obtained":["Bronze Scales"],"max_hp_gain":0,"max_hp_loss":0,"event_name":"WeMeetAgain","floor":12,"gold_loss":0},{"damage_healed":0,"gold_gain":0,"player_choice":"Shed Blood","damage_taken":21,"max_hp_gain":5,"max_hp_loss":0,"event_name":"Forgotten Altar","floor":19,"gold_loss":0},{"damage_healed":0,"gold_gain":0,"player_choice":"Ignored","damage_taken":0,"max_hp_gain":0,"max_hp_loss":0,"event_name":"Vampires","floor":24,"gold_loss":0},{"damage_healed":0,"gold_gain":0,"player_choice":"Ignored","damage_taken":0,"max_hp_gain":0,"max_hp_loss":0,"event_name":"Ghosts","floor":25,"gold_loss":0}],"is_beta":false,"boss_relics":[{"not_picked":["SacredBark","HoveringKite"],"picked":"SlaversCollar"}],"items_purged_floors":[20],"is_endless":false,"potions_floor_spawned":[2,3,11,16,29],"killed_by":"Centurion and Healer","ascension_level":0}}