{"host":"tlbbab9afexrkdtf","time":1613612082,"event":{"mods":["2.2 Compatiblity","AchievementEnabler","BaseMod","Colored Map","Colored Powertips","Minty Spire (QoL Compilation)","Rare Cards Sparkle","StSLib"],"gold_per_floor":[213,213,223,223,236,277,302,377,377,377,407,420,122,140,140,270,270,289,133,133,133,164,164,183,183,210,210,210,245,258,273,273,273,273],"floor_reached":33,"language":"ENG","playtime":916,"items_purged":[],"score":331,"play_id":"3c1ef091-ab57-4c20-b6db-b975ddcff2f2","local_time":"20210217203442","is_ascension_mode":true,"campfire_choices":[{"floor":10,"key":"REST"},{"floor":15,"key":"REST"},{"floor":23,"key":"REST"},{"floor":25,"key":"REST"},{"floor":32,"key":"REST"}],"circlet_count":0,"master_deck":["Strike_R","Strike_R","Strike_R","Strike_R","Strike_R","Defend_R+1","Defend_R+1","Defend_R","Defend_R","Bash","Metallicize","Shrug It Off","Injury","Armaments","Combust","Shrug It Off","Perfected Strike","Clothesline","Immolate","Spot Weakness","Flex","Thunderclap","Metallicize","Spot Weakness+1","Shockwave"],"relics":["Burning Blood","Golden Idol","Bronze Scales","Bottled Lightning","Unceasing Top","Sling","Happy Flower","Akabeko","MutagenicStrength","Red Mask","War Paint","Enchiridion","FossilizedHelix"],"acts_visited":["Exordium","TheCity"],"potions_floor_usage":[6,16,18,22,29,33],"damage_taken":[{"damage":11,"enemies":"2 Louse","floor":1,"turns":4},{"damage":10,"enemies":"Small Slimes","floor":3,"turns":6},{"damage":4,"enemies":"Jaw Worm","floor":5,"turns":4},{"damage":27,"enemies":"3 Sentries","floor":6,"turns":16},{"damage":9,"enemies":"Looter","floor":7,"turns":4},{"damage":7,"enemies":"2 Fungi Beasts","floor":12,"turns":5},{"damage":2,"enemies":"Blue Slaver","floor":14,"turns":4},{"damage":45,"enemies":"Hexaghost","floor":16,"turns":12},{"damage":30,"enemies":"2 Thieves","floor":18,"turns":4},{"damage":10,"enemies":"Masked Bandits","floor":22,"turns":3},{"damage":22,"enemies":"Shell Parasite","floor":24,"turns":5},{"damage":19,"enemies":"Book of Stabbing","floor":29,"turns":5},{"damage":8,"enemies":"Centurion and Healer","floor":30,"turns":6},{"damage":19,"enemies":"Snecko","floor":31,"turns":4},{"damage":69,"enemies":"Champ","floor":33,"turns":6}],"seed_played":"4717275482693249523","potions_obtained":[{"floor":3,"key":"Block Potion"},{"floor":7,"key":"AttackPotion"},{"floor":12,"key":"BloodPotion"},{"floor":14,"key":"Explosive Potion"},{"floor":24,"key":"Weak Potion"},{"floor":30,"key":"ColorlessPotion"}],"is_trial":false,"path_per_floor":["M","?","M","?","M","E","M","?","T","R","?","M","$","M","R","B",null,"M","$","?","?","?","R","M","R","T","?","?","E","M","M","R","B"],"character_chosen":"IRONCLAD","items_purchased":["Sling","Happy Flower","Akabeko"],"campfire_rested":5,"item_purchase_floors":[13,13,19],"current_hp_per_floor":[75,75,71,71,73,52,49,38,38,62,62,61,61,65,80,57,74,50,50,50,50,46,70,54,78,78,78,62,49,47,34,58,0,0],"gold":273,"neow_bonus":"HUNDRED_GOLD","is_daily":false,"chose_seed":false,"campfire_upgraded":0,"win_rate":0.0,"timestamp":1613612082,"path_taken":["M","?","M","?","?","E","M","?","T","R","?","M","$","M","R","BOSS","M","$","?","?","?","R","M","R","T","?","?","E","?","M","R","BOSS"],"items_purchased_type":["Relic","Relic","Relic"],"build_version":"2020-12-22","purchased_purges":0,"victory":false,"max_hp_per_floor":[80,80,80,80,80,80,80,80,80,80,80,80,80,80,80,80,80,80,80,80,80,80,80,80,80,80,80,80,80,80,80,80,80,80],"card_choices":[{"not_picked":["Sword Boomerang","Battle Trance"],"picked":"Metallicize","floor":1},{"not_picked":["Carnage","Pommel Strike"],"picked":"Shrug It Off","floor":3},{"not_picked":["Warcry","Heavy Blade"],"picked":"Armaments","floor":5},{"not_picked":["Power Through","True Grit"],"picked":"Combust","floor":6},{"not_picked":["Pummel","Twin Strike"],"picked":"Shrug It Off","floor":7},{"not_picked":["Iron Wave","Juggernaut"],"picked":"Perfected Strike","floor":12},{"not_picked":["Clash","Hemokinesis"],"picked":"Clothesline","floor":14},{"not_picked":["Double Tap","Fiend Fire"],"picked":"Immolate","floor":16},{"not_picked":["Bloodletting","Sword Boomerang"],"picked":"Spot Weakness","floor":18},{"not_picked":["Seeing Red","Pommel Strike"],"picked":"Flex","floor":22},{"not_picked":["Pummel","Armaments"],"picked":"Thunderclap","floor":24},{"not_picked":["Pummel","Twin Strike+1"],"picked":"Metallicize","floor":29},{"not_picked":["Fire Breathing","Iron Wave"],"picked":"Spot Weakness+1","floor":30},{"not_picked":["Spot Weakness","Hemokinesis"],"picked":"Shockwave","floor":31}],"player_experience":328107,"relics_obtained":[{"floor":6,"key":"Bronze Scales"},{"floor":9,"key":"Bottled Lightning"},{"floor":22,"key":"Red Mask"},{"floor":26,"key":"War Paint"},{"floor":28,"key":"Enchiridion"},{"floor":29,"key":"FossilizedHelix"}],"event_choices":[{"damage_healed":0,"gold_gain":0,"player_choice":"Leave","damage_taken":0,"max_hp_gain":0,"max_hp_loss":0,"event_name":"The Cleric","floor":2,"gold_loss":0},{"damage_healed":0,"gold_gain":0,"player_choice":"Take Wound","damage_taken":0,"relics_obtained":["Golden Idol"],"max_hp_gain":0,"max_hp_loss":0,"event_name":"Golden Idol","floor":4,"gold_loss":0,"cards_obtained":["Injury"]},{"damage_healed":0,"gold_gain":75,"player_choice":"Gather Gold","damage_taken":11,"max_hp_gain":0,"max_hp_loss":0,"event_name":"World of Goop","floor":8,"gold_loss":0},{"damage_healed":0,"gold_gain":30,"player_choice":"Searched \u00273\u0027 times","damage_taken":0,"relics_obtained":["Unceasing Top"],"max_hp_gain":0,"max_hp_loss":0,"event_name":"Dead Adventurer","floor":11,"gold_loss":0},{"damage_healed":0,"gold_gain":0,"player_choice":"Ignored","damage_taken":0,"max_hp_gain":0,"max_hp_loss":0,"event_name":"Vampires","floor":20,"gold_loss":0},{"damage_healed":0,"gold_gain":0,"player_choice":"Inject Mutagens","damage_taken":0,"relics_obtained":["MutagenicStrength"],"max_hp_gain":0,"max_hp_loss":0,"event_name":"Drug Dealer","floor":21,"gold_loss":0},{"damage_healed":0,"gold_gain":0,"player_choice":"Fought Bandits","damage_taken":0,"max_hp_gain":0,"max_hp_loss":0,"event_name":"Masked Bandits","floor":22,"gold_loss":0},{"damage_healed":0,"gold_gain":0,"player_choice":"Ignored","damage_taken":0,"max_hp_gain":0,"max_hp_loss":0,"event_name":"Beggar","floor":27,"gold_loss":0},{"damage_healed":0,"gold_gain":0,"player_choice":"Obtained Book","damage_taken":16,"max_hp_gain":0,"max_hp_loss":0,"event_name":"Cursed Tome","floor":28,"gold_loss":0}],"is_beta":false,"boss_relics":[{"not_picked":["Coffee Dripper","Snecko Eye","Runic Dome"]}],"items_purged_floors":[],"is_endless":false,"potions_floor_spawned":[3,7,12,14,24,30],"killed_by":"Champ","ascension_level":5}}