{"host":"jfbo3eu2ui08ej1u","time":1613689087,"event":{"mods":["2.2 Compatiblity","AchievementEnabler","Act Like it!","Aspiration","BaseMod","Better Altar","Better Match","Better Note","Better Sensory Stone","Better Skull","Better Third Choice","Block Reminder","Colored Map","Colored Powertips","Conspire","DeckTracker","Displayed Cursed Tome","Energized Spire","Fox Events","GifTheSpireLib","Hermit","Hubris","Infinite Spire","Marked Mod","Minty Spire (QoL Compilation)","Monster B Gone","Pale of the Ancients","Poor People Problems","Quick Restart","Relic Filter","Reliquary","Reorder Act Four","Replay The Spire","Shop Mod","Spicy Shops","Spire Arcade","StSLib","Stuff the Spire","The Blue Laboratory","The Disciple","The Forsaken","The Hierophant","The Marked","Uncapped","Unceasing Turn Reminder","Wandering Minibosses"],"gold_per_floor":[113,129,63,81,98,98,98,98],"floor_reached":7,"language":"ENG","playtime":215,"items_purged":[],"score":86,"play_id":"a956bb92-3278-4f9a-b10e-596265ba9925","local_time":"20210218175807","is_ascension_mode":true,"campfire_choices":[{"floor":6.0,"key":"REST"}],"circlet_count":0,"master_deck":["AscendersBane","Strike_P","Strike_P","Strike_P","Strike_P","Defend_P","Defend_P","Defend_P","Defend_P","Eruption","Vigilance","EmptyMind","MarkedMod:OneThousandNeedles","Replay:Cycle","Replay:Cycle","MarkedMod:GentlePulse","ClearTheMind"],"relics":["PureWater","reliquary:RosewoodLute"],"acts_visited":["Exordium"],"potions_floor_usage":[7],"damage_taken":[{"damage":0.0,"enemies":"Cultist","floor":1.0,"turns":3.0},{"damage":4.0,"enemies":"2 Louse","floor":2.0,"turns":3.0},{"damage":7.0,"enemies":"Jaw Worm","floor":4.0,"turns":4.0},{"damage":20.0,"enemies":"Exordium Wildlife","floor":5.0,"turns":6.0},{"damage":63,"enemies":"Gremlin Nob","floor":7,"turns":4}],"seed_played":"-250035535754765345","potions_obtained":[{"floor":2.0,"key":"blueLaboratory:StoneskinPotion"},{"floor":4.0,"key":"Elixir"},{"floor":5.0,"key":"blueLaboratory:LouseDecoction"}],"is_trial":false,"path_per_floor":["M","M","$","M","M","R","E"],"character_chosen":"WATCHER","items_purchased":["Replay:Cycle"],"campfire_rested":1,"item_purchase_floors":[3],"current_hp_per_floor":[61,57,57,50,30,50,0,0],"gold":98,"neow_bonus":"RANDOM_COMMON_RELIC","is_daily":false,"chose_seed":false,"campfire_upgraded":0,"win_rate":0.0,"timestamp":1613689087,"path_taken":["M","M","$","M","?","R","E"],"items_purchased_type":["Card"],"build_version":"2020-12-22","purchased_purges":0,"victory":false,"max_hp_per_floor":[68,68,68,68,68,68,68,68],"card_choices":[{"not_picked":["Prostrate","MarkedMod:Acupuncture"],"picked":"EmptyMind","floor":1.0},{"not_picked":["Crescendo","Swivel"],"picked":"MarkedMod:OneThousandNeedles","floor":2.0},{"not_picked":["Conclude","CrushJoints"],"picked":"MarkedMod:GentlePulse","floor":4.0},{"not_picked":["FlyingSleeves","Halt"],"picked":"ClearTheMind","floor":5.0}],"player_experience":1349566,"relics_obtained":[],"event_choices":[],"is_beta":false,"boss_relics":[],"items_purged_floors":[],"is_endless":false,"potions_floor_spawned":[2,4,5],"killed_by":"Gremlin Nob","ascension_level":20}}