{"host":"zy8sn0tmwn4g7fne","time":1613631942,"event":{"mods":["ATMod(阿瑾Mod)","BaseMod","Better-Laid Plans","FanaticalFans","Minty Spire (QoL Compilation)","MostiFishMod","Quick Restart","StSLib","[IsaacMod]以撒尖塔","【功能Mod】Neow奖励","【功能Mod】强力的原版药水"],"gold_per_floor":[110,75,75,98,223,256,24,39,39,58,58,58,72,86,86,182,182,182,182],"floor_reached":18,"language":"ZHS","playtime":861,"items_purged":["Strike_B"],"score":324,"play_id":"5969b3f1-8ef5-4a77-9eb6-3017241445de","local_time":"20210218150542","is_ascension_mode":true,"campfire_choices":[{"data":"Zap","floor":11,"key":"SMITH"},{"data":"AT_ThunderBolt","floor":15,"key":"SMITH"}],"circlet_count":0,"master_deck":["AscendersBane","Strike_B","Strike_B","Strike_B","Defend_B","Defend_B","Defend_B","Defend_B","Zap+1","Dualcast","DoctorFetus","AT_ThunderBolt+1","Ball Lightning","Cold Snap","AT_WaterDrop","CurseOfTheBell"],"relics":["Fans:FanaticalFans","AT_ATBox","DaveBox","HushsDoor","YumHeart","White Beast Statue","RhineFirstAidKit","SynthV:TestCard","Golden Idol","Du-Vu Doll","ClockworkSouvenir","Calling Bell","Potion Belt","Matryoshka","GuppysTail"],"acts_visited":["Exordium","TheCity"],"potions_floor_usage":[6,16,18,18,18,18,18],"damage_taken":[{"damage":18,"enemies":"Jaw Worm","floor":1,"turns":5},{"damage":0,"enemies":"2 Louse","floor":4,"turns":2},{"damage":11,"enemies":"Gremlin Nob","floor":6,"turns":3},{"damage":7,"enemies":"Small Slimes","floor":8,"turns":4},{"damage":0,"enemies":"2 Fungi Beasts","floor":10,"turns":2},{"damage":18,"enemies":"Red Slaver","floor":13,"turns":5},{"damage":23,"enemies":"Large Slime","floor":14,"turns":5},{"damage":15,"enemies":"Hexaghost","floor":16,"turns":10},{"damage":80,"enemies":"Shell Parasite","floor":18,"turns":5}],"seed_played":"2689961999608063009","potions_obtained":[{"floor":1,"key":"PotionOfCapacity"},{"floor":4,"key":"Energy Potion"},{"floor":6,"key":"EntropicBrew"},{"floor":10,"key":"LiquidMemories"},{"floor":16,"key":"Fire Potion"}],"is_trial":false,"path_per_floor":["M","?","?","M","?","E","$","M","T","M","R","$","M","M","R","B",null,"M"],"character_chosen":"DEFECT","items_purchased":["ClockworkSouvenir"],"campfire_rested":0,"item_purchase_floors":[7],"current_hp_per_floor":[46,63,63,63,63,52,52,45,45,45,45,45,64,41,41,26,55,0,0],"gold":182,"neow_bonus":"BOSS_RELIC","is_daily":false,"chose_seed":false,"campfire_upgraded":2,"win_rate":0.0,"timestamp":1613631942,"path_taken":["M","?","?","M","?","E","$","?","T","M","R","?","M","M","R","BOSS","M"],"items_purchased_type":["Relic"],"build_version":"2020-12-22","purchased_purges":1,"victory":false,"max_hp_per_floor":[71,71,64,64,64,64,64,64,64,64,64,64,64,64,64,64,64,64,64],"card_choices":[{"not_picked":[],"picked":"DoctorFetus","floor":0},{"not_picked":["Consume","Redo"],"picked":"Bomb","floor":1},{"not_picked":["Gash","AT_HeatAcrobatics","Stack","MostiFishMod:StrandedSiren"],"picked":"Bomb","floor":4},{"not_picked":["Stack","Barrage","Leap","Gash"],"picked":"Bomb","floor":5},{"not_picked":["Chaos","Steam","Gash","MostiFishMod:InterfaceCompatibility"],"picked":"Ball Lightning","floor":6},{"not_picked":["Streamline","MostiFishMod:IceShield","Loop","Stack"],"picked":"Bomb","floor":8},{"not_picked":["MostiFishMod:PushDownKick","Cancel","Go for the Eyes","Leap","Rebound"],"picked":"SKIP","floor":10},{"not_picked":["MostiFishMod:GatherIntelligence","Reprogram","AT_HeatAcrobatics","Hyperbeam"],"picked":"Bomb","floor":13},{"not_picked":["Go for the Eyes","Streamline","Leap","Compile Driver"],"picked":"Cold Snap","floor":14},{"not_picked":["Buffer","Reboot","Meteor Strike","Machine Learning"],"picked":"AT_WaterDrop","floor":16}],"player_experience":460827,"relics_obtained":[{"floor":1,"key":"SynthV:TestCard"},{"floor":6,"key":"Du-Vu Doll"},{"floor":17,"key":"Potion Belt"},{"floor":17,"key":"Matryoshka"},{"floor":17,"key":"GuppysTail"}],"event_choices":[{"damage_healed":17,"gold_gain":0,"player_choice":"Healed","damage_taken":0,"max_hp_gain":0,"max_hp_loss":0,"event_name":"The Cleric","floor":2,"gold_loss":35},{"damage_healed":0,"gold_gain":0,"player_choice":"Lose Max HP","damage_taken":0,"relics_obtained":["Golden Idol"],"max_hp_gain":0,"max_hp_loss":7,"event_name":"Golden Idol","floor":3,"gold_loss":0}],"is_beta":false,"boss_relics":[{"not_picked":["Ectoplasm","Philosopher\u0027s Stone"],"picked":"Calling Bell"},{"not_picked":[]}],"items_purged_floors":[7],"is_endless":false,"potions_floor_spawned":[1,4,6,8,10,13,14,16],"killed_by":"Shell Parasite","ascension_level":20}}