{"host":"u9h06qdlnp3wgzsw","time":1613689430,"event":{"mods":["Act Like it!","BaseMod","Conspire","Curses Come First","Downfall","Hallownest","Hermit","Hubris","Minty Spire (QoL Compilation)","Quick Restart","Rare Cards Sparkle","Reliquary","Replay The Spire","Shop Mod","StSLib","The Disciple","The Hierophant","The Servant 0.9.4"],"gold_per_floor":[199,216,231,231,243,278,278,178,163,178,198,216,230,250,263,361,361,361,361,373,373,390,156,156,156,156,156,156],"floor_reached":26,"language":"ENG","playtime":1700,"items_purged":[],"score":212,"play_id":"3a7ec390-3216-4862-852b-4a14435e9818","local_time":"20210218180350","is_ascension_mode":false,"campfire_choices":[{"floor":1,"key":"RECALL"},{"floor":8,"key":"REST"},{"floor":18,"key":"DIG"}],"circlet_count":0,"master_deck":["Slimebound:Strike_Slimebound","Slimebound:Strike_Slimebound","Slimebound:Tackle","Slimebound:Defend_Slimebound","Slimebound:Defend_Slimebound","Slimebound:Defend_Slimebound","Slimebound:Defend_Slimebound","Slimebound:Split","Slimebound:CorrosiveSpit","Slimebound:SamplingLick","Slimebound:Gluttony","Slimebound:Replication","Slimebound:LeechEnergy","Slimebound:LivingWall","Slimebound:Schlurp","Slimebound:SplitMire","Slimebound:LeechingTouch","Slimebound:LivingWall","Slimebound:TagTeam","Slimebound:AcidTongue","Slimebound:ViciousTackle+1","Slimebound:LeechingTouch","Slimebound:LeechingTouch","Slimebound:Gluttony"],"relics":["Slimebound:AbsorbEndCombat","Durian","conspire:DeflatedDodgeball","downfall:HeartBlessingRed","conspire:SlowCooker","MerchantsRug","hubris:Towel"],"acts_visited":["Exordium","TheCity"],"potions_floor_usage":[6,13,15,16,23,26],"damage_taken":[{"damage":5,"enemies":"2 Louse","floor":2,"turns":2},{"damage":3,"enemies":"Small Slimes","floor":3,"turns":3},{"damage":12,"enemies":"Jaw Worm","floor":5,"turns":3},{"damage":59,"enemies":"Gremlin Nob","floor":6,"turns":5},{"damage":3,"enemies":"downfall:FleeingMerchant","floor":9,"turns":4},{"damage":8,"enemies":"3 Louse","floor":10,"turns":4},{"damage":6,"enemies":"2 Fungi Beasts","floor":11,"turns":4},{"damage":2,"enemies":"Blue Slaver","floor":12,"turns":4},{"damage":6,"enemies":"Gremlin Gang","floor":13,"turns":4},{"damage":9,"enemies":"Exordium Wildlife","floor":14,"turns":4},{"damage":14,"enemies":"Large Slime","floor":15,"turns":4},{"damage":20,"enemies":"DF_ARCHETYPE_STREAMLINE","floor":16,"turns":9},{"damage":14,"enemies":"Chosen","floor":20,"turns":5},{"damage":26,"enemies":"downfall:LooterAlt2","floor":22,"turns":5},{"damage":6,"enemies":"downfall:FleeingMerchant","floor":23,"turns":4},{"damage":38,"enemies":"Cultist and Chosen","floor":26,"turns":4}],"seed_played":"-6026563085944942925","potions_obtained":[{"floor":2,"key":"Fire Potion"},{"floor":10,"key":"AttackPotion"},{"floor":12,"key":"Milkshake"},{"floor":13,"key":"Toxic Potion"},{"floor":15,"key":"DuplicationPotion"},{"floor":22,"key":"SkillPotion"}],"is_trial":false,"path_per_floor":["R","M","M","?","M","E","T","R","$","M","M","M","M","M","M","B",null,"R","?","M","?","M","$","T","?","M"],"character_chosen":"SLIMEBOUND","items_purchased":["Slimebound:LeechingTouch","Slimebound:Gluttony","MerchantsRug"],"campfire_rested":1,"item_purchase_floors":[23,23,23],"current_hp_per_floor":[65,60,61,61,57,9,9,30,35,29,31,37,39,32,26,14,70,70,70,62,49,31,31,31,31,0,0,0],"gold":156,"neow_bonus":"HUNDRED_GOLD","is_daily":false,"chose_seed":false,"campfire_upgraded":0,"win_rate":0.0,"timestamp":1613689430,"path_taken":["R","M","M","?","M","E","T","R","$","M","M","M","M","M","M","BOSS","R","?","M","?","M","$","T","?","M"],"items_purchased_type":["Card","Card","Relic"],"build_version":"2020-12-22","purchased_purges":0,"victory":false,"max_hp_per_floor":[65,65,65,65,65,70,70,70,70,70,70,70,70,70,70,70,70,70,70,70,75,75,75,75,75,75,75,75],"card_choices":[{"not_picked":["Slimebound:LeechingTouch","Slimebound:ViciousTackle"],"picked":"Slimebound:SamplingLick","floor":2},{"not_picked":["Slimebound:Schlurp","Slimebound:GoopTackle"],"picked":"Slimebound:Gluttony","floor":3},{"not_picked":["Slimebound:HauntingLick","Slimebound:SplitAcid"],"picked":"Slimebound:Replication","floor":5},{"not_picked":["Slimebound:SlimeSpikes","Slimebound:FinishingTackle","Slimebound:FlameTackle"],"picked":"SKIP","floor":6},{"not_picked":["Slimebound:PressTheAttack","Slimebound:Teamwork","Slimebound:ComboTackle"],"picked":"SKIP","floor":9},{"not_picked":["Slimebound:Schlurp","Slimebound:LeechingTouch"],"picked":"Slimebound:LeechEnergy","floor":10},{"not_picked":["Slimebound:LeadByExample","Slimebound:HungryTackle"],"picked":"Slimebound:LivingWall","floor":11},{"not_picked":["Slimebound:SplitMire","Slimebound:SelfFormingGoo"],"picked":"Slimebound:Schlurp","floor":12},{"not_picked":["Slimebound:SlimeSpikes","Slimebound:LeechEnergy"],"picked":"Slimebound:SplitMire","floor":13},{"not_picked":["Slimebound:Grow","Slimebound:HauntingLick"],"picked":"Slimebound:LeechingTouch","floor":14},{"not_picked":["Slimebound:HungryTackle","Slimebound:SplitBruiser"],"picked":"Slimebound:LivingWall","floor":15},{"not_picked":["Slimebound:MinionMaster","Slimebound:SelfFormingGoo"],"picked":"Slimebound:TagTeam","floor":16},{"not_picked":["Slimebound:LivingWall","Slimebound:SplitBruiser","Slimebound:ComboTackle"],"picked":"SKIP","floor":20},{"not_picked":["Slimebound:SplitMire","Slimebound:SamplingLick"],"picked":"Slimebound:ViciousTackle+1","floor":22},{"not_picked":["Slimebound:SplitMire","Slimebound:Recollect","Slimebound:RollThrough"],"picked":"SKIP","floor":23}],"player_experience":1076836,"relics_obtained":[{"floor":6,"key":"Durian"},{"floor":7,"key":"conspire:DeflatedDodgeball"},{"floor":18,"key":"Slimebound:AggressiveSlimeRelic"}],"event_choices":[{"damage_healed":0,"gold_gain":0,"player_choice":"Read","damage_taken":0,"max_hp_gain":0,"max_hp_loss":0,"event_name":"The Library","floor":19,"gold_loss":0,"cards_obtained":["Slimebound:AcidTongue"]}],"is_beta":false,"boss_relics":[{"not_picked":["Sozu","hubris:VirtuousBlindfold"],"picked":"conspire:SlowCooker"}],"items_purged_floors":[],"is_endless":false,"potions_floor_spawned":[2,10,12,13,15,22],"killed_by":"Cultist and Chosen","ascension_level":0}}