{"host":"h5acbxt0wmjo1kpm","time":1613642045,"event":{"mods":["2.2 Compatiblity","Act Like it!","AlwaysNeverKeys","Aspiration","Bard","Bartender","BaseMod","Better Third Choice","Colored Map","Elementarium","Gensokyo","GifTheSpireLib","Hallownest","Marisa????????","Menagerie","Minty Spire (QoL Compilation)","Permanent Neow","Potionbrewer","Quick Restart","Relic Filter","Reliquary","Robot Space Explorer","Ruina","RumiaBox-????????","Shade Mod","Spicy Shops","StSLib","Strawberry Spire","The Blackbeard","The Dragon Tamer","The Gatherer","The Hayseed","The Problem Sleuth","The Servant 0.9.4","Wandering Minibosses","Wide Potions"],"gold_per_floor":[117,117,42,59,0,17,17,17,40,40,80,105,117,134,134,134,134],"floor_reached":16,"language":"ENG","playtime":831,"items_purged":[],"score":154,"play_id":"08dcca1d-ec73-4a6f-bba8-5932b492380f","local_time":"20210218015405","is_ascension_mode":true,"campfire_choices":[{"data":"strawberrySpire:NeglectedBlade","floor":7,"key":"SMITH"},{"data":"potionbrewer:Experimentation","floor":10,"key":"SMITH"},{"data":"potionbrewer:ChokingPowder","floor":15,"key":"SMITH"}],"circlet_count":0,"master_deck":["AscendersBane","potionbrewer:PotionbrewerStrike","potionbrewer:PotionbrewerStrike","potionbrewer:PotionbrewerStrike","potionbrewer:PotionbrewerDefend","potionbrewer:PotionbrewerDefend","potionbrewer:PotionbrewerDefend","potionbrewer:PotionbrewerDefend","potionbrewer:Collect","potionbrewer:ChemicalSpill+1","potionbrewer:ChokingPowder+1","potionbrewer:Shovel","strawberrySpire:NeglectedBlade+1","potionbrewer:Experimentation+1","potionbrewer:Prototype","potionbrewer:FlashPowder","potionbrewer:WizBang","potionbrewer:LabJournal","potionbrewer:Prototype"],"relics":["Black Star","Hallownest:BankAccountRelic","Omamori","Ccalipers","Bird Faced Urn","strawberrySpire:MawJerky"],"acts_visited":["Hallownest:Greenpath"],"potions_floor_usage":[6,12,12,13,14],"damage_taken":[{"damage":5,"enemies":"Hallownest:monsterHuskWarrior","floor":1,"turns":6},{"damage":10,"enemies":"Hallownest:2_MossCreeps","floor":4,"turns":6},{"damage":2,"enemies":"Hallownest:monsterHuskGuard","floor":6,"turns":5},{"damage":19,"enemies":"Hallownest:eliteVengeflyKing","floor":12,"turns":9},{"damage":12,"enemies":"Hallownest:MossCreep_and_Mosskin","floor":13,"turns":5},{"damage":3,"enemies":"Hallownest:1_Baldur_1_Crawlid_1_Warrior","floor":14,"turns":4},{"damage":18,"enemies":"Hallownest:BossFalseKnight","floor":16,"turns":4}],"seed_played":"8622932172578900429","potions_obtained":[{"floor":1,"key":"potionbrewer:ToxicPotion"},{"floor":6,"key":"Weak Potion"},{"floor":12,"key":"potionbrewer:AcidPotion"},{"floor":13,"key":"potionbrewer:FreezingPotion"}],"is_trial":false,"path_per_floor":["M","?","?","M","?","M","R","?","T","R","$","E","M","M","R","B"],"character_chosen":"POTIONBREWER","items_purchased":[],"campfire_rested":0,"item_purchase_floors":[],"current_hp_per_floor":[63,63,63,53,53,51,51,51,51,51,51,32,20,17,17,0,0],"gold":134,"neow_bonus":"BOSS_RELIC","is_daily":false,"chose_seed":false,"campfire_upgraded":3,"win_rate":0.0,"timestamp":1613642045,"path_taken":["M","?","?","M","?","M","R","?","T","R","$","E","M","M","R","BOSS"],"items_purchased_type":[],"build_version":"2020-12-22","purchased_purges":0,"victory":false,"max_hp_per_floor":[75,75,75,75,75,75,75,75,75,75,75,75,75,75,75,75,75],"card_choices":[{"not_picked":["potionbrewer:ExothermicReaction","potionbrewer:BlindingSpray"],"picked":"potionbrewer:ChokingPowder","floor":1},{"not_picked":["potionbrewer:WizBang","potionbrewer:BlindingSpray"],"picked":"potionbrewer:Shovel","floor":2},{"not_picked":["Enlightenment","Forethought"],"picked":"strawberrySpire:NeglectedBlade","floor":2},{"not_picked":["potionbrewer:Biohazard","potionbrewer:UnstableFormula","potionbrewer:Prototype"],"picked":"potionbrewer:Experimentation","floor":4},{"not_picked":["potionbrewer:ChemicalShroud","potionbrewer:Brandish","potionbrewer:UnstableFormula"],"picked":"potionbrewer:Prototype","floor":6},{"not_picked":["potionbrewer:LabAccident","potionbrewer:UnstableFormula"],"picked":"potionbrewer:WizBang","floor":12},{"not_picked":["potionbrewer:VolatileSolution","potionbrewer:FuelCell","potionbrewer:Prototype"],"picked":"potionbrewer:LabJournal","floor":13},{"not_picked":["potionbrewer:IronHeart","potionbrewer:ChokingPowder","potionbrewer:VolatileSolution"],"picked":"potionbrewer:Prototype","floor":14}],"player_experience":2275087,"relics_obtained":[{"floor":9,"key":"Ccalipers"},{"floor":12,"key":"Bird Faced Urn"},{"floor":12,"key":"strawberrySpire:MawJerky"}],"event_choices":[],"is_beta":false,"boss_relics":[],"items_purged_floors":[],"is_endless":false,"potions_floor_spawned":[1,6,12,13],"killed_by":"Hallownest:BossFalseKnight","ascension_level":12}}