{"host":"ibckqdmmf9y74ymf","time":1613613103,"event":{"mods":["2.2 Compatiblity","BaseMod","Colored Map","Curses Come First","Highlight Path","Minty Spire (QoL Compilation)","Quick Restart","Rare Cards Sparkle","Relic Stats","StSLib"],"gold_per_floor":[114,125,125,144,160,189,189,218,243,243,268,268,268,283,283,359,359,375,393,406,406,423,458,469,500,500,510,523,557,19,30,30,104,104,121,141,157,172,0,28,28,28,28,62,87,117,41,61,61,61,61],"floor_reached":50,"language":"ENG","playtime":2277,"items_purged":[],"score":1482,"play_id":"128a7366-cd2f-45e4-8695-fccbbfca4368","local_time":"20210218025143","is_ascension_mode":true,"campfire_choices":[{"floor":7,"key":"REST"},{"data":"Bash","floor":10,"key":"SMITH"},{"data":"Inflame","floor":12,"key":"SMITH"},{"data":"Perfected Strike","floor":15,"key":"SMITH"},{"floor":32,"key":"REST"},{"data":"Demon Form","floor":42,"key":"SMITH"},{"floor":49,"key":"RECALL"}],"circlet_count":0,"master_deck":["AscendersBane","Strike_R+1","Strike_R+1","Strike_R+1","Strike_R+1","Strike_R+1","Defend_R+1","Defend_R+1","Defend_R+1","Defend_R+1","Bash+1","Inflame+1","Shrug It Off","Wild Strike","Perfected Strike+1","Carnage","Perfected Strike","Pummel","Corruption","Burning Pact","Feel No Pain","Power Through+1","Clothesline","Dual Wield+1","Perfected Strike+1","Evolve","Demon Form+1","Shrug It Off","Demon Form","Shrug It Off","Disarm+1","Exhume","Shockwave"],"relics":["Snecko Eye","Akabeko","Red Skull","MealTicket","Art of War","Regal Pillow","Philosopher\u0027s Stone","Unceasing Top","Paper Frog","Gremlin Horn","Bag of Preparation","FossilizedHelix","Lantern","Runic Dome","Red Mask","Sundial","Dream Catcher","Turnip","Mercury Hourglass"],"acts_visited":["Exordium","TheCity","TheBeyond"],"potions_floor_usage":[11,20,20,20,23,25,33],"damage_taken":[{"damage":0,"enemies":"Cultist","floor":1,"turns":2},{"damage":15,"enemies":"Small Slimes","floor":2,"turns":5},{"damage":6,"enemies":"Jaw Worm","floor":4,"turns":4},{"damage":29,"enemies":"Large Slime","floor":5,"turns":8},{"damage":12,"enemies":"Lagavulin","floor":6,"turns":5},{"damage":3,"enemies":"Gremlin Nob","floor":8,"turns":3},{"damage":17,"enemies":"3 Sentries","floor":11,"turns":6},{"damage":0,"enemies":"Blue Slaver","floor":14,"turns":2},{"damage":27,"enemies":"The Guardian","floor":16,"turns":9},{"damage":11,"enemies":"3 Byrds","floor":18,"turns":3},{"damage":0,"enemies":"2 Thieves","floor":19,"turns":2},{"damage":0,"enemies":"Centurion and Healer","floor":20,"turns":2},{"damage":10,"enemies":"Cultist and Chosen","floor":22,"turns":3},{"damage":9,"enemies":"Slavers","floor":23,"turns":4},{"damage":19,"enemies":"Snake Plant","floor":24,"turns":3},{"damage":2,"enemies":"Book of Stabbing","floor":25,"turns":3},{"damage":0,"enemies":"3 Cultists","floor":27,"turns":2},{"damage":0,"enemies":"Centurion and Healer","floor":28,"turns":1},{"damage":0,"enemies":"Slavers","floor":29,"turns":2},{"damage":0,"enemies":"Sentry and Sphere","floor":31,"turns":1},{"damage":0,"enemies":"Automaton","floor":33,"turns":7},{"damage":0,"enemies":"3 Darklings","floor":35,"turns":3},{"damage":3,"enemies":"3 Shapes","floor":36,"turns":5},{"damage":0,"enemies":"Spire Growth","floor":37,"turns":3},{"damage":0,"enemies":"Sphere and 2 Shapes","floor":38,"turns":1},{"damage":0,"enemies":"Nemesis","floor":40,"turns":5},{"damage":18,"enemies":"Giant Head","floor":44,"turns":6},{"damage":0,"enemies":"Mind Bloom Boss Battle","floor":45,"turns":5},{"damage":34,"enemies":"Nemesis","floor":46,"turns":5},{"damage":0,"enemies":"Maw","floor":48,"turns":4},{"damage":47,"enemies":"Awakened One","floor":50,"turns":6}],"seed_played":"-328534390285661690","potions_obtained":[{"floor":2,"key":"CultistPotion"},{"floor":5,"key":"Ancient Potion"},{"floor":6,"key":"EntropicBrew"},{"floor":16,"key":"Energy Potion"},{"floor":20,"key":"Energy Potion"},{"floor":23,"key":"BloodPotion"},{"floor":27,"key":"LiquidBronze"},{"floor":31,"key":"DuplicationPotion"},{"floor":35,"key":"SpeedPotion"},{"floor":40,"key":"Dexterity Potion"}],"is_trial":true,"path_per_floor":["M","M","?","M","M","E","R","E","T","R","E","R","T","M","R","B",null,"M","M","M","?","M","E","M","E","T","M","M","E","$","M","R","B",null,"M","M","M","M","?","E","?","R","T","E","?","E","$","M","R","B"],"character_chosen":"IRONCLAD","items_purchased":["FossilizedHelix","Evolve","Lantern","Shockwave"],"campfire_rested":2,"item_purchase_floors":[30,30,30,47],"current_hp_per_floor":[68,53,75,69,40,28,50,47,47,47,30,30,30,30,30,3,57,46,46,46,46,36,27,8,21,21,21,21,21,36,36,73,73,75,75,72,72,72,72,72,71,71,71,53,53,19,34,34,34,0,0],"gold":61,"neow_bonus":"","is_daily":false,"chose_seed":false,"campfire_upgraded":4,"win_rate":0.0,"timestamp":1613613103,"path_taken":["M","M","?","?","M","E","R","E","T","R","E","R","?","M","R","BOSS","M","M","M","?","M","E","M","E","T","M","M","E","$","M","R","BOSS","M","M","M","M","?","E","?","R","T","E","?","E","$","M","R","BOSS"],"items_purchased_type":["Relic","Card","Relic","Card"],"build_version":"2020-12-22","purchased_purges":0,"victory":false,"max_hp_per_floor":[75,75,75,75,75,75,75,75,75,75,75,75,75,75,75,75,75,75,75,75,75,75,75,75,75,75,75,75,75,75,75,75,75,75,75,75,75,75,75,75,71,71,71,71,71,71,71,71,71,71,71],"relic_stats":{"Regal Pillow":15,"Gremlin Horn":[17,17],"counters":[31,120],"Bag of Preparation":[24],"Mercury Hourglass":[36],"Dream Catcher":0,"Sundial":[2],"Snecko Eye":[207,225,235,220],"MealTicket":30,"Turnip":[5],"Art of War":[7],"obtain_stats":[{"Regal Pillow":13,"Lantern":30,"Gremlin Horn":26,"Bag of Preparation":29,"Akabeko":6,"Mercury Hourglass":46,"Runic Dome":34,"Dream Catcher":44,"Sundial":40,"Snecko Eye":0,"MealTicket":9,"Philosopher\u0027s Stone":17,"Turnip":45,"Art of War":11,"Red Mask":39,"Red Skull":8,"Unceasing Top":23,"FossilizedHelix":30,"Paper Frog":25},{"Regal Pillow":7,"Lantern":19,"Gremlin Horn":16,"Bag of Preparation":19,"Akabeko":5,"Mercury Hourglass":29,"Runic Dome":21,"Dream Catcher":27,"Sundial":26,"Snecko Eye":0,"MealTicket":6,"Philosopher\u0027s Stone":9,"Turnip":28,"Art of War":7,"Red Mask":25,"Red Skull":6,"Unceasing Top":14,"FossilizedHelix":19,"Paper Frog":16},{"Regal Pillow":33,"Lantern":69,"Gremlin Horn":64,"Bag of Preparation":69,"Akabeko":24,"Mercury Hourglass":110,"Runic Dome":77,"Dream Catcher":100,"Sundial":94,"Snecko Eye":0,"MealTicket":27,"Philosopher\u0027s Stone":44,"Turnip":105,"Art of War":33,"Red Mask":89,"Red Skull":27,"Unceasing Top":58,"FossilizedHelix":69,"Paper Frog":64}],"Unceasing Top":[1]},"card_choices":[{"not_picked":["Wild Strike","Headbutt"],"picked":"Inflame","floor":1},{"not_picked":["Cleave","True Grit"],"picked":"Shrug It Off","floor":2},{"not_picked":["Berserk","Second Wind"],"picked":"Wild Strike","floor":4},{"not_picked":["Clash","Warcry"],"picked":"Perfected Strike","floor":5},{"not_picked":["Warcry","Uppercut"],"picked":"Carnage","floor":6},{"not_picked":["Armaments","Body Slam","Warcry"],"picked":"SKIP","floor":8},{"not_picked":["Anger","Cleave"],"picked":"Perfected Strike","floor":11},{"not_picked":["Clash","Inflame"],"picked":"Pummel","floor":14},{"not_picked":["Limit Break","Berserk"],"picked":"Corruption","floor":16},{"not_picked":["Anger","Hemokinesis+1"],"picked":"Burning Pact","floor":18},{"not_picked":["Cleave","Pommel Strike"],"picked":"Feel No Pain","floor":19},{"not_picked":["Shrug It Off","Iron Wave"],"picked":"Power Through+1","floor":20},{"not_picked":["Iron Wave","Headbutt"],"picked":"Clothesline","floor":22},{"not_picked":["Clothesline","Sword Boomerang"],"picked":"Dual Wield+1","floor":23},{"not_picked":["Warcry","Wild Strike","Anger+1"],"picked":"SKIP","floor":24},{"not_picked":["Corruption","Anger"],"picked":"Perfected Strike+1","floor":25},{"not_picked":["Thunderclap+1","Carnage","Pummel+1"],"picked":"SKIP","floor":27},{"not_picked":["Headbutt","Entrench","Iron Wave"],"picked":"SKIP","floor":28},{"not_picked":["Searing Blow","Sword Boomerang","Inflame"],"picked":"SKIP","floor":29},{"not_picked":["Thunderclap","Sword Boomerang","Entrench"],"picked":"SKIP","floor":31},{"not_picked":["Fiend Fire","Barricade"],"picked":"Demon Form","floor":33},{"not_picked":["Fire Breathing","Clash+1"],"picked":"Shrug It Off","floor":35},{"not_picked":["Iron Wave","Clash","Evolve+1"],"picked":"SKIP","floor":36},{"not_picked":["Twin Strike","Wild Strike","Thunderclap+1"],"picked":"SKIP","floor":37},{"not_picked":["Metallicize","Battle Trance"],"picked":"Demon Form","floor":38},{"not_picked":["Anger+1","Iron Wave+1"],"picked":"Shrug It Off","floor":40},{"not_picked":["Body Slam","Searing Blow+1"],"picked":"Disarm+1","floor":44},{"not_picked":["Sever Soul","Heavy Blade"],"picked":"Exhume","floor":46},{"not_picked":["Twin Strike","Anger","Cleave"],"picked":"SKIP","floor":48}],"player_experience":740829,"relics_obtained":[{"floor":6,"key":"Akabeko"},{"floor":8,"key":"Red Skull"},{"floor":9,"key":"MealTicket"},{"floor":11,"key":"Art of War"},{"floor":13,"key":"Regal Pillow"},{"floor":23,"key":"Unceasing Top"},{"floor":25,"key":"Paper Frog"},{"floor":26,"key":"Gremlin Horn"},{"floor":29,"key":"Bag of Preparation"},{"floor":40,"key":"Sundial"},{"floor":44,"key":"Dream Catcher"},{"floor":45,"key":"Turnip"},{"floor":46,"key":"Mercury Hourglass"}],"event_choices":[{"damage_healed":22,"gold_gain":0,"player_choice":"Full Heal","damage_taken":0,"max_hp_gain":0,"max_hp_loss":0,"event_name":"Wheel of Change","floor":3,"gold_loss":0},{"damage_healed":0,"gold_gain":0,"player_choice":"Simplicity","damage_taken":0,"max_hp_gain":0,"max_hp_loss":0,"event_name":"Back to Basics","floor":21,"gold_loss":0,"cards_upgraded":["Strike_R","Strike_R","Strike_R","Strike_R","Strike_R","Defend_R","Defend_R","Defend_R","Defend_R"]},{"damage_healed":0,"gold_gain":0,"player_choice":"Paid","damage_taken":0,"relics_obtained":["Red Mask"],"max_hp_gain":0,"max_hp_loss":0,"event_name":"Tomb of Lord Red Mask","floor":39,"gold_loss":172},{"damage_healed":0,"gold_gain":0,"player_choice":"Max HP","damage_taken":0,"max_hp_gain":0,"max_hp_loss":4,"event_name":"Winding Halls","floor":41,"gold_loss":0},{"damage_healed":0,"gold_gain":0,"player_choice":"Fight","damage_taken":0,"max_hp_gain":0,"max_hp_loss":0,"event_name":"MindBloom","floor":45,"gold_loss":0}],"is_beta":false,"boss_relics":[{"not_picked":["Runic Pyramid","Ectoplasm"],"picked":"Philosopher\u0027s Stone"},{"not_picked":["Coffee Dripper","Cursed Key"],"picked":"Runic Dome"}],"items_purged_floors":[],"is_endless":false,"potions_floor_spawned":[2,5,6,16,20,22,23,27,28,31,35,40,45,46],"killed_by":"Awakened One","ascension_level":20}}