{"host":"79kl9rvhjzhuunbo","time":1613691269,"event":{"mods":["AchievementEnabler","BaseMod","Colored Powertips","Defuse TimeMaze Blight","Friendly Minions","Highlight Path","Minty Spire (QoL Compilation)","Permanent Neow","Quick Restart","Random Character Button","Relic Sorter","StSLib","SuperFastMode","Synergy Search","Unceasing Turn Reminder"],"gold_per_floor":[109,109,129,129,149,177,177,102,102,102,102,133,98,133,133,231,231,213,113,125,125,139,139,169,169,245,160,179,179,179],"floor_reached":29,"language":"ENG","playtime":1440,"items_purged":["Strike_B","Strike_B"],"score":298,"play_id":"6f7fdbdc-2bb9-415e-8e4e-0ae8c8b6deab","local_time":"20210219003429","is_ascension_mode":true,"campfire_choices":[{"data":"Genetic Algorithm","floor":7.0,"key":"SMITH"},{"floor":10.0,"key":"RECALL"},{"floor":15.0,"key":"REST"},{"data":"Capacitor","floor":23.0,"key":"SMITH"},{"data":"Buffer","floor":25.0,"key":"SMITH"}],"circlet_count":0,"master_deck":["Strike_B","Defend_B","Defend_B","Defend_B","Defend_B","Zap","Dualcast","Cold Snap","Cold Snap","Genetic Algorithm+1","BootSequence","Capacitor+1","Reboot","Buffer+1","Gash","BootSequence","Buffer"],"relics":["FrozenCore","Ginger","Centennial Puzzle","White Beast Statue","Letter Opener","Thread and Needle","Gambling Chip","Bottled Flame","Lantern"],"acts_visited":["Exordium","TheCity"],"potions_floor_usage":[29],"damage_taken":[{"damage":0.0,"enemies":"Cultist","floor":1.0,"turns":3.0},{"damage":0.0,"enemies":"Small Slimes","floor":3.0,"turns":3.0},{"damage":0.0,"enemies":"2 Louse","floor":5.0,"turns":2.0},{"damage":22.0,"enemies":"Gremlin Nob","floor":6.0,"turns":5.0},{"damage":6.0,"enemies":"3 Sentries","floor":12.0,"turns":12.0},{"damage":20.0,"enemies":"Gremlin Nob","floor":14.0,"turns":6.0},{"damage":17.0,"enemies":"The Guardian","floor":16.0,"turns":18.0},{"damage":7.0,"enemies":"2 Thieves","floor":18.0,"turns":4.0},{"damage":0.0,"enemies":"Shell Parasite","floor":20.0,"turns":13.0},{"damage":8.0,"enemies":"Sentry and Sphere","floor":22.0,"turns":8.0},{"damage":14.0,"enemies":"Book of Stabbing","floor":24.0,"turns":7.0},{"damage":0.0,"enemies":"Cultist and Chosen","floor":28.0,"turns":10.0},{"damage":73,"enemies":"Gremlin Leader","floor":29,"turns":13}],"seed_played":"-4822183152735159089","potions_obtained":[{"floor":3.0,"key":"SkillPotion"},{"floor":6.0,"key":"DuplicationPotion"},{"floor":12.0,"key":"AttackPotion"},{"floor":14.0,"key":"PotionOfCapacity"},{"floor":16.0,"key":"Strength Potion"},{"floor":18.0,"key":"ColorlessPotion"},{"floor":20.0,"key":"BlessingOfTheForge"},{"floor":21.0,"key":"PotionOfCapacity"},{"floor":21.0,"key":"Regen Potion"},{"floor":22.0,"key":"ColorlessPotion"},{"floor":24.0,"key":"Strength Potion"},{"floor":28.0,"key":"Fire Potion"}],"is_trial":false,"path_per_floor":["M","?","M","?","M","E","R","$","T","R","?","E","$","E","R","B",null,"M","$","M","?","M","R","E","R","T","?","M","E"],"character_chosen":"DEFECT","items_purchased":["Capacitor"],"campfire_rested":1,"item_purchase_floors":[13],"current_hp_per_floor":[75,68,68,73,73,51,51,51,51,51,51,45,45,25,49,32,80,73,73,73,73,65,65,66,66,66,66,66,0,0],"gold":179,"neow_bonus":"REMOVE_CARD","is_daily":false,"chose_seed":false,"campfire_upgraded":3,"win_rate":0.0,"timestamp":1613691269,"path_taken":["M","?","M","?","M","E","R","$","T","R","?","E","$","E","R","BOSS","M","$","M","?","?","R","E","R","T","?","M","E"],"items_purchased_type":["Card"],"build_version":"2020-12-22","purchased_purges":2,"victory":false,"max_hp_per_floor":[75,75,75,80,80,80,80,80,80,80,80,80,80,80,80,80,80,80,80,80,80,80,80,80,80,80,80,80,80,80],"card_choices":[{"not_picked":["Ball Lightning","Sweeping Beam"],"picked":"Cold Snap","floor":1.0},{"not_picked":["Melter","Lockon"],"picked":"Cold Snap","floor":3.0},{"not_picked":["Redo","Hyperbeam","Streamline"],"picked":"SKIP","floor":5.0},{"not_picked":["Turbo","BootSequence"],"picked":"Genetic Algorithm","floor":6.0},{"not_picked":["Beam Cell","Sweeping Beam"],"picked":"BootSequence","floor":12.0},{"not_picked":["Auto Shields","Chill"],"picked":"Reboot","floor":14.0},{"not_picked":["Biased Cognition","Multi-Cast"],"picked":"Buffer","floor":16.0},{"not_picked":["Beam Cell","Consume","Gash"],"picked":"SKIP","floor":18.0},{"not_picked":["Beam Cell","Consume"],"picked":"Gash","floor":18.0},{"not_picked":["Hologram","Rebound+1","Barrage+1"],"picked":"SKIP","floor":20.0},{"not_picked":["Glacier+1","Aggregate"],"picked":"BootSequence","floor":22.0},{"not_picked":["FTL","Leap"],"picked":"Buffer","floor":24.0},{"not_picked":["Skim","Hologram","Sweeping Beam+1"],"picked":"SKIP","floor":28.0}],"player_experience":295055,"relics_obtained":[{"floor":6.0,"key":"Centennial Puzzle"},{"floor":9.0,"key":"White Beast Statue"},{"floor":12.0,"key":"Thread and Needle"},{"floor":14.0,"key":"Gambling Chip"},{"floor":24.0,"key":"Bottled Flame"}],"event_choices":[{"damage_healed":0.0,"max_hp_gain":0.0,"max_hp_loss":0.0,"gold_gain":0.0,"event_name":"Scrap Ooze","player_choice":"Success","floor":2.0,"gold_loss":0.0,"damage_taken":7.0,"relics_obtained":["Ginger"]},{"damage_healed":0.0,"max_hp_gain":5.0,"max_hp_loss":0.0,"gold_gain":0.0,"event_name":"Big Fish","player_choice":"Donut","floor":4.0,"gold_loss":0.0,"damage_taken":0.0},{"damage_healed":0.0,"max_hp_gain":0.0,"max_hp_loss":0.0,"gold_gain":0.0,"event_name":"Dead Adventurer","player_choice":"Searched \u00272\u0027 times","floor":11.0,"gold_loss":0.0,"damage_taken":0.0,"relics_obtained":["Letter Opener"]},{"damage_healed":0.0,"max_hp_gain":0.0,"max_hp_loss":0.0,"gold_gain":0.0,"event_name":"Lab","player_choice":"Got Potions","floor":21.0,"gold_loss":0.0,"damage_taken":0.0},{"damage_healed":0.0,"max_hp_gain":0.0,"max_hp_loss":0.0,"gold_gain":0.0,"event_name":"Addict","player_choice":"Obtained Relic","floor":27.0,"gold_loss":85.0,"damage_taken":0.0,"relics_obtained":["Lantern"]}],"is_beta":false,"boss_relics":[{"not_picked":["Empty Cage","Velvet Choker"],"picked":"FrozenCore"}],"items_purged_floors":[8,19],"is_endless":false,"potions_floor_spawned":[3,6,12,14,16,18,20,22,24,28],"killed_by":"Gremlin Leader","ascension_level":3}}