{"host":"6z6y4ky8uzsz1dpj","time":1613673222,"event":{"mods":["AchievementEnabler","BaseMod","BetterRewards","Challenge The Spire","Colored Map","Hubris","Minty Spire (QoL Compilation)","Quick Restart","Relic Stats","Replay The Spire","StSLib"],"gold_per_floor":[113,132,32,32,45,70,86,115,115,147,107,120,120,25,25,130,130,144,19,19,35,35,35,55,90,90,90,90],"floor_reached":27,"language":"ENG","playtime":1671,"items_purged":["Strike_B","Strike_B","Strike_B"],"score":351,"play_id":"41d26215-b786-43c7-a0bd-1bc14a363251","local_time":"20210218133342","is_ascension_mode":true,"campfire_choices":[{"floor":13,"key":"REST"},{"data":"FTL","floor":15,"key":"SMITH"},{"floor":23,"key":"REST"}],"circlet_count":0,"master_deck":["Strike_B","Defend_B","Defend_B","Defend_B","Defend_B","Zap","Dualcast","Mayhem","Gash","FTL","FTL+1","Defragment","Gash","Self Repair","Go for the Eyes","Finesse","Hyperbeam","J.A.X.","Coolheaded","Hologram","hubris:NaturalOne"],"relics":["Cracked Core","TungstenRod","hubris:Icosahedron","hubris:FunFungus","PreservedInsect","hubris:CuriousFeather","hubris:Potato","hubris:Backtick","Unceasing Top","Pantograph","Singing Bowl"],"acts_visited":["Exordium","TheCity"],"potions_floor_usage":[7,8,8,16,16,18,21,24],"damage_taken":[{"damage":2,"enemies":"2 Louse","floor":1,"turns":3},{"damage":11,"enemies":"Small Slimes","floor":2,"turns":4},{"damage":0,"enemies":"Cultist","floor":5,"turns":3},{"damage":13,"enemies":"Lagavulin","floor":6,"turns":7},{"damage":0,"enemies":"Looter","floor":7,"turns":3},{"damage":13,"enemies":"3 Sentries","floor":8,"turns":7},{"damage":1,"enemies":"Gremlin Nob","floor":10,"turns":3},{"damage":16,"enemies":"Exordium Wildlife","floor":12,"turns":3},{"damage":19,"enemies":"Slime Boss","floor":16,"turns":7},{"damage":15,"enemies":"Shell Parasite","floor":18,"turns":4},{"damage":29,"enemies":"3 Byrds","floor":21,"turns":5},{"damage":11,"enemies":"Centurion and Healer","floor":24,"turns":6},{"damage":35,"enemies":"Slavers","floor":25,"turns":3},{"damage":6,"enemies":"Shelled Parasite and Fungi","floor":27,"turns":2}],"seed_played":"-5123509223967087549","potions_obtained":[{"floor":2,"key":"Block Potion"},{"floor":6,"key":"BlessingOfTheForge"},{"floor":7,"key":"Adrenaline Potion"},{"floor":11,"key":"Elixir"},{"floor":11,"key":"Death Potion"},{"floor":11,"key":"Languid Potion"},{"floor":12,"key":"Energy Potion"},{"floor":18,"key":"Fire Potion"},{"floor":21,"key":"Block Potion"}],"is_trial":false,"path_per_floor":["M","M","$","?","M","E","M","E","T","E","?","M","R","$","R","B",null,"M","$","?","M","$","R","M","E","T","M"],"character_chosen":"DEFECT","items_purchased":["Mayhem","Gash","Finesse"],"campfire_rested":2,"item_purchase_floors":[0,0,14],"current_hp_per_floor":[58,47,47,47,47,34,34,23,23,29,29,20,42,42,42,38,66,58,58,58,37,37,59,75,47,47,41,41],"gold":90,"neow_bonus":"","is_daily":false,"chose_seed":false,"campfire_upgraded":1,"win_rate":0.0,"timestamp":1613673222,"path_taken":["M","M","$","?","M","E","M","E","T","E","?","M","R","$","R","BOSS","M","?","?","M","$","R","M","E","T","M"],"items_purchased_type":["Card","Card","Card"],"build_version":"2020-12-22","purchased_purges":3,"victory":false,"max_hp_per_floor":[75,75,75,75,75,75,75,75,75,75,75,75,75,75,75,75,75,75,75,75,75,75,75,75,75,75,75,75],"relic_stats":{"Singing Bowl":0,"counters":[14,60],"Pantograph":0,"PreservedInsect":63,"obtain_stats":[{"Singing Bowl":26,"PreservedInsect":8,"hubris:Icosahedron":4,"hubris:Backtick":17,"hubris:AstralHammer":0,"hubris:Spice":0,"Pantograph":25,"hubris:FunFungus":6,"hubris:CuriousFeather":9,"Cracked Core":0,"TungstenRod":0,"hubris:Potato":10,"Unceasing Top":17},{"Singing Bowl":13,"PreservedInsect":6,"hubris:Icosahedron":2,"hubris:Backtick":9,"hubris:AstralHammer":0,"hubris:Spice":0,"Pantograph":13,"hubris:FunFungus":4,"hubris:CuriousFeather":6,"Cracked Core":0,"TungstenRod":0,"hubris:Potato":7,"Unceasing Top":9},{"Singing Bowl":58,"PreservedInsect":27,"hubris:Icosahedron":7,"hubris:Backtick":40,"hubris:AstralHammer":0,"hubris:Spice":0,"Pantograph":58,"hubris:FunFungus":17,"hubris:CuriousFeather":27,"Cracked Core":0,"TungstenRod":0,"hubris:Potato":30,"Unceasing Top":40}],"TungstenRod":37,"Unceasing Top":[2]},"card_choices":[{"not_picked":["Panic Button","Conserve Battery"],"picked":"FTL","floor":1},{"not_picked":["Lockon","Conserve Battery"],"picked":"FTL","floor":2},{"not_picked":["Conserve Battery","Leap"],"picked":"Defragment","floor":5},{"not_picked":["Turbo","Cold Snap","Leap"],"picked":"SKIP","floor":6},{"not_picked":["hubris:Ukulele","Sweeping Beam"],"picked":"Gash","floor":7},{"not_picked":["Sweeping Beam","Mirror Shield"],"picked":"Self Repair","floor":8},{"not_picked":["Redo","ReplaySort","Stack"],"picked":"SKIP","floor":10},{"not_picked":["Defragment","Beam Cell"],"picked":"Go for the Eyes","floor":12},{"not_picked":["Multi-Cast","Amplify"],"picked":"Hyperbeam","floor":16},{"not_picked":["BasicCrystalCard","Hello World","Cold Snap"],"picked":"SKIP","floor":18},{"not_picked":["Storm+1","Streamline"],"picked":"Coolheaded","floor":21},{"not_picked":["BasicCrystalCard","Undo"],"picked":"Hologram","floor":24},{"not_picked":["ReplayTheSpireMod:GoodbyeWorld","Cold Snap+1","Streamline"],"picked":"SKIP","floor":25}],"player_experience":641193,"relics_obtained":[{"floor":6,"key":"hubris:FunFungus"},{"floor":8,"key":"PreservedInsect"},{"floor":9,"key":"hubris:CuriousFeather"},{"floor":10,"key":"hubris:Potato"},{"floor":25,"key":"Pantograph"},{"floor":26,"key":"Singing Bowl"}],"event_choices":[{"damage_healed":0,"gold_gain":0,"player_choice":"Bought 3 Potions","damage_taken":0,"max_hp_gain":0,"max_hp_loss":0,"event_name":"The Woman in Blue","floor":11,"gold_loss":0},{"damage_healed":0,"gold_gain":0,"player_choice":"Obtain J.A.X.","damage_taken":0,"max_hp_gain":0,"max_hp_loss":0,"event_name":"Drug Dealer","floor":20,"gold_loss":0,"cards_obtained":["J.A.X."]}],"is_beta":false,"boss_relics":[{"not_picked":["ReplayTheSpireMod:DimensionalGlitch","Astrolabe"],"picked":"hubris:Backtick"}],"items_purged_floors":[0,3,19],"is_endless":false,"potions_floor_spawned":[2,6,7,12,18,21],"killed_by":"Shelled Parasite and Fungi","ascension_level":8}}