{"host":"ju66gn9zov5ov15o","time":1613664102,"event":{"mods":["100% Spire Juice","2.2 Compatiblity","Act Like it!","Arknights","Aspiration","BaseMod","Conspire","Downfall","GifTheSpireLib","Hubris","Lobotomy","LobotomyExtend","Marisa????????","Minty Spire (QoL Compilation)","Pale of the Ancients","Rare Cards Sparkle","Relic Stats","Ruina","Shapeshifter Mod","StSLib","The Alterego","The Animator"],"gold_per_floor":[117,17,17,46,46,46,58,97,97,97,97,97,97,97,97],"floor_reached":14,"language":"ENG","playtime":368,"items_purged":[],"score":158,"play_id":"cb171e6a-bf4a-4557-9fa1-80f9240a93b4","local_time":"20210218170142","is_ascension_mode":true,"campfire_choices":[{"data":"animator:IrohaTamaki","floor":6,"key":"SMITH"},{"data":"animator:YachiyoNanami","floor":10,"key":"SMITH"}],"circlet_count":0,"master_deck":["AscendersBane","conspire:GhostlyStrike","conspire:GhostlyDefend","conspire:GhostlyStrike","conspire:GhostlyStrike","conspire:GhostlyStrike","conspire:GhostlyDefend","conspire:GhostlyDefend","animator:IrohaTamaki+1","animator:YuiTsuruno","animator:Millim","conspire:SpireCoStock","conspire:SpireCoStock","animator:KyokoSakura+1","animator:SuzuneAmano","animator:YachiyoNanami+1"],"relics":["animator:LivingPicture","animator:TheMissingPiece","Nunchaku","Gremlin Horn","Meat on the Bone","hubris:MedicalManual"],"acts_visited":["Exordium"],"potions_floor_usage":[8],"damage_taken":[{"damage":2,"enemies":"2 Louse","floor":1,"turns":3},{"damage":4,"enemies":"Cultist","floor":4,"turns":4},{"damage":7,"enemies":"Jaw Worm","floor":7,"turns":3},{"damage":34,"enemies":"Gremlin Nob","floor":8,"turns":5},{"damage":20,"enemies":"Lagavulin","floor":14,"turns":2}],"seed_played":"2363133508713383985","potions_obtained":[{"floor":7,"key":"GamblersBrew"}],"is_trial":false,"path_per_floor":["M","?","?","M","?","R","M","E","T","R","?","T","?","E"],"character_chosen":"THE_ANIMATOR","items_purchased":[],"campfire_rested":0,"item_purchase_floors":[],"current_hp_per_floor":[57,57,50,46,46,46,40,6,6,6,6,6,6,0,0],"gold":97,"neow_bonus":"RANDOM_COMMON_RELIC","is_daily":false,"chose_seed":false,"campfire_upgraded":2,"win_rate":0.0,"timestamp":1613664102,"path_taken":["M","?","?","M","?","R","?","E","T","R","?","?","?","E"],"items_purchased_type":[],"build_version":"2020-12-22","purchased_purges":0,"victory":false,"max_hp_per_floor":[66,66,66,66,66,66,67,67,67,67,67,67,67,67,67],"relic_stats":{"Nunchaku":[3],"Gremlin Horn":[0,0],"counters":[5,17],"obtain_stats":[{"Nunchaku":0,"Gremlin Horn":8,"animator:TheMissingPiece":0,"animator:LivingPicture":0,"hubris:MedicalManual":12,"Meat on the Bone":9},{"Nunchaku":0,"Gremlin Horn":4,"animator:TheMissingPiece":0,"animator:LivingPicture":0,"hubris:MedicalManual":4,"Meat on the Bone":4},{"Nunchaku":0,"Gremlin Horn":15,"animator:TheMissingPiece":0,"animator:LivingPicture":0,"hubris:MedicalManual":15,"Meat on the Bone":15}],"Meat on the Bone":0},"card_choices":[{"not_picked":["animator:Benimaru","animator:Shuna"],"picked":"animator:Millim","floor":1},{"not_picked":["animator:Shiro","animator:Azekura"],"picked":"animator:KyokoSakura","floor":4},{"not_picked":["animator:Viivi","animator:Shuna"],"picked":"animator:SuzuneAmano","floor":7},{"not_picked":["animator:KyokoSakura","animator:SuzuneAmano"],"picked":"animator:YachiyoNanami","floor":8}],"player_experience":495238,"relics_obtained":[{"floor":8,"key":"Gremlin Horn"},{"floor":9,"key":"Meat on the Bone"},{"floor":12,"key":"hubris:MedicalManual"}],"event_choices":[{"damage_healed":0,"gold_gain":0,"player_choice":"Invest 2","damage_taken":0,"max_hp_gain":0,"max_hp_loss":0,"event_name":"conspire:Investor","floor":2,"gold_loss":0},{"cards_removed":["animator:Defend"],"damage_healed":0,"gold_gain":0,"player_choice":"Card Removal","damage_taken":7,"max_hp_gain":0,"max_hp_loss":0,"event_name":"Golden Wing","floor":3,"gold_loss":0},{"damage_healed":0,"gold_gain":0,"player_choice":"Upgraded","damage_taken":0,"max_hp_gain":0,"max_hp_loss":0,"event_name":"Upgrade Shrine","floor":5,"gold_loss":0,"cards_upgraded":["animator:KyokoSakura"]},{"damage_healed":0,"gold_gain":0,"player_choice":"Agree","damage_taken":0,"max_hp_gain":0,"max_hp_loss":0,"event_name":"conspire:LoneGhost","floor":11,"gold_loss":0}],"is_beta":false,"boss_relics":[],"items_purged_floors":[],"is_endless":false,"potions_floor_spawned":[7],"killed_by":"Lagavulin","ascension_level":11}}