{"host":"718qlz3dt7mutpmt","time":1613651407,"event":{"mods":["AchievementEnabler","BaseMod","BetterRewards","Colored Powertips","Downfall","Hermit","Highlight Path","Hubris","Infinite Spire","Minty Spire (QoL Compilation)","Quick Restart","Replay The Spire","Shop Mod","StSLib","SuperFastMode","The Cursed","The Disciple","The Jungle","The Runesmith","The Servant 0.9.4"],"gold_per_floor":[13,13,30,30,50,50,50,50,50,70,87,105,122,0,0,101,101,121,121,137,151,151,151,165,165,165,179,179,31,31,44,44,44,44],"floor_reached":33,"language":"FRA","playtime":1517,"items_purged":[],"score":241,"play_id":"9c17978b-0f20-4471-92a4-29599d992bf2","local_time":"20210218133007","is_ascension_mode":false,"campfire_choices":[{"data":"Demon Form","floor":6,"key":"SMITH"},{"data":"Wild Strike","floor":8,"key":"SMITH"},{"floor":15,"key":"REST"},{"floor":23,"key":"REST"},{"floor":25,"key":"REST"},{"floor":28,"key":"REST"},{"floor":32,"key":"REST"}],"circlet_count":0,"master_deck":["Strike_R","Strike_R","Strike_R","Strike_R","Strike_R","Defend_R","Defend_R","Defend_R","Defend_R","Bash","Demon Form+1","Sword Boomerang","Heavy Blade+1","Wild Strike+1","Eclipse","Sentinel","Headbutt","Pommel Strike","ReplayTheSpireMod:Stacked","Inflame","Headbutt","Berserk","Carnage+1","Iron Wave+1","Heavy Blade","Barricade","Anger+1","Inflame","Blood for Blood","Wild Strike"],"relics":["Burning Blood","Magic Flower","Fusion Hammer","Paper Frog"],"acts_visited":["Exordium","Exordium"],"potions_floor_usage":[16,21,21,33,33],"damage_taken":[{"damage":6,"enemies":"Cultist","floor":1,"turns":4},{"damage":1,"enemies":"2 Louse","floor":3,"turns":2},{"damage":0,"enemies":"Small Slimes","floor":5,"turns":4},{"damage":21,"enemies":"Blue Slaver","floor":10,"turns":4},{"damage":16,"enemies":"Lots of Slimes","floor":11,"turns":5},{"damage":13,"enemies":"Red Slaver","floor":12,"turns":4},{"damage":27,"enemies":"Gremlin Gang","floor":13,"turns":5},{"damage":51,"enemies":"Slime Boss","floor":16,"turns":8},{"damage":39,"enemies":"Shell Parasite","floor":18,"turns":6},{"damage":5,"enemies":"theJungle:GiantWrat","floor":20,"turns":4},{"damage":8,"enemies":"theJungle:2_Snecko_Cultists","floor":21,"turns":4},{"damage":52,"enemies":"theJungle:JungleHuntersEncounter","floor":24,"turns":6},{"damage":31,"enemies":"theJungle:SlimyTreeVines","floor":27,"turns":5},{"damage":21,"enemies":"Snake Plant","floor":31,"turns":3},{"damage":81,"enemies":"theJungle:TotemBoss","floor":33,"turns":4}],"seed_played":"5047418090120749963","potions_obtained":[{"floor":11,"key":"ColorlessPotion"},{"floor":13,"key":"Reflective Coating"},{"floor":16,"key":"Explosive Potion"},{"floor":21,"key":"Dexterity Potion"},{"floor":27,"key":"Death Potion"},{"floor":31,"key":"SmokeBomb"}],"is_trial":false,"path_per_floor":["M","$","M","$","M","R","?","R","T","M","M","M","M","$","R","B",null,"M","?","M","M","$","R","M","R","T","M","R","$","?","M","R","B"],"character_chosen":"IRONCLAD","items_purchased":["Inflame","Headbutt","Inflame","Blood for Blood"],"campfire_rested":5,"item_purchase_floors":[14,14,29,29],"current_hp_per_floor":[80,80,80,80,80,80,80,80,80,68,61,57,39,39,63,21,80,50,50,54,55,55,79,36,60,60,48,72,72,72,60,80,0,0],"gold":44,"neow_bonus":"THREE_RARE_CARDS","is_daily":false,"chose_seed":false,"campfire_upgraded":2,"win_rate":0.0,"timestamp":1613651407,"path_taken":["M","$","?","?","M","R","?","R","T","M","M","?","M","$","R","BOSS","M","?","?","M","?","R","M","R","T","M","R","$","?","?","R","BOSS"],"items_purchased_type":["Card","Card","Card","Card"],"build_version":"2020-12-22","purchased_purges":0,"victory":false,"max_hp_per_floor":[80,80,80,80,80,80,80,80,80,80,80,80,80,80,80,80,80,80,80,80,80,80,80,80,80,80,80,80,80,80,80,80,80,80],"card_choices":[{"not_picked":["Offering","Reaper"],"picked":"Demon Form","floor":0},{"not_picked":["True Grit","Rupture"],"picked":"Sword Boomerang","floor":1},{"not_picked":["Headbutt","Wild Strike"],"picked":"Heavy Blade","floor":3},{"not_picked":["Havoc","Metallicize"],"picked":"Wild Strike","floor":5},{"not_picked":["Flex","Life Link"],"picked":"Sentinel","floor":10},{"not_picked":["Armaments","Replay:Undeath\u0027s Touch"],"picked":"Headbutt","floor":11},{"not_picked":["Headbutt","Shrug It Off"],"picked":"Pommel Strike","floor":12},{"not_picked":["Reaper","Havoc"],"picked":"ReplayTheSpireMod:Stacked","floor":13},{"not_picked":["Juggernaut","Limit Break"],"picked":"Berserk","floor":16},{"not_picked":["Anger","Wild Strike"],"picked":"Carnage+1","floor":18},{"not_picked":["Anger","Body Slam"],"picked":"Iron Wave+1","floor":20},{"not_picked":["Combust+1","Twin Strike"],"picked":"Heavy Blade","floor":21},{"not_picked":["Burning Pact","Cleave+1"],"picked":"Barricade","floor":24},{"not_picked":["Rupture","Body Slam+1"],"picked":"Anger+1","floor":27},{"not_picked":["Infernal Blade","ReplayTheSpireMod:Strike From Hell"],"picked":"Wild Strike","floor":31}],"player_experience":30009,"relics_obtained":[{"floor":9,"key":"Magic Flower"},{"floor":26,"key":"Paper Frog"}],"event_choices":[{"damage_healed":0,"gold_gain":0,"player_choice":"2 cards matched","damage_taken":0,"max_hp_gain":0,"max_hp_loss":0,"event_name":"Match and Keep!","floor":7,"gold_loss":0,"cards_obtained":["Eclipse","hubris:Disease"]},{"damage_healed":0,"gold_gain":0,"player_choice":"Upgraded","damage_taken":0,"max_hp_gain":0,"max_hp_loss":0,"event_name":"Upgrade Shrine","floor":19,"gold_loss":0,"cards_upgraded":["Heavy Blade"]},{"cards_removed":["hubris:Disease"],"damage_healed":0,"gold_gain":0,"player_choice":"Purged","damage_taken":0,"max_hp_gain":0,"max_hp_loss":0,"event_name":"Purifier","floor":30,"gold_loss":0}],"is_beta":false,"boss_relics":[{"not_picked":["hubris:BlackHole","SacredBark"],"picked":"Fusion Hammer"}],"items_purged_floors":[],"is_endless":false,"potions_floor_spawned":[11,13,16,21,27,31],"killed_by":"theJungle:TotemBoss","ascension_level":0}}