{"host":"8t5dkgm85abdp22d","time":1613616200,"event":{"mods":["ATMod(阿瑾Mod)","Act Like it!","BaseMod","Colored Powertips","Conspire","Gensokyo","GungeonMod","Hallownest","Minty Spire (QoL Compilation)","MostiFishMod","Remilia（蕾米莉亚）","RumiaBox-露米娅的神秘盒子","Ryuuou龙王","StSLib","The Bug Knight","UnlockEverythingMod","Waifu the Spire","Yakumo Yukari mod"],"gold_per_floor":[111,126,144,29,67,94,107,125,125,125,160,160,170,95,95,192,192,258,258,173,73,140,200,200,200,200,200,211,229,240,300,344,344,344,344,344],"floor_reached":35,"language":"ZHS","playtime":1382,"items_purged":["Regret","Strike_P"],"score":366,"play_id":"4eca8e71-2b19-4e14-8e2d-a63400565949","local_time":"20210218104320","is_ascension_mode":false,"campfire_choices":[{"data":"Eruption","floor":15,"key":"SMITH"},{"data":"MostiFishMod:Adaptation","floor":24,"key":"SMITH"},{"data":"AT_FamilyPortrait","floor":27,"key":"SMITH"},{"floor":33,"key":"RECALL"}],"circlet_count":0,"master_deck":["Strike_P","Strike_P+1","Strike_P","Defend_P","Defend_P+1","Defend_P","Eruption+1","Vigilance","AT_FamilyPortrait+1","MostiFishMod:Adaptation+1","Wish","DeusExMachina","AT_ChampionStep","AT_ChampionStep"],"relics":["PureWater","AT_ATBox","DaveBox","BirthdayGift-Icosahedron","NeowsBlessing","SynthV:TestCard","Anchor","Blue Candle","conspire:Dentures","MagicDraw2","RhineSuit","Pen Nib","AntiCross"],"acts_visited":["Exordium","TheCity","TheCity"],"potions_floor_usage":[6,16,18],"damage_taken":[{"damage":0,"enemies":"Cultist","floor":1,"turns":1},{"damage":0,"enemies":"Jaw Worm","floor":2,"turns":1},{"damage":0,"enemies":"Small Slimes","floor":3,"turns":1},{"damage":0,"enemies":"conspire:2 RoseBushes","floor":5,"turns":3},{"damage":0,"enemies":"3 Sentries","floor":6,"turns":2},{"damage":0,"enemies":"conspire:2 RoseBushes","floor":7,"turns":3},{"damage":0,"enemies":"Large Slime","floor":8,"turns":2},{"damage":0,"enemies":"HollowMod:MossKnight","floor":11,"turns":4},{"damage":0,"enemies":"3 Louse","floor":13,"turns":1},{"damage":43,"enemies":"The Guardian","floor":16,"turns":6},{"damage":0,"enemies":"Chosen","floor":18,"turns":3},{"damage":0,"enemies":"Shell Parasite","floor":22,"turns":3},{"damage":0,"enemies":"conspire:SneckoGhost","floor":23,"turns":3},{"damage":0,"enemies":"DemoMod:4_Bullet_Kins","floor":28,"turns":1},{"damage":0,"enemies":"DemoMod:Veteran_shot_gun_kin_and_red_shotgun_kin","floor":29,"turns":1},{"damage":0,"enemies":"DemoMod:Red_and_blue_shotgun_kin_with_gunsinger","floor":30,"turns":1},{"damage":0,"enemies":"DemoMod:2_Mousers","floor":31,"turns":2},{"damage":10,"enemies":"DemoMod:Veteran_shot_gun_kin_and_blue_shotgun_kin_with_gunsinger","floor":32,"turns":2},{"damage":30,"enemies":"DemoMod:ResourcefulRat","floor":35,"turns":2}],"seed_played":"-3011396244946101718","potions_obtained":[{"floor":2,"key":"LiquidBronze"},{"floor":3,"key":"StancePotion"},{"floor":11,"key":"SkillPotion"},{"floor":13,"key":"Dexterity Potion"},{"floor":16,"key":"Fruit Juice"},{"floor":18,"key":"Strength Potion"}],"is_trial":false,"path_per_floor":["M","M","M","$","?","E","M","M","T","?","E","?","M","$","R","B",null,"M","?","?","$","M","E","R","?","T","R","M","M","M","M","M","R","B","B"],"character_chosen":"WATCHER","items_purchased":["DemoMod:GnawedKey"],"campfire_rested":0,"item_purchase_floors":[4],"current_hp_per_floor":[72,72,72,72,72,72,72,72,72,58,59,59,60,60,60,18,72,77,77,77,77,77,77,77,77,77,77,77,77,77,77,68,68,21,0,0],"gold":344,"neow_bonus":"THREE_ENEMY_KILL","is_daily":false,"chose_seed":false,"campfire_upgraded":3,"win_rate":0.0,"timestamp":1613616200,"path_taken":["M","M","?","?","?","E","M","M","T","?","E","?","M","$","R","BOSS","M","?","?","$","M","E","R","?","T","R","M","M","M","M","M","R","BOSS","BOSS"],"items_purchased_type":["Relic"],"build_version":"2020-12-22","purchased_purges":2,"victory":false,"max_hp_per_floor":[72,72,72,72,72,72,72,72,72,72,72,72,72,72,72,72,72,77,77,77,77,77,77,77,77,77,77,77,77,77,77,77,77,77,77,77],"card_choices":[{"not_picked":["Evaluate","FollowUp","SandsOfTime"],"picked":"SKIP","floor":1},{"not_picked":["Evaluate","ForeignInfluence","Halt","BowlingBash","JustLucky"],"picked":"SKIP","floor":2},{"not_picked":["EmptyBody","ForeignInfluence","Consecrate","WindmillStrike","EmptyFist"],"picked":"SKIP","floor":3},{"not_picked":["SashWhip","FollowUp","Pray","Consecrate","Worship"],"picked":"SKIP","floor":5},{"not_picked":["MostiFishMod:Clarity","MostiFishMod:Minus","CutThroughFate","Prostrate","FollowUp"],"picked":"SKIP","floor":6},{"not_picked":["WreathOfFlame","CutThroughFate","Consecrate","Halt"],"picked":"MostiFishMod:Adaptation","floor":7},{"not_picked":["SignatureMove","CrushJoints","JustLucky","CutThroughFate","Tantrum"],"picked":"SKIP","floor":8},{"not_picked":["Prostrate","ThirdEye","FollowUp","Consecrate","PathToVictory"],"picked":"SKIP","floor":11},{"not_picked":["WindmillStrike","Meditate","Protect","Crescendo"],"picked":"Wish","floor":13},{"not_picked":["MostiFishMod:Adaptation","MostiFishMod:DisColor","MostiFishMod:StarLaLaLa","MostiFishMod:Moonprays"],"picked":"DeusExMachina","floor":16},{"not_picked":["BowlingBash+1","Collect","EmptyBody","WindmillStrike","Consecrate"],"picked":"SKIP","floor":18},{"not_picked":["Wallop","InnerPeace","SashWhip","Indignation+1","BowlingBash"],"picked":"SKIP","floor":22},{"not_picked":["Collect","Crescendo","Evaluate","WheelKick","CutThroughFate"],"picked":"SKIP","floor":23},{"not_picked":["EmptyBody+1","CrushJoints","Evaluate+1","Prostrate"],"picked":"AT_ChampionStep","floor":28},{"not_picked":["Collect+1","ClearTheMind","WaveOfTheHand+1","FollowUp","TalkToTheHand"],"picked":"SKIP","floor":29},{"not_picked":["FlurryOfBlows","SashWhip","EmptyBody","CutThroughFate","FlyingSleeves"],"picked":"SKIP","floor":30},{"not_picked":["ThirdEye+1","FlyingSleeves+1","FlurryOfBlows","ForeignInfluence"],"picked":"AT_ChampionStep","floor":31},{"not_picked":["FlyingSleeves","DeceiveReality+1","Consecrate","ForeignInfluence+1","Meditate"],"picked":"SKIP","floor":32}],"player_experience":91572,"relics_obtained":[{"floor":1,"key":"SynthV:TestCard"},{"floor":6,"key":"Anchor"},{"floor":9,"key":"Blue Candle"},{"floor":11,"key":"conspire:Dentures"},{"floor":23,"key":"AntiCross"}],"event_choices":[{"damage_healed":0,"gold_gain":0,"player_choice":"Entered Light","damage_taken":14,"max_hp_gain":0,"max_hp_loss":0,"event_name":"Shining Light","floor":10,"gold_loss":0,"cards_upgraded":["Defend_P","Strike_P"]},{"damage_healed":0,"gold_gain":0,"player_choice":"Box","damage_taken":0,"relics_obtained":["MagicDraw2"],"max_hp_gain":0,"max_hp_loss":0,"event_name":"Big Fish","floor":12,"gold_loss":0,"cards_obtained":["Regret"]},{"damage_healed":0,"gold_gain":0,"player_choice":"Leave","damage_taken":0,"max_hp_gain":0,"max_hp_loss":0,"event_name":"conspire:Investor","floor":19,"gold_loss":0},{"damage_healed":0,"gold_gain":0,"player_choice":"Obtained Relic","damage_taken":0,"relics_obtained":["Pen Nib"],"max_hp_gain":0,"max_hp_loss":0,"event_name":"Addict","floor":20,"gold_loss":85},{"cards_removed":["Defend_P"],"damage_healed":0,"gold_gain":0,"player_choice":"Elegance","damage_taken":0,"max_hp_gain":0,"max_hp_loss":0,"event_name":"Back to Basics","floor":25,"gold_loss":0}],"is_beta":false,"boss_relics":[{"not_picked":["AT_MortalBlade","Black Star"],"picked":"RhineSuit"}],"items_purged_floors":[14,21],"is_endless":false,"potions_floor_spawned":[2,3,11,13,16,18,30,32],"killed_by":"DemoMod:ResourcefulRat","ascension_level":0}}