{"host":"rtr9tm91rx0yj04a","time":1613662445,"event":{"mods":["BaseMod","Minty Spire (QoL Compilation)","Relic Stats"],"gold_per_floor":[11,30,30,49,49,49,93,93,93,111,111,135,176,201,201,320,320,340,265,265,265],"floor_reached":20,"language":"ENG","playtime":959,"items_purged":[],"score":324,"play_id":"0de78412-8f5f-4433-ad61-3d7f81ae3e61","local_time":"20210218093405","is_ascension_mode":true,"campfire_choices":[{"data":"Cold Snap","floor":6.0,"key":"SMITH"},{"data":"Tempest","floor":8.0,"key":"SMITH"},{"data":"Darkness","floor":11.0,"key":"SMITH"},{"data":"Barrage","floor":15.0,"key":"SMITH"}],"circlet_count":0,"master_deck":["AscendersBane","Strike_B","Strike_B","Defend_B","Defend_B+1","Defend_B","Zap","Dualcast","Core Surge","Coolheaded+1","Cold Snap+1","Glacier","Tempest+1","Darkness+1","Auto Shields","Conserve Battery","Barrage+1","Rainbow","Hologram"],"relics":["Cracked Core","Golden Idol","Unceasing Top","Thread and Needle","Blood Vial","Empty Cage"],"acts_visited":["Exordium","TheCity"],"potions_floor_usage":[20],"damage_taken":[{"damage":0.0,"enemies":"2 Louse","floor":1.0,"turns":2.0},{"damage":2.0,"enemies":"Jaw Worm","floor":2.0,"turns":4.0},{"damage":2.0,"enemies":"Small Slimes","floor":4.0,"turns":4.0},{"damage":9.0,"enemies":"Lagavulin","floor":7.0,"turns":10.0},{"damage":0.0,"enemies":"Blue Slaver","floor":10.0,"turns":3.0},{"damage":14.0,"enemies":"Large Slime","floor":12.0,"turns":5.0},{"damage":0.0,"enemies":"3 Sentries","floor":13.0,"turns":7.0},{"damage":0.0,"enemies":"Looter","floor":14.0,"turns":3.0},{"damage":2.0,"enemies":"Hexaghost","floor":16.0,"turns":9.0},{"damage":1.0,"enemies":"3 Byrds","floor":18.0,"turns":6.0},{"damage":67,"enemies":"Masked Bandits","floor":20,"turns":5}],"seed_played":"-2093182251696574393","potions_obtained":[{"floor":10.0,"key":"SmokeBomb"},{"floor":12.0,"key":"Explosive Potion"},{"floor":14.0,"key":"FocusPotion"},{"floor":18.0,"key":"BlessingOfTheForge"}],"is_trial":false,"path_per_floor":["M","M","?","M","?","R","E","R","T","M","R","M","E","M","R","B",null,"M","?","?"],"character_chosen":"DEFECT","items_purchased":[],"campfire_rested":0,"item_purchase_floors":[],"current_hp_per_floor":[68,66,66,64,50,50,41,41,41,41,41,27,27,29,29,29,59,60,60,0,0],"gold":265,"neow_bonus":"THREE_RARE_CARDS","is_daily":false,"chose_seed":false,"campfire_upgraded":4,"win_rate":0.0,"timestamp":1613662445,"path_taken":["M","M","?","M","?","R","E","R","T","M","R","M","E","M","R","BOSS","M","?","?"],"items_purchased_type":[],"build_version":"2020-12-22","purchased_purges":0,"victory":false,"max_hp_per_floor":[75,75,69,69,69,69,69,69,69,69,69,69,69,69,69,69,69,69,69,69,69],"relic_stats":{"Blood Vial":8,"counters":[11,58],"Golden Idol":70,"obtain_stats":[{"Blood Vial":13,"Golden Idol":3,"Thread and Needle":9,"Cracked Core":0,"Empty Cage":17,"Unceasing Top":7},{"Blood Vial":7,"Golden Idol":2,"Thread and Needle":4,"Cracked Core":0,"Empty Cage":9,"Unceasing Top":4},{"Blood Vial":35,"Golden Idol":6,"Thread and Needle":20,"Cracked Core":0,"Empty Cage":47,"Unceasing Top":20}],"Unceasing Top":[0]},"card_choices":[{"not_picked":["Reboot","Multi-Cast"],"picked":"Core Surge","floor":0.0},{"not_picked":["Leap","Stack"],"picked":"Coolheaded","floor":1.0},{"not_picked":["Reprogram","Redo"],"picked":"Cold Snap","floor":2.0},{"not_picked":["Skim","Leap"],"picked":"Glacier","floor":4.0},{"not_picked":["Hologram","Reprogram"],"picked":"Tempest","floor":7.0},{"not_picked":["Storm","Compile Driver"],"picked":"Darkness","floor":10.0},{"not_picked":["Thunder Strike","Rebound"],"picked":"Auto Shields","floor":12.0},{"not_picked":["Streamline","Reprogram"],"picked":"Conserve Battery","floor":13.0},{"not_picked":["Conserve Battery","Blizzard"],"picked":"Barrage","floor":14.0},{"not_picked":["Thunder Strike","Core Surge"],"picked":"Rainbow","floor":16.0},{"not_picked":["Blizzard","Gash"],"picked":"Hologram","floor":18.0}],"player_experience":496104,"relics_obtained":[{"floor":7.0,"key":"Unceasing Top"},{"floor":9.0,"key":"Thread and Needle"},{"floor":13.0,"key":"Blood Vial"}],"event_choices":[{"damage_healed":0.0,"max_hp_gain":0.0,"max_hp_loss":6.0,"gold_gain":0.0,"event_name":"Golden Idol","player_choice":"Lose Max HP","floor":3.0,"gold_loss":0.0,"damage_taken":0.0,"relics_obtained":["Golden Idol"]},{"damage_healed":0.0,"max_hp_gain":0.0,"max_hp_loss":0.0,"gold_gain":0.0,"event_name":"Shining Light","player_choice":"Entered Light","floor":5.0,"gold_loss":0.0,"damage_taken":14.0,"cards_upgraded":["Defend_B","Coolheaded"]},{"cards_removed":["Strike_B"],"damage_healed":0.0,"max_hp_gain":0.0,"max_hp_loss":0.0,"gold_gain":0.0,"event_name":"Beggar","player_choice":"Gave Gold","floor":19.0,"gold_loss":75.0,"damage_taken":0.0},{"damage_healed":0,"gold_gain":0,"player_choice":"Fought Bandits","damage_taken":0,"max_hp_gain":0,"max_hp_loss":0,"event_name":"Masked Bandits","floor":20,"gold_loss":0}],"is_beta":false,"boss_relics":[{"not_picked":["SacredBark","FrozenCore"],"picked":"Empty Cage"}],"items_purged_floors":[],"is_endless":false,"potions_floor_spawned":[10,12,14,18],"killed_by":"Masked Bandits","ascension_level":11}}