{"host":"dcj2yvrgcvh5dl2s","time":1613619856,"event":{"mods":["BaseMod","Bestiary","Better Note","Block Reminder","Colored Powertips","Curses Come First","DeckTracker","Displayed Cursed Tome","Minty Spire (QoL Compilation)","Quick Restart","Rare Cards Sparkle","Relic Stats","StSLib"],"gold_per_floor":[111,111,111,130,145,145,179,207,507,534,534,551,551,73,73,175,175,193,203,213,213,225,225,225],"floor_reached":23,"language":"ENG","playtime":1015,"items_purged":["Strike_G"],"score":261,"play_id":"6f9f7d1e-d583-4ff9-9c31-a46c4475e31c","local_time":"20210218134416","is_ascension_mode":true,"campfire_choices":[{"data":"Neutralize","floor":6.0,"key":"SMITH"},{"floor":13.0,"key":"REST"},{"floor":15.0,"key":"REST"}],"circlet_count":0,"master_deck":["Strike_G","Strike_G","Strike_G","Defend_G","Defend_G","Defend_G","Defend_G","Defend_G","Survivor","Neutralize+1","Slice","Dash","Dagger Spray","Blur","Distraction","PiercingWail","Corpse Explosion","Corpse Explosion","Expertise","Slice","Cloak And Dagger","Finesse","Infinite Blades","Malaise","Slice","Bouncing Flask","Riddle With Holes","Bouncing Flask+1","Cloak And Dagger","Backflip","Neutralize","Catalyst+1"],"relics":["Ring of the Snake","NeowsBlessing","Prayer Wheel","Omamori","Odd Mushroom","Old Coin","Blood Vial","Kunai","Sozu"],"acts_visited":["Exordium","TheCity"],"potions_floor_usage":[23],"damage_taken":[{"damage":0.0,"enemies":"2 Louse","floor":1.0,"turns":1.0},{"damage":0.0,"enemies":"Small Slimes","floor":4.0,"turns":1.0},{"damage":0.0,"enemies":"Cultist","floor":5.0,"turns":1.0},{"damage":19.0,"enemies":"3 Sentries","floor":7.0,"turns":7.0},{"damage":6.0,"enemies":"The Mushroom Lair","floor":8.0,"turns":6.0},{"damage":22.0,"enemies":"Lagavulin","floor":10.0,"turns":8.0},{"damage":3.0,"enemies":"Large Slime","floor":12.0,"turns":9.0},{"damage":15.0,"enemies":"Hexaghost","floor":16.0,"turns":11.0},{"damage":20.0,"enemies":"2 Thieves","floor":18.0,"turns":3.0},{"damage":2.0,"enemies":"Chosen","floor":19.0,"turns":6.0},{"damage":21,"enemies":"Sentry and Sphere","floor":20,"turns":5},{"damage":12,"enemies":"Snecko","floor":22,"turns":6},{"damage":20,"enemies":"Slavers","floor":23,"turns":3}],"seed_played":"-7289289604174278756","potions_obtained":[{"floor":3.0,"key":"Swift Potion"},{"floor":3.0,"key":"SteroidPotion"},{"floor":3.0,"key":"Swift Potion"},{"floor":7.0,"key":"Poison Potion"},{"floor":10.0,"key":"Explosive Potion"}],"is_trial":false,"path_per_floor":["M","?","?","M","M","R","E","?","T","E","?","M","R","$","R","B",null,"M","M","M","?","M","E"],"character_chosen":"THE_SILENT","items_purchased":["Kunai","Finesse","Infinite Blades"],"campfire_rested":2,"item_purchase_floors":[14,14,14],"current_hp_per_floor":[63,60,60,60,60,60,41,35,35,13,13,12,33,33,54,41,63,45,45,26,26,16,0,0],"gold":225,"neow_bonus":"THREE_ENEMY_KILL","is_daily":false,"chose_seed":false,"campfire_upgraded":1,"win_rate":0.0,"timestamp":1613619856,"path_taken":["M","?","?","M","?","R","E","?","T","E","?","?","R","$","R","BOSS","M","M","M","?","M","E"],"items_purchased_type":["Relic","Card","Card"],"build_version":"2020-12-22","purchased_purges":1,"victory":false,"max_hp_per_floor":[70,70,70,70,70,70,70,70,70,70,70,70,70,70,70,70,70,70,70,70,70,70,70,70],"relic_stats":{"Blood Vial":14,"Sozu":3,"counters":[13,67],"Prayer Wheel":7,"Kunai":[11],"obtain_stats":[{"Blood Vial":10,"Sozu":17,"NeowsBlessing":0,"Prayer Wheel":2,"Omamori":7,"Kunai":14,"Odd Mushroom":8,"Ring of the Snake":0,"Old Coin":9},{"Blood Vial":6,"Sozu":8,"NeowsBlessing":0,"Prayer Wheel":1,"Omamori":4,"Kunai":7,"Odd Mushroom":5,"Ring of the Snake":0,"Old Coin":5},{"Blood Vial":24,"Sozu":44,"NeowsBlessing":0,"Prayer Wheel":1,"Omamori":10,"Kunai":33,"Odd Mushroom":16,"Ring of the Snake":0,"Old Coin":16}],"Ring of the Snake":[26]},"card_choices":[{"not_picked":["Underhanded Strike","Deflect"],"picked":"Slice","floor":1.0},{"not_picked":["Dagger Spray","Sucker Punch"],"picked":"Dash","floor":4.0},{"not_picked":["Skewer","Acrobatics"],"picked":"Dagger Spray","floor":4.0},{"not_picked":["All Out Attack","Concentrate"],"picked":"Blur","floor":5.0},{"not_picked":["Eviscerate","Quick Slash"],"picked":"Distraction","floor":5.0},{"not_picked":["Flying Knee","Poisoned Stab"],"picked":"PiercingWail","floor":7.0},{"not_picked":["Deadly Poison","Endless Agony"],"picked":"Corpse Explosion","floor":8.0},{"not_picked":["Blur","Quick Slash"],"picked":"Corpse Explosion","floor":10.0},{"not_picked":["Deadly Poison","Concentrate"],"picked":"Slice","floor":12.0},{"not_picked":["Deflect","Dodge and Roll"],"picked":"Cloak And Dagger","floor":12.0},{"not_picked":["Burst","Corpse Explosion"],"picked":"Malaise","floor":16.0},{"not_picked":["Deadly Poison+1","Acrobatics+1"],"picked":"Slice","floor":18.0},{"not_picked":["Deflect","Dodge and Roll"],"picked":"Bouncing Flask","floor":18.0},{"not_picked":["Underhanded Strike","Deflect"],"picked":"Riddle With Holes","floor":19.0},{"not_picked":["Setup","Dagger Throw"],"picked":"Bouncing Flask+1","floor":19.0},{"not_picked":["Reflex","Unload"],"picked":"Cloak And Dagger","floor":20},{"not_picked":["Endless Agony","Dagger Throw"],"picked":"Backflip","floor":20},{"not_picked":["Crippling Poison","Dodge and Roll"],"picked":"Catalyst+1","floor":22},{"not_picked":["All Out Attack+1","Eviscerate","Dagger Spray"],"picked":"SKIP","floor":22}],"player_experience":2424001,"relics_obtained":[{"floor":7.0,"key":"Omamori"},{"floor":8.0,"key":"Odd Mushroom"},{"floor":9.0,"key":"Old Coin"},{"floor":10.0,"key":"Blood Vial"}],"event_choices":[{"damage_healed":0.0,"max_hp_gain":0.0,"max_hp_loss":0.0,"gold_gain":0.0,"event_name":"Scrap Ooze","player_choice":"Success","floor":2.0,"gold_loss":0.0,"damage_taken":3.0,"relics_obtained":["Prayer Wheel"]},{"damage_healed":0.0,"max_hp_gain":0.0,"max_hp_loss":0.0,"gold_gain":0.0,"event_name":"Lab","player_choice":"Got Potions","floor":3.0,"gold_loss":0.0,"damage_taken":0.0},{"damage_healed":0.0,"max_hp_gain":0.0,"max_hp_loss":0.0,"gold_gain":0.0,"event_name":"Mushrooms","player_choice":"Fought Mushrooms","floor":8.0,"gold_loss":0.0,"damage_taken":0.0},{"damage_healed":0.0,"max_hp_gain":0.0,"max_hp_loss":0.0,"gold_gain":0.0,"cards_transformed":["Strike_G"],"event_name":"Transmorgrifier","player_choice":"Transformed","floor":11.0,"gold_loss":0.0,"damage_taken":0.0,"cards_obtained":["Expertise"]},{"damage_healed":0,"gold_gain":0,"player_choice":"1 cards matched","damage_taken":0,"max_hp_gain":0,"max_hp_loss":0,"event_name":"Match and Keep!","floor":21,"gold_loss":0,"cards_obtained":["Neutralize"]}],"is_beta":false,"boss_relics":[{"not_picked":["Velvet Choker","Calling Bell"],"picked":"Sozu"}],"items_purged_floors":[14],"is_endless":false,"potions_floor_spawned":[7,10,18,20,22],"killed_by":"Slavers","ascension_level":6}}