{"host":"t7mx8yfj1no5p62f","time":1613621467,"event":{"mods":["BaseMod","Colored Map","Colored Powertips","Curses Come First","Minty Spire (QoL Compilation)","Relic Stats","StSLib"],"gold_per_floor":[114,126,139,214,224,224,224,224],"floor_reached":7,"language":"ENG","playtime":407,"items_purged":[],"score":86,"play_id":"bbf84ab7-2417-4b54-8894-c296f300216b","local_time":"20210217231107","is_ascension_mode":true,"campfire_choices":[{"data":"Bouncing Flask","floor":6,"key":"SMITH"}],"circlet_count":0,"master_deck":["AscendersBane","Strike_G","Strike_G","Strike_G","Strike_G","Strike_G","Defend_G","Defend_G","Defend_G","Defend_G","Defend_G","Survivor","Neutralize","Bouncing Flask+1","Dagger Throw"],"relics":["Ring of the Snake","Ice Cream"],"acts_visited":["Exordium"],"potions_floor_usage":[5,7],"damage_taken":[{"damage":0,"enemies":"2 Louse","floor":1,"turns":4},{"damage":2,"enemies":"Jaw Worm","floor":2,"turns":5},{"damage":0,"enemies":"Cultist","floor":3,"turns":4},{"damage":3,"enemies":"Exordium Thugs","floor":5,"turns":5},{"damage":44,"enemies":"3 Sentries","floor":7,"turns":8}],"seed_played":"-5491665352357427788","potions_obtained":[{"floor":1,"key":"FearPotion"},{"floor":2,"key":"CunningPotion"}],"is_trial":false,"path_per_floor":["M","M","M","?","M","R","E"],"character_chosen":"THE_SILENT","items_purchased":[],"campfire_rested":0,"item_purchase_floors":[],"current_hp_per_floor":[59,57,57,46,43,43,0,0],"gold":224,"neow_bonus":"ONE_RARE_RELIC","is_daily":false,"chose_seed":false,"campfire_upgraded":1,"win_rate":0.0,"timestamp":1613621467,"path_taken":["M","M","M","?","M","R","E"],"items_purchased_type":[],"build_version":"2020-12-22","purchased_purges":0,"victory":false,"max_hp_per_floor":[60,60,60,60,60,60,60,60],"relic_stats":{"counters":[5,26],"obtain_stats":[{"Ice Cream":0,"Ring of the Snake":0},{"Ice Cream":0,"Ring of the Snake":0},{"Ice Cream":0,"Ring of the Snake":0}],"Ring of the Snake":[10]},"card_choices":[{"not_picked":["Skewer","Caltrops"],"picked":"Bouncing Flask","floor":1},{"not_picked":["Reflex","Blade Dance"],"picked":"Dagger Throw","floor":2},{"not_picked":["Deflect","Concentrate","Expertise"],"picked":"SKIP","floor":3},{"not_picked":["Dagger Throw","Deflect","Underhanded Strike"],"picked":"SKIP","floor":5}],"player_experience":1978771,"relics_obtained":[],"event_choices":[{"damage_healed":0,"gold_gain":75,"player_choice":"Gather Gold","damage_taken":11,"max_hp_gain":0,"max_hp_loss":0,"event_name":"World of Goop","floor":4,"gold_loss":0}],"is_beta":false,"boss_relics":[],"items_purged_floors":[],"is_endless":false,"potions_floor_spawned":[1,2,3],"killed_by":"3 Sentries","ascension_level":20}}