{"host":"8tgyo6jwzgmjsiz5","time":1613691044,"event":{"mods":["AchievementEnabler","BaseMod","Best Route Mod","Highlight Path","Minty Spire (QoL Compilation)","Permanent Neow","Quick Restart","StSLib","SuperFastMode"],"gold_per_floor":[118,168,179,44,57,87,106,136,160,160,4,4,4,17,17,94,94,104,104,114,114,130,130,130],"floor_reached":23,"language":"ENG","playtime":7674,"items_purged":["Strike_R"],"score":352,"play_id":"9437e4fa-0b9f-4106-bc0e-dc744c726645","local_time":"20210218203044","is_ascension_mode":true,"campfire_choices":[{"data":"Bash","floor":10.0,"key":"SMITH"},{"floor":13.0,"key":"REST"},{"floor":15.0,"key":"REST"}],"circlet_count":0,"master_deck":["AscendersBane","Strike_R+1","Strike_R","Strike_R","Strike_R","Defend_R+1","Defend_R","Defend_R","Defend_R","Bash+1","Offering","Flame Barrier","Battle Trance","Limit Break","Wild Strike","Body Slam","Offering","Spot Weakness","Armaments","Reaper","Shrug It Off","Metallicize","Ghostly","Ghostly","Ghostly","True Grit"],"relics":["Burning Blood","Bottled Lightning","Orichalcum","Tiny Chest","Sozu","Enchiridion"],"acts_visited":["Exordium","TheCity"],"potions_floor_usage":[],"damage_taken":[{"damage":8.0,"enemies":"Jaw Worm","floor":1.0,"turns":3.0},{"damage":7.0,"enemies":"Cultist","floor":3.0,"turns":3.0},{"damage":1.0,"enemies":"2 Louse","floor":5.0,"turns":4.0},{"damage":22.0,"enemies":"Gremlin Nob","floor":6.0,"turns":3.0},{"damage":10.0,"enemies":"Large Slime","floor":7.0,"turns":7.0},{"damage":26.0,"enemies":"3 Sentries","floor":8.0,"turns":10.0},{"damage":6.0,"enemies":"Looter","floor":14.0,"turns":1.0},{"damage":33.0,"enemies":"Hexaghost","floor":16.0,"turns":9.0},{"damage":14.0,"enemies":"Chosen","floor":18.0,"turns":3.0},{"damage":12.0,"enemies":"Shell Parasite","floor":20.0,"turns":3.0},{"damage":6.0,"enemies":"Centurion and Healer","floor":22.0,"turns":6.0},{"damage":49,"enemies":"Gremlin Leader","floor":23,"turns":5}],"seed_played":"-2959491431138352771","potions_obtained":[{"floor":5.0,"key":"Fire Potion"}],"is_trial":false,"path_per_floor":["M","?","M","$","M","E","M","E","T","R","$","?","R","M","R","B",null,"M","?","M","?","M","E"],"character_chosen":"IRONCLAD","items_purchased":["Limit Break","Spot Weakness"],"campfire_rested":2,"item_purchase_floors":[4,11],"current_hp_per_floor":[66,60,59,59,64,48,44,24,24,24,24,4,24,24,44,17,55,61,40,34,34,34,0,0],"gold":130,"neow_bonus":"THREE_RARE_CARDS","is_daily":false,"chose_seed":false,"campfire_upgraded":1,"win_rate":0.0,"timestamp":1613691044,"path_taken":["M","?","M","$","?","E","?","E","T","R","$","?","R","M","R","BOSS","M","?","M","?","M","E"],"items_purchased_type":["Card","Card"],"build_version":"2020-12-22","purchased_purges":1,"victory":false,"max_hp_per_floor":[68,68,68,68,68,68,68,68,68,68,68,68,68,68,68,68,68,68,68,68,34,34,34,34],"card_choices":[{"not_picked":["Double Tap","Impervious"],"picked":"Offering","floor":0.0},{"not_picked":["Warcry","Sever Soul"],"picked":"Flame Barrier","floor":1.0},{"not_picked":["Body Slam","Iron Wave"],"picked":"Battle Trance","floor":3.0},{"not_picked":["Armaments","Pummel"],"picked":"Wild Strike","floor":5.0},{"not_picked":["Havoc","Heavy Blade","Double Tap"],"picked":"SKIP","floor":6.0},{"not_picked":["Shrug It Off","Havoc"],"picked":"Body Slam","floor":7.0},{"not_picked":["Dual Wield","Whirlwind"],"picked":"Offering","floor":8.0},{"not_picked":["Havoc","Wild Strike"],"picked":"Armaments","floor":14.0},{"not_picked":["Berserk","Impervious"],"picked":"Reaper","floor":16.0},{"not_picked":["Iron Wave","Whirlwind"],"picked":"Shrug It Off","floor":18.0},{"not_picked":["Twin Strike","Clothesline"],"picked":"Metallicize","floor":20.0},{"not_picked":["Clothesline","Cleave"],"picked":"True Grit","floor":22.0}],"player_experience":1976832,"relics_obtained":[{"floor":6.0,"key":"Bottled Lightning"},{"floor":8.0,"key":"Orichalcum"},{"floor":9.0,"key":"Tiny Chest"},{"floor":19.0,"key":"Enchiridion"}],"event_choices":[{"damage_healed":0.0,"max_hp_gain":0.0,"max_hp_loss":0.0,"gold_gain":50.0,"event_name":"FaceTrader","player_choice":"Touch","floor":2.0,"gold_loss":0.0,"damage_taken":6.0},{"damage_healed":0.0,"max_hp_gain":0.0,"max_hp_loss":0.0,"gold_gain":0.0,"event_name":"Shining Light","player_choice":"Entered Light","floor":12.0,"gold_loss":0.0,"damage_taken":20.0,"cards_upgraded":["Strike_R","Defend_R"]},{"damage_healed":0.0,"max_hp_gain":0.0,"max_hp_loss":0.0,"gold_gain":0.0,"event_name":"Cursed Tome","player_choice":"Obtained Book","floor":19.0,"gold_loss":0.0,"damage_taken":21.0},{"damage_healed":0.0,"max_hp_gain":0.0,"max_hp_loss":34.0,"gold_gain":0.0,"event_name":"Ghosts","player_choice":"Became a Ghost","floor":21.0,"gold_loss":0.0,"damage_taken":0.0,"cards_obtained":["Ghostly","Ghostly","Ghostly"]}],"is_beta":false,"boss_relics":[{"not_picked":["Tiny House","Runic Dome"],"picked":"Sozu"}],"items_purged_floors":[11],"is_endless":false,"potions_floor_spawned":[5,20],"killed_by":"Gremlin Leader","ascension_level":15}}