{"host":"avq773cl9g5msfol","time":1613670157,"event":{"mods":["100% Spire Juice","AchievementEnabler","Act Like it!","Ascension Unlocker","Aspiration","Astrologer","Bard","Bartender","BaseMod","Better Altar","Better Third Choice","BetterRewards","CapriCore","ChefMod","Colored Map","Colored Powertips","Conspire","Dio Mod","Downfall","Elementarium","Energized Spire","Extra Virgin Snecko Oil","Gensokyo","GifTheSpireLib","Hallownest","Hermit","Highlight Path","Hubris","Humility","Infinite Spire","Jorbs\u0027s Wanderer Trilogy","Koishi","Magitek Elite","Marisa????????","Marked Mod","Menagerie","Minty Spire (QoL Compilation)","Pale of the Ancients","Potionbrewer","Quarter Circle Forward PUNCH!","Rare Cards Sparkle","Reimu??????","Relic Stats","Reliquary","Remilia??????","Replay The Spire","Robot Space Explorer","SacredBarkPlus","Shade Mod","Shapeshifter Mod","Somnambulant","Spicy Shops","Spire Arcade","StSLib","The Administrix","The Blue Laboratory","The Bug Knight","The Construct","The Cursed","The Disciple","The Dragon Tamer","The Exalted","The Hayseed","The Hierophant","The Hydrologist","The Immortal","The Marked","The Mystic","The Problem Sleuth","The Runesmith","The Senshi","The Vixen","The Wild Card","TheFirefly","Wandering Minibosses","Wide Potions","vexMod"],"gold_per_floor":[110,110,135,135,152,152,183,200,245,279,279,98,129,182,182,253,253,730,747,747,747,747,747,772,772,772,772,791,791,791,817,817,817,817],"floor_reached":33,"language":"ENG","playtime":2442,"items_purged":["hydrologistmod:GhostlyMist+1","hydrologistmod:Reservoir+1"],"score":1074,"play_id":"e8f5341c-3b8a-4dad-a0f2-b4dfdc618865","local_time":"20210219004237","is_ascension_mode":true,"campfire_choices":[{"data":"hydrologistmod:FrostWhip","floor":6.0,"key":"SMITH"},{"data":"hydrologistmod:FrozenCapsule","floor":11.0,"key":"SMITH"},{"floor":15.0,"key":"REST"},{"floor":23,"key":"REST"},{"floor":27,"key":"REST"},{"floor":30,"key":"REST"},{"floor":32,"key":"REST"}],"circlet_count":0,"master_deck":["AscendersBane","hydrologistmod:FrostWhip+1","hydrologistmod:Hydraulics+1","hydrologistmod:UnstableDefend","hydrologistmod:UnstableDefend+1","hydrologistmod:ScaldingGeyser+1","hydrologistmod:StaticIce+1","hydrologistmod:ViscousShell+1","hydrologistmod:BracedForm+1","hydrologistmod:Debilitate+1","hydrologistmod:Defrost+1","hydrologistmod:PureIce+1","hydrologistmod:StaticWater+1","hydrologistmod:ResonantCrystal+1","hydrologistmod:SoggySynthesis+1","hydrologistmod:MeltingIceberg+1","hydrologistmod:StaticSteam+1","hydrologistmod:StagnantCloak+1","hydrologistmod:GlacialSynthesis+1","hydrologistmod:Cascade+1","hydrologistmod:PureSteam+1","hydrologistmod:MirageMist+1","hydrologistmod:StormFront+1","Flash of Steel+1","hydrologistmod:Reservoir+1","hydrologistmod:PurifyingSteam+1","Finesse+1","hydrologistmod:Blizzard+1","hydrologistmod:TidalWave+1","hydrologistmod:FrozenCapsule+1","hydrologistmod:BranchingCreeks+1","Specialist+1","hydrologistmod:PressureBlast+1","hydrologistmod:FlowingCurrents+1","hydrologistmod:AmalgamateWaters+1"],"relics":["hydrologistmod:WaterPouch","Golden Egg","Quantum Egg","Juzu Bracelet","Guard_Bracelet","hydrologistmod:PreciousNecklace","hydrologistmod:SpiritMask","Ginger","Sling","conspire:Dentures","qcfpunch:Wrestler\u0027s_Cloak","OrangePellets","Membership Card","Turnip","Strange Spoon","reliquary:HotPoker","potionbrewer:AlchemistFlask","Replay:WaspNest","Vajra","hexamod:BolsterEngine","conspire:SeveredTorchhead","wanderingMiniBosses:LockLocket","reliquary:QuartzCube","hubris:EvacipatedBox","Chemical X","vexMod:RetaliationKit"],"acts_visited":["Gensokyo:Gensokyo","Elementarium:Elementarium"],"potions_floor_usage":[18],"damage_taken":[{"damage":7.0,"enemies":"Gensokyo:3_Fairies","floor":1.0,"turns":4.0},{"damage":9.0,"enemies":"Gensokyo:Cirno","floor":3.0,"turns":5.0},{"damage":4.0,"enemies":"Gensokyo:2_Kodama","floor":5.0,"turns":2.0},{"damage":0.0,"enemies":"Gensokyo:Aya","floor":7.0,"turns":3.0},{"damage":0.0,"enemies":"Gensokyo:Python","floor":8.0,"turns":2.0},{"damage":0.0,"enemies":"Gensokyo:Cirno","floor":10.0,"turns":6.0},{"damage":0.0,"enemies":"conspire:MimicChest","floor":13.0,"turns":4.0},{"damage":0.0,"enemies":"Gensokyo:Yukari","floor":16.0,"turns":7.0},{"damage":11,"enemies":"Elementarium:2_ELEMENTALS","floor":18,"turns":6},{"damage":1,"enemies":"Elementarium:Cyclone","floor":19,"turns":3},{"damage":16,"enemies":"Elementarium:WarGolem","floor":24,"turns":4},{"damage":7,"enemies":"Elementarium:RubyGolem","floor":28,"turns":3},{"damage":8,"enemies":"Elementarium:ElementalPortal","floor":31,"turns":5},{"damage":0,"enemies":"Elementarium:PHOENIXES","floor":33,"turns":1}],"seed_played":"-9082993370820850915","potions_obtained":[{"floor":8.0,"key":"infinitespire:BlackPotion"},{"floor":31,"key":"potionbrewer:DiscountPotion"}],"is_trial":false,"path_per_floor":["M","T","E","?","M","R","E","M","T","E","R","$","?","?","R","B",null,"M","M","?","?","?","R","E","?","T","R","M","$","R","E","R","B"],"character_chosen":"HYDROLOGIST_CLASS","items_purchased":["hydrologistmod:Defrost","hydrologistmod:PureIce","Juzu Bracelet","Guard_Bracelet","Elixir","Adrenaline Potion","hydrologistmod:PreciousNecklace","hydrologistmod:StaticWater","bronze:BurnAndBuffPotion","hydrologistmod:ResonantCrystal","qcfpunch:Challenger_Coin","hydrologistmod:SoggySynthesis","hydrologistmod:SpiritMask","Ginger","Sling","hydrologistmod:MeltingIceberg","hydrologistmod:StaticSteam","hydrologistmod:StagnantCloak","conspire:Dentures","qcfpunch:Wrestler\u0027s_Cloak","OrangePellets","hydrologistmod:GlacialSynthesis","hydrologistmod:Cascade","hydrologistmod:PureSteam","hydrologistmod:MirageMist+1","Membership Card","Turnip","hydrologistmod:StormFront","Adrenaline Potion","Flash of Steel","hydrologistmod:Reservoir","hydrologistmod:PurifyingSteam","Strange Spoon","reliquary:HotPoker","Finesse","hydrologistmod:Drench","hydrologistmod:Blizzard","hydrologistmod:TidalWave","potionbrewer:AlchemistFlask","hydrologistmod:BranchingCreeks","Specialist","hubris:EvacipatedBox","Chemical X"],"campfire_rested":5,"item_purchase_floors":[0,0,0,0,0,0,0,0,0,0,0,0,0,0,0,0,0,0,0,0,0,0,0,0,0,0,0,0,0,0,0,0,0,0,0,0,0,0,0,12,12,29,29],"current_hp_per_floor":[58,58,49,49,45,45,45,45,45,45,45,45,45,45,66,72,72,61,60,64,64,64,72,56,56,56,72,65,36,57,49,70,70,70],"gold":817,"neow_bonus":"","is_daily":false,"chose_seed":false,"campfire_upgraded":2,"win_rate":0.0,"timestamp":1613670157,"path_taken":["M","?","E","?","M","R","E","M","T","E","R","?","?","?","R","BOSS","M","M","?","?","?","R","E","?","T","R","M","?","R","E","R","BOSS"],"items_purchased_type":["Card","Card","Relic","Relic","Potion","Potion","Relic","Card","Potion","Card","Potion","Card","Relic","Relic","Relic","Card","Card","Card","Relic","Relic","Relic","Card","Card","Card","Card","Relic","Relic","Card","Potion","Card","Card","Card","Relic","Relic","Card","Card","Card","Card","Relic","Card","Card","Relic","Relic"],"build_version":"2020-12-22","purchased_purges":2,"victory":false,"max_hp_per_floor":[72,72,72,72,72,72,72,72,72,72,72,72,72,72,72,72,72,72,72,72,72,72,72,72,72,72,72,72,72,72,72,72,72,72],"relic_stats":{"OrangePellets":[41],"Strange Spoon":[73],"counters":[113,365],"Turnip":[20],"Juzu Bracelet":4,"Ginger":[14],"Chemical X":[8],"obtain_stats":[{"Golden Egg":0,"ScarletDevilRocket":34,"downfall:HeartBlessingGreen":46,"Ginger":0,"Bottled Tornado":0,"Sling":0,"aspiration:RitualStick":19,"reliquary:FerryPass":0,"Replay:Bronze Core":17,"hydrologistmod:LoyalBoomerang":0,"construct:RocketBooster":0,"Hallownest:SoulVesselRelic":38,"Blue Candle":43,"HollowMod:JonisBlessing":0,"hubris:SphereOfDissonance":0,"Pen Nib":38,"reliquary:WeakTea":53,"DemoMod:GundromedaStrain":0,"Elementarium:ElementariumTrophy":33,"Pandora\u0027s Box":0,"qcfpunch:Spiky_Bracers":26,"reliquary:SilkGlove":26,"Torii":41,"RobotSpaceExplorer:PlasmaHourglass":0,"hydrologistmod:TwinBlades":0,"Bromod:ArcanePistoleer":0,"wanderingMiniBosses:AbyssPearl":18,"Mythril_Glove":7,"Ancient Tea Set":6,"Cursed Key":17,"White_Cape":37,"Power_Wrist":26,"Smiling Mask":8,"Pet Ghost":23,"qcfpunch:Crimson_Sash":34,"hubris:EvacipatedBox":29,"Cleaning_Rag":52,"hydrologistmod:PreciousNecklace":0,"Toolbox":26,"hydrologistmod:WaterPouch":0,"energizedSpire:HugeHouse":34,"Chemical X":0,"wanderingMiniBosses:LockLocket":18,"Runesmith:Nanobots":47,"downfall:HeartBlessingRed":46,"qcfpunch:Black_Training_Shirt":40,"Thread and Needle":0,"aspiration:RandomNobGenerator":34,"infinitespire:CheckeredPen":42,"reliquary:RosewoodLute":0,"hubris:Towel":21,"energizedSpire:SpiderWeb":34,"MawBank":28,"PureWhite:ReiMu":14,"Bromod:ArcaneDeflection":0,"Turnip":0,"hexamod:BolsterEngine":14,"Elementarium:FlickeringLantern":28,"Ice Cream":0,"Bromod:ArcaneUltimatum":24,"hydrologistmod:GliderStaff":0,"ZunR:ReiMu":20,"potionbrewer:AlchemistFlask":0,"Vajra":13,"DemoMod:GlassGuonStoneRelic":1,"reliquary:QuartzCube":24,"conspire:SeveredTorchhead":17,"Mastiff:ReiMu":44,"Strawberry":43,"hydrologistmod:SpiritMask":0,"qcfpunch:Handcuffs":41,"qcfpunch:Chain_With_Nametags":0,"vexMod:RetaliationKit":31,"conspire:Dentures":0,"wanderingMiniBosses:MasterThiefsPresence":2,"Du-Vu Doll":0,"OrangePellets":0,"conspire:GiftBox":20,"ReplayTheSpireMod:Shallot":10,"Shuriken":12,"hubris:PeanutButter":24,"ReplayTheSpireMod:TigerMarble":0,"reliquary:WritOfMandamus":17,"theSenshi:SuperSailorFukuRelic":0,"reliquary:Boomerang":23,"Gensokyo:NagashiBinaDoll":4,"Incense Burner":0,"Hallownest:DreamNailRelic":3,"Juzu Bracelet":17,"ClockworkSouvenir":0,"hydrologistmod:CursedCabbage":23,"reliquary:HotPoker":0,"downfall:HeartBlessingBlue":46,"Genji_Glove":0,"qcfpunch:Wrestler\u0027s_Cloak":0,"Bromod:ArcaneGuardian":14,"hexamod:CandleOfCauterizing":0,"Replay:Towering Pillar of Hats":0,"aspiration:FetidBarrel":0,"Quantum Egg":0,"hydrologistmod:DiscardedSole":0,"RobotSpaceExplorer:RoboCore":0,"Replay:WaspNest":30,"aspiration:SecretTechniqueScroll":40,"Mercury Hourglass":9,"Strange Spoon":20,"Pondfish Scales":0,"Anchor":31,"reliquary:RedPaperclip":17,"wanderingMiniBosses:CarrionFlame":18,"vexMod:HeadHunter":0,"reliquary:Stiletto":0,"qcfpunch:Red_Headband":0,"Membership Card":0,"potionbrewer:Keyblade":0,"Guard_Bracelet":0,"FossilizedHelix":0},{"Golden Egg":0,"ScarletDevilRocket":44,"downfall:HeartBlessingGreen":94,"Ginger":99,"Bottled Tornado":70,"Sling":99,"aspiration:RitualStick":12,"reliquary:FerryPass":46,"Replay:Bronze Core":36,"hydrologistmod:LoyalBoomerang":46,"construct:RocketBooster":29,"Hallownest:SoulVesselRelic":21,"Blue Candle":93,"HollowMod:JonisBlessing":29,"hubris:SphereOfDissonance":46,"Pen Nib":62,"reliquary:WeakTea":97,"DemoMod:GundromedaStrain":0,"Elementarium:ElementariumTrophy":60,"Pandora\u0027s Box":0,"qcfpunch:Spiky_Bracers":58,"reliquary:SilkGlove":15,"Torii":92,"RobotSpaceExplorer:PlasmaHourglass":0,"hydrologistmod:TwinBlades":70,"Bromod:ArcanePistoleer":0,"wanderingMiniBosses:AbyssPearl":12,"Mythril_Glove":32,"Ancient Tea Set":5,"Cursed Key":11,"White_Cape":21,"Power_Wrist":41,"Smiling Mask":75,"Pet Ghost":13,"qcfpunch:Crimson_Sash":44,"hubris:EvacipatedBox":111,"Cleaning_Rag":97,"hydrologistmod:PreciousNecklace":29,"Toolbox":85,"hydrologistmod:WaterPouch":29,"energizedSpire:HugeHouse":60,"Chemical X":29,"wanderingMiniBosses:LockLocket":108,"Runesmith:Nanobots":69,"downfall:HeartBlessingRed":94,"qcfpunch:Black_Training_Shirt":92,"Thread and Needle":29,"aspiration:RandomNobGenerator":19,"infinitespire:CheckeredPen":65,"reliquary:RosewoodLute":29,"hubris:Towel":55,"energizedSpire:SpiderWeb":90,"MawBank":87,"PureWhite:ReiMu":53,"Bromod:ArcaneDeflection":29,"Turnip":99,"hexamod:BolsterEngine":106,"Elementarium:FlickeringLantern":59,"Ice Cream":29,"Bromod:ArcaneUltimatum":84,"hydrologistmod:GliderStaff":70,"ZunR:ReiMu":12,"potionbrewer:AlchemistFlask":99,"Vajra":106,"DemoMod:GlassGuonStoneRelic":1,"reliquary:QuartzCube":110,"conspire:SeveredTorchhead":107,"Mastiff:ReiMu":66,"Strawberry":65,"hydrologistmod:SpiritMask":99,"qcfpunch:Handcuffs":23,"qcfpunch:Chain_With_Nametags":29,"vexMod:RetaliationKit":112,"conspire:Dentures":99,"wanderingMiniBosses:MasterThiefsPresence":71,"Du-Vu Doll":46,"OrangePellets":0,"conspire:GiftBox":55,"ReplayTheSpireMod:Shallot":8,"Shuriken":78,"hubris:PeanutButter":40,"ReplayTheSpireMod:TigerMarble":70,"reliquary:WritOfMandamus":82,"theSenshi:SuperSailorFukuRelic":0,"reliquary:Boomerang":57,"Gensokyo:NagashiBinaDoll":31,"Incense Burner":46,"Hallownest:DreamNailRelic":47,"Juzu Bracelet":54,"ClockworkSouvenir":29,"hydrologistmod:CursedCabbage":40,"reliquary:HotPoker":99,"downfall:HeartBlessingBlue":94,"Genji_Glove":46,"qcfpunch:Wrestler\u0027s_Cloak":29,"Bromod:ArcaneGuardian":10,"hexamod:CandleOfCauterizing":46,"Replay:Towering Pillar of Hats":70,"aspiration:FetidBarrel":46,"Quantum Egg":0,"hydrologistmod:DiscardedSole":46,"RobotSpaceExplorer:RoboCore":0,"Replay:WaspNest":88,"aspiration:SecretTechniqueScroll":92,"Mercury Hourglass":76,"Strange Spoon":83,"Pondfish Scales":29,"Anchor":59,"reliquary:RedPaperclip":54,"wanderingMiniBosses:CarrionFlame":37,"vexMod:HeadHunter":0,"reliquary:Stiletto":46,"qcfpunch:Red_Headband":0,"Membership Card":0,"potionbrewer:Keyblade":46,"Guard_Bracelet":99,"FossilizedHelix":70},{"Golden Egg":0,"ScarletDevilRocket":136,"downfall:HeartBlessingGreen":286,"Ginger":310,"Bottled Tornado":209,"Sling":310,"aspiration:RitualStick":31,"reliquary:FerryPass":145,"Replay:Bronze Core":106,"hydrologistmod:LoyalBoomerang":145,"construct:RocketBooster":80,"Hallownest:SoulVesselRelic":58,"Blue Candle":285,"HollowMod:JonisBlessing":80,"hubris:SphereOfDissonance":145,"Pen Nib":195,"reliquary:WeakTea":297,"DemoMod:GundromedaStrain":0,"Elementarium:ElementariumTrophy":191,"Pandora\u0027s Box":0,"qcfpunch:Spiky_Bracers":183,"reliquary:SilkGlove":41,"Torii":282,"RobotSpaceExplorer:PlasmaHourglass":0,"hydrologistmod:TwinBlades":209,"Bromod:ArcanePistoleer":0,"wanderingMiniBosses:AbyssPearl":31,"Mythril_Glove":87,"Ancient Tea Set":12,"Cursed Key":28,"White_Cape":58,"Power_Wrist":126,"Smiling Mask":229,"Pet Ghost":34,"qcfpunch:Crimson_Sash":136,"hubris:EvacipatedBox":359,"Cleaning_Rag":297,"hydrologistmod:PreciousNecklace":80,"Toolbox":265,"hydrologistmod:WaterPouch":80,"energizedSpire:HugeHouse":191,"Chemical X":80,"wanderingMiniBosses:LockLocket":349,"Runesmith:Nanobots":207,"downfall:HeartBlessingRed":286,"qcfpunch:Black_Training_Shirt":282,"Thread and Needle":80,"aspiration:RandomNobGenerator":54,"infinitespire:CheckeredPen":200,"reliquary:RosewoodLute":80,"hubris:Towel":172,"energizedSpire:SpiderWeb":279,"MawBank":268,"PureWhite:ReiMu":163,"Bromod:ArcaneDeflection":80,"Turnip":310,"hexamod:BolsterEngine":336,"Elementarium:FlickeringLantern":186,"Ice Cream":80,"Bromod:ArcaneUltimatum":259,"hydrologistmod:GliderStaff":209,"ZunR:ReiMu":31,"potionbrewer:AlchemistFlask":310,"Vajra":336,"DemoMod:GlassGuonStoneRelic":2,"reliquary:QuartzCube":356,"conspire:SeveredTorchhead":343,"Mastiff:ReiMu":202,"Strawberry":200,"hydrologistmod:SpiritMask":310,"qcfpunch:Handcuffs":62,"qcfpunch:Chain_With_Nametags":80,"vexMod:RetaliationKit":364,"conspire:Dentures":310,"wanderingMiniBosses:MasterThiefsPresence":214,"Du-Vu Doll":145,"OrangePellets":0,"conspire:GiftBox":172,"ReplayTheSpireMod:Shallot":19,"Shuriken":239,"hubris:PeanutButter":123,"ReplayTheSpireMod:TigerMarble":209,"reliquary:WritOfMandamus":251,"theSenshi:SuperSailorFukuRelic":0,"reliquary:Boomerang":179,"Gensokyo:NagashiBinaDoll":84,"Incense Burner":145,"Hallownest:DreamNailRelic":148,"Juzu Bracelet":170,"ClockworkSouvenir":80,"hydrologistmod:CursedCabbage":123,"reliquary:HotPoker":310,"downfall:HeartBlessingBlue":286,"Genji_Glove":145,"qcfpunch:Wrestler\u0027s_Cloak":80,"Bromod:ArcaneGuardian":25,"hexamod:CandleOfCauterizing":145,"Replay:Towering Pillar of Hats":209,"aspiration:FetidBarrel":145,"Quantum Egg":0,"hydrologistmod:DiscardedSole":145,"RobotSpaceExplorer:RoboCore":0,"Replay:WaspNest":270,"aspiration:SecretTechniqueScroll":282,"Mercury Hourglass":230,"Strange Spoon":252,"Pondfish Scales":80,"Anchor":186,"reliquary:RedPaperclip":170,"wanderingMiniBosses:CarrionFlame":113,"vexMod:HeadHunter":0,"reliquary:Stiletto":145,"qcfpunch:Red_Headband":0,"Membership Card":0,"potionbrewer:Keyblade":145,"Guard_Bracelet":310,"FossilizedHelix":209}]},"card_choices":[{"not_picked":["hydrologistmod:GlacialSynthesis","hydrologistmod:SwelteringStrike","hydrologistmod:StaticIce"],"picked":"SKIP","floor":1.0},{"not_picked":["hydrologistmod:GlacialStrike","hydrologistmod:StormFront","hydrologistmod:Cascade"],"picked":"SKIP","floor":3.0},{"not_picked":["hydrologistmod:PersonalRaincloud","hydrologistmod:StaticWater","hydrologistmod:SearingSynthesis"],"picked":"SKIP","floor":5.0},{"not_picked":["hydrologistmod:GlacialSynthesis","hydrologistmod:Pneumatics","hydrologistmod:Purify"],"picked":"SKIP","floor":7.0},{"not_picked":["hydrologistmod:SwelteringStrike","hydrologistmod:StaticWater","hydrologistmod:GhostlyMist"],"picked":"SKIP","floor":8.0},{"not_picked":["hydrologistmod:StaticSteam","hydrologistmod:JetPropulsion"],"picked":"hydrologistmod:FrozenCapsule","floor":10.0},{"not_picked":["hydrologistmod:Purify","hydrologistmod:BranchingCreeks"],"picked":"hydrologistmod:PressureBlast","floor":16.0},{"not_picked":["hydrologistmod:GlacialStrike+1","hydrologistmod:GhostlyMist","hydrologistmod:MirageMist"],"picked":"SKIP","floor":18},{"not_picked":["hydrologistmod:StaticSteam","hydrologistmod:PurifyingSteam"],"picked":"hydrologistmod:FlowingCurrents+1","floor":19},{"not_picked":["hydrologistmod:StaticWater","hydrologistmod:Aqueducts","hydrologistmod:OccludingMist"],"picked":"SKIP","floor":24},{"not_picked":["hydrologistmod:GhostlyMist","hydrologistmod:YawningAbyss","hydrologistmod:MirageMist"],"picked":"SKIP","floor":28},{"not_picked":["hydrologistmod:Upstream","hydrologistmod:SoggySynthesis"],"picked":"hydrologistmod:AmalgamateWaters","floor":31}],"player_experience":1465736,"relics_obtained":[{"floor":10.0,"key":"Replay:WaspNest"},{"floor":13.0,"key":"Vajra"},{"floor":14.0,"key":"hexamod:BolsterEngine"},{"floor":18,"key":"wanderingMiniBosses:LockLocket"},{"floor":24,"key":"reliquary:QuartzCube"},{"floor":31,"key":"vexMod:RetaliationKit"}],"event_choices":[{"cards_removed":["hydrologistmod:Drench"],"damage_healed":0,"gold_gain":0,"player_choice":"Burn","damage_taken":0,"max_hp_gain":0,"max_hp_loss":0,"event_name":"Elementarium:LostScrolls","floor":22,"gold_loss":0},{"damage_healed":0,"gold_gain":0,"player_choice":"Meditate","damage_taken":0,"max_hp_gain":0,"max_hp_loss":0,"event_name":"Elementarium:SculptureGarden","floor":25,"gold_loss":0,"cards_upgraded":[]}],"is_beta":false,"boss_relics":[{"not_picked":["reliquary:KinkedSpring","Bromod:ArcaneGrace"],"picked":"conspire:SeveredTorchhead"}],"items_purged_floors":[0,0],"is_endless":false,"potions_floor_spawned":[5,7,8,10,31],"killed_by":"Elementarium:PHOENIXES","ascension_level":20,"is_humility":true}}