{"host":"vhifjdba66khcqwn","time":1613635895,"event":{"mods":["AchievementEnabler","BaseMod","Bestiary","Energized Spire","Minty Spire (QoL Compilation)","Practice Mode","Relic Stats","Spicy Shops","StSLib","slay the spire mod where everything is the same but ironclad has a cowboy hat"],"gold_per_floor":[116,216,4,18,18,30,61,61,87,87,104,104,129,129,142,142,217,217,217,291,341,355,355,368,368,384,384,413,157,157,157,177,210,226,226,239,254,254,332,332,332,406,406,417,434,434,434,86,86,102,127,147,193,193,213,230,258,258,258,258,258,258],"floor_reached":63,"language":"ENG","playtime":2417,"items_purged":["Pain","Pain"],"score":2610,"play_id":"8b62e01a-9d43-4d52-a5a5-8ac8bae2d2c4","local_time":"20210218001135","is_ascension_mode":true,"campfire_choices":[{"data":"After Image","floor":8.0,"key":"SMITH"},{"floor":14,"key":"REST"},{"data":"Adrenaline","floor":16,"key":"SMITH"},{"data":"Leg Sweep","floor":19,"key":"SMITH"},{"floor":27,"key":"REST"},{"floor":38,"key":"REST"},{"floor":41,"key":"REST"},{"data":"Footwork","floor":49,"key":"SMITH"},{"data":"Blade Dance","floor":61,"key":"SMITH"}],"circlet_count":0,"master_deck":["AscendersBane","Strike_G+1","Defend_G+1","Defend_G","Defend_G+1","Defend_G","Defend_G","Survivor","Neutralize","After Image+1","Cloak And Dagger","Adrenaline+1","Flying Knee+1","Leg Sweep+1","Blade Dance+1","Slice","Cloak And Dagger+1","Infinite Blades","PiercingWail","Envenom","Malaise","Footwork+1","Blade Dance","Crippling Poison","Cloak And Dagger","Cloak And Dagger","Dash","Tools of the Trade","Die Die Die","Dodge and Roll+1","Cloak And Dagger+1","Distraction+1"],"relics":["Ring of the Snake","White Beast Statue","Lantern","Darkstone Periapt","War Paint","WristBlade","Tiny House","Tiny Chest","Shuriken","Bottled Lightning","Smiling Mask","Whetstone","Empty Cage","Busted Crown","Calipers","WarpedTongs","Toxic Egg 2","Toy Ornithopter","Vajra","Mango","Gremlin Horn","Lizard Tail","StrikeDummy"],"acts_visited":["Exordium","TheCity","TheBeyond"],"potions_floor_usage":[13,17,17,28,33,33,37,39,39,42,52,62],"damage_taken":[{"damage":10.0,"enemies":"Cultist","floor":1.0,"turns":6.0},{"damage":0.0,"enemies":"Small Slimes","floor":4.0,"turns":4.0},{"damage":1.0,"enemies":"Jaw Worm","floor":6.0,"turns":4.0},{"damage":12.0,"enemies":"Lagavulin","floor":7.0,"turns":11.0},{"damage":6.0,"enemies":"3 Sentries","floor":9.0,"turns":12.0},{"damage":0.0,"enemies":"Red Slaver","floor":11.0,"turns":5.0},{"damage":16,"enemies":"Lagavulin","floor":13,"turns":7},{"damage":0,"enemies":"Looter","floor":15,"turns":2},{"damage":0,"enemies":"Hexaghost","floor":17,"turns":13},{"damage":0,"enemies":"Hexaghost","floor":20,"turns":8},{"damage":0,"enemies":"Chosen","floor":22,"turns":5},{"damage":13,"enemies":"Spheric Guardian","floor":24,"turns":4},{"damage":13,"enemies":"Snecko","floor":26,"turns":5},{"damage":16,"enemies":"Book of Stabbing","floor":28,"turns":6},{"damage":15,"enemies":"Shelled Parasite and Fungi","floor":32,"turns":4},{"damage":0,"enemies":"Slavers","floor":33,"turns":4},{"damage":1,"enemies":"Cultist and Chosen","floor":34,"turns":7},{"damage":6,"enemies":"Snake Plant","floor":36,"turns":4},{"damage":2,"enemies":"Shelled Parasite and Fungi","floor":37,"turns":5},{"damage":33,"enemies":"Champ","floor":39,"turns":13},{"damage":8,"enemies":"Champ","floor":42,"turns":11},{"damage":0,"enemies":"3 Shapes","floor":44,"turns":3},{"damage":0,"enemies":"Orb Walker","floor":45,"turns":3},{"damage":0,"enemies":"Sphere and 2 Shapes","floor":50,"turns":5},{"damage":0,"enemies":"Reptomancer","floor":51,"turns":8},{"damage":11,"enemies":"Jaw Worm Horde","floor":52,"turns":3},{"damage":4,"enemies":"Spire Growth","floor":55,"turns":5},{"damage":0,"enemies":"4 Shapes","floor":56,"turns":4},{"damage":0,"enemies":"Nemesis","floor":57,"turns":5},{"damage":0,"enemies":"Awakened One","floor":62,"turns":10}],"seed_played":"2755835764550269008","potions_obtained":[{"floor":4.0,"key":"GamblersBrew"},{"floor":7.0,"key":"CunningPotion"},{"floor":11.0,"key":"BlessingOfTheForge"},{"floor":13,"key":"Weak Potion"},{"floor":17,"key":"CultistPotion"},{"floor":20,"key":"DistilledChaos"},{"floor":28,"key":"Fire Potion"},{"floor":33,"key":"Poison Potion"},{"floor":34,"key":"GamblersBrew"},{"floor":37,"key":"SpeedPotion"},{"floor":39,"key":"Block Potion"},{"floor":42,"key":"FearPotion"},{"floor":44,"key":"Swift Potion"},{"floor":52,"key":"Energy Potion"}],"is_trial":false,"path_per_floor":["M","?","$","M","?","M","E","R","E","T","M","$","E","R","M","R","B",null,"R","B",null,"M","?","M","?","M","R","E","$","T","?","M","E","M","?","M","M","R","B",null,"R","B",null,"M","M","T","?","$","R","M","E","M","T","T","M","M","E","?","T","?","R","B",null],"character_chosen":"THE_SILENT","items_purchased":["Adrenaline","Shuriken","Toxic Egg 2","Dodge and Roll+1"],"campfire_rested":4,"item_purchase_floors":[3,29,48,48],"current_hp_per_floor":[53,53,53,53,53,52,40,40,34,34,34,34,18,39,39,39,39,39,39,39,67,67,53,40,40,27,51,35,35,35,35,20,20,19,19,13,11,35,2,2,26,18,65,65,65,65,71,71,71,71,71,65,65,79,75,75,75,75,75,75,75,80],"gold":258,"neow_bonus":"THREE_RARE_CARDS","is_daily":false,"chose_seed":false,"campfire_upgraded":5,"win_rate":0.0,"timestamp":1613635895,"path_taken":["M","?","$","?","?","?","E","R","E","T","M","?","E","R","M","R","BOSS","R","BOSS","M","?","M","?","?","R","E","$","T","?","M","E","M","?","M","M","R","BOSS","R","BOSS","M","?","?","?","$","R","M","E","M","T","T","M","?","E","?","?","?","R","BOSS"],"items_purchased_type":["Card","Relic","Relic","Card"],"build_version":"2020-12-22","purchased_purges":2,"victory":true,"max_hp_per_floor":[70,70,70,70,70,70,70,70,70,70,70,70,70,70,70,70,70,70,70,70,75,75,80,80,80,80,80,80,80,80,80,80,80,80,80,80,80,80,80,80,80,80,80,80,80,80,86,86,86,86,86,86,86,100,100,100,100,100,100,95,95,95],"relic_stats":{"Darkstone Periapt":6,"Gremlin Horn":[3,3],"counters":[30,186],"Whetstone":["Strike_G","Flying Knee"],"War Paint":["Cloak And Dagger","Defend_G"],"Smiling Mask":50,"WarpedTongs":[40],"Lizard Tail":0,"Busted Crown":16,"Shuriken":[77],"Tiny Chest":2,"obtain_stats":[{"Darkstone Periapt":10,"Lantern":9,"Tiny House":21,"Calipers":46,"Gremlin Horn":57,"Vajra":53,"Mango":54,"Whetstone":33,"War Paint":13,"Smiling Mask":31,"Empty Cage":40,"White Beast Statue":7,"WarpedTongs":47,"Lizard Tail":58,"Busted Crown":43,"WristBlade":18,"Shuriken":29,"Tiny Chest":28,"Bottled Lightning":30,"Toxic Egg 2":48,"StrikeDummy":59,"Toy Ornithopter":51,"Ring of the Snake":0},{"Darkstone Periapt":5,"Lantern":5,"Tiny House":10,"Calipers":23,"Gremlin Horn":29,"Vajra":26,"Mango":26,"Whetstone":16,"War Paint":7,"Smiling Mask":14,"Empty Cage":20,"White Beast Statue":4,"WarpedTongs":23,"Lizard Tail":29,"Busted Crown":21,"WristBlade":9,"Shuriken":14,"Tiny Chest":14,"Bottled Lightning":14,"Toxic Egg 2":23,"StrikeDummy":29,"Toy Ornithopter":25,"Ring of the Snake":0},{"Darkstone Periapt":37,"Lantern":37,"Tiny House":72,"Calipers":146,"Gremlin Horn":176,"Vajra":162,"Mango":162,"Whetstone":100,"War Paint":49,"Smiling Mask":92,"Empty Cage":129,"White Beast Statue":25,"WarpedTongs":146,"Lizard Tail":176,"Busted Crown":140,"WristBlade":64,"Shuriken":92,"Tiny Chest":92,"Bottled Lightning":92,"Toxic Egg 2":146,"StrikeDummy":176,"Toy Ornithopter":159,"Ring of the Snake":0}],"Toy Ornithopter":10,"Ring of the Snake":[60]},"card_choices":[{"not_picked":["Burst","Grand Finale"],"picked":"After Image","floor":0.0},{"not_picked":["Dagger Spray","Quick Slash"],"picked":"Cloak And Dagger","floor":1.0},{"not_picked":["Outmaneuver","Sucker Punch"],"picked":"Flying Knee","floor":4.0},{"not_picked":["Dagger Spray","Quick Slash"],"picked":"Leg Sweep","floor":6.0},{"not_picked":["Outmaneuver","Catalyst"],"picked":"Blade Dance","floor":7.0},{"not_picked":["Outmaneuver","Masterful Stab"],"picked":"Slice","floor":9.0},{"not_picked":["Deadly Poison","Grand Finale"],"picked":"Cloak And Dagger","floor":11.0},{"not_picked":["Poisoned Stab","Deadly Poison"],"picked":"Infinite Blades","floor":13},{"not_picked":["Reflex","Dagger Throw"],"picked":"PiercingWail","floor":15},{"not_picked":["After Image","Glass Knife"],"picked":"Envenom","floor":17},{"not_picked":["Unload","Glass Knife"],"picked":"Malaise","floor":20},{"not_picked":["Cloak And Dagger","Underhanded Strike"],"picked":"Footwork","floor":21},{"not_picked":["Poisoned Stab","Acrobatics"],"picked":"Blade Dance","floor":22},{"not_picked":["Deadly Poison","Dagger Throw+1"],"picked":"Crippling Poison","floor":24},{"not_picked":["Backstab","Well Laid Plans"],"picked":"Cloak And Dagger","floor":26},{"not_picked":["Dagger Throw","Flechettes","Flying Knee"],"picked":"SKIP","floor":28},{"not_picked":["Reflex","Night Terror","Prepared"],"picked":"SKIP","floor":32},{"not_picked":["Prepared","Underhanded Strike","Sucker Punch"],"picked":"SKIP","floor":33},{"not_picked":["Underhanded Strike","Flying Knee","Sucker Punch"],"picked":"SKIP","floor":34},{"not_picked":["Underhanded Strike","Prepared"],"picked":"Cloak And Dagger","floor":36},{"not_picked":["Poisoned Stab","Dagger Spray"],"picked":"Dash","floor":37},{"not_picked":["Glass Knife","Venomology"],"picked":"Tools of the Trade","floor":39},{"not_picked":["Venomology","Glass Knife"],"picked":"Die Die Die","floor":42},{"not_picked":["Dagger Throw"],"picked":"SKIP","floor":44},{"not_picked":["Underhanded Strike"],"picked":"SKIP","floor":45},{"not_picked":["Dodge and Roll+1"],"picked":"SKIP","floor":50},{"not_picked":["Choke"],"picked":"SKIP","floor":51},{"not_picked":["Infinite Blades"],"picked":"SKIP","floor":52},{"not_picked":[],"picked":"Cloak And Dagger+1","floor":55},{"not_picked":["Tactician+1"],"picked":"SKIP","floor":56},{"not_picked":[],"picked":"Distraction+1","floor":57}],"player_experience":1208396,"relics_obtained":[{"floor":7.0,"key":"White Beast Statue"},{"floor":9.0,"key":"Lantern"},{"floor":10.0,"key":"Darkstone Periapt"},{"floor":13,"key":"War Paint"},{"floor":28,"key":"Tiny Chest"},{"floor":30,"key":"Bottled Lightning"},{"floor":33,"key":"Whetstone"},{"floor":46,"key":"Calipers"},{"floor":51,"key":"Toy Ornithopter"},{"floor":53,"key":"Vajra"},{"floor":54,"key":"Mango"},{"floor":57,"key":"Gremlin Horn"},{"floor":59,"key":"StrikeDummy"}],"event_choices":[{"damage_healed":0.0,"max_hp_gain":0.0,"max_hp_loss":0.0,"gold_gain":100.0,"event_name":"Wheel of Change","player_choice":"Gold","floor":2.0,"gold_loss":0.0,"damage_taken":0.0},{"damage_healed":0.0,"max_hp_gain":0.0,"max_hp_loss":0.0,"gold_gain":0.0,"event_name":"Match and Keep!","player_choice":"0 cards matched","floor":5.0,"gold_loss":0.0,"damage_taken":0.0,"cards_obtained":[]},{"damage_healed":0,"gold_gain":0,"player_choice":"Shed Blood","damage_taken":19,"max_hp_gain":5,"max_hp_loss":0,"event_name":"Forgotten Altar","floor":23,"gold_loss":0},{"cards_removed":["Strike_G"],"damage_healed":0,"gold_gain":0,"player_choice":"Purged","damage_taken":0,"max_hp_gain":0,"max_hp_loss":0,"event_name":"Purifier","floor":25,"gold_loss":0},{"damage_healed":0,"gold_gain":0,"player_choice":"Opened","damage_taken":0,"relics_obtained":["Smiling Mask"],"max_hp_gain":0,"max_hp_loss":0,"event_name":"The Mausoleum","floor":31,"gold_loss":0},{"cards_removed":["Strike_G"],"damage_healed":0,"gold_gain":0,"player_choice":"Card Removal","damage_taken":0,"max_hp_gain":0,"max_hp_loss":0,"event_name":"Wheel of Change","floor":35,"gold_loss":0},{"damage_healed":0,"gold_gain":0,"player_choice":"Rummage","damage_taken":0,"relics_obtained":["WarpedTongs"],"max_hp_gain":0,"max_hp_loss":0,"event_name":"Accursed Blacksmith","floor":47,"gold_loss":0,"cards_obtained":["Pain"]},{"damage_healed":0,"gold_gain":0,"player_choice":"Gave Potion","damage_taken":0,"relics_obtained":["Lizard Tail"],"max_hp_gain":0,"max_hp_loss":0,"event_name":"WeMeetAgain","floor":58,"gold_loss":0},{"damage_healed":0,"gold_gain":0,"player_choice":"Max HP","damage_taken":0,"max_hp_gain":0,"max_hp_loss":5,"event_name":"Winding Halls","floor":60,"gold_loss":0}],"is_beta":false,"boss_relics":[{"not_picked":["Runic Dome","energizedSpire:CursedPentagram"],"picked":"WristBlade"},{"not_picked":["Ectoplasm","Velvet Choker"],"picked":"Tiny House"},{"not_picked":["energizedSpire:HighHeels","Fusion Hammer"],"picked":"Empty Cage"},{"not_picked":["energizedSpire:HugeHouse","SacredBark"],"picked":"Busted Crown"}],"items_purged_floors":[3,48],"is_endless":false,"potions_floor_spawned":[4,7,9,11,13,15,17,20,22,24,26,28,32,33,34,36,37,39,42,44,45,50,51,52,55,56,57],"ascension_level":13}}