{"host":"sav7uxregyirlf69","time":1613626154,"event":{"mods":["AchievementEnabler","BaseMod","Colored Map","DeckTracker","Keyboard Shortcuts","Minty Spire (QoL Compilation)","READ ME - Guardian Mod","StSLib","SuperFastMode"],"gold_per_floor":[16,16,16,26,26,52,52,67,112,112,146,163,238,11,11,11,11],"floor_reached":16,"language":"KOR","playtime":185,"items_purged":[],"score":216,"play_id":"a0166f2d-e7f2-4075-84dd-0a9f6b525b41","local_time":"20210218142914","is_ascension_mode":true,"campfire_choices":[{"data":"Corruption","floor":7,"key":"SMITH"},{"floor":15,"key":"REST"}],"circlet_count":0,"master_deck":["AscendersBane","Strike_R","Strike_R","Defend_R","Defend_R","Defend_R","Defend_R","Bash","Anger","Sever Soul","Body Slam","Corruption+1","Power Through","Shrug It Off","Ghostly Armor","Blood for Blood+1"],"relics":["Burning Blood","Akabeko","Juzu Bracelet","Red Skull","Molten Egg 2","Question Card"],"acts_visited":["Exordium"],"potions_floor_usage":[16],"damage_taken":[{"damage":1,"enemies":"Small Slimes","floor":1,"turns":4},{"damage":0,"enemies":"2 Louse","floor":4,"turns":3},{"damage":32,"enemies":"Gremlin Nob","floor":6,"turns":4},{"damage":6,"enemies":"Cultist","floor":8,"turns":4},{"damage":25,"enemies":"Lagavulin","floor":11,"turns":6},{"damage":9,"enemies":"2 Fungi Beasts","floor":12,"turns":2},{"damage":40,"enemies":"The Guardian","floor":16,"turns":6}],"seed_played":"-6182415155760183522","potions_obtained":[{"floor":6,"key":"Explosive Potion"},{"floor":12,"key":"Energy Potion"}],"is_trial":false,"path_per_floor":["M","?","?","M","?","E","R","M","T","T","E","M","?","$","R","B"],"character_chosen":"IRONCLAD","items_purchased":["Ghostly Armor","Blood for Blood+1","AttackPotion"],"campfire_rested":1,"item_purchase_floors":[14,14,14],"current_hp_per_floor":[73,73,78,80,69,43,43,43,43,43,24,21,10,10,34,0,0],"gold":11,"neow_bonus":"REMOVE_TWO","is_daily":false,"chose_seed":false,"campfire_upgraded":1,"win_rate":0.0,"timestamp":1613626154,"path_taken":["M","?","?","M","?","E","R","M","T","?","E","M","?","$","R","BOSS"],"items_purchased_type":["Card","Card","Potion"],"build_version":"2020-12-22","purchased_purges":0,"victory":false,"max_hp_per_floor":[75,75,80,80,80,80,80,80,80,80,80,80,80,80,80,80,80],"card_choices":[{"not_picked":["Thunderclap","Clothesline"],"picked":"Anger","floor":1},{"not_picked":["Thunderclap","Clash"],"picked":"Body Slam","floor":4},{"not_picked":["True Grit","Clothesline"],"picked":"Corruption","floor":6},{"not_picked":["Clash","Sever Soul","Bloodletting"],"picked":"SKIP","floor":8},{"not_picked":["Ghostly Armor","Clothesline+1"],"picked":"Power Through","floor":11},{"not_picked":["Clash+1","Armaments","Feel No Pain"],"picked":"Shrug It Off","floor":12}],"player_experience":1607783,"relics_obtained":[{"floor":6,"key":"Juzu Bracelet"},{"floor":9,"key":"Red Skull"},{"floor":10,"key":"Molten Egg 2"},{"floor":11,"key":"Question Card"}],"event_choices":[{"damage_healed":0,"gold_gain":0,"cards_transformed":["Strike_R"],"player_choice":"Change","damage_taken":0,"max_hp_gain":0,"max_hp_loss":0,"event_name":"Living Wall","floor":2,"gold_loss":0,"cards_obtained":["Sever Soul"]},{"damage_healed":0,"gold_gain":0,"player_choice":"Donut","damage_taken":0,"max_hp_gain":5,"max_hp_loss":0,"event_name":"Big Fish","floor":3,"gold_loss":0},{"damage_healed":0,"gold_gain":0,"player_choice":"Success","damage_taken":11,"relics_obtained":["Akabeko"],"max_hp_gain":0,"max_hp_loss":0,"event_name":"Scrap Ooze","floor":5,"gold_loss":0},{"damage_healed":0,"gold_gain":75,"player_choice":"Gather Gold","damage_taken":11,"max_hp_gain":0,"max_hp_loss":0,"event_name":"World of Goop","floor":13,"gold_loss":0}],"is_beta":false,"boss_relics":[],"items_purged_floors":[],"is_endless":false,"potions_floor_spawned":[6,12],"killed_by":"The Guardian","ascension_level":20}}