{"host":"7j2n82b2zha9fuyn","time":1613631871,"event":{"mods":["BaseMod","Block Reminder","Minty Spire (QoL Compilation)","StSLib"],"gold_per_floor":[365,382,458,458,23,23,43,70,70,70,105,120,155,175,175,277,277,295,306,51,65,81,81,99,126,172,3,21,34,34,68,68,172,172,190,206,206,206,219,219,230,230,304,316,348,360,360,360],"floor_reached":47,"language":"ENG","playtime":8634,"items_purged":["Strike_R","Pain"],"score":899,"play_id":"2753fd1f-7ef8-473b-bc38-4e8dc9ade5c9","local_time":"20210218000431","is_ascension_mode":true,"campfire_choices":[{"data":"Carnage","floor":6.0,"key":"SMITH"},{"data":"Wild Strike","floor":15.0,"key":"SMITH"},{"data":"Body Slam","floor":23.0,"key":"SMITH"},{"data":"Body Slam","floor":30.0,"key":"SMITH"},{"data":"Bludgeon","floor":32.0,"key":"SMITH"},{"data":"Evolve","floor":40,"key":"SMITH"},{"floor":42,"key":"RECALL"}],"circlet_count":0,"master_deck":["AscendersBane","Strike_R","Strike_R","Strike_R","Defend_R","Defend_R","Defend_R","Defend_R","Bash","Carnage+1","Shrug It Off","Armaments","Entrench+1","Wild Strike+1","Body Slam+1","Shrug It Off+1","Bludgeon+1","CurseOfTheBell","Thunderclap","Pommel Strike","Offering+1","Power Through+1","True Grit+1","Body Slam+1","True Grit+1","Impervious+1","Evolve+1","Body Slam+1","Fire Breathing+1","Power Through+1","Regret","Warcry+1","Entrench+1"],"relics":["Burning Blood","Incense Burner","Toxic Egg 2","Eternal Feather","WarpedTongs","Ancient Tea Set","HornCleat","Calling Bell","Potion Belt","White Beast Statue","Ginger","Art of War","MealTicket","ClockworkSouvenir","Shuriken","Cursed Key","Girya"],"acts_visited":["Exordium","TheCity","TheBeyond"],"potions_floor_usage":[45,46,46,47,47],"damage_taken":[{"damage":8.0,"enemies":"2 Louse","floor":1.0,"turns":3.0},{"damage":6.0,"enemies":"Small Slimes","floor":2.0,"turns":3.0},{"damage":2.0,"enemies":"Jaw Worm","floor":7.0,"turns":3.0},{"damage":11.0,"enemies":"3 Sentries","floor":8.0,"turns":13.0},{"damage":15.0,"enemies":"Gremlin Nob","floor":11.0,"turns":4.0},{"damage":5.0,"enemies":"Gremlin Gang","floor":12.0,"turns":7.0},{"damage":5.0,"enemies":"Lagavulin","floor":13.0,"turns":6.0},{"damage":2.0,"enemies":"Large Slime","floor":14.0,"turns":5.0},{"damage":51.0,"enemies":"The Guardian","floor":16.0,"turns":11.0},{"damage":3.0,"enemies":"Shell Parasite","floor":18.0,"turns":5.0},{"damage":29.0,"enemies":"3 Byrds","floor":19.0,"turns":9.0},{"damage":14.0,"enemies":"Sentry and Sphere","floor":21.0,"turns":6.0},{"damage":1.0,"enemies":"Snecko","floor":22.0,"turns":4.0},{"damage":6.0,"enemies":"Shelled Parasite and Fungi","floor":24.0,"turns":3.0},{"damage":22.0,"enemies":"Book of Stabbing","floor":25.0,"turns":5.0},{"damage":13.0,"enemies":"Snake Plant","floor":28.0,"turns":4.0},{"damage":16.0,"enemies":"Sentry and Sphere","floor":29.0,"turns":10.0},{"damage":17.0,"enemies":"Gremlin Leader","floor":31.0,"turns":4.0},{"damage":69.0,"enemies":"Automaton","floor":33.0,"turns":11.0},{"damage":8,"enemies":"Orb Walker","floor":35,"turns":4},{"damage":0,"enemies":"3 Shapes","floor":36,"turns":4},{"damage":11,"enemies":"Transient","floor":39,"turns":5},{"damage":2,"enemies":"Spire Growth","floor":41,"turns":6},{"damage":23,"enemies":"Jaw Worm Horde","floor":44,"turns":5},{"damage":58,"enemies":"Giant Head","floor":45,"turns":7},{"damage":2,"enemies":"Transient","floor":46,"turns":5},{"damage":15,"enemies":"Reptomancer","floor":47,"turns":3}],"seed_played":"-3505385919139068505","potions_obtained":[{"floor":2.0,"key":"SteroidPotion"},{"floor":8.0,"key":"Strength Potion"},{"floor":11.0,"key":"AttackPotion"},{"floor":13.0,"key":"SkillPotion"},{"floor":18.0,"key":"CultistPotion"},{"floor":19.0,"key":"Fire Potion"},{"floor":21.0,"key":"Explosive Potion"},{"floor":22.0,"key":"PowerPotion"},{"floor":24.0,"key":"BloodPotion"},{"floor":25.0,"key":"SkillPotion"},{"floor":28.0,"key":"Dexterity Potion"},{"floor":29.0,"key":"Energy Potion"},{"floor":31.0,"key":"LiquidBronze"},{"floor":33.0,"key":"Explosive Potion"},{"floor":35,"key":"Fire Potion"},{"floor":36,"key":"ColorlessPotion"},{"floor":39,"key":"Dexterity Potion"},{"floor":44,"key":"FearPotion"},{"floor":45,"key":"EssenceOfSteel"},{"floor":46,"key":"GamblersBrew"}],"is_trial":false,"path_per_floor":["M","M","?","?","$","R","M","E","T","?","E","M","E","M","R","B",null,"M","M","$","M","M","R","M","E","T","$","M","M","R","E","R","B",null,"M","M","?","?","M","R","M","R","T","M","E","M","E"],"character_chosen":"IRONCLAD","items_purchased":["Incense Burner","Strength Potion","Offering+1","ClockworkSouvenir","Body Slam"],"campfire_rested":0,"item_purchase_floors":[5,5,20,27,27],"current_hp_per_floor":[70,70,70,70,70,70,74,69,69,69,60,61,62,66,75,30,68,71,48,48,40,45,57,57,41,41,56,49,39,54,43,58,11,63,61,67,67,67,62,76,76,76,76,59,7,11,0,0],"gold":360,"neow_bonus":"TWO_FIFTY_GOLD","is_daily":false,"chose_seed":false,"campfire_upgraded":6,"win_rate":0.0,"timestamp":1613631871,"path_taken":["M","M","?","?","$","R","M","E","T","?","E","M","E","M","R","BOSS","M","M","$","M","M","R","M","E","T","$","M","M","R","E","R","BOSS","M","?","?","?","?","R","?","R","T","M","E","M","E"],"items_purchased_type":["Relic","Potion","Card","Relic","Card"],"build_version":"2020-12-22","purchased_purges":2,"victory":false,"max_hp_per_floor":[80,80,80,80,80,80,80,80,80,80,80,80,80,80,80,80,80,80,80,80,80,80,80,80,80,80,80,80,80,80,80,80,80,80,80,80,76,76,76,76,76,76,76,76,76,76,76,76],"card_choices":[{"not_picked":["Pommel Strike","Body Slam"],"picked":"Carnage","floor":1.0},{"not_picked":["Searing Blow","Clothesline"],"picked":"Shrug It Off","floor":2.0},{"not_picked":["Rupture","Second Wind"],"picked":"Armaments","floor":7.0},{"not_picked":["Twin Strike","Warcry+1"],"picked":"Entrench+1","floor":8.0},{"not_picked":["Combust","Reckless Charge"],"picked":"Wild Strike","floor":11.0},{"not_picked":["Dual Wield+1","Demon Form"],"picked":"Body Slam","floor":12.0},{"not_picked":["Pummel","Carnage","Heavy Blade"],"picked":"SKIP","floor":13.0},{"not_picked":["Hemokinesis","Body Slam"],"picked":"Shrug It Off+1","floor":14.0},{"not_picked":["Limit Break+1","Reaper"],"picked":"Bludgeon","floor":16.0},{"not_picked":["Sword Boomerang","Infernal Blade+1"],"picked":"Thunderclap","floor":18.0},{"not_picked":["Perfected Strike","Cleave"],"picked":"Pommel Strike","floor":19.0},{"not_picked":["Shrug It Off+1","Flex+1","Inflame"],"picked":"SKIP","floor":21.0},{"not_picked":["Dropkick","Second Wind+1"],"picked":"Power Through+1","floor":22.0},{"not_picked":["Shrug It Off+1","Wild Strike","Dropkick+1"],"picked":"SKIP","floor":24.0},{"not_picked":["Flex+1","Demon Form"],"picked":"True Grit+1","floor":25.0},{"not_picked":["Flex+1","Cleave","Sword Boomerang"],"picked":"SKIP","floor":28.0},{"not_picked":["Thunderclap","Carnage","Anger"],"picked":"SKIP","floor":29.0},{"not_picked":["Thunderclap","Carnage","Anger"],"picked":"SKIP","floor":29.0},{"not_picked":["Thunderclap","Carnage","Anger"],"picked":"SKIP","floor":29.0},{"not_picked":["Headbutt","Clash"],"picked":"True Grit+1","floor":31.0},{"not_picked":["Exhume+1","Demon Form"],"picked":"Impervious+1","floor":33.0},{"not_picked":["True Grit+1","Iron Wave+1"],"picked":"Evolve","floor":35},{"not_picked":["Headbutt","Cleave"],"picked":"Body Slam+1","floor":36},{"not_picked":["Burning Pact+1","Iron Wave"],"picked":"Fire Breathing+1","floor":39},{"not_picked":["Burning Pact+1","Cleave"],"picked":"Power Through+1","floor":41},{"not_picked":["Body Slam","Wild Strike"],"picked":"Warcry+1","floor":44},{"not_picked":["Reckless Charge","Sword Boomerang"],"picked":"Entrench+1","floor":45},{"not_picked":["Dual Wield+1","Demon Form","Thunderclap"],"picked":"SKIP","floor":46}],"player_experience":2066056,"relics_obtained":[{"floor":8.0,"key":"Toxic Egg 2"},{"floor":9.0,"key":"Eternal Feather"},{"floor":11.0,"key":"Ancient Tea Set"},{"floor":13.0,"key":"HornCleat"},{"floor":17.0,"key":"Potion Belt"},{"floor":17.0,"key":"White Beast Statue"},{"floor":17.0,"key":"Ginger"},{"floor":25.0,"key":"Art of War"},{"floor":26.0,"key":"MealTicket"},{"floor":31.0,"key":"Shuriken"},{"floor":45,"key":"Girya"}],"event_choices":[{"damage_healed":0.0,"max_hp_gain":0.0,"max_hp_loss":0.0,"gold_gain":76.0,"event_name":"Golden Wing","player_choice":"Gained Gold","floor":3.0,"gold_loss":0.0,"damage_taken":0.0},{"cards_removed":["Decay"],"damage_healed":0.0,"max_hp_gain":0.0,"max_hp_loss":0.0,"gold_gain":0.0,"event_name":"Living Wall","player_choice":"Forget","floor":4.0,"gold_loss":0.0,"damage_taken":0.0},{"damage_healed":0.0,"max_hp_gain":0.0,"max_hp_loss":0.0,"gold_gain":0.0,"event_name":"Accursed Blacksmith","player_choice":"Rummage","floor":10.0,"gold_loss":0.0,"damage_taken":0.0,"relics_obtained":["WarpedTongs"],"cards_obtained":["Pain"]},{"damage_healed":0,"gold_gain":0,"player_choice":"Max HP","damage_taken":0,"max_hp_gain":0,"max_hp_loss":4,"event_name":"Winding Halls","floor":37,"gold_loss":0},{"cards_removed":["Strike_R"],"damage_healed":0,"gold_gain":0,"player_choice":"Purged","damage_taken":0,"max_hp_gain":0,"max_hp_loss":0,"event_name":"Purifier","floor":38,"gold_loss":0}],"is_beta":false,"boss_relics":[{"not_picked":["Runic Pyramid","Empty Cage"],"picked":"Calling Bell"},{"not_picked":["Mark of Pain","Black Star"],"picked":"Cursed Key"}],"items_purged_floors":[5,20],"is_endless":false,"potions_floor_spawned":[2,8,11,13,18,19,21,22,24,25,28,29,31,33,35,36,39,41,44,45,46],"killed_by":"Reptomancer","ascension_level":12}}