{"host":"cr9rpoy6dx9riis3","time":1613669883,"event":{"mods":["AchievementEnabler","BaseMod","Better Altar","Better Note","Better Sensory Stone","Better Skull","Better Third Choice","Better-Laid Plans","BetterRewards","Block Reminder","Curses Come First","Displayed Cursed Tome","Emptier Cage","Marked Mod","Minty Spire (QoL Compilation)","Permanent Neow","Relic Sorter","StSLib","The Blue Laboratory","Transform Curses"],"gold_per_floor":[112,127,52,52,52,52,86,86,86,111,111,131,131,146,146,251,301,312,312,323,336,27,52,52,80,80,80,90,1,1,31,31,130,130,144,144,44,94,25,25,42,42,69,45,45,56,68,68,68,68],"floor_reached":51,"language":"ENG","playtime":2426,"items_purged":["Defend_G","Defend_G"],"score":1081,"play_id":"15fc4862-3a31-4917-81ac-5e57466661ea","local_time":"20210218183803","is_ascension_mode":true,"campfire_choices":[{"data":"Infinite Blades","floor":6,"key":"SMITH"},{"data":"Accuracy","floor":8,"key":"SMITH"},{"floor":11,"key":"REST"},{"data":"Survivor","floor":13,"key":"SMITH"},{"floor":15,"key":"REST"},{"floor":24,"key":"REST"},{"data":"Wraith Form v2","floor":27,"key":"SMITH"},{"floor":30,"key":"REST"},{"floor":32,"key":"REST"},{"data":"Night Terror","floor":40,"key":"SMITH"},{"data":"Venomology","floor":45,"key":"SMITH"},{"data":"Adrenaline","floor":49,"key":"SMITH"}],"circlet_count":0,"master_deck":["Strike_G","Strike_G","Strike_G","Defend_G+1","Survivor+1","Neutralize","Accuracy+1","Panacea+1","Infinite Blades+1","Flechettes","Backflip+1","Backflip","Die Die Die","Wraith Form v2+1","Blade Dance","Venomology","Adrenaline+1","Trip","Venomology+1","Deflect+1","Night Terror+1","Infinite Blades+1","Slice","Cloak And Dagger+1"],"relics":["Ring of the Snake","Bottled Flame","Akabeko","Blood Vial","Orichalcum","ClockworkSouvenir","Shuriken"],"acts_visited":["Exordium","TheCity","TheBeyond"],"potions_floor_usage":[7,16,23,23,23,23,23,23,25,28,31,31,33,33,35,35,38,38,38,41,41,46,47,47,47,47,47,50,50,50],"damage_taken":[{"damage":2,"enemies":"Jaw Worm","floor":1,"turns":4},{"damage":5,"enemies":"Cultist","floor":2,"turns":5},{"damage":32,"enemies":"Lagavulin","floor":7,"turns":7},{"damage":25,"enemies":"3 Sentries","floor":10,"turns":6},{"damage":4,"enemies":"2 Louse","floor":12,"turns":3},{"damage":10,"enemies":"2 Fungi Beasts","floor":14,"turns":3},{"damage":29,"enemies":"Slime Boss","floor":16,"turns":9},{"damage":15,"enemies":"Chosen","floor":18,"turns":4},{"damage":19,"enemies":"3 Byrds","floor":20,"turns":5},{"damage":26,"enemies":"Shelled Parasite and Fungi","floor":21,"turns":5},{"damage":26,"enemies":"Slavers","floor":23,"turns":8},{"damage":1,"enemies":"Gremlin Leader","floor":25,"turns":7},{"damage":18,"enemies":"Centurion and Healer","floor":28,"turns":7},{"damage":14,"enemies":"Book of Stabbing","floor":31,"turns":6},{"damage":18,"enemies":"Champ","floor":33,"turns":8},{"damage":14,"enemies":"3 Darklings","floor":35,"turns":7},{"damage":1,"enemies":"Mind Bloom Boss Battle","floor":38,"turns":6},{"damage":15,"enemies":"3 Shapes","floor":41,"turns":5},{"damage":14,"enemies":"Maw","floor":46,"turns":6},{"damage":28,"enemies":"Sphere and 2 Shapes","floor":47,"turns":5},{"damage":64,"enemies":"Awakened One","floor":50,"turns":11}],"seed_played":"568578894887574527","potions_obtained":[{"floor":2,"key":"blueLaboratory:Moonshine"},{"floor":10,"key":"EntropicBrew"},{"floor":12,"key":"blueLaboratory:PhilterOfMotion"},{"floor":17,"key":"blueLaboratory:FruitPreserves"},{"floor":21,"key":"BlessingOfTheForge"},{"floor":25,"key":"blueLaboratory:ArtistsPotion"},{"floor":28,"key":"blueLaboratory:FrostheartPotion"},{"floor":33,"key":"blueLaboratory:ArtistsPotion"},{"floor":36,"key":"Swift Potion"},{"floor":36,"key":"GhostInAJar"},{"floor":38,"key":"blueLaboratory:BottledHope"},{"floor":47,"key":"Ancient Potion"}],"is_trial":false,"path_per_floor":["M","M","$","?","$","R","E","R","T","E","R","M","R","M","R","B",null,"M","?","M","M","$","E","R","E","T","R","M","$","R","E","R","B",null,"M","?","$","?","$","R","M","?","T","$","R","M","M","$","R","B",null],"character_chosen":"THE_SILENT","items_purchased":["Blood Vial","Accuracy","Panacea","Infinite Blades","ClockworkSouvenir","Venomology","Trip","Night Terror","Slice"],"campfire_rested":5,"item_purchase_floors":[0,0,0,3,22,22,29,39,44],"current_hp_per_floor":[58,55,55,55,55,55,25,25,25,2,23,21,21,13,34,7,75,60,60,43,19,19,22,44,45,45,45,29,29,51,39,61,45,75,61,61,61,62,62,62,49,49,49,49,49,37,35,35,35,16],"gold":68,"neow_bonus":"","is_daily":false,"chose_seed":false,"campfire_upgraded":7,"win_rate":0.0,"timestamp":1613669883,"path_taken":["M","M","$","?","$","R","E","R","T","E","R","?","R","M","R","BOSS","M","?","M","M","$","E","R","E","T","R","M","$","R","E","R","BOSS","M","?","?","?","$","R","M","?","T","$","R","M","M","?","R","BOSS"],"items_purchased_type":["Relic","Card","Card","Card","Relic","Card","Card","Card","Card"],"build_version":"2020-12-22","purchased_purges":2,"victory":true,"max_hp_per_floor":[70,70,70,70,70,70,70,70,70,70,70,70,70,70,70,70,75,75,75,75,75,75,75,75,75,75,75,75,75,75,75,75,75,75,75,75,75,75,75,75,75,71,71,71,71,71,71,71,71,71],"card_choices":[{"not_picked":["Footwork","PiercingWail","Cloak And Dagger"],"picked":"SKIP","floor":1},{"not_picked":["Calculated Gamble","PiercingWail","Cloak And Dagger"],"picked":"SKIP","floor":2},{"not_picked":["Underhanded Strike","All Out Attack"],"picked":"Flechettes","floor":7},{"not_picked":["Acrobatics","Underhanded Strike"],"picked":"Backflip","floor":10},{"not_picked":["Dodge and Roll","Prepared"],"picked":"Backflip","floor":12},{"not_picked":["Flying Knee","Skewer"],"picked":"Die Die Die","floor":14},{"not_picked":["Corpse Explosion","Malaise"],"picked":"Wraith Form v2","floor":16},{"not_picked":["Poisoned Stab","Quick Slash"],"picked":"Blade Dance","floor":17},{"not_picked":["Underhanded Strike","Well Laid Plans","Calculated Gamble"],"picked":"SKIP","floor":18},{"not_picked":["Dodge and Roll","Well Laid Plans","Caltrops"],"picked":"SKIP","floor":20},{"not_picked":["Outmaneuver","PiercingWail+1","Calculated Gamble"],"picked":"SKIP","floor":21},{"not_picked":["Endless Agony","Flechettes"],"picked":"Adrenaline","floor":23},{"not_picked":["PiercingWail","Caltrops","Leg Sweep+1"],"picked":"SKIP","floor":25},{"not_picked":["Dagger Spray","Dodge and Roll","Prepared+1"],"picked":"SKIP","floor":28},{"not_picked":["Tools of the Trade","Deadly Poison","Finisher+1"],"picked":"SKIP","floor":31},{"not_picked":["A Thousand Cuts","Burst"],"picked":"Venomology","floor":33},{"not_picked":["Dagger Spray","Dagger Throw+1","All Out Attack+1"],"picked":"SKIP","floor":35},{"not_picked":["Underhanded Strike","Escape Plan+1"],"picked":"Deflect+1","floor":38},{"not_picked":["Prepared","PiercingWail"],"picked":"Infinite Blades+1","floor":41},{"not_picked":["Flechettes+1","Flying Knee"],"picked":"Cloak And Dagger+1","floor":46},{"not_picked":["Backflip+1","Slice","Acrobatics"],"picked":"SKIP","floor":47}],"player_experience":756385,"relics_obtained":[{"floor":7,"key":"Akabeko"},{"floor":9,"key":"Shuriken"},{"floor":10,"key":"Bottled Flame"},{"floor":25,"key":"War Paint"},{"floor":43,"key":"Orichalcum"}],"event_choices":[{"damage_healed":0,"gold_gain":0,"player_choice":"Bought 0 Potions","damage_taken":0,"max_hp_gain":0,"max_hp_loss":0,"event_name":"The Woman in Blue","floor":4,"gold_loss":0},{"cards_removed":["Defend_G"],"damage_healed":0,"gold_gain":0,"player_choice":"Offered Basic","damage_taken":0,"max_hp_gain":0,"max_hp_loss":0,"event_name":"Bonfire Elementals","floor":19,"gold_loss":0},{"damage_healed":0,"gold_gain":0,"player_choice":"Got Potions","damage_taken":0,"max_hp_gain":0,"max_hp_loss":0,"event_name":"Lab","floor":36,"gold_loss":0},{"damage_healed":0,"gold_gain":0,"player_choice":"Fight","damage_taken":0,"max_hp_gain":0,"max_hp_loss":0,"event_name":"MindBloom","floor":38,"gold_loss":0},{"damage_healed":0,"gold_gain":0,"player_choice":"Max HP","damage_taken":0,"max_hp_gain":0,"max_hp_loss":4,"event_name":"Winding Halls","floor":42,"gold_loss":0}],"is_beta":false,"boss_relics":[{"not_picked":["Pandora\u0027s Box","Philosopher\u0027s Stone"],"picked":"Tiny House"},{"not_picked":["HoveringKite","Sozu"],"picked":"Empty Cage"}],"items_purged_floors":[0,37],"is_endless":false,"potions_floor_spawned":[2,10,12,21,25,28,33,38,47],"ascension_level":4}}