{"host":"jr8vrtwn64siegs0","time":1613610609,"event":{"mods":["2.2 Compatiblity","Aspiration","BaseMod","Better Third Choice","BetterRewards","Colored Map","Downfall","Friendly Minions","Hubris","Jorbs\u0027s Wanderer Trilogy","Minty Spire (QoL Compilation)","Quick Restart","Shop Mod","StSLib","The Bug Knight","everything is the same but u backflip on backflip"],"gold_per_floor":[109,123,123,135,151,184,184,184,184,184,225,245,278,299,299,425,425,438,438,110,110,35,69,113,149,149,187,102,102,179,212,212,333,333,333,333],"floor_reached":34,"language":"ENG","playtime":4078,"items_purged":[],"score":589,"play_id":"fe3292a3-077f-468c-af17-9ebb6ad00329","local_time":"20210217171009","daily_mods":["Draft","Colorless Cards","Heirloom","Flight"],"is_ascension_mode":false,"campfire_choices":[{"data":"Discovery","floor":32,"key":"SMITH"}],"circlet_count":0,"master_deck":["Dramatic Entrance","sneckomod:QuickMove","sneckomod:Unknown0Cost","sneckomod:UnknownUncommonSkill","sneckomod:UnknownUncommonSkill","sneckomod:DiceCrush","sneckomod:Unknown2Cost","sneckomod:Nope","sneckomod:IronFang","sneckomod:UnknownDraw","sneckomod:DiceBlock","sneckomod:TrashToTreasure+1","sneckomod:UnknownDraw","sneckomod:UnknownWeak","sneckomod:IronFang+1","sneckomod:UnknownUncommonSkill","Adrenaline","Devotion","Thinking Ahead","sneckomod:UnknownRareAttack","Swift Strike","Reinforced Body","Panache","sneckomod:Unknown2Cost","sneckomod:CheapStock","Secret Technique","Dark Shackles","sneckomod:UnknownRareSkill","Discovery+1","sneckomod:UnknownExhaust","HandOfGreed+1"],"relics":["sneckomod:SneckoSoul","Torii","Blue Candle","Tiny Chest","Golden Idol","Blood Vial","Du-Vu Doll","hubris:ScarierMask","Bag of Preparation","HollowMod:JonisBlessing","Nunchaku","hubris:MysteriousPyramids","Ancient Tea Set","Calipers","Darkstone Periapt","PreservedInsect","HollowMod:LifeEnderRelic","Molten Egg 2","hubris:DeckOfHolding","hubris:Backtick","Dead Branch"],"acts_visited":["Exordium","TheCity","TheBeyond"],"potions_floor_usage":[18,20,20,23,23,27,33],"damage_taken":[{"damage":0.0,"enemies":"2 Louse","floor":1.0,"turns":2.0},{"damage":0.0,"enemies":"Small Slimes","floor":2.0,"turns":2.0},{"damage":8.0,"enemies":"Jaw Worm","floor":4.0,"turns":2.0},{"damage":7.0,"enemies":"Exordium Wildlife","floor":5.0,"turns":4.0},{"damage":0.0,"enemies":"Lagavulin","floor":6.0,"turns":4.0},{"damage":28.0,"enemies":"Gremlin Nob","floor":11.0,"turns":5.0},{"damage":1.0,"enemies":"Large Slime","floor":12.0,"turns":6.0},{"damage":16.0,"enemies":"3 Sentries","floor":13.0,"turns":9.0},{"damage":0.0,"enemies":"Blue Slaver","floor":14.0,"turns":4.0},{"damage":18,"enemies":"Slime Boss","floor":16,"turns":4},{"damage":1,"enemies":"Spheric Guardian","floor":18,"turns":4},{"damage":4,"enemies":"Book of Stabbing","floor":23,"turns":6},{"damage":0,"enemies":"Slavers","floor":24,"turns":3},{"damage":0,"enemies":"Book of Stabbing","floor":25,"turns":4},{"damage":0,"enemies":"Slavers","floor":27,"turns":6},{"damage":0,"enemies":"Book of Stabbing","floor":31,"turns":4},{"damage":36,"enemies":"Collector","floor":33,"turns":11}],"seed_played":"8984704691421122271","potions_obtained":[{"floor":1.0,"key":"Weak Potion"},{"floor":4.0,"key":"PowerPotion"},{"floor":5.0,"key":"PowerPotion"},{"floor":13.0,"key":"EntropicBrew"},{"floor":16,"key":"LiquidMemories"},{"floor":24,"key":"LiquidBronze"},{"floor":25,"key":"hexamod:SoulburnPotion"}],"is_trial":true,"path_per_floor":["M","M","?","M","M","E","R","R","T","?","E","M","E","M","R","B",null,"M","?","$","T","?","E","E","E","T","E","?","$","T","E","R","B",null],"character_chosen":"THE_SNECKO","items_purchased":["Bag of Preparation","HollowMod:JonisBlessing","sneckomod:CheapStock"],"campfire_rested":0,"item_purchase_floors":[20,20,20],"current_hp_per_floor":[90,90,90,82,75,75,75,75,75,75,47,48,34,36,36,20,83,82,82,87,87,87,83,83,83,83,83,83,83,83,83,83,47,88,88,88],"gold":333,"neow_bonus":"","is_daily":false,"chose_seed":false,"campfire_upgraded":1,"win_rate":0.0,"timestamp":1613610609,"path_taken":["M","M","?","M","M","E","R","R","T","?","E","?","E","M","R","BOSS","M","?","$","?","?","E","E","E","T","E","?","?","?","E","R","BOSS"],"items_purchased_type":["Relic","Relic","Card"],"build_version":"2020-12-22","purchased_purges":0,"victory":false,"max_hp_per_floor":[90,90,90,90,90,90,90,90,90,83,83,83,83,83,83,83,83,83,83,88,88,88,88,88,88,88,88,88,88,88,88,88,88,88,88,88],"card_choices":[{"not_picked":["hubris:Insight","Madness"],"picked":"Dramatic Entrance","floor":0.0},{"not_picked":["sneckomod:DiceCrush","sneckomod:CheapStock"],"picked":"sneckomod:QuickMove","floor":0.0},{"not_picked":["sneckomod:WideSting","sneckomod:IronFang"],"picked":"sneckomod:Unknown0Cost","floor":0.0},{"not_picked":["sneckomod:QuickMove","Swift Strike"],"picked":"sneckomod:UnknownUncommonSkill","floor":0.0},{"not_picked":["sneckomod:DiceBlock","sneckomod:UnknownCommonSkill"],"picked":"sneckomod:UnknownBlock","floor":0.0},{"not_picked":["sneckomod:UnknownDraw","sneckomod:SoulDraw"],"picked":"sneckomod:UnknownUncommonSkill","floor":0.0},{"not_picked":["sneckomod:DiceBoulder","sneckomod:SoulRoll"],"picked":"sneckomod:DiceCrush","floor":0.0},{"not_picked":["sneckomod:RainOfDice","sneckomod:SoulRoll"],"picked":"sneckomod:UnknownDraw","floor":0.0},{"not_picked":["Swift Strike","sneckomod:QuickMove"],"picked":"sneckomod:Unknown2Cost","floor":0.0},{"not_picked":["sneckomod:QuickBite","sneckomod:UnknownBlock"],"picked":"sneckomod:Nope","floor":0.0},{"not_picked":["sneckomod:QuickBite","sneckomod:MasterEye"],"picked":"sneckomod:IronFang","floor":0.0},{"not_picked":["Enlightenment","sneckomod:SoulRoll"],"picked":"sneckomod:UnknownDraw","floor":0.0},{"not_picked":["sneckomod:UnknownBlock","sneckomod:UnknownDraw"],"picked":"sneckomod:DiceBlock","floor":0.0},{"not_picked":["sneckomod:RainOfDice","sneckomod:IronFang"],"picked":"sneckomod:Unknown1Cost","floor":0.0},{"not_picked":["sneckomod:QuickMove","sneckomod:UnknownBlock"],"picked":"sneckomod:RainOfDice","floor":0.0},{"not_picked":["sneckomod:Unknown0Cost","Forethought"],"picked":"sneckomod:TrashToTreasure","floor":1.0},{"not_picked":["sneckomod:RainOfDice","sneckomod:Nope"],"picked":"sneckomod:UnknownDraw","floor":2.0},{"not_picked":["sneckomod:DiceCrush","sneckomod:IronFang"],"picked":"sneckomod:UnknownWeak","floor":4.0},{"not_picked":["sneckomod:QuickBite","Enlightenment"],"picked":"sneckomod:IronFang","floor":5.0},{"not_picked":["sneckomod:UnknownCommonSkill","sneckomod:DiceBlock"],"picked":"sneckomod:UnknownUncommonSkill","floor":6.0},{"not_picked":["sneckomod:QuickBite","sneckomod:SoulDraw"],"picked":"Thinking Ahead","floor":11.0},{"not_picked":["Madness","sneckomod:QuickBite","sneckomod:SoulRoll"],"picked":"SKIP","floor":12.0},{"not_picked":["hubris:Ssssneak","sneckomod:RainOfDice"],"picked":"sneckomod:UnknownRareAttack","floor":13.0},{"not_picked":["sneckomod:WideSting","sneckomod:UnknownDraw"],"picked":"Swift Strike","floor":14.0},{"not_picked":["hubris:EnhanceAbility","sneckomod:UnknownRareAttack"],"picked":"Panache","floor":16},{"not_picked":["sneckomod:QuickMove","sneckomod:QuickBite"],"picked":"sneckomod:Unknown2Cost","floor":18},{"not_picked":["sneckomod:IronFang","sneckomod:ImprovisedAttack"],"picked":"Secret Technique","floor":23},{"not_picked":["Finesse","sneckomod:SoulDraw"],"picked":"Dark Shackles","floor":24},{"not_picked":["sneckomod:WideSting+1","Madness"],"picked":"sneckomod:UnknownRareSkill","floor":25},{"not_picked":["hubris:Insight","sneckomod:CheapStock+1"],"picked":"Discovery","floor":27},{"not_picked":["sneckomod:Unknown1Cost","sneckomod:QuickBite+1"],"picked":"sneckomod:UnknownExhaust","floor":31},{"not_picked":["sneckomod:Restock","hubris:EnhanceAbility"],"picked":"HandOfGreed+1","floor":33}],"player_experience":616229,"relics_obtained":[{"floor":6.0,"key":"Blue Candle"},{"floor":9.0,"key":"Tiny Chest"},{"floor":11.0,"key":"Blood Vial"},{"floor":13.0,"key":"Du-Vu Doll"},{"floor":21,"key":"Nunchaku"},{"floor":23,"key":"hubris:MysteriousPyramids"},{"floor":24,"key":"Ancient Tea Set"},{"floor":25,"key":"Calipers"},{"floor":26,"key":"Darkstone Periapt"},{"floor":27,"key":"PreservedInsect"},{"floor":30,"key":"Molten Egg 2"},{"floor":31,"key":"hubris:DeckOfHolding"}],"event_choices":[{"damage_healed":0.0,"max_hp_gain":0.0,"max_hp_loss":0.0,"gold_gain":0.0,"event_name":"Living Wall","player_choice":"Grow","floor":3.0,"gold_loss":0.0,"damage_taken":0.0,"cards_upgraded":["sneckomod:TrashToTreasure"]},{"damage_healed":0.0,"max_hp_gain":0.0,"max_hp_loss":7.0,"gold_gain":0.0,"event_name":"Golden Idol","player_choice":"Lose Max HP","floor":10.0,"gold_loss":0.0,"damage_taken":0.0,"relics_obtained":["Golden Idol"]},{"damage_healed":0,"gold_gain":0,"player_choice":"Ignored","damage_taken":0,"max_hp_gain":0,"max_hp_loss":0,"event_name":"Vampires","floor":19,"gold_loss":0},{"cards_removed":["sneckomod:RainOfDice"],"damage_healed":0,"gold_gain":0,"player_choice":"Gave Gold","damage_taken":0,"max_hp_gain":0,"max_hp_loss":0,"event_name":"Beggar","floor":22,"gold_loss":75},{"damage_healed":0,"gold_gain":0,"player_choice":"Obtained Relic","damage_taken":0,"relics_obtained":["HollowMod:LifeEnderRelic"],"max_hp_gain":0,"max_hp_loss":0,"event_name":"Addict","floor":28,"gold_loss":85}],"is_beta":false,"boss_relics":[{"not_picked":["hubris:VirtuousBlindfold","aspiration:PoetsPen_weak"],"picked":"hubris:ScarierMask"},{"not_picked":["hubris:Stopwatch","aspiration:WatcherSkillbook"],"picked":"hubris:Backtick"}],"items_purged_floors":[],"is_endless":false,"potions_floor_spawned":[1,4,5,13,16,24,25],"ascension_level":0}}