{"host":"0xtpc43j5kblke7u","time":1613624495,"event":{"mods":["AchievementEnabler","BaseMod","Colored Map","Highlight Path","Minty Spire (QoL Compilation)"],"gold_per_floor":[113,113,133,133,152,187,187,199,199,199,53,84,84,101,101,200,200,216,59,59,74,86,86,86,86],"floor_reached":24,"language":"ENG","playtime":1235,"items_purged":["Strike_R"],"score":344,"play_id":"ccaf57be-e0da-48f0-bcd2-4bf55fef07b4","local_time":"20210218000135","is_ascension_mode":true,"campfire_choices":[{"floor":7.0,"key":"REST"},{"data":"Demon Form","floor":10.0,"key":"SMITH"},{"data":"True Grit","floor":13.0,"key":"SMITH"},{"floor":15.0,"key":"REST"}],"circlet_count":0,"master_deck":["AscendersBane","Strike_R","Strike_R","Strike_R","Defend_R","Defend_R","Defend_R","Defend_R","Bash","Anger","Iron Wave","Armaments","Demon Form+1","True Grit+1","Shockwave","Twin Strike","Feed","CurseOfTheBell","Metallicize","Rampage","Heavy Blade+1"],"relics":["Burning Blood","Pantograph","Pear","Tiny Chest","Calling Bell","Bag of Marbles","Meat on the Bone","Calipers"],"acts_visited":["Exordium","TheCity"],"potions_floor_usage":[22,24,24],"damage_taken":[{"damage":18.0,"enemies":"Small Slimes","floor":1.0,"turns":4.0},{"damage":6.0,"enemies":"Cultist","floor":3.0,"turns":3.0},{"damage":7.0,"enemies":"Jaw Worm","floor":5.0,"turns":3.0},{"damage":45.0,"enemies":"Lagavulin","floor":6.0,"turns":9.0},{"damage":7.0,"enemies":"2 Fungi Beasts","floor":8.0,"turns":4.0},{"damage":25.0,"enemies":"3 Sentries","floor":12.0,"turns":6.0},{"damage":30.0,"enemies":"Gremlin Gang","floor":14.0,"turns":4.0},{"damage":51.0,"enemies":"Hexaghost","floor":16.0,"turns":9.0},{"damage":9.0,"enemies":"Chosen","floor":18.0,"turns":6.0},{"damage":48,"enemies":"3 Byrds","floor":21,"turns":8},{"damage":50,"enemies":"Snake Plant","floor":22,"turns":6},{"damage":39,"enemies":"Gremlin Leader","floor":24,"turns":4}],"seed_played":"7681834214508068679","potions_obtained":[{"floor":1.0,"key":"Explosive Potion"},{"floor":8.0,"key":"SkillPotion"},{"floor":14.0,"key":"Regen Potion"},{"floor":16.0,"key":"EssenceOfSteel"},{"floor":21,"key":"Swift Potion"},{"floor":22,"key":"Fire Potion"}],"is_trial":false,"path_per_floor":["M","?","M","?","M","E","R","M","T","R","$","E","R","M","R","B",null,"M","$","?","M","M","?","E"],"character_chosen":"IRONCLAD","items_purchased":["True Grit","BloodPotion","Metallicize","Rampage"],"campfire_rested":2,"item_purchase_floors":[11,11,19,19],"current_hp_per_floor":[68,68,68,68,67,28,54,53,63,63,63,63,63,39,68,62,89,86,86,86,59,30,30,0,0],"gold":86,"neow_bonus":"TEN_PERCENT_HP_BONUS","is_daily":false,"chose_seed":false,"campfire_upgraded":2,"win_rate":0.0,"timestamp":1613624495,"path_taken":["M","?","M","?","M","E","R","M","T","R","$","E","R","M","R","BOSS","M","$","?","M","M","?","E"],"items_purchased_type":["Card","Potion","Card","Card"],"build_version":"2020-12-22","purchased_purges":1,"victory":false,"max_hp_per_floor":[88,88,88,88,88,88,88,88,98,98,98,98,98,98,98,98,98,98,98,98,101,104,104,104,104],"card_choices":[{"not_picked":["Rage","Sever Soul"],"picked":"Anger","floor":1.0},{"not_picked":["Thunderclap","Warcry"],"picked":"Iron Wave","floor":3.0},{"not_picked":["Sword Boomerang","Havoc"],"picked":"Armaments","floor":5.0},{"not_picked":["Perfected Strike","Headbutt","Blood for Blood"],"picked":"SKIP","floor":6.0},{"not_picked":["Pommel Strike","Wild Strike"],"picked":"Demon Form","floor":8.0},{"not_picked":["Clash","Rage"],"picked":"Shockwave","floor":12.0},{"not_picked":["Perfected Strike","Sever Soul"],"picked":"Twin Strike","floor":14.0},{"not_picked":["Fiend Fire","Berserk"],"picked":"Feed","floor":16.0},{"not_picked":["True Grit","Iron Wave","Flex"],"picked":"SKIP","floor":18.0},{"not_picked":["Intimidate","Pommel Strike"],"picked":"Heavy Blade+1","floor":21},{"not_picked":["Body Slam","Fiend Fire","Perfected Strike"],"picked":"SKIP","floor":22}],"player_experience":696141,"relics_obtained":[{"floor":6.0,"key":"Pantograph"},{"floor":9.0,"key":"Pear"},{"floor":12.0,"key":"Tiny Chest"},{"floor":17.0,"key":"Bag of Marbles"},{"floor":17.0,"key":"Meat on the Bone"},{"floor":17.0,"key":"Calipers"}],"event_choices":[{"damage_healed":0.0,"max_hp_gain":0.0,"max_hp_loss":0.0,"gold_gain":0.0,"event_name":"Liars Game","player_choice":"Ignored","floor":2.0,"gold_loss":0.0,"damage_taken":0.0},{"damage_healed":0.0,"max_hp_gain":0.0,"max_hp_loss":0.0,"gold_gain":0.0,"event_name":"Match and Keep!","player_choice":"0 cards matched","floor":4.0,"gold_loss":0.0,"damage_taken":0.0,"cards_obtained":[]},{"damage_healed":0,"gold_gain":0,"player_choice":"Ignored","damage_taken":0,"max_hp_gain":0,"max_hp_loss":0,"event_name":"Cursed Tome","floor":20,"gold_loss":0},{"cards_removed":["Strike_R"],"damage_healed":0,"gold_gain":0,"player_choice":"Purged","damage_taken":0,"max_hp_gain":0,"max_hp_loss":0,"event_name":"Purifier","floor":23,"gold_loss":0}],"is_beta":false,"boss_relics":[{"not_picked":["Runic Dome","Coffee Dripper"],"picked":"Calling Bell"}],"items_purged_floors":[11],"is_endless":false,"potions_floor_spawned":[1,8,14,16,21,22],"killed_by":"Gremlin Leader","ascension_level":11}}