{"host":"5f8ute538gzudddu","time":1613620807,"event":{"mods":["BaseMod","Highlight Path","Minty Spire (QoL Compilation)","Relic Stats","StSLib"],"gold_per_floor":[117,117,41,51,51,76,76,87,87,118,130,130,148,177,177,177,177],"floor_reached":16,"language":"ENG","playtime":430,"items_purged":[],"score":290,"play_id":"90c77d82-ba8d-4f76-8c1e-e58d5208b465","local_time":"20210217200007","is_ascension_mode":true,"campfire_choices":[{"data":"1","floor":7,"key":"LIFT"},{"data":"2","floor":15,"key":"LIFT"}],"circlet_count":0,"master_deck":["AscendersBane","Strike_R","Strike_R","Strike_R","Strike_R","Defend_R","Defend_R","Defend_R","Bash","Hemokinesis","Rampage","Shockwave","Corruption","True Grit","Cleave","Burning Pact","Disarm"],"relics":["Burning Blood","NeowsBlessing","Girya","Gremlin Horn","Calipers","FaceOfCleric","Oddly Smooth Stone"],"acts_visited":["Exordium"],"potions_floor_usage":[11,13,16,16],"damage_taken":[{"damage":0,"enemies":"Jaw Worm","floor":1,"turns":1},{"damage":0,"enemies":"Cultist","floor":4,"turns":1},{"damage":2,"enemies":"Gremlin Nob","floor":6,"turns":1},{"damage":6,"enemies":"Small Slimes","floor":8,"turns":4},{"damage":22,"enemies":"3 Sentries","floor":10,"turns":4},{"damage":2,"enemies":"Gremlin Gang","floor":11,"turns":2},{"damage":4,"enemies":"3 Louse","floor":13,"turns":4},{"damage":30,"enemies":"Gremlin Nob","floor":14,"turns":4},{"damage":43,"enemies":"The Guardian","floor":16,"turns":8}],"seed_played":"-4030910771153621122","potions_obtained":[{"floor":4,"key":"Energy Potion"},{"floor":6,"key":"Fire Potion"},{"floor":11,"key":"Swift Potion"},{"floor":14,"key":"BlessingOfTheForge"}],"is_trial":false,"path_per_floor":["M","?","$","M","?","E","R","M","T","E","M","?","M","E","R","B"],"character_chosen":"IRONCLAD","items_purchased":["Shockwave"],"campfire_rested":0,"item_purchase_floors":[3],"current_hp_per_floor":[74,74,74,75,75,75,75,75,75,59,63,63,66,43,43,0,0],"gold":177,"neow_bonus":"THREE_ENEMY_KILL","is_daily":false,"chose_seed":false,"campfire_upgraded":0,"win_rate":0.0,"timestamp":1613620807,"path_taken":["M","?","$","M","?","E","R","?","T","E","M","?","?","E","R","BOSS"],"items_purchased_type":["Card"],"build_version":"2020-12-22","purchased_purges":0,"victory":false,"max_hp_per_floor":[75,75,75,75,75,75,75,75,75,75,75,75,76,77,77,77,77],"relic_stats":{"Gremlin Horn":[7,7],"FaceOfCleric":2,"counters":[9,29],"obtain_stats":[{"Girya":6,"Calipers":10,"NeowsBlessing":0,"Gremlin Horn":9,"FaceOfCleric":12,"Oddly Smooth Stone":14,"Burning Blood":0},{"Girya":3,"Calipers":5,"NeowsBlessing":0,"Gremlin Horn":4,"FaceOfCleric":6,"Oddly Smooth Stone":8,"Burning Blood":0},{"Girya":3,"Calipers":11,"NeowsBlessing":0,"Gremlin Horn":7,"FaceOfCleric":13,"Oddly Smooth Stone":21,"Burning Blood":0}],"Burning Blood":39},"card_choices":[{"not_picked":["Flex","Headbutt"],"picked":"Hemokinesis","floor":1},{"not_picked":["Iron Wave","Anger"],"picked":"Corruption","floor":4},{"not_picked":["Pummel","Searing Blow"],"picked":"True Grit","floor":6},{"not_picked":["Whirlwind","Fire Breathing"],"picked":"Cleave","floor":8},{"not_picked":["Anger","Dropkick"],"picked":"Burning Pact","floor":10},{"not_picked":["Spot Weakness","Warcry","Sword Boomerang"],"picked":"SKIP","floor":11},{"not_picked":["Havoc","Hemokinesis"],"picked":"Disarm","floor":13},{"not_picked":["Corruption","Headbutt","Warcry"],"picked":"SKIP","floor":14}],"player_experience":949766,"relics_obtained":[{"floor":6,"key":"Girya"},{"floor":9,"key":"Gremlin Horn"},{"floor":10,"key":"Calipers"},{"floor":14,"key":"Oddly Smooth Stone"}],"event_choices":[{"damage_healed":0,"gold_gain":0,"cards_transformed":["Defend_R"],"player_choice":"Change","damage_taken":0,"max_hp_gain":0,"max_hp_loss":0,"event_name":"Living Wall","floor":2,"gold_loss":0,"cards_obtained":["Rampage"]},{"cards_removed":["Strike_R"],"damage_healed":0,"gold_gain":0,"player_choice":"Purged","damage_taken":0,"max_hp_gain":0,"max_hp_loss":0,"event_name":"Purifier","floor":5,"gold_loss":0},{"damage_healed":0,"gold_gain":0,"player_choice":"Trade","damage_taken":0,"relics_obtained":["FaceOfCleric"],"max_hp_gain":0,"max_hp_loss":0,"event_name":"FaceTrader","floor":12,"gold_loss":0}],"is_beta":false,"boss_relics":[],"items_purged_floors":[],"is_endless":false,"potions_floor_spawned":[4,6,11,14],"killed_by":"The Guardian","ascension_level":20}}