{"host":"by8i6f8xc0ywpsd5","time":1613655591,"event":{"mods":["BaseMod","Colored Map","Downfall","Minty Spire (QoL Compilation)","Relic Stats","StSLib"],"gold_per_floor":[99,114,124,134,134,34,106,132,132,149,159,159,159,179,196,292,292,292,304,25,36,36,362,389,422,422,322,338,354,354,354,373,472,472,472,488,502,521,132,132,132,162,62,72,85,103,114,124,135,135,135,161,0,0,0,0,0,0],"floor_reached":56,"language":"ENG","playtime":15023,"items_purged":["downfall:Malfunctioning","champ:Execute"],"score":865,"play_id":"e60cb731-adc8-4704-8393-03d703120f1d","local_time":"20210218153951","is_ascension_mode":true,"campfire_choices":[{"floor":1.0,"key":"RECALL"},{"data":"champ:CrownThrow","floor":6.0,"key":"SMITH"},{"data":"champ:DefensiveStyle","floor":9.0,"key":"SMITH"},{"data":"champ:ShieldWall","floor":12.0,"key":"SMITH"},{"data":"champ:Duel","floor":18.0,"key":"SMITH"},{"data":"champ:TornadoPunch","floor":27.0,"key":"SMITH"},{"data":"champ:Circumvent","floor":30.0,"key":"SMITH"},{"data":"champ:BringItOn","floor":35.0,"key":"SMITH"},{"data":"Thinking Ahead","floor":40.0,"key":"SMITH"},{"data":"champ:IronFortress","floor":43.0,"key":"SMITH"},{"floor":54,"key":"REST"}],"circlet_count":0,"master_deck":["champ:Strike","champ:Strike","champ:Strike","champ:Strike+1","champ:Defend+1","champ:Defend","champ:Defend+1","champ:Defend","champ:Taunt+1","champ:TornadoPunch+1","champ:ShieldWall+1","champ:CrownThrow+1","champ:DefensiveStyle+1","champ:Duel+1","champ:FocusedDefense","champ:TornadoPunch+1","champ:TripleStrike","champ:Circumvent+1","champ:BringItOn+1","champ:ShieldWall+1","champ:SetATrap+1","champ:ShieldThrow","champ:Duel+1","champ:FalseCounter","champ:CalledShot","Thinking Ahead+1","champ:IronFortress+1","champ:Backstep","champ:Parry"],"relics":["champ:ChampionCrown","War Paint","Singing Bowl","Happy Flower","bronze:MakeshiftBattery","DollysMirror","Old Coin","Orichalcum","Nloth\u0027s Gift","downfall:HeartBlessingBlue","Nunchaku","Busted Crown","Membership Card","Blue Candle","Lizard Tail","downfall:HeartBlessingGreen","Blood Vial","InkBottle"],"acts_visited":["Exordium","TheCity","TheBeyond","TheEnding"],"potions_floor_usage":[55,55,55],"damage_taken":[{"damage":10.0,"enemies":"2 Louse","floor":2.0,"turns":3.0},{"damage":13.0,"enemies":"Small Slimes","floor":3.0,"turns":4.0},{"damage":10.0,"enemies":"Cultist","floor":4.0,"turns":4.0},{"damage":14.0,"enemies":"3 Sentries","floor":8.0,"turns":6.0},{"damage":23.0,"enemies":"Exordium Wildlife","floor":10.0,"turns":5.0},{"damage":10.0,"enemies":"Gremlin Gang","floor":11.0,"turns":3.0},{"damage":1.0,"enemies":"Lots of Slimes","floor":14.0,"turns":2.0},{"damage":0.0,"enemies":"3 Louse","floor":15.0,"turns":2.0},{"damage":1.0,"enemies":"IC_STATUS_ARCHETYPE","floor":16.0,"turns":6.0},{"damage":14.0,"enemies":"downfall:LooterAlt2","floor":19.0,"turns":3.0},{"damage":0.0,"enemies":"downfall:FleeingMerchant","floor":20.0,"turns":4.0},{"damage":0.0,"enemies":"Spheric Guardian","floor":21.0,"turns":3.0},{"damage":20.0,"enemies":"Slavers","floor":23.0,"turns":4.0},{"damage":52.0,"enemies":"Gremlin Leader","floor":25.0,"turns":10.0},{"damage":0.0,"enemies":"Shelled Parasite and Fungi","floor":28.0,"turns":4.0},{"damage":10.0,"enemies":"Chosen and Byrds","floor":29.0,"turns":3.0},{"damage":10.0,"enemies":"Centurion and Healer","floor":32.0,"turns":4.0},{"damage":10.0,"enemies":"WA_ARCHETYPE_CALM","floor":33.0,"turns":7.0},{"damage":0.0,"enemies":"3 Shapes","floor":36.0,"turns":5.0},{"damage":0.0,"enemies":"Orb Walker","floor":37.0,"turns":2.0},{"damage":23.0,"enemies":"Transient","floor":38.0,"turns":5.0},{"damage":35.0,"enemies":"downfall:FleeingMerchant","floor":39.0,"turns":4.0},{"damage":0.0,"enemies":"Giant Head","floor":42.0,"turns":7.0},{"damage":0.0,"enemies":"Maw","floor":44.0,"turns":5.0},{"damage":8.0,"enemies":"4 Shapes","floor":45.0,"turns":4.0},{"damage":0,"enemies":"Jaw Worm Horde","floor":46,"turns":3},{"damage":0,"enemies":"Spire Growth","floor":47,"turns":3},{"damage":0,"enemies":"4 Shapes","floor":48,"turns":4},{"damage":19,"enemies":"Jaw Worm Horde","floor":49,"turns":3},{"damage":13,"enemies":"DF_ARCHETYPE_ORBS","floor":50,"turns":10},{"damage":40,"enemies":"downfall:CharBossMerchant","floor":52,"turns":7},{"damage":90,"enemies":"downfall:NeowBoss","floor":55,"turns":24},{"damage":138,"enemies":"downfall:NeowBossFinal","floor":56,"turns":8}],"seed_played":"-2491073503249469613","potions_obtained":[{"floor":2.0,"key":"SteroidPotion"},{"floor":8.0,"key":"EssenceOfSteel"},{"floor":10.0,"key":"Block Potion"},{"floor":25.0,"key":"PowerPotion"},{"floor":28.0,"key":"champ:TechniquePotion"},{"floor":37.0,"key":"champ:TechniquePotion"},{"floor":42.0,"key":"ColorlessPotion"},{"floor":46,"key":"EssenceOfSteel"},{"floor":47,"key":"AttackPotion"}],"is_trial":false,"path_per_floor":["R","M","M","M","?","R","T","E","R","M","M","R","?","M","M","B",null,"R","M","$","M","?","E","T","E","?","R","M","M","R","T","M","B",null,"R","M","M","M","$","R","T","E","R","M","M","M","M","M","M","B",null,"E","$","R","B","B"],"character_chosen":"THE_CHAMP","items_purchased":["champ:BringItOn","DollysMirror","Membership Card","champ:FalseCounter","champ:CalledShot","Thinking Ahead","InkBottle","bronze:BurnAndBuffPotion"],"campfire_rested":1,"item_purchase_floors":[20,20,39,39,39,39,53,53],"current_hp_per_floor":[90,90,87,87,87,87,87,73,73,60,60,60,60,59,61,60,92,92,80,80,82,82,74,74,44,44,54,56,58,58,58,58,48,114,114,116,116,105,107,107,107,107,107,107,101,101,103,105,88,75,128,90,90,129,40,0,0,0],"gold":0,"neow_bonus":"RANDOM_COMMON_RELIC","is_daily":false,"chose_seed":false,"campfire_upgraded":9,"win_rate":0.0,"timestamp":1613655591,"path_taken":["R","M","M","M","?","R","T","E","R","M","M","R","?","M","M","BOSS","R","M","$","M","?","E","T","E","?","R","M","?","R","?","M","BOSS","BOSS","R","M","M","M","$","R","T","E","R","M","?","M","?","M","M","BOSS","E","$","R","BOSS","BOSS"],"items_purchased_type":["Card","Relic","Relic","Card","Card","Card","Relic","Potion"],"build_version":"2020-12-22","purchased_purges":2,"victory":false,"max_hp_per_floor":[90,90,90,90,90,90,90,90,90,90,90,90,90,90,92,92,92,92,94,94,96,96,98,98,100,100,110,112,114,114,114,114,114,114,114,116,116,118,120,120,120,120,120,120,122,122,124,126,128,128,128,130,130,130,130,130,130,130],"relic_stats":{"Singing Bowl":30,"Happy Flower":[51],"counters":[33,171],"Blue Candle":[2],"War Paint":["champ:Taunt","champ:Defend"],"Orichalcum":[36],"Blood Vial":3,"Nunchaku":[22],"Lizard Tail":65,"Busted Crown":24,"Nloth\u0027s Gift":1,"obtain_stats":[{"downfall:HeartBlessingRed":6,"Singing Bowl":7,"Happy Flower":8,"Blue Candle":41,"champ:ChampionCrown":0,"downfall:HeartBlessingGreen":43,"War Paint":0,"Orichalcum":25,"Old Coin":23,"Blood Vial":52,"Nunchaku":31,"Lizard Tail":42,"downfall:BrokenWingStatue":5,"Busted Crown":34,"DollysMirror":20,"downfall:HeartBlessingBlue":27,"Nloth\u0027s Gift":26,"Membership Card":39,"bronze:MakeshiftBattery":17,"InkBottle":53},{"downfall:HeartBlessingRed":3,"Singing Bowl":3,"Happy Flower":4,"Blue Candle":22,"champ:ChampionCrown":0,"downfall:HeartBlessingGreen":23,"War Paint":0,"Orichalcum":14,"Old Coin":13,"Blood Vial":31,"Nunchaku":16,"Lizard Tail":23,"downfall:BrokenWingStatue":3,"Busted Crown":18,"DollysMirror":11,"downfall:HeartBlessingBlue":14,"Nloth\u0027s Gift":14,"Membership Card":22,"bronze:MakeshiftBattery":9,"InkBottle":31},{"downfall:HeartBlessingRed":11,"Singing Bowl":11,"Happy Flower":17,"Blue Candle":93,"champ:ChampionCrown":0,"downfall:HeartBlessingGreen":100,"War Paint":0,"Orichalcum":59,"Old Coin":49,"Blood Vial":139,"Nunchaku":66,"Lizard Tail":100,"downfall:BrokenWingStatue":11,"Busted Crown":77,"DollysMirror":42,"downfall:HeartBlessingBlue":59,"Nloth\u0027s Gift":59,"Membership Card":93,"bronze:MakeshiftBattery":35,"InkBottle":139}],"InkBottle":[13]},"card_choices":[{"not_picked":["champ:FalseCounter","champ:Haymaker"],"picked":"champ:TornadoPunch","floor":2.0},{"not_picked":["champ:BladeFlurry","champ:ShieldSlam"],"picked":"champ:ShieldWall","floor":3.0},{"not_picked":["champ:HeartStrike","champ:RecklessLeap"],"picked":"champ:CrownThrow","floor":4.0},{"not_picked":["champ:SwordThrow","champ:CrownThrow"],"picked":"champ:DefensiveStyle","floor":8.0},{"not_picked":["champ:SkillfulDodge","champ:Circumvent"],"picked":"champ:Duel","floor":10.0},{"not_picked":["champ:AdrenalArmor","champ:CalledShot"],"picked":"champ:FocusedDefense","floor":11.0},{"not_picked":["champ:Shatter","champ:PerfectedStrike"],"picked":"champ:TornadoPunch","floor":14.0},{"not_picked":["champ:BerserkersShout","champ:Shatter","champ:BladeFlurry"],"picked":"Singing Bowl","floor":15.0},{"not_picked":["champ:DancingMaster","champ:SwordThrow"],"picked":"champ:TripleStrike","floor":16.0},{"not_picked":["champ:RapidStrikes","champ:EndlessRage","champ:GutPunch"],"picked":"Singing Bowl","floor":19.0},{"not_picked":["champ:EnGarde","champ:BerserkerStyle"],"picked":"champ:Circumvent","floor":20.0},{"not_picked":["champ:BerserkerStyle","champ:FanOfKnives","champ:AdrenalArmor"],"picked":"Singing Bowl","floor":21.0},{"not_picked":["champ:FocusedDefense","champ:FanOfKnives","champ:Shatter+1"],"picked":"Singing Bowl","floor":23.0},{"not_picked":["champ:StanceDance","champ:Endure","champ:FocusedBerserking"],"picked":"Singing Bowl","floor":25.0},{"not_picked":["champ:RapidStrikes","champ:PreciseThrust","champ:IronFortress"],"picked":"Singing Bowl","floor":28.0},{"not_picked":["champ:FanOfKnives+1","champ:PreciseThrust+1","champ:CrownThrow+1"],"picked":"Singing Bowl","floor":29.0},{"not_picked":["champ:HeavySlash","champ:EnragedBash"],"picked":"champ:SetATrap+1","floor":32.0},{"not_picked":["champ:GladiatorForm","champ:LastStand"],"picked":"champ:ShieldThrow","floor":33.0},{"not_picked":["champ:Circumvent"],"picked":"Singing Bowl","floor":36.0},{"not_picked":[],"picked":"champ:Duel+1","floor":37.0},{"not_picked":["champ:FanOfKnives+1"],"picked":"Singing Bowl","floor":38.0},{"not_picked":["champ:FaceSlap+1"],"picked":"Singing Bowl","floor":39.0},{"not_picked":[],"picked":"champ:IronFortress","floor":42.0},{"not_picked":[],"picked":"champ:Backstep","floor":44.0},{"not_picked":["champ:CrookedStrike+1"],"picked":"Singing Bowl","floor":45.0},{"not_picked":[],"picked":"champ:Parry","floor":46},{"not_picked":["champ:RisingSlash"],"picked":"Singing Bowl","floor":47},{"not_picked":["champ:PerfectedStrike"],"picked":"Singing Bowl","floor":48},{"not_picked":["champ:CrownThrow+1"],"picked":"Singing Bowl","floor":49},{"not_picked":["champ:Backstep+1"],"picked":"Singing Bowl","floor":52}],"player_experience":1802394,"relics_obtained":[{"floor":7.0,"key":"Singing Bowl"},{"floor":8.0,"key":"Happy Flower"},{"floor":23.0,"key":"Old Coin"},{"floor":25.0,"key":"Orichalcum"},{"floor":31.0,"key":"Nunchaku"},{"floor":41.0,"key":"Blue Candle"},{"floor":42.0,"key":"Lizard Tail"},{"floor":52,"key":"Blood Vial"}],"event_choices":[],"is_beta":false,"boss_relics":[{"not_picked":["Fusion Hammer","Runic Dome"],"picked":"bronze:MakeshiftBattery"},{"not_picked":["Sozu","Astrolabe"],"picked":"Busted Crown"}],"items_purged_floors":[20,39],"is_endless":false,"potions_floor_spawned":[2,8,10,11,14,16,25,28,32,33,37,38,42,46,47,49],"killed_by":"downfall:NeowBossFinal","ascension_level":1}}