{"host":"bxn2em57qlx5u4i0","time":1613615372,"event":{"mods":["BaseMod","Colored Map","Colored Powertips","Highlight Path","Minty Spire (QoL Compilation)","Random Character Button","Relic Sorter","Relic Stats","StSLib","SuperFastMode"],"gold_per_floor":[118,33,33,56,56,91,91,16,16,59,59,83,83,107,107,107,107],"floor_reached":16,"language":"ENG","playtime":300,"items_purged":["Strike_G"],"score":216,"play_id":"f9498e64-1295-48eb-8ad1-03e59fca7fb0","local_time":"20210217212932","is_ascension_mode":true,"campfire_choices":[{"data":"Envenom","floor":7.0,"key":"SMITH"},{"data":"Bullet Time","floor":11.0,"key":"SMITH"},{"data":"Dash","floor":15.0,"key":"SMITH"}],"circlet_count":0,"master_deck":["AscendersBane","Strike_G+1","Strike_G","Strike_G","Strike_G","Defend_G+1","Defend_G","Defend_G+1","Defend_G","Defend_G","Survivor","Neutralize+1","Envenom+1","Backflip","Dash+1","Infinite Blades","Bullet Time+1","Backflip"],"relics":["Ring of the Snake","Golden Idol","Tiny Chest","Happy Flower","Whetstone","War Paint"],"acts_visited":["Exordium"],"potions_floor_usage":[16],"damage_taken":[{"damage":4.0,"enemies":"2 Louse","floor":1.0,"turns":4.0},{"damage":0.0,"enemies":"Cultist","floor":4.0,"turns":4.0},{"damage":15.0,"enemies":"Lagavulin","floor":6.0,"turns":5.0},{"damage":26.0,"enemies":"Gremlin Nob","floor":10.0,"turns":4.0},{"damage":0.0,"enemies":"Jaw Worm","floor":12.0,"turns":4.0},{"damage":0.0,"enemies":"Red Slaver","floor":14.0,"turns":4.0},{"damage":28,"enemies":"Slime Boss","floor":16,"turns":3}],"seed_played":"297347254708338392","potions_obtained":[{"floor":4.0,"key":"Fire Potion"},{"floor":5.0,"key":"Poison Potion"},{"floor":10.0,"key":"SpeedPotion"},{"floor":14.0,"key":"Energy Potion"}],"is_trial":false,"path_per_floor":["M","$","?","M","?","E","R","$","T","E","R","M","?","M","R","B"],"character_chosen":"THE_SILENT","items_purchased":["Dash"],"campfire_rested":0,"item_purchase_floors":[2],"current_hp_per_floor":[55,55,55,55,55,40,40,40,40,14,14,14,14,14,14,0,0],"gold":107,"neow_bonus":"ONE_RANDOM_RARE_CARD","is_daily":false,"chose_seed":false,"campfire_upgraded":3,"win_rate":0.0,"timestamp":1613615372,"path_taken":["M","$","?","M","?","E","R","$","T","E","R","?","?","?","R","BOSS"],"items_purchased_type":["Card"],"build_version":"2020-12-22","purchased_purges":1,"victory":false,"max_hp_per_floor":[66,66,60,60,60,60,60,60,60,60,60,60,60,60,60,60,60],"relic_stats":{"Happy Flower":[5],"counters":[7,28],"Golden Idol":31,"Tiny Chest":0,"Whetstone":["Strike_G","Neutralize"],"War Paint":["Defend_G","Defend_G"],"obtain_stats":[{"Happy Flower":9,"Golden Idol":3,"Tiny Chest":6,"Whetstone":10,"War Paint":13,"Ring of the Snake":0},{"Happy Flower":3,"Golden Idol":1,"Tiny Chest":3,"Whetstone":4,"War Paint":5,"Ring of the Snake":0},{"Happy Flower":13,"Golden Idol":4,"Tiny Chest":13,"Whetstone":17,"War Paint":21,"Ring of the Snake":0}],"Ring of the Snake":[14]},"card_choices":[{"not_picked":["Prepared","PiercingWail"],"picked":"Backflip","floor":1.0},{"not_picked":["Caltrops","Reflex"],"picked":"Infinite Blades","floor":4.0},{"not_picked":["Heel Hook","Sucker Punch","Deadly Poison"],"picked":"SKIP","floor":6.0},{"not_picked":["Accuracy","Deflect"],"picked":"Bullet Time","floor":10.0},{"not_picked":["Caltrops","Quick Slash"],"picked":"Backflip","floor":12.0},{"not_picked":["Sucker Punch","Deflect","Eviscerate"],"picked":"SKIP","floor":14.0}],"player_experience":3039145,"relics_obtained":[{"floor":6.0,"key":"Tiny Chest"},{"floor":9.0,"key":"Happy Flower"},{"floor":10.0,"key":"Whetstone"}],"event_choices":[{"damage_healed":0.0,"max_hp_gain":0.0,"max_hp_loss":6.0,"gold_gain":0.0,"event_name":"Golden Idol","player_choice":"Lose Max HP","floor":3.0,"gold_loss":0.0,"damage_taken":0.0,"relics_obtained":["Golden Idol"]},{"damage_healed":0.0,"max_hp_gain":0.0,"max_hp_loss":0.0,"gold_gain":0.0,"event_name":"Lab","player_choice":"Got Potions","floor":5.0,"gold_loss":0.0,"damage_taken":0.0},{"damage_healed":0.0,"max_hp_gain":0.0,"max_hp_loss":0.0,"gold_gain":0.0,"event_name":"WeMeetAgain","player_choice":"Gave Potion","floor":13.0,"gold_loss":0.0,"damage_taken":0.0,"relics_obtained":["War Paint"]}],"is_beta":false,"boss_relics":[],"items_purged_floors":[8],"is_endless":false,"potions_floor_spawned":[4,10,14],"killed_by":"Slime Boss","ascension_level":20}}