{"host":"126yiuos2nq86se7","time":1613618346,"event":{"mods":["2.2 Compatiblity","AchievementEnabler","Act Like it!","BaseMod","Colored Map","Colored Powertips","Friendly Minions","Hermit","Highlight Path","KomeijiMod","Minty Spire (QoL Compilation)","StSLib","SuperFastMode","The Bug Knight","The Hierophant"],"gold_per_floor":[112,112,132,147,147,177,177,187,213,223,243,11,29,42,42,137,137,151,165,65,75,3,3,16,16,16,28,43,43,60,60,60,165,215,228,228,77,77,77,77],"floor_reached":39,"language":"ENG","playtime":5200,"items_purged":["Strike_G","Strike_G","Strike_G"],"score":387,"play_id":"85745225-0736-497d-896f-1fd551be082f","local_time":"20210218141906","is_ascension_mode":false,"campfire_choices":[{"floor":7,"key":"REST"},{"floor":15,"key":"REST"},{"floor":23,"key":"REST"},{"floor":25,"key":"REST"},{"floor":29,"key":"REST"},{"floor":32,"key":"REST"}],"circlet_count":0,"master_deck":["Defend_G","Defend_G","Defend_G","Defend_G","Survivor","Neutralize","Underhanded Strike","A Thousand Cuts","Underhanded Strike","Dagger Throw","PiercingWail","Terror","Blur","Acrobatics","Infinite Blades","Tools of the Trade","Blur","Footwork+1","Well Laid Plans+1","Noxious Fumes","Reflex+1","Underhanded Strike+1","PiercingWail+1","Deflect","Envenom","Footwork","Calculated Gamble","Acrobatics"],"relics":["Ring of the Snake","Boot","Akabeko","Omamori","Fusion Hammer","HollowMod:PaleOreRelic","Tiny House"],"acts_visited":["Exordium","TheCity","TheBeyond"],"potions_floor_usage":[6,16,16,16,33,33,33],"damage_taken":[{"damage":1,"enemies":"Cultist","floor":1,"turns":4},{"damage":6,"enemies":"2 Louse","floor":3,"turns":3},{"damage":0,"enemies":"Small Slimes","floor":4,"turns":3},{"damage":26,"enemies":"3 Sentries","floor":6,"turns":6},{"damage":0,"enemies":"3 Louse","floor":8,"turns":5},{"damage":13,"enemies":"Gremlin Gang","floor":10,"turns":4},{"damage":7,"enemies":"2 Fungi Beasts","floor":11,"turns":3},{"damage":10,"enemies":"3 Louse","floor":13,"turns":4},{"damage":2,"enemies":"Looter","floor":14,"turns":3},{"damage":1,"enemies":"Slime Boss","floor":16,"turns":6},{"damage":0,"enemies":"Chosen","floor":18,"turns":4},{"damage":8,"enemies":"Spheric Guardian","floor":19,"turns":4},{"damage":10,"enemies":"Cultist and Chosen","floor":21,"turns":6},{"damage":8,"enemies":"Snake Plant","floor":24,"turns":5},{"damage":6,"enemies":"Shelled Parasite and Fungi","floor":27,"turns":7},{"damage":4,"enemies":"Chosen and Byrds","floor":28,"turns":7},{"damage":7,"enemies":"Snecko","floor":30,"turns":7},{"damage":30,"enemies":"Collector","floor":33,"turns":6},{"damage":45,"enemies":"Orb Walker","floor":35,"turns":5},{"damage":39,"enemies":"3 Shapes","floor":39,"turns":3}],"seed_played":"-8254470697663238917","potions_obtained":[{"floor":3,"key":"Energy Potion"},{"floor":5,"key":"CunningPotion"},{"floor":5,"key":"Explosive Potion"},{"floor":6,"key":"PowerPotion"},{"floor":10,"key":"PowerPotion"},{"floor":11,"key":"BlessingOfTheForge"},{"floor":16,"key":"Swift Potion"},{"floor":18,"key":"Explosive Potion"},{"floor":21,"key":"FearPotion"},{"floor":24,"key":"Strength Potion"},{"floor":33,"key":"Poison Potion"},{"floor":34,"key":"ColorlessPotion"},{"floor":35,"key":"GamblersBrew"}],"is_trial":false,"path_per_floor":["M","?","M","M","?","E","R","M","T","M","M","$","M","M","R","B",null,"M","M","$","M","$","R","M","R","T","M","M","R","M","?","R","B",null,"M","?","$","?","M"],"character_chosen":"THE_SILENT","items_purchased":["Omamori","Noxious Fumes","Acrobatics"],"campfire_rested":6,"item_purchase_floors":[12,22,37],"current_hp_per_floor":[48,48,42,42,42,16,37,37,37,24,17,17,7,5,26,25,70,70,62,62,52,52,70,62,70,70,64,60,70,63,63,70,40,75,30,30,30,30,0,0],"gold":77,"neow_bonus":"TRANSFORM_TWO_CARDS","is_daily":false,"chose_seed":false,"campfire_upgraded":0,"win_rate":0.0,"timestamp":1613618346,"path_taken":["M","?","M","M","?","E","R","M","T","M","M","$","M","M","R","BOSS","M","M","$","M","$","R","M","R","T","M","M","R","M","?","R","BOSS","M","?","$","?","M"],"items_purchased_type":["Relic","Card","Card"],"build_version":"2020-12-22","purchased_purges":3,"victory":false,"max_hp_per_floor":[70,70,70,70,70,70,70,70,70,70,70,70,70,70,70,70,70,70,70,70,70,70,70,70,70,70,70,70,70,70,70,70,70,75,75,75,75,75,75,75],"card_choices":[{"not_picked":["Setup","Slice"],"picked":"Underhanded Strike","floor":1},{"not_picked":["Flechettes","Endless Agony"],"picked":"Dagger Throw","floor":3},{"not_picked":["Quick Slash","Blade Dance"],"picked":"PiercingWail","floor":4},{"not_picked":["Deflect","Outmaneuver"],"picked":"Terror","floor":6},{"not_picked":["Dash","Bane","Sucker Punch"],"picked":"SKIP","floor":8},{"not_picked":["Setup","Concentrate"],"picked":"Blur","floor":10},{"not_picked":["Poisoned Stab","Bane","Bouncing Flask"],"picked":"SKIP","floor":11},{"not_picked":["Terror","Skewer"],"picked":"Acrobatics","floor":13},{"not_picked":["Prepared","Catalyst"],"picked":"Infinite Blades","floor":14},{"not_picked":["Glass Knife","Wraith Form v2"],"picked":"Tools of the Trade","floor":16},{"not_picked":["PiercingWail","Blade Dance"],"picked":"Blur","floor":18},{"not_picked":["Blade Dance+1","Doppelganger"],"picked":"Footwork+1","floor":19},{"not_picked":["Quick Slash","Tactician"],"picked":"Well Laid Plans+1","floor":21},{"not_picked":["Expertise","Bouncing Flask"],"picked":"Reflex+1","floor":24},{"not_picked":["Crippling Poison","Finisher+1"],"picked":"Underhanded Strike+1","floor":27},{"not_picked":["Blade Dance","Outmaneuver"],"picked":"PiercingWail","floor":28},{"not_picked":["Prepared","Blade Dance"],"picked":"Deflect","floor":30},{"not_picked":["Storm of Steel","Tools of the Trade"],"picked":"Envenom","floor":33},{"not_picked":["Riddle With Holes+1","PiercingWail"],"picked":"Footwork","floor":34},{"not_picked":["Cloak And Dagger+1","Well Laid Plans+1"],"picked":"Calculated Gamble","floor":35}],"player_experience":1551307,"relics_obtained":[{"floor":6,"key":"Boot"},{"floor":9,"key":"Akabeko"},{"floor":26,"key":"HollowMod:PaleOreRelic"}],"event_choices":[{"damage_healed":0,"gold_gain":0,"player_choice":"Ignored","damage_taken":0,"max_hp_gain":0,"max_hp_loss":0,"event_name":"Liars Game","floor":2,"gold_loss":0},{"damage_healed":0,"gold_gain":0,"player_choice":"Got Potions","damage_taken":0,"max_hp_gain":0,"max_hp_loss":0,"event_name":"Lab","floor":5,"gold_loss":0},{"damage_healed":0,"gold_gain":0,"player_choice":"Ignored","damage_taken":0,"max_hp_gain":0,"max_hp_loss":0,"event_name":"Ghosts","floor":31,"gold_loss":0},{"damage_healed":0,"gold_gain":0,"player_choice":"Ignored","damage_taken":0,"max_hp_gain":0,"max_hp_loss":0,"event_name":"Tomb of Lord Red Mask","floor":36,"gold_loss":0},{"cards_removed":["Defend_G"],"damage_healed":0,"gold_gain":0,"player_choice":"Purged","damage_taken":0,"max_hp_gain":0,"max_hp_loss":0,"event_name":"Purifier","floor":38,"gold_loss":0}],"is_beta":false,"boss_relics":[{"not_picked":["Black Star","Empty Cage"],"picked":"Fusion Hammer"},{"not_picked":["Ring of the Serpent","Velvet Choker"],"picked":"Tiny House"}],"items_purged_floors":[12,20,37],"is_endless":false,"potions_floor_spawned":[3,6,10,11,14,16,18,21,24,33,35],"killed_by":"3 Shapes","ascension_level":0}}