{"host":"pqs17sqrgflf4eqa","time":1613657207,"event":{"mods":["AchievementEnabler","BaseMod","Bestiary","Better Altar","Better Match","Better Skull","Block Reminder","Bossed Relics","Colored Map","Colored Powertips","Curses Come First","Dark Map","DeckTracker","Defective Defect","Displayed Cursed Tome","Emptier Cage","Googly Eyes","Highlight Path","Minty Spire (QoL Compilation)","Quick Restart","Slay-I","StSLib","SuperFastMode","Synergy Search","Thieving Mod","Transform Curses","everything is the same but u backflip on backflip","slay the spire mod where everything is the same but ironclad has a cowboy hat"],"gold_per_floor":[19,19,19,39,49,75,75,104,104,134,134,168,168,183,183,278,278,290,290,310,21,34,34,48,77,77,77,105,21,37,56,56,152,152,164,182,182,0,20,20,20],"floor_reached":40,"language":"ENG","playtime":806,"items_purged":[],"score":748,"play_id":"769c916f-5078-48c6-96c4-270e48ad4588","local_time":"20210218090647","is_ascension_mode":true,"campfire_choices":[{"floor":13.0,"key":"REST"},{"data":"Tantrum","floor":15.0,"key":"SMITH"},{"floor":23.0,"key":"DIG"},{"floor":27.0,"key":"DIG"},{"floor":32.0,"key":"DIG"}],"circlet_count":0,"master_deck":["Strike_P","Strike_P","Strike_P","Strike_P","Defend_P","Defend_P","Defend_P","Defend_P","Eruption","Vigilance","Apotheosis+1","ForeignInfluence","FlurryOfBlows","Consecrate","CrushJoints","Tantrum+1","Crescendo","FlyingSleeves","Vault","EmptyMind","Fasting2","Judgement","ForeignInfluence","BowlingBash","Scrawl","Halt+1","Perseverance+1","Panache","FollowUp"],"relics":["PureWater","Bottled Lightning","Letter Opener","Orichalcum","Question Card","Bottled Flame","Matryoshka","Coffee Dripper","Shovel","Bag of Marbles","Kunai","Bronze Scales","White Beast Statue","Peace Pipe","Strawberry","Eternal Feather","Black Star","Red Mask"],"acts_visited":["Exordium","TheCity","TheBeyond"],"potions_floor_usage":[40],"damage_taken":[{"damage":2.0,"enemies":"Small Slimes","floor":1.0,"turns":3.0},{"damage":0.0,"enemies":"Cultist","floor":4.0,"turns":2.0},{"damage":0.0,"enemies":"Jaw Worm","floor":5.0,"turns":3.0},{"damage":16.0,"enemies":"3 Sentries","floor":6.0,"turns":4.0},{"damage":16.0,"enemies":"Gremlin Nob","floor":8.0,"turns":3.0},{"damage":4.0,"enemies":"Lagavulin","floor":10.0,"turns":3.0},{"damage":0.0,"enemies":"Gremlin Nob","floor":12.0,"turns":2.0},{"damage":0.0,"enemies":"Blue Slaver","floor":14.0,"turns":3.0},{"damage":0.0,"enemies":"Slime Boss","floor":16.0,"turns":3.0},{"damage":0.0,"enemies":"Chosen","floor":18.0,"turns":2.0},{"damage":0.0,"enemies":"Spheric Guardian","floor":20.0,"turns":2.0},{"damage":0.0,"enemies":"Snecko","floor":22.0,"turns":3.0},{"damage":0.0,"enemies":"3 Cultists","floor":24.0,"turns":3.0},{"damage":0.0,"enemies":"Slavers","floor":25.0,"turns":1.0},{"damage":18.0,"enemies":"Gremlin Leader","floor":28.0,"turns":3.0},{"damage":6.0,"enemies":"Snake Plant","floor":30.0,"turns":2.0},{"damage":0.0,"enemies":"Sentry and Sphere","floor":31.0,"turns":2.0},{"damage":8.0,"enemies":"Collector","floor":33.0,"turns":5.0},{"damage":22.0,"enemies":"Orb Walker","floor":35.0,"turns":3.0},{"damage":0.0,"enemies":"3 Darklings","floor":36.0,"turns":1.0},{"damage":31.0,"enemies":"Spire Growth","floor":39.0,"turns":3.0},{"damage":28,"enemies":"Reptomancer","floor":40,"turns":2}],"seed_played":"-7092864434986105428","potions_obtained":[{"floor":10.0,"key":"SteroidPotion"},{"floor":12.0,"key":"Fruit Juice"},{"floor":14.0,"key":"Strength Potion"},{"floor":16.0,"key":"DistilledChaos"},{"floor":18.0,"key":"DuplicationPotion"},{"floor":28.0,"key":"SteroidPotion"},{"floor":30.0,"key":"Ancient Potion"},{"floor":31.0,"key":"Regen Potion"},{"floor":33.0,"key":"SpeedPotion"},{"floor":35.0,"key":"AttackPotion"},{"floor":36.0,"key":"Fruit Juice"},{"floor":39.0,"key":"PowerPotion"}],"is_trial":false,"path_per_floor":["M","?","?","M","M","E","?","E","T","E","$","E","R","M","R","B",null,"M","$","M","$","M","R","M","E","T","R","E","$","M","M","R","B",null,"M","M","?","?","M","E"],"character_chosen":"WATCHER","items_purchased":["Shovel","ForeignInfluence","AttackPotion"],"campfire_rested":1,"item_purchase_floors":[21,29,29],"current_hp_per_floor":[63,63,63,63,63,47,47,31,31,27,27,27,48,53,53,53,71,71,71,71,71,71,71,71,71,71,71,60,60,54,54,54,55,77,55,60,55,55,24,0,0],"gold":20,"neow_bonus":"RANDOM_COLORLESS_2","is_daily":false,"chose_seed":false,"campfire_upgraded":1,"win_rate":0.0,"timestamp":1613657207,"path_taken":["M","?","?","M","M","E","?","E","T","E","$","E","R","M","R","BOSS","M","?","?","$","M","R","M","E","T","R","E","$","M","M","R","BOSS","M","M","?","?","M","E"],"items_purchased_type":["Relic","Card","Potion"],"build_version":"2020-12-22","purchased_purges":0,"victory":false,"max_hp_per_floor":[72,72,72,72,72,72,72,72,72,72,72,72,72,77,77,77,77,77,77,77,77,77,77,77,77,77,77,84,84,84,84,84,84,84,84,89,89,89,89,89,89],"card_choices":[{"not_picked":["Magnetism","Transmutation"],"picked":"Apotheosis","floor":0.0},{"not_picked":["Prostrate","ThirdEye"],"picked":"ForeignInfluence","floor":1.0},{"not_picked":["Halt","Evaluate"],"picked":"FlurryOfBlows","floor":4.0},{"not_picked":["CutThroughFate","Perseverance"],"picked":"Consecrate","floor":5.0},{"not_picked":["Wallop","Crescendo"],"picked":"CrushJoints","floor":6.0},{"not_picked":["FlurryOfBlows","Omniscience"],"picked":"Tantrum","floor":8.0},{"not_picked":["SashWhip","Weave","CutThroughFate","MentalFortress"],"picked":"SKIP","floor":10.0},{"not_picked":["SignatureMove","SandsOfTime","FollowUp"],"picked":"Crescendo","floor":12.0},{"not_picked":["WheelKick","ClearTheMind","JustLucky"],"picked":"FlyingSleeves","floor":14.0},{"not_picked":["DevaForm","Alpha","Brilliance"],"picked":"Vault","floor":16.0},{"not_picked":["Wallop","Study","WindmillStrike+1","TalkToTheHand"],"picked":"SKIP","floor":18.0},{"not_picked":["SandsOfTime","SashWhip","Perseverance","Adaptation"],"picked":"SKIP","floor":20.0},{"not_picked":["MentalFortress+1","JustLucky+1","CrushJoints"],"picked":"EmptyMind","floor":22.0},{"not_picked":["Weave+1","FlurryOfBlows","CrushJoints"],"picked":"Fasting2","floor":24.0},{"not_picked":["Collect+1","ClearTheMind","Evaluate","FlurryOfBlows"],"picked":"SKIP","floor":25.0},{"not_picked":["Crescendo","Meditate","Halt"],"picked":"Judgement","floor":28.0},{"not_picked":["FlurryOfBlows","EmptyBody+1","Halt+1"],"picked":"BowlingBash","floor":30.0},{"not_picked":["EmptyMind+1","Swivel","Fasting2+1","Consecrate"],"picked":"SKIP","floor":31.0},{"not_picked":["Omniscience","Alpha","DeusExMachina"],"picked":"Scrawl","floor":33.0},{"not_picked":["Evaluate","FlyingSleeves+1","Crescendo+1"],"picked":"Halt+1","floor":35.0},{"not_picked":["CarveReality","WreathOfFlame","Indignation+1"],"picked":"Perseverance+1","floor":36.0},{"not_picked":["Chrysalis","Metamorphosis","Blind"],"picked":"Panache","floor":37.0},{"not_picked":["Prostrate+1","Protect","ClearTheMind"],"picked":"FollowUp","floor":39.0}],"player_experience":235418,"relics_obtained":[{"floor":6.0,"key":"Bottled Lightning"},{"floor":7.0,"key":"Letter Opener"},{"floor":8.0,"key":"Orichalcum"},{"floor":9.0,"key":"Question Card"},{"floor":10.0,"key":"Bottled Flame"},{"floor":12.0,"key":"Matryoshka"},{"floor":23.0,"key":"Bag of Marbles"},{"floor":25.0,"key":"Kunai"},{"floor":26.0,"key":"Bronze Scales"},{"floor":26.0,"key":"White Beast Statue"},{"floor":27.0,"key":"Peace Pipe"},{"floor":28.0,"key":"Strawberry"},{"floor":32.0,"key":"Eternal Feather"}],"event_choices":[{"damage_healed":0.0,"max_hp_gain":0.0,"max_hp_loss":0.0,"gold_gain":0.0,"event_name":"Living Wall","player_choice":"Grow","floor":2.0,"gold_loss":0.0,"damage_taken":0.0,"cards_upgraded":["Apotheosis"]},{"damage_healed":0.0,"max_hp_gain":0.0,"max_hp_loss":0.0,"gold_gain":0.0,"event_name":"Golden Wing","player_choice":"Ignored","floor":3.0,"gold_loss":0.0,"damage_taken":0.0},{"damage_healed":0.0,"max_hp_gain":0.0,"max_hp_loss":0.0,"gold_gain":0.0,"event_name":"Wheel of Change","player_choice":"Relic","floor":7.0,"gold_loss":0.0,"damage_taken":0.0},{"damage_healed":0.0,"max_hp_gain":0.0,"max_hp_loss":0.0,"gold_gain":0.0,"event_name":"SensoryStone","player_choice":"Memory 2","floor":37.0,"gold_loss":0.0,"damage_taken":5.0},{"damage_healed":0.0,"max_hp_gain":0.0,"max_hp_loss":0.0,"gold_gain":0.0,"event_name":"Tomb of Lord Red Mask","player_choice":"Paid","floor":38.0,"gold_loss":182.0,"damage_taken":0.0,"relics_obtained":["Red Mask"]}],"is_beta":false,"boss_relics":[{"not_picked":["Runic Dome","Runic Pyramid"],"picked":"Coffee Dripper"},{"not_picked":["Philosopher\u0027s Stone","HolyWater"],"picked":"Black Star"}],"items_purged_floors":[],"is_endless":false,"potions_floor_spawned":[10,12,14,16,18,28,30,31,33,35,36,39],"killed_by":"Reptomancer","ascension_level":6}}