{"host":"t9zjxed0utvsfjwc","time":1613616012,"event":{"mods":["2.2 Compatiblity","Act Like it!","Aspiration","BaseMod","Better Altar","Better Match","Better Note","Better Sensory Stone","Better Skull","Better Third Choice","Block Reminder","Colored Map","Colored Powertips","Conspire","Defuse TimeMaze Blight","Energized Spire","GifTheSpireLib","Hermit","Highlight Path","Hubris","Infinite Spire","Marked Mod","Minty Spire (QoL Compilation)","Quick Restart","Rare Cards Sparkle","Relic Sorter","Relic Stats","Reliquary","Replay The Spire","Ruina","StSLib","Stuff the Spire","The Blue Laboratory","The Jungle","The Marked","Unceasing Turn Reminder","Wandering Minibosses","everything is the same but u backflip on backflip"],"gold_per_floor":[116,156,156,7,7,7,7,7,60,91,101,119,145,70,70,166,166,182,182,182,182,202,202,214,214,214,129,129,54,66,66,66,162,162,178,28,78,96,146,172,187,187,187,202,302,302,330,399,399,399,399],"floor_reached":50,"language":"ENG","playtime":2655,"items_purged":["hermit:Defend_Hermit","hermit:Strike_Hermit","hermit:Strike_Hermit","hermit:Defend_Hermit"],"score":596,"play_id":"3adc840b-d744-49af-b45c-4d01d73fa279","local_time":"20210218024012","is_ascension_mode":true,"campfire_choices":[{"data":"1","floor":6,"key":"LIFT"},{"data":"2","floor":8,"key":"LIFT"},{"data":"3","floor":15,"key":"LIFT"},{"data":"StuffTheSpire:CelestialWarden","floor":23,"key":"SMITH"},{"data":"hermit:TakeCover","floor":28,"key":"SMITH"},{"floor":32,"key":"REST"},{"floor":42,"key":"REST"},{"data":"hermit:Covet","floor":46,"key":"SMITH"},{"floor":49,"key":"REST"}],"circlet_count":0,"master_deck":["hermit:Strike_Hermit","hermit:Strike_Hermit","hermit:Defend_Hermit","hermit:Defend_Hermit","hermit:Snapshot","hermit:Covet+1","hermit:Quickdraw+1","StuffTheSpire:CelestialWarden+1","hermit:TakeCover+1","hermit:FullyLoaded+1","Parasite"],"relics":["Girya","theMarked:KettuFlask","infinitespire:Chaos","Unceasing Top","hubris:SlimyHat","hubris:RunicObelisk","Boot","SsserpentHead","Question Card","reliquary:RedCape","reliquary:WeakTea","hubris:GlazedTorus","CaptainsWheel","StuffTheSpire:DarkSteelAnvil"],"acts_visited":["Exordium","TheCity","TheBeyond"],"potions_floor_usage":[16,16,33,33,40,47,48,50],"damage_taken":[{"damage":0,"enemies":"2 Louse","floor":1,"turns":2},{"damage":25,"enemies":"conspire:MimicChest","floor":2,"turns":6},{"damage":29,"enemies":"Lagavulin","floor":10,"turns":6},{"damage":3,"enemies":"conspire:RoseBush","floor":11,"turns":1},{"damage":0,"enemies":"Jaw Worm","floor":12,"turns":2},{"damage":12,"enemies":"Hexaghost","floor":16,"turns":6},{"damage":14,"enemies":"conspire:FuzzyDice","floor":18,"turns":5},{"damage":0,"enemies":"Spheric Guardian","floor":22,"turns":3},{"damage":1,"enemies":"Chosen and Byrds","floor":24,"turns":6},{"damage":0,"enemies":"Centurion and Healer","floor":30,"turns":4},{"damage":4,"enemies":"conspire:MysteriousRune","floor":33,"turns":7},{"damage":10,"enemies":"Orb Walker","floor":35,"turns":5},{"damage":0,"enemies":"3 Shapes","floor":38,"turns":3},{"damage":20,"enemies":"R_Hoarder","floor":40,"turns":8},{"damage":0,"enemies":"Maw","floor":41,"turns":6},{"damage":0,"enemies":"Spire Growth","floor":44,"turns":3},{"damage":0,"enemies":"Mind Bloom Boss Battle","floor":45,"turns":5},{"damage":0,"enemies":"Nightmare","floor":47,"turns":7},{"damage":12,"enemies":"Writhing Mass","floor":48,"turns":4},{"damage":91,"enemies":"hubris:GrandSnecko","floor":50,"turns":7}],"seed_played":"-7260598617086444280","potions_obtained":[{"floor":11,"key":"blueLaboratory:NullPotion"},{"floor":12,"key":"Dexterity Potion"},{"floor":24,"key":"blueLaboratory:BottledHope"},{"floor":30,"key":"ColorlessPotion"},{"floor":38,"key":"blueLaboratory:LouseDecoction"},{"floor":44,"key":"FairyPotion"},{"floor":45,"key":"blueLaboratory:AbyssPotion"},{"floor":47,"key":"Death Potion"},{"floor":48,"key":"PowerPotion"}],"is_trial":false,"path_per_floor":["M","?","?","$","?","R","?","R","T","E","M","M","T","$","R","B",null,"M","?","?","?","M","R","M","?","T","$","R","$","M","$","R","B",null,"M","$","?","M","?","E","M","R","T","M","?","R","NM","M","R","B"],"character_chosen":"HERMIT","items_purchased":["infinitespire:Chaos","hermit:TakeCover"],"campfire_rested":3,"item_purchase_floors":[4,27],"current_hp_per_floor":[75,50,50,50,47,47,47,47,47,18,15,15,15,15,15,3,75,61,52,52,52,52,52,51,51,51,51,51,51,51,51,73,69,75,65,65,47,47,47,27,27,49,49,49,49,49,49,37,59,0,0],"gold":399,"neow_bonus":"BOSS_RELIC","is_daily":false,"chose_seed":false,"campfire_upgraded":3,"win_rate":0.0,"timestamp":1613616012,"path_taken":["M","?","?","$","?","R","?","R","T","E","?","M","?","$","R","BOSS","M","?","?","?","?","R","M","?","T","?","R","?","M","$","R","BOSS","M","$","?","M","?","E","M","R","T","M","?","R","NM","?","R","BOSS"],"items_purchased_type":["Relic","Card"],"build_version":"2020-12-22","purchased_purges":4,"victory":false,"max_hp_per_floor":[75,75,75,75,75,75,75,75,75,75,75,75,75,75,75,75,75,75,75,75,75,75,75,75,75,75,75,75,75,75,75,75,75,75,75,75,75,75,75,75,75,75,75,75,75,75,75,75,75,75,75],"relic_stats":{"SsserpentHead":300,"counters":[20,96],"Boot":[17],"Question Card":12,"obtain_stats":[{"Girya":4,"reliquary:PartyBalloon":13,"infinitespire:EmptyRelic":4,"hubris:SlimyHat":9,"reliquary:WeakTea":40,"reliquary:RosewoodLute":2,"hubris:RunicObelisk":17,"reliquary:RedCape":34,"Boot":21,"Question Card":26,"theMarked:KettuFlask":4,"reliquary:KinkedSpring":0,"SsserpentHead":25,"CaptainsWheel":45,"StuffTheSpire:DarkSteelAnvil":47,"infinitespire:Chaos":4,"hermit:Momento":0,"Unceasing Top":5,"hubris:GlazedTorus":43},{"Girya":2,"reliquary:PartyBalloon":5,"infinitespire:EmptyRelic":2,"hubris:SlimyHat":2,"reliquary:WeakTea":14,"reliquary:RosewoodLute":2,"hubris:RunicObelisk":6,"reliquary:RedCape":11,"Boot":7,"Question Card":9,"theMarked:KettuFlask":2,"reliquary:KinkedSpring":0,"SsserpentHead":9,"CaptainsWheel":17,"StuffTheSpire:DarkSteelAnvil":18,"infinitespire:Chaos":2,"hermit:Momento":0,"Unceasing Top":2,"hubris:GlazedTorus":15},{"Girya":8,"reliquary:PartyBalloon":17,"infinitespire:EmptyRelic":8,"hubris:SlimyHat":8,"reliquary:WeakTea":64,"reliquary:RosewoodLute":8,"hubris:RunicObelisk":23,"reliquary:RedCape":48,"Boot":28,"Question Card":37,"theMarked:KettuFlask":8,"reliquary:KinkedSpring":0,"SsserpentHead":37,"CaptainsWheel":78,"StuffTheSpire:DarkSteelAnvil":85,"infinitespire:Chaos":8,"hermit:Momento":0,"Unceasing Top":8,"hubris:GlazedTorus":70}],"Unceasing Top":[278]},"card_choices":[{"not_picked":["hermit:Brawl","hermit:TakeAim"],"picked":"hermit:Quickdraw","floor":1},{"not_picked":["hermit:BodyArmor","hermit:Roughhouse","hermit:GhostlyPresence"],"picked":"SKIP","floor":10},{"not_picked":["hermit:Dive","hermit:Glare"],"picked":"hermit:CursedWeapon","floor":11},{"not_picked":["hermit:Ricochet","hermit:Coalescence","hermit:Determination"],"picked":"SKIP","floor":12},{"not_picked":["hermit:WideOpen","hermit:CalledShot","hermit:NoHoldsBarred+1"],"picked":"SKIP","floor":18},{"not_picked":["StuffTheSpire:Brawn","StuffTheSpire:Innocence"],"picked":"StuffTheSpire:CelestialWarden","floor":20},{"not_picked":["hermit:Manifest+1","hermit:Snipe+1","hermit:ItchyTrigger"],"picked":"SKIP","floor":22},{"not_picked":["hermit:Roulette","hermit:Grudge","hermit:Snipe"],"picked":"SKIP","floor":24},{"not_picked":["hermit:Manifest","hermit:HighNoon","hermit:SprayPray","hermit:GhostlyPresence"],"picked":"SKIP","floor":30},{"not_picked":["hermit:Glare","hermit:BigShot+1","hermit:Desperado+1","hermit:Manifest"],"picked":"SKIP","floor":35},{"not_picked":["hermit:Coalescence+1","hermit:CalledShot","hermit:Vantage+1","hermit:LowProfile+1"],"picked":"SKIP","floor":38},{"not_picked":["hermit:SprayPray+1","hermit:HoleUp+1","hermit:Gestalt+1","hermit:HighCaliber"],"picked":"SKIP","floor":40},{"not_picked":["hermit:FlashPowder+1","hermit:HoleUp","hermit:Snipe","hermit:TakeCover+1"],"picked":"SKIP","floor":41},{"not_picked":["hermit:Ricochet","hermit:Shortfuse+1","hermit:FullyLoaded","hermit:Spite"],"picked":"SKIP","floor":44},{"not_picked":["hermit:Brawl","hermit:Dive","hermit:BigShot+1"],"picked":"hermit:FullyLoaded+1","floor":45},{"not_picked":["hermit:Magnum","hermit:Coalescence","hermit:BodyArmor+1","hermit:BlackWind"],"picked":"SKIP","floor":47},{"not_picked":["hermit:BodyArmor+1","hermit:LoneWolf","hermit:DeadMansHand","hermit:Malice"],"picked":"SKIP","floor":48}],"player_experience":480793,"relics_obtained":[{"floor":2,"key":"reliquary:RosewoodLute"},{"floor":9,"key":"hubris:SlimyHat"},{"floor":13,"key":"reliquary:PartyBalloon"},{"floor":26,"key":"Question Card"},{"floor":40,"key":"reliquary:WeakTea"},{"floor":43,"key":"hubris:GlazedTorus"},{"floor":45,"key":"CaptainsWheel"},{"floor":47,"key":"StuffTheSpire:DarkSteelAnvil"}],"event_choices":[{"damage_healed":0,"gold_gain":0,"player_choice":"Relic ","damage_taken":3,"max_hp_gain":0,"max_hp_loss":0,"event_name":"betterThird:BetterScrap","floor":5,"gold_loss":0,"cards_obtained":["Collect"]},{"damage_healed":0,"gold_gain":0,"player_choice":"Ignored","damage_taken":7,"max_hp_gain":0,"max_hp_loss":0,"event_name":"betterThird:BetterSerpent","floor":7,"gold_loss":0},{"damage_healed":0,"gold_gain":0,"player_choice":"Stopped","damage_taken":9,"max_hp_gain":0,"max_hp_loss":0,"event_name":"Cursed Tome","floor":19,"gold_loss":0},{"cards_removed":["hermit:CursedWeapon"],"damage_healed":0,"gold_gain":0,"player_choice":"Gave Card","damage_taken":0,"relics_obtained":["Boot"],"max_hp_gain":0,"max_hp_loss":0,"event_name":"WeMeetAgain","floor":21,"gold_loss":0},{"damage_healed":0,"gold_gain":0,"player_choice":"Trade","damage_taken":0,"relics_obtained":["SsserpentHead"],"max_hp_gain":0,"max_hp_loss":0,"event_name":"FaceTrader","floor":25,"gold_loss":0},{"damage_healed":0,"gold_gain":0,"player_choice":"Ignored","damage_taken":0,"max_hp_gain":0,"max_hp_loss":0,"event_name":"Tomb of Lord Red Mask","floor":39,"gold_loss":0},{"damage_healed":0,"gold_gain":0,"player_choice":"Fight","damage_taken":0,"max_hp_gain":0,"max_hp_loss":0,"event_name":"MindBloom","floor":45,"gold_loss":0}],"is_beta":false,"boss_relics":[{"not_picked":["Abe\u0027s Treasure","hubris:HollowSoul"],"picked":"hubris:RunicObelisk"},{"not_picked":["energizedSpire:OgreHead","conspire:SpecialSausage"],"picked":"reliquary:RedCape"}],"items_purged_floors":[14,27,29,36],"is_endless":true,"potions_floor_spawned":[11,12,24,30,38,44,45,47,48],"killed_by":"hubris:GrandSnecko","ascension_level":1}}