{"host":"56xwnffi6e9z5l58","time":1613666634,"event":{"mods":["Aspiration","BaseMod","Better Match","Better Note","Better Sensory Stone","BetterRewards","Colored Map","Colored Powertips","Conspire","Downfall","GifTheSpireLib","Hermit","Highlight Path","Hubris","Infinite Spire","Key Reminder","Minty Spire (QoL Compilation)","Permanent Neow","Quick Restart","Rare Cards Sparkle","Replay The Spire","StSLib","Stuff the Spire","SuperFastMode","Unceasing Turn Reminder"],"gold_per_floor":[199,210,210,222,241,226,226,238,238,35,61,61,61,46,60,161,161,61,80,94,104,89,89,115,150,160,170,184,184,15,40,51,155,155,155,172,183,194,194,194,194,194,216,216,269,44,44,96,133,145,145,145],"floor_reached":50,"language":"ENG","playtime":2127,"items_purged":["bronze:Strike","bronze:Strike"],"score":641,"play_id":"f8e61faf-3cc1-4359-a087-776b3d16f741","local_time":"20210219004354","is_ascension_mode":false,"campfire_choices":[{"data":"bronze:Replicate","floor":1,"key":"SMITH"},{"data":"bronze:Optimize","floor":9,"key":"SMITH"},{"data":"bronze:Format","floor":13,"key":"SMITH"},{"data":"bronze:HardenedForm","floor":18,"key":"SMITH"},{"data":"bronze:RecursiveStrike","floor":35,"key":"SMITH"},{"floor":44,"key":"REST"},{"floor":47,"key":"REST"}],"circlet_count":0,"master_deck":["bronze:Defend","bronze:Defend","bronze:Defend","bronze:Defend","bronze:Replicate+1","bronze:Goto","bronze:Optimize+1","bronze:Return","bronze:Boost","bronze:Safeguard","bronze:Format+1","bronze:Fortify","bronze:FollowUp","StuffTheSpire:Vigor","bronze:FineTuning","bronze:ChildClass","bronze:HyperBeam","Doubt","bronze:HardenedForm+1","ReplayTheSpireMod:Private Reserves","ReplayTheSpireMod:Chaos Vortex+1","Neutralize","bronze:FollowUp+1","bronze:BronzeOrb","bronze:Repair","bronze:ShipIt","bronze:Assembly","bronze:FineTuning+1","bronze:ClassDefault","bronze:CleanCode","bronze:RecursiveStrike+1","bronze:Overheat","bronze:AlphaBuild","bronze:GetLatest","bronze:BronzeArmor","bronze:DelayedGuard+1","bronze:CloningBeam+1","bronze:ClassDefault+1","bronze:Iterate+1","bronze:ItsAFeature","bronze:ChosenStrike","bronze:Overload+1"],"relics":["bronze:BronzeCore","hubris:GlazedTorus","Torii","keyreminder:keyreminder","ReplayTheSpireMod:SealedPack","downfall:HeartBlessingGreen","Happy Flower","Orichalcum","hubris:DeckOfHolding","Empty Cage","Replay:Bandana","Replay:Multitool","hubris:ToyBattleship","Guardian:PocketSentry","bronze:CableSpool"],"acts_visited":["Exordium","TheCity","TheBeyond"],"potions_floor_usage":[33,45,50],"damage_taken":[{"damage":10,"enemies":"Small Slimes","floor":2,"turns":3},{"damage":6,"enemies":"Cultist","floor":4,"turns":3},{"damage":6,"enemies":"Jaw Worm","floor":5,"turns":4},{"damage":5,"enemies":"downfall:FleeingMerchant","floor":6,"turns":4},{"damage":6,"enemies":"Lots of Slimes","floor":8,"turns":5},{"damage":0,"enemies":"downfall:FleeingMerchant","floor":10,"turns":4},{"damage":0,"enemies":"Lagavulin","floor":11,"turns":5},{"damage":1,"enemies":"downfall:FleeingMerchant","floor":14,"turns":4},{"damage":1,"enemies":"3 Louse","floor":15,"turns":4},{"damage":0,"enemies":"DF_ARCHETYPE_STREAMLINE","floor":16,"turns":6},{"damage":6,"enemies":"3 Byrds","floor":19,"turns":6},{"damage":0,"enemies":"downfall:LooterAlt2","floor":20,"turns":3},{"damage":1,"enemies":"Centurion and Healer","floor":21,"turns":9},{"damage":0,"enemies":"downfall:FleeingMerchant","floor":22,"turns":4},{"damage":15,"enemies":"Slavers","floor":25,"turns":5},{"damage":12,"enemies":"3 Cultists","floor":26,"turns":6},{"damage":0,"enemies":"Cultist and Chosen","floor":27,"turns":8},{"damage":0,"enemies":"Sentry and Sphere","floor":28,"turns":7},{"damage":0,"enemies":"downfall:FleeingMerchant","floor":30,"turns":4},{"damage":7,"enemies":"conspire:SneckoGhost","floor":31,"turns":9},{"damage":31,"enemies":"Snake Plant","floor":32,"turns":6},{"damage":2,"enemies":"WA_ARCHETYPE_CALM","floor":33,"turns":8},{"damage":1,"enemies":"3 Darklings","floor":36,"turns":9},{"damage":14,"enemies":"Orb Walker","floor":37,"turns":5},{"damage":46,"enemies":"Sphere and 2 Shapes","floor":38,"turns":6},{"damage":30,"enemies":"Spire Growth","floor":43,"turns":8},{"damage":52,"enemies":"Giant Head","floor":45,"turns":9},{"damage":0,"enemies":"downfall:FleeingMerchant","floor":46,"turns":1},{"damage":9,"enemies":"Maw","floor":48,"turns":9},{"damage":24,"enemies":"Transient","floor":49,"turns":5},{"damage":55,"enemies":"IC_BLOCK_ARCHETYPE","floor":50,"turns":2}],"seed_played":"-6265652009851190459","potions_obtained":[{"floor":2,"key":"Milkshake"},{"floor":3,"key":"Elixir"},{"floor":3,"key":"FairyPotion"},{"floor":11,"key":"DuplicationPotion"},{"floor":27,"key":"PowerPotion"},{"floor":36,"key":"bronze:CleanCodePotion"},{"floor":48,"key":"SkillPotion"}],"is_trial":false,"path_per_floor":["R","M","?","M","M","$","T","M","R","$","E","?","R","$","M","B",null,"R","M","M","M","$","?","T","E","M","M","M","?","$","E","M","B",null,"R","M","M","M","?","AVR","T","$","M","R","E","$","R","M","M","B"],"character_chosen":"THE_AUTOMATON","items_purchased":["bronze:Fortify","PreservedInsect","bronze:CleanCode","Guardian:PocketSentry","bronze:CableSpool","bronze:Iterate+1","bronze:ItsAFeature"],"campfire_rested":2,"item_purchase_floors":[10,10,30,46,46,46,46],"current_hp_per_floor":[70,60,60,54,48,43,43,37,37,37,37,37,37,36,35,35,70,70,64,64,63,70,70,70,62,57,70,70,70,70,70,49,57,70,70,70,56,21,21,21,21,21,21,42,38,38,59,60,36,0,0,0],"gold":145,"neow_bonus":"HUNDRED_GOLD","is_daily":false,"chose_seed":false,"campfire_upgraded":5,"win_rate":0.0,"timestamp":1613666634,"path_taken":["R","M","?","M","M","$","T","M","R","?","E","?","R","?","M","BOSS","R","M","M","M","$","?","T","E","M","?","M","?","$","E","M","BOSS","R","M","M","M","?","AVR","T","?","M","R","E","$","R","M","M","BOSS"],"items_purchased_type":["Card","Relic","Card","Relic","Relic","Card","Card"],"build_version":"2020-12-22","purchased_purges":2,"victory":false,"max_hp_per_floor":[70,70,70,70,70,70,70,70,70,70,70,70,70,70,70,70,70,70,70,70,70,70,70,70,70,70,70,70,70,70,70,70,70,70,70,70,70,70,70,70,70,70,70,70,70,70,70,70,70,70,70,70],"card_choices":[{"not_picked":["bronze:BitShift","bronze:DigitalCarnage"],"picked":"bronze:Optimize","floor":2},{"not_picked":["bronze:Iterate","bronze:Branch"],"picked":"bronze:Return","floor":4},{"not_picked":["bronze:FineTuning","bronze:Shield"],"picked":"bronze:Boost","floor":5},{"not_picked":["bronze:Deprecate","bronze:DigitalCarnage"],"picked":"bronze:Safeguard","floor":6},{"not_picked":["bronze:DarkDash","bronze:Deprecate","bronze:BuggyMess"],"picked":"SKIP","floor":8},{"not_picked":["bronze:CloningBeam","bronze:NullPointer"],"picked":"bronze:Format","floor":10},{"not_picked":["bronze:Terminator","bronze:FineTuning"],"picked":"bronze:FollowUp","floor":11},{"not_picked":["StuffTheSpire:Rapture","StuffTheSpire:BrainWave"],"picked":"StuffTheSpire:Vigor","floor":12},{"not_picked":["bronze:Shield","bronze:Return"],"picked":"bronze:FineTuning","floor":14},{"not_picked":["bronze:CutThrough","bronze:Constructor"],"picked":"bronze:ChildClass","floor":15},{"not_picked":["bronze:Assembly","bronze:Break"],"picked":"bronze:HyperBeam","floor":16},{"not_picked":["bronze:Break","bronze:Assembly"],"picked":"bronze:HardenedForm","floor":17},{"not_picked":["Dramatic Entrance","Good Instincts"],"picked":"ReplayTheSpireMod:Private Reserves","floor":17},{"not_picked":["infinitespire:Menacing","infinitespire:Punishment"],"picked":"ReplayTheSpireMod:Chaos Vortex","floor":17},{"not_picked":["champ:Taunt","m_Survivalism"],"picked":"Neutralize","floor":17},{"not_picked":["bronze:Shell","bronze:WildBeam"],"picked":"bronze:FollowUp+1","floor":19},{"not_picked":["bronze:Turbo","bronze:Shell"],"picked":"bronze:BronzeOrb","floor":20},{"not_picked":["bronze:Overheat","bronze:Return"],"picked":"bronze:Repair","floor":21},{"not_picked":["bronze:WhirlingStrike","bronze:Backtrace"],"picked":"bronze:ShipIt","floor":22},{"not_picked":["bronze:NullPointer","bronze:DelayedSlice+1"],"picked":"bronze:Assembly","floor":25},{"not_picked":["bronze:Constructor","bronze:BugBarrage","bronze:Branch"],"picked":"SKIP","floor":26},{"not_picked":["bronze:Deprecate","bronze:Frontload"],"picked":"bronze:FineTuning+1","floor":27},{"not_picked":["bronze:FineTuning","bronze:Invalidate"],"picked":"bronze:ClassDefault","floor":28},{"not_picked":["bronze:Philosophize","bronze:OilSpill+1","bronze:Overheat"],"picked":"SKIP","floor":30},{"not_picked":["bronze:DelayedGuard+1","bronze:Frontload+1"],"picked":"bronze:RecursiveStrike","floor":31},{"not_picked":["bronze:Allocate+1","bronze:Separator"],"picked":"bronze:Overheat","floor":32},{"not_picked":["bronze:SpaghettiCode","bronze:CleanCode"],"picked":"bronze:AlphaBuild","floor":33},{"not_picked":["bronze:Repair+1","bronze:BitShift"],"picked":"bronze:GetLatest","floor":36},{"not_picked":["bronze:Fortify+1","bronze:FollowUp+1","bronze:Shield"],"picked":"SKIP","floor":37},{"not_picked":["bronze:Overheat","bronze:WildBeam+1"],"picked":"bronze:BronzeArmor","floor":38},{"not_picked":["bronze:Separator+1","bronze:Fortify+1"],"picked":"bronze:DelayedGuard+1","floor":43},{"not_picked":["bronze:Deprecate","bronze:Frontload+1"],"picked":"bronze:CloningBeam+1","floor":45},{"not_picked":["bronze:Allocate+1","bronze:BitShift+1"],"picked":"bronze:ClassDefault+1","floor":46},{"not_picked":["bronze:ForLoop+1","bronze:Iterate"],"picked":"bronze:ChosenStrike","floor":48},{"not_picked":["bronze:ChildClass+1","bronze:Turbo"],"picked":"bronze:Overload+1","floor":49}],"player_experience":1042204,"relics_obtained":[{"floor":7,"key":"hubris:GlazedTorus"},{"floor":11,"key":"Torii"},{"floor":24,"key":"Happy Flower"},{"floor":25,"key":"Orichalcum"},{"floor":31,"key":"hubris:DeckOfHolding"},{"floor":41,"key":"Replay:Multitool"},{"floor":45,"key":"hubris:ToyBattleship"}],"event_choices":[{"damage_healed":0,"gold_gain":0,"player_choice":"Got Potions","damage_taken":0,"max_hp_gain":0,"max_hp_loss":0,"event_name":"Lab","floor":3,"gold_loss":0},{"cards_removed":["bronze:Strike"],"damage_healed":0,"gold_gain":0,"player_choice":"Give","damage_taken":0,"max_hp_gain":0,"max_hp_loss":0,"event_name":"betterNote:BetterNote","floor":23,"gold_loss":0,"cards_obtained":["bronze:Strike"]}],"is_beta":false,"boss_relics":[{"not_picked":["Pandora\u0027s Box","SacredBark"],"picked":"ReplayTheSpireMod:SealedPack"},{"not_picked":["aspiration:RunicSpoon","conspire:SpecialSausage"],"picked":"Empty Cage"}],"items_purged_floors":[40,46],"is_endless":false,"potions_floor_spawned":[2,5,11,15,25,26,27,31,32,36,38,48],"killed_by":"IC_BLOCK_ARCHETYPE","ascension_level":0}}