{"host":"sw6p9u0oh417cx03","time":1613673053,"event":{"mods":["AchievementEnabler","Act Like it!","BaseMod","CapriCore","DeckTracker","Highlight Path","Minty Spire (QoL Compilation)","Quick Restart","StSLib"],"gold_per_floor":[110,127,52,2,177,177,252,277,277,277,294,320,320,336,336,441,441,441,441],"floor_reached":18,"language":"ZHS","playtime":451,"items_purged":["Strike_G"],"score":270,"play_id":"43834262-e40a-4dad-b411-964e95781bb7","local_time":"20210219023053","is_ascension_mode":true,"campfire_choices":[{"data":"Concentrate","floor":6.0,"key":"SMITH"},{"data":"Accuracy","floor":10.0,"key":"SMITH"},{"data":"Blade Dance","floor":15.0,"key":"SMITH"}],"circlet_count":0,"master_deck":["Strike_G","Strike_G","Strike_G","Defend_G","Defend_G","Defend_G","Defend_G","Defend_G","Survivor","Neutralize","Concentrate+1","Accuracy+1","Doubt","Blade Dance+1","Tactician","Night Terror"],"relics":["Ring of the Snake","NeowsBlessing","Lizard Tail","Sundial","Ice Cream","Orichalcum","Philosopher\u0027s Stone"],"acts_visited":["Exordium","TheCity"],"potions_floor_usage":[16],"damage_taken":[{"damage":0.0,"enemies":"Jaw Worm","floor":1.0,"turns":1.0},{"damage":0.0,"enemies":"Small Slimes","floor":2.0,"turns":1.0},{"damage":0.0,"enemies":"3 Sentries","floor":8.0,"turns":2.0},{"damage":7.0,"enemies":"2 Louse","floor":11.0,"turns":4.0},{"damage":23.0,"enemies":"Lagavulin","floor":12.0,"turns":9.0},{"damage":3.0,"enemies":"Exordium Wildlife","floor":14.0,"turns":4.0},{"damage":33,"enemies":"Hexaghost","floor":16,"turns":12},{"damage":61,"enemies":"3 Byrds","floor":18,"turns":4}],"seed_played":"3864388330922980696","potions_obtained":[{"floor":8.0,"key":"GamblersBrew"},{"floor":11.0,"key":"Dexterity Potion"},{"floor":12.0,"key":"Swift Potion"}],"is_trial":false,"path_per_floor":["M","M","$","?","?","R","?","E","T","R","M","E","T","M","R","B",null,"M"],"character_chosen":"THE_SILENT","items_purchased":[],"campfire_rested":0,"item_purchase_floors":[],"current_hp_per_floor":[63,63,63,63,63,63,52,52,52,52,45,22,22,19,19,25,59,0,0],"gold":441,"neow_bonus":"THREE_ENEMY_KILL","is_daily":false,"chose_seed":false,"campfire_upgraded":3,"win_rate":0.0,"timestamp":1613673053,"path_taken":["M","M","$","?","?","R","?","E","T","R","?","E","?","M","R","BOSS","M"],"items_purchased_type":[],"build_version":"2020-12-22","purchased_purges":1,"victory":false,"max_hp_per_floor":[70,70,70,70,70,70,70,70,70,70,70,70,70,70,70,70,70,70,70],"card_choices":[{"not_picked":["Poisoned Stab","Cloak And Dagger"],"picked":"Concentrate","floor":1.0},{"not_picked":["Dagger Throw","Backstab"],"picked":"Accuracy","floor":2.0},{"not_picked":["Poisoned Stab","Envenom","Flying Knee"],"picked":"SKIP","floor":8.0},{"not_picked":["PiercingWail","Deadly Poison"],"picked":"Blade Dance","floor":11.0},{"not_picked":["PiercingWail","Concentrate"],"picked":"Tactician","floor":12.0},{"not_picked":["Corpse Explosion","Dodge and Roll","Distraction"],"picked":"SKIP","floor":14.0},{"not_picked":["Glass Knife","Bullet Time"],"picked":"Night Terror","floor":16}],"player_experience":380729,"relics_obtained":[{"floor":8.0,"key":"Lizard Tail"},{"floor":9.0,"key":"Sundial"},{"floor":12.0,"key":"Ice Cream"},{"floor":13.0,"key":"Orichalcum"}],"event_choices":[{"cards_removed":["Strike_G"],"damage_healed":0.0,"max_hp_gain":0.0,"max_hp_loss":0.0,"gold_gain":0.0,"event_name":"The Cleric","player_choice":"Card Removal","floor":4.0,"gold_loss":50.0,"damage_taken":0.0},{"damage_healed":0.0,"max_hp_gain":0.0,"max_hp_loss":0.0,"gold_gain":175.0,"event_name":"Liars Game","player_choice":"AGREE","floor":5.0,"gold_loss":0.0,"damage_taken":0.0,"cards_obtained":["Doubt"]},{"damage_healed":0.0,"max_hp_gain":0.0,"max_hp_loss":0.0,"gold_gain":75.0,"event_name":"World of Goop","player_choice":"Gather Gold","floor":7.0,"gold_loss":0.0,"damage_taken":11.0}],"is_beta":false,"boss_relics":[{"not_picked":["Velvet Choker","Snecko Eye"],"picked":"Philosopher\u0027s Stone"}],"items_purged_floors":[3],"is_endless":false,"potions_floor_spawned":[8,11,12],"killed_by":"3 Byrds","ascension_level":8}}