{"host":"kxya7qjdvg38mg2t","time":1613640211,"event":{"mods":["AchievementEnabler","BaseMod","Colored Powertips","Highlight Path","Minty Spire (QoL Compilation)","Rare Cards Sparkle","Replay The Spire","StSLib"],"gold_per_floor":[118,293,293,134,154,154,181,81,81,107,107,127,139,139,139,239,239,253,280,80,80,97,423,423,438,438,438,471,291,322,322,322,422,422,441,459,64,75,23,58,90,102,139,167,28,28,38,57,57,57],"floor_reached":51,"language":"ENG","playtime":8890,"items_purged":["Regret","Doubt"],"score":1216,"play_id":"4ce2ea69-0d1d-416f-830f-3de0f3471d96","local_time":"20210218012331","is_ascension_mode":false,"campfire_choices":[{"data":"Eruption","floor":6.0,"key":"SMITH"},{"data":"Replay:Battleflow","floor":11.0,"key":"SMITH"},{"data":"Consecrate","floor":24.0,"key":"SMITH"},{"floor":27.0,"key":"DIG"},{"data":"1","floor":32,"key":"LIFT"},{"floor":42,"key":"REST"}],"circlet_count":0,"master_deck":["Strike_P+1","Strike_P+1","Strike_P+1","Defend_P+1","Defend_P+1","Defend_P+1","Eruption+1","EmptyFist","Replay:Battleflow+1","FlurryOfBlows","Vengeance+1","ClearTheMind","FlurryOfBlows","Tantrum","BowlingBash","Vault","Replay:AtTheReady","Protect+1","Halt","Perseverance","Perseverance","Consecrate+1","Impatience","Replay:Vibes+1","Prostrate","Replay:DivineShield","Replay:Anticipation","Adaptation","EmptyMind+1","SashWhip","SashWhip","Brilliance","Consecrate","Conclude","MentalFortress","Halt+1","Prostrate+1","FlurryOfBlows","FollowUp","EmptyBody+1","Consecrate+1","EmptyBody+1","Crescendo+1","EmptyMind+1"],"relics":["PureWater","NeowsBlessing","Pen Nib","Strawberry","Vajra","Replay:Purple Gloves","Odd Mushroom","Replay:Multitool","Replay:Drink Me","Torii","BargainBundle","Old Coin","Replay:Bottled Flurry","Girya","Omamori","Chameleon Ring","Regal Pillow","Replay:Bronze Core","Toxic Egg 2","MawBank","War Paint","Replay:Rubber Ducky"],"acts_visited":["Exordium","TheCity","TheBeyond"],"potions_floor_usage":[33,40,47,50,50,50],"damage_taken":[{"damage":0.0,"enemies":"2 Louse","floor":1.0,"turns":1.0},{"damage":0.0,"enemies":"Small Slimes","floor":5.0,"turns":1.0},{"damage":0.0,"enemies":"3 Sentries","floor":7.0,"turns":2.0},{"damage":0.0,"enemies":"Gremlin Nob","floor":10.0,"turns":2.0},{"damage":6.0,"enemies":"The Mushroom Lair","floor":12.0,"turns":3.0},{"damage":0.0,"enemies":"Jaw Worm","floor":13.0,"turns":1.0},{"damage":30.0,"enemies":"Hexaghost","floor":16.0,"turns":6.0},{"damage":0.0,"enemies":"2 Thieves","floor":18.0,"turns":2.0},{"damage":0.0,"enemies":"Shell Parasite","floor":22.0,"turns":1.0},{"damage":0.0,"enemies":"Gremlin Leader","floor":23.0,"turns":2.0},{"damage":1.0,"enemies":"Snake Plant","floor":25.0,"turns":2.0},{"damage":2.0,"enemies":"Slavers","floor":28.0,"turns":3.0},{"damage":4.0,"enemies":"Replay:Snechameleon","floor":30.0,"turns":4.0},{"damage":0,"enemies":"Pondfish","floor":33,"turns":9},{"damage":0,"enemies":"3 Shapes","floor":35,"turns":2},{"damage":0,"enemies":"3 Darklings","floor":36,"turns":3},{"damage":0,"enemies":"Jaw Worm Horde","floor":38,"turns":3},{"damage":30,"enemies":"Reptomancer","floor":40,"turns":4},{"damage":12,"enemies":"Spire Growth","floor":41,"turns":2},{"damage":0,"enemies":"4 Shapes","floor":44,"turns":4},{"damage":0,"enemies":"Transient","floor":47,"turns":5},{"damage":1,"enemies":"Spire Growth","floor":48,"turns":4},{"damage":0,"enemies":"Awakened One","floor":50,"turns":7}],"seed_played":"3858700616151385656","potions_obtained":[{"floor":5.0,"key":"ColorlessPotion"},{"floor":10.0,"key":"Weak Potion"},{"floor":13.0,"key":"Strength Potion"},{"floor":16.0,"key":"ColorlessPotion"},{"floor":22.0,"key":"EssenceOfSteel"},{"floor":23.0,"key":"EssenceOfSteel"},{"floor":33,"key":"Flashbang"},{"floor":35,"key":"SkillPotion"},{"floor":38,"key":"DuplicationPotion"},{"floor":49,"key":"AttackPotion"},{"floor":49,"key":"Ancient Potion"}],"is_trial":false,"path_per_floor":["M","?","?","$","M","R","E","$","T","E","R","?","M","?","R","B",null,"M","?","$","?","M","E","R","M","T","R","E","$","E","?","R","B",null,"M","M","$","M","$","E","M","R","T","M","$","?","M","M","R","B",null],"character_chosen":"WATCHER","items_purchased":["Replay:Battleflow","FlurryOfBlows","BargainBundle","Halt","Perseverance","Consecrate","Impatience","Fire Potion","Fire Potion","Languid Potion","Adaptation","EmptyMind","SashWhip","MentalFortress","Toxic Egg 2","Halt+1","Prostrate+1","FollowUp","Replay:Rubber Ducky"],"campfire_rested":1,"item_purchase_floors":[4,4,20,20,20,20,20,20,20,20,29,29,29,37,37,37,37,39,45],"current_hp_per_floor":[72,72,72,72,72,72,79,79,79,79,79,73,73,70,79,49,60,60,60,60,60,60,60,60,59,59,59,57,57,53,53,53,53,60,60,60,60,60,60,30,18,51,51,51,51,51,51,50,50,50],"gold":57,"neow_bonus":"THREE_ENEMY_KILL","is_daily":false,"chose_seed":false,"campfire_upgraded":3,"win_rate":0.0,"timestamp":1613640211,"path_taken":["M","?","?","?","?","R","E","$","T","E","R","?","M","?","R","BOSS","M","?","$","?","M","E","R","M","T","R","E","?","E","?","R","BOSS","M","M","$","M","$","E","M","R","T","M","$","?","?","M","R","BOSS"],"items_purchased_type":["Card","Card","Relic","Card","Card","Card","Card","Potion","Potion","Potion","Card","Card","Card","Card","Relic","Card","Card","Card","Relic"],"build_version":"2020-12-22","purchased_purges":2,"victory":true,"max_hp_per_floor":[72,72,72,72,72,72,79,79,79,79,79,79,79,79,79,79,60,60,60,60,60,60,60,60,60,60,60,60,60,60,60,60,60,60,60,60,60,60,60,60,60,60,60,60,60,60,60,60,60,60],"card_choices":[{"not_picked":["Study","FlyingSleeves"],"picked":"EmptyFist","floor":1.0},{"not_picked":["SignatureMove","Consecrate"],"picked":"Vengeance","floor":5.0},{"not_picked":["Collect","Replay:Battleflow"],"picked":"ClearTheMind","floor":7.0},{"not_picked":["Prostrate","SandsOfTime"],"picked":"FlurryOfBlows","floor":10.0},{"not_picked":["ThirdEye","Protect"],"picked":"Tantrum","floor":12.0},{"not_picked":["Replay:BluntJabs","ThirdEye"],"picked":"BowlingBash","floor":13.0},{"not_picked":["Judgement","SpiritShield"],"picked":"Vault","floor":16.0},{"not_picked":["Crescendo+1","Fasting2"],"picked":"Replay:AtTheReady","floor":18.0},{"not_picked":["SashWhip","PathToVictory"],"picked":"Protect","floor":19.0},{"not_picked":["Prostrate+1","EmptyFist"],"picked":"Replay:Vibes+1","floor":22.0},{"not_picked":["ThirdEye+1","Pray"],"picked":"Prostrate","floor":23.0},{"not_picked":["Devotion","Replay:ManipulateFuture+1"],"picked":"Replay:DivineShield","floor":25.0},{"not_picked":["Protect","CutThroughFate"],"picked":"Replay:Anticipation","floor":28.0},{"not_picked":["PathToVictory+1","Sanctity","LessonLearned"],"picked":"SKIP","floor":30.0},{"not_picked":["Omniscience","Ragnarok"],"picked":"Brilliance","floor":33},{"not_picked":["Crescendo","Adaptation"],"picked":"Consecrate","floor":35},{"not_picked":["Sanctity+1","Perseverance"],"picked":"Conclude","floor":36},{"not_picked":["LikeWater+1","Prostrate+1"],"picked":"FlurryOfBlows","floor":38},{"not_picked":["MasterReality","PathToVictory+1"],"picked":"EmptyBody+1","floor":40},{"not_picked":["ClearTheMind+1","ForeignInfluence+1"],"picked":"Consecrate+1","floor":41},{"not_picked":["Vengeance+1","Replay:Cycle+1"],"picked":"EmptyBody+1","floor":44},{"not_picked":["SignatureMove","FlurryOfBlows"],"picked":"Crescendo+1","floor":47},{"not_picked":["ReachHeaven+1","BowlingBash"],"picked":"EmptyMind+1","floor":48}],"player_experience":254820,"relics_obtained":[{"floor":7.0,"key":"Strawberry"},{"floor":9.0,"key":"Vajra"},{"floor":10.0,"key":"Replay:Purple Gloves"},{"floor":12.0,"key":"Odd Mushroom"},{"floor":19.0,"key":"Torii"},{"floor":23.0,"key":"Old Coin"},{"floor":26.0,"key":"Replay:Bottled Flurry"},{"floor":27.0,"key":"Girya"},{"floor":28.0,"key":"Omamori"},{"floor":30.0,"key":"Chameleon Ring"},{"floor":40,"key":"MawBank"},{"floor":43,"key":"War Paint"}],"event_choices":[{"damage_healed":0.0,"max_hp_gain":0.0,"max_hp_loss":0.0,"gold_gain":175.0,"event_name":"Liars Game","player_choice":"AGREE","floor":2.0,"gold_loss":0.0,"damage_taken":0.0,"cards_obtained":["Doubt"]},{"damage_healed":0.0,"max_hp_gain":0.0,"max_hp_loss":0.0,"gold_gain":0.0,"event_name":"Big Fish","player_choice":"Box","floor":3.0,"gold_loss":0.0,"damage_taken":0.0,"relics_obtained":["Pen Nib"],"cards_obtained":["Regret"]},{"damage_healed":0.0,"max_hp_gain":0.0,"max_hp_loss":0.0,"gold_gain":0.0,"event_name":"Mushrooms","player_choice":"Fought Mushrooms","floor":12.0,"gold_loss":0.0,"damage_taken":0.0},{"damage_healed":0.0,"max_hp_gain":0.0,"max_hp_loss":0.0,"gold_gain":0.0,"event_name":"Scrap Ooze","player_choice":"Success","floor":14.0,"gold_loss":0.0,"damage_taken":3.0,"relics_obtained":["Replay:Multitool"]},{"damage_healed":0.0,"max_hp_gain":0.0,"max_hp_loss":0.0,"gold_gain":0.0,"event_name":"Back to Basics","player_choice":"Simplicity","floor":21.0,"gold_loss":0.0,"damage_taken":0.0,"cards_upgraded":["Strike_P","Strike_P","Strike_P","Defend_P","Defend_P","Defend_P"]},{"damage_healed":0.0,"max_hp_gain":0.0,"max_hp_loss":0.0,"gold_gain":0.0,"event_name":"The Mausoleum","player_choice":"Opened","floor":31.0,"gold_loss":0.0,"damage_taken":0.0,"relics_obtained":["Regal Pillow"]},{"damage_healed":0,"gold_gain":0,"player_choice":"Ignored","damage_taken":0,"max_hp_gain":0,"max_hp_loss":0,"event_name":"Golden Shrine","floor":46,"gold_loss":0}],"is_beta":false,"boss_relics":[{"not_picked":["Sozu","Coffee Dripper"],"picked":"Replay:Drink Me"},{"not_picked":["Velvet Choker","Empty Cage"],"picked":"Replay:Bronze Core"}],"items_purged_floors":[4,8],"is_endless":false,"potions_floor_spawned":[5,10,13,16,22,23,33,35,36,38],"ascension_level":0}}