{"host":"hszimsrtxxc2k25w","time":1613676562,"event":{"mods":["AchievementEnabler","BaseMod","Colored Map","DeckTracker","Minty Spire (QoL Compilation)","Rare Cards Sparkle","SuperFastMode"],"gold_per_floor":[111,124,124,124,148,148,168,191,215,215,254,254,285,306,306,399,399,415,340,340,127,127,127,158,158,158],"floor_reached":25,"language":"KOR","playtime":544,"items_purged":["Strike_R","Strike_R"],"score":458,"play_id":"ddb7ee76-b258-4b71-b73c-3041207107c4","local_time":"20210219042922","is_ascension_mode":true,"campfire_choices":[{"data":"Anger","floor":6.0,"key":"SMITH"},{"data":"Hemokinesis","floor":10.0,"key":"SMITH"},{"data":"Inflame","floor":15,"key":"SMITH"},{"data":"Carnage","floor":23,"key":"SMITH"}],"circlet_count":0,"master_deck":["AscendersBane","Strike_R","Defend_R","Defend_R","Defend_R","Defend_R","Bash","Battle Trance","Anger+1","Shrug It Off","Offering","Hemokinesis+1","Pommel Strike","Inflame+1","Reaper","Carnage+1"],"relics":["Burning Blood","NeowsBlessing","Golden Idol","Art of War","Bag of Preparation","Potion Belt","Velvet Choker","Membership Card","Nilry\u0027s Codex","Darkstone Periapt"],"acts_visited":["Exordium","TheCity"],"potions_floor_usage":[],"damage_taken":[{"damage":0.0,"enemies":"Cultist","floor":1.0,"turns":1.0},{"damage":0.0,"enemies":"Small Slimes","floor":2.0,"turns":1.0},{"damage":0.0,"enemies":"Jaw Worm","floor":5.0,"turns":1.0},{"damage":6.0,"enemies":"Looter","floor":7.0,"turns":3.0},{"damage":10.0,"enemies":"2 Fungi Beasts","floor":8.0,"turns":5.0},{"damage":27,"enemies":"Lagavulin","floor":11,"turns":5},{"damage":32,"enemies":"3 Sentries","floor":13,"turns":6},{"damage":2,"enemies":"3 Louse","floor":14,"turns":4},{"damage":18,"enemies":"Slime Boss","floor":16,"turns":5},{"damage":16,"enemies":"Spheric Guardian","floor":18,"turns":3},{"damage":35,"enemies":"Book of Stabbing","floor":24,"turns":4},{"damage":18,"enemies":"Shell Parasite","floor":25,"turns":1}],"seed_played":"7532844616034495663","potions_obtained":[{"floor":2.0,"key":"GamblersBrew"},{"floor":7.0,"key":"ColorlessPotion"},{"floor":11,"key":"FearPotion"},{"floor":14,"key":"LiquidBronze"},{"floor":16,"key":"Energy Potion"},{"floor":18,"key":"DistilledChaos"}],"is_trial":false,"path_per_floor":["M","M","?","?","M","R","M","M","T","R","E","?","E","M","R","B",null,"M","$","?","$","?","R","E","M"],"character_chosen":"IRONCLAD","items_purchased":["Membership Card"],"campfire_rested":0,"item_purchase_floors":[21],"current_hp_per_floor":[74,75,68,61,67,67,67,63,63,63,42,64,38,42,42,30,59,56,56,56,56,35,35,16,0,0],"gold":158,"neow_bonus":"THREE_ENEMY_KILL","is_daily":false,"chose_seed":false,"campfire_upgraded":4,"win_rate":0.0,"timestamp":1613676562,"path_taken":["M","M","?","?","M","R","M","M","T","R","E","?","E","M","R","BOSS","M","$","?","$","?","R","E","M"],"items_purchased_type":["Relic"],"build_version":"2020-12-22","purchased_purges":2,"victory":false,"max_hp_per_floor":[75,75,68,68,68,68,68,68,68,68,68,68,68,68,68,68,68,68,68,68,68,68,68,68,68,68],"card_choices":[{"not_picked":["Warcry","True Grit"],"picked":"Battle Trance","floor":1.0},{"not_picked":["Dropkick","Clash"],"picked":"Anger","floor":2.0},{"not_picked":["Iron Wave","Flex"],"picked":"Shrug It Off","floor":5.0},{"not_picked":["Spot Weakness","Pummel"],"picked":"Offering","floor":7.0},{"not_picked":["Rampage","Anger"],"picked":"Hemokinesis","floor":8.0},{"not_picked":["Heavy Blade","Wild Strike"],"picked":"Pommel Strike","floor":11},{"not_picked":["Headbutt","Hemokinesis","Infernal Blade"],"picked":"SKIP","floor":13},{"not_picked":["Anger","Thunderclap"],"picked":"Inflame","floor":14},{"not_picked":["Brutality","Feed"],"picked":"Reaper","floor":16},{"not_picked":["Intimidate","Cleave"],"picked":"Carnage","floor":18},{"not_picked":["Sever Soul","Feed","Rampage"],"picked":"SKIP","floor":24}],"player_experience":681920,"relics_obtained":[{"floor":9.0,"key":"Art of War"},{"floor":11,"key":"Bag of Preparation"},{"floor":13,"key":"Potion Belt"},{"floor":22,"key":"Nilry\u0027s Codex"},{"floor":24,"key":"Darkstone Periapt"}],"event_choices":[{"damage_healed":0.0,"max_hp_gain":0.0,"max_hp_loss":7.0,"gold_gain":0.0,"event_name":"Golden Idol","player_choice":"Lose Max HP","floor":3.0,"gold_loss":0.0,"damage_taken":0.0,"relics_obtained":["Golden Idol"]},{"cards_removed":["Strike_R"],"damage_healed":0.0,"max_hp_gain":0.0,"max_hp_loss":0.0,"gold_gain":0.0,"event_name":"Golden Wing","player_choice":"Card Removal","floor":4.0,"gold_loss":0.0,"damage_taken":7.0},{"damage_healed":22,"gold_gain":0,"player_choice":"Banana","damage_taken":0,"max_hp_gain":0,"max_hp_loss":0,"event_name":"Big Fish","floor":12,"gold_loss":0},{"cards_removed":["Strike_R"],"damage_healed":0,"gold_gain":0,"player_choice":"Elegance","damage_taken":0,"max_hp_gain":0,"max_hp_loss":0,"event_name":"Back to Basics","floor":20,"gold_loss":0},{"damage_healed":0,"gold_gain":0,"player_choice":"Obtained Book","damage_taken":21,"max_hp_gain":0,"max_hp_loss":0,"event_name":"Cursed Tome","floor":22,"gold_loss":0}],"is_beta":false,"boss_relics":[{"not_picked":["Runic Dome","Black Star"],"picked":"Velvet Choker"}],"items_purged_floors":[19,21],"is_endless":false,"potions_floor_spawned":[2,7,11,14,16,18,24],"killed_by":"Shell Parasite","ascension_level":20}}