{"host":"g2yp6paluzgljz05","time":1613620065,"event":{"mods":["BaseMod","Bestiary","Colored Powertips","DeckTracker","Highlight Path","Minty Spire (QoL Compilation)","Quick Restart"],"gold_per_floor":[118,129,129,140,43,43,43,94,118,130,130],"floor_reached":10,"language":"ENG","playtime":307,"items_purged":["Strike_G"],"score":62,"play_id":"e77b10d9-e901-43e9-a6fd-30a6fbf56bb7","local_time":"20210218144745","is_ascension_mode":true,"campfire_choices":[{"data":"Neutralize","floor":6,"key":"SMITH"}],"circlet_count":0,"master_deck":["Strike_G","Strike_G","Strike_G","Strike_G","Defend_G","Defend_G","Defend_G","Defend_G","Defend_G+1","Survivor+1","Neutralize+1","Doppelganger","Heel Hook","Flying Knee","Sucker Punch"],"relics":["Ring of the Snake","Golden Idol","Omamori","MawBank"],"acts_visited":["Exordium"],"potions_floor_usage":[],"damage_taken":[{"damage":6,"enemies":"Cultist","floor":1,"turns":5},{"damage":11,"enemies":"Jaw Worm","floor":2,"turns":4},{"damage":2,"enemies":"2 Louse","floor":4,"turns":3},{"damage":24,"enemies":"Gremlin Nob","floor":10,"turns":4}],"seed_played":"-1386051535288323061","potions_obtained":[{"floor":2,"key":"EssenceOfSteel"}],"is_trial":false,"path_per_floor":["M","M","?","M","$","R","?","T","T","E"],"character_chosen":"THE_SILENT","items_purchased":["Sucker Punch"],"campfire_rested":0,"item_purchase_floors":[5],"current_hp_per_floor":[64,53,39,37,37,37,37,37,37,13,13],"gold":130,"neow_bonus":"ONE_RANDOM_RARE_CARD","is_daily":false,"chose_seed":false,"campfire_upgraded":1,"win_rate":0.0,"timestamp":1613620065,"path_taken":["M","?","?","M","$","R","?","?","T","E"],"items_purchased_type":["Card"],"build_version":"2020-12-22","purchased_purges":1,"victory":false,"max_hp_per_floor":[70,70,70,70,70,70,65,65,65,65,65],"card_choices":[{"not_picked":["Cloak And Dagger","Slice"],"picked":"Heel Hook","floor":1},{"not_picked":["Catalyst","Finisher"],"picked":"Flying Knee","floor":2},{"not_picked":["Blade Dance","Escape Plan","Prepared"],"picked":"SKIP","floor":4}],"player_experience":385588,"relics_obtained":[{"floor":8,"key":"Omamori"},{"floor":9,"key":"MawBank"}],"event_choices":[{"damage_healed":0,"gold_gain":0,"player_choice":"Entered Light","damage_taken":14,"max_hp_gain":0,"max_hp_loss":0,"event_name":"Shining Light","floor":3,"gold_loss":0,"cards_upgraded":["Survivor","Defend_G"]},{"damage_healed":0,"gold_gain":0,"player_choice":"Lose Max HP","damage_taken":0,"relics_obtained":["Golden Idol"],"max_hp_gain":0,"max_hp_loss":5,"event_name":"Golden Idol","floor":7,"gold_loss":0}],"is_beta":false,"boss_relics":[],"items_purged_floors":[5],"is_endless":false,"potions_floor_spawned":[2],"killed_by":"Gremlin Nob","ascension_level":2}}