{"host":"ELF","time":1613663237,"event":{"mods":["BaseMod","Bestiary","Minty Spire (QoL Compilation)","Relic Stats","Slay the Relics Exporter"],"gold_per_floor":[112,123,123,123,44,76,76,95,95,95,55,55,31,49,49,49,49],"floor_reached":16,"language":"ENG","playtime":472,"items_purged":[],"score":196,"play_id":"6fdf6416-eaa8-4b53-88fc-438c4a3fde19","local_time":"20210218094717","is_ascension_mode":true,"campfire_choices":[{"floor":7,"key":"REST"},{"data":"Footwork","floor":12,"key":"SMITH"},{"floor":15,"key":"REST"}],"circlet_count":0,"master_deck":["AscendersBane","Strike_G","Strike_G","Strike_G","Strike_G","Defend_G+1","Defend_G","Defend_G","Defend_G","Defend_G+1","Survivor","Neutralize","Deadly Poison","Dagger Spray","Footwork","Die Die Die","Acrobatics","Footwork+1","Backflip","Accuracy"],"relics":["WristBlade","Akabeko","Letter Opener"],"acts_visited":["Exordium"],"potions_floor_usage":[6,8,14],"damage_taken":[{"damage":0,"enemies":"Cultist","floor":1,"turns":4},{"damage":0,"enemies":"2 Louse","floor":2,"turns":3},{"damage":27,"enemies":"3 Sentries","floor":6,"turns":12},{"damage":2,"enemies":"Jaw Worm","floor":8,"turns":2},{"damage":8,"enemies":"Exordium Wildlife","floor":14,"turns":2},{"damage":33,"enemies":"Hexaghost","floor":16,"turns":9}],"seed_played":"-1778500378263657832","potions_obtained":[{"floor":1,"key":"SneckoOil"},{"floor":4,"key":"Energy Potion"},{"floor":4,"key":"DistilledChaos"},{"floor":6,"key":"FearPotion"}],"is_trial":false,"path_per_floor":["M","M","?","?","$","E","R","M","T","?","$","R","$","M","R","B"],"character_chosen":"THE_SILENT","items_purchased":["Footwork","Footwork","Backflip"],"campfire_rested":2,"item_purchase_floors":[5,11,13],"current_hp_per_floor":[59,59,39,39,39,12,31,29,29,22,22,22,22,14,33,0,0],"gold":49,"neow_bonus":"BOSS_RELIC","is_daily":false,"chose_seed":false,"campfire_upgraded":1,"win_rate":0.0,"timestamp":1613663237,"path_taken":["M","M","?","?","$","E","R","?","T","?","$","R","?","M","R","BOSS"],"items_purchased_type":["Card","Card","Card"],"build_version":"2020-12-18","purchased_purges":0,"victory":false,"max_hp_per_floor":[66,66,66,66,66,66,66,66,66,66,66,66,66,66,66,66,66],"relic_stats":{"counters":[6,32],"Letter Opener":[0],"obtain_stats":[{"WristBlade":0,"Letter Opener":9,"Akabeko":6,"Ring of the Snake":0},{"WristBlade":0,"Letter Opener":4,"Akabeko":3,"Ring of the Snake":0},{"WristBlade":0,"Letter Opener":21,"Akabeko":19,"Ring of the Snake":0}]},"card_choices":[{"not_picked":["Calculated Gamble","Slice"],"picked":"Deadly Poison","floor":1},{"not_picked":["Quick Slash","Dodge and Roll"],"picked":"Dagger Spray","floor":2},{"not_picked":["Distraction","Choke"],"picked":"Die Die Die","floor":6},{"not_picked":["Deflect","Distraction"],"picked":"Acrobatics","floor":8},{"not_picked":["Flying Knee","Dagger Spray"],"picked":"Accuracy","floor":14}],"player_experience":3475341,"relics_obtained":[{"floor":6,"key":"Akabeko"},{"floor":9,"key":"Letter Opener"}],"event_choices":[{"damage_healed":0,"gold_gain":0,"player_choice":"Entered Light","damage_taken":20,"max_hp_gain":0,"max_hp_loss":0,"event_name":"Shining Light","floor":3,"gold_loss":0,"cards_upgraded":["Defend_G","Defend_G"]},{"damage_healed":0,"gold_gain":0,"player_choice":"Got Potions","damage_taken":0,"max_hp_gain":0,"max_hp_loss":0,"event_name":"Lab","floor":4,"gold_loss":0},{"cards_removed":["Strike_G"],"damage_healed":0,"gold_gain":0,"player_choice":"Card Removal","damage_taken":7,"max_hp_gain":0,"max_hp_loss":0,"event_name":"Golden Wing","floor":10,"gold_loss":0}],"is_beta":true,"boss_relics":[],"items_purged_floors":[],"is_endless":false,"potions_floor_spawned":[1,6],"killed_by":"Hexaghost","ascension_level":20}}