{"host":"126yiuos2nq86se7","time":1613626389,"event":{"mods":["2.2 Compatiblity","AchievementEnabler","Act Like it!","BaseMod","Colored Map","Colored Powertips","Friendly Minions","Hermit","Highlight Path","KomeijiMod","Minty Spire (QoL Compilation)","StSLib","SuperFastMode","The Bug Knight","The Hierophant"],"gold_per_floor":[112,138,138,36,136,136,462,462,462,462,489,489,503,522,522,617,617,629,639,639,639],"floor_reached":20,"language":"ENG","playtime":4070,"items_purged":["hierophant:ChurchCoffers"],"score":124,"play_id":"525658ce-0b81-47c5-b08b-1ee7b22642b4","local_time":"20210218163309","is_ascension_mode":false,"campfire_choices":[{"data":"hierophant:Charity","floor":6,"key":"SMITH"},{"floor":8,"key":"REST"},{"data":"hierophant:PassingBell","floor":10,"key":"SMITH"},{"data":"hierophant:Exaltation","floor":12,"key":"SMITH"},{"data":"hierophant:Martyrdom","floor":15,"key":"SMITH"}],"circlet_count":0,"master_deck":["hierophant:Strike_Hierophant","hierophant:Strike_Hierophant","hierophant:Strike_Hierophant","hierophant:Strike_Hierophant","hierophant:Punish","hierophant:Defend_Hierophant","hierophant:Defend_Hierophant","hierophant:Defend_Hierophant","hierophant:Defend_Hierophant","hierophant:Doubloon","hierophant:Charity+1","hierophant:PassingBell+1","hierophant:OrnateBuckler","hierophant:Exaltation+1","hierophant:Martyrdom+1","hierophant:Doubloon","hierophant:Charity","hierophant:Zeal+1"],"relics":["hierophant:PropheticMaskRelic","Smiling Mask","Old Coin","Bird Faced Urn","Velvet Choker"],"acts_visited":["Exordium","TheCity"],"potions_floor_usage":[7],"damage_taken":[{"damage":0,"enemies":"Small Slimes","floor":1,"turns":3},{"damage":6,"enemies":"Cultist","floor":2,"turns":3},{"damage":28,"enemies":"Gremlin Nob","floor":7,"turns":4},{"damage":3,"enemies":"2 Louse","floor":11,"turns":2},{"damage":5,"enemies":"2 Fungi Beasts","floor":13,"turns":3},{"damage":4,"enemies":"Blue Slaver","floor":14,"turns":4},{"damage":39,"enemies":"Slime Boss","floor":16,"turns":12},{"damage":15,"enemies":"3 Byrds","floor":18,"turns":5},{"damage":56,"enemies":"Centurion and Healer","floor":19,"turns":7},{"damage":39,"enemies":"Snecko","floor":20,"turns":5}],"seed_played":"5828843611583943868","potions_obtained":[{"floor":2,"key":"FearPotion"},{"floor":11,"key":"CalmPotion"},{"floor":19,"key":"AttackPotion"}],"is_trial":false,"path_per_floor":["M","M","?","$","?","R","E","R","T","R","M","R","M","M","R","B",null,"M","M","M"],"character_chosen":"HIEROPHANT","items_purchased":["hierophant:PassingBell"],"campfire_rested":1,"item_purchase_floors":[4],"current_hp_per_floor":[75,69,69,69,69,69,41,63,63,63,60,60,57,57,57,22,75,62,12,0,0],"gold":639,"neow_bonus":"RANDOM_COMMON_RELIC","is_daily":false,"chose_seed":false,"campfire_upgraded":4,"win_rate":0.0,"timestamp":1613626389,"path_taken":["M","M","?","$","?","R","E","R","T","R","M","R","M","M","R","BOSS","M","M","M"],"items_purchased_type":["Card"],"build_version":"2020-12-22","purchased_purges":1,"victory":false,"max_hp_per_floor":[75,75,75,75,75,75,75,75,75,75,75,75,75,75,75,75,75,75,75,75,75],"card_choices":[{"not_picked":["hierophant:Encroach","hierophant:FieryStrike"],"picked":"hierophant:Charity","floor":1},{"not_picked":["hierophant:Alms","hierophant:ThreeLashes","hierophant:Remorse"],"picked":"SKIP","floor":2},{"not_picked":["hierophant:RustyCrate","hierophant:HammerAndAnvil"],"picked":"hierophant:OrnateBuckler","floor":7},{"not_picked":["hierophant:SealAway","hierophant:Blessing"],"picked":"hierophant:Exaltation","floor":11},{"not_picked":["hierophant:SealAway","hierophant:Zeal"],"picked":"hierophant:Martyrdom","floor":13},{"not_picked":["hierophant:Remorse","hierophant:ThreeLashes","hierophant:Bribe"],"picked":"SKIP","floor":14},{"not_picked":["hierophant:Purify+1","hierophant:Sermon"],"picked":"hierophant:Charity","floor":18},{"not_picked":["hierophant:Sermon","hierophant:AuricShield+1"],"picked":"hierophant:Zeal+1","floor":19}],"player_experience":1556507,"relics_obtained":[{"floor":7,"key":"Old Coin"},{"floor":9,"key":"Bird Faced Urn"}],"event_choices":[{"damage_healed":0,"gold_gain":0,"player_choice":"Ignored","damage_taken":0,"max_hp_gain":0,"max_hp_loss":0,"event_name":"Liars Game","floor":3,"gold_loss":0},{"damage_healed":0,"gold_gain":100,"player_choice":"Gold","damage_taken":0,"max_hp_gain":0,"max_hp_loss":0,"event_name":"Wheel of Change","floor":5,"gold_loss":0}],"is_beta":false,"boss_relics":[{"not_picked":["SlaversCollar","SacredBark"],"picked":"Velvet Choker"}],"items_purged_floors":[4],"is_endless":false,"potions_floor_spawned":[2,11,19],"killed_by":"Snecko","ascension_level":0}}