{"host":"jvrojcijqdlksu05","time":1613630940,"event":{"mods":["BaseMod","Highlight Path","Minty Spire (QoL Compilation)","Relic Stats","StSLib"],"gold_per_floor":[38,91,91,166,199,199,232,232,232,322,322,334,388,388,388,388,388],"floor_reached":16,"language":"ENG","playtime":733,"items_purged":[],"score":121,"play_id":"747f3250-3872-4a42-9a36-105f2c64423b","local_time":"20210217224900","is_ascension_mode":true,"campfire_choices":[{"data":"HandOfGreed","floor":6,"key":"SMITH"},{"floor":8,"key":"REST"},{"data":"Sweeping Beam","floor":11,"key":"SMITH"},{"floor":15,"key":"REST"}],"circlet_count":0,"master_deck":["Strike_B","Strike_B+1","Strike_B","Strike_B","Defend_B+1","Defend_B","Defend_B","Defend_B","Zap","Dualcast","HandOfGreed+1","Coolheaded","Defragment","Genetic Algorithm","Sweeping Beam+1","Undo","Recycle"],"relics":["Cracked Core","Question Card","Letter Opener","Bottled Tornado","Frozen Egg 2"],"acts_visited":["Exordium"],"potions_floor_usage":[13],"damage_taken":[{"damage":7,"enemies":"Jaw Worm","floor":1,"turns":3},{"damage":12,"enemies":"Small Slimes","floor":2,"turns":5},{"damage":0,"enemies":"2 Louse","floor":5,"turns":4},{"damage":19,"enemies":"Gremlin Nob","floor":7,"turns":4},{"damage":21,"enemies":"Lots of Slimes","floor":10,"turns":7},{"damage":3,"enemies":"Blue Slaver","floor":12,"turns":4},{"damage":15,"enemies":"3 Sentries","floor":13,"turns":9},{"damage":25,"enemies":"Slime Boss","floor":16,"turns":7}],"seed_played":"-8589045859505951383","potions_obtained":[{"floor":12,"key":"Regen Potion"}],"is_trial":false,"path_per_floor":["M","M","?","?","M","R","E","R","T","M","R","M","E","?","R","B"],"character_chosen":"DEFECT","items_purchased":[],"campfire_rested":2,"item_purchase_floors":[],"current_hp_per_floor":[68,56,41,30,30,30,11,33,33,12,12,9,9,2,24,0,0],"gold":388,"neow_bonus":"RANDOM_COLORLESS_2","is_daily":false,"chose_seed":false,"campfire_upgraded":2,"win_rate":0.0,"timestamp":1613630940,"path_taken":["M","M","?","?","M","R","E","R","T","M","R","M","E","?","R","BOSS"],"items_purchased_type":[],"build_version":"2020-12-22","purchased_purges":0,"victory":false,"max_hp_per_floor":[75,75,75,75,75,75,75,75,75,75,75,75,75,75,75,75,75],"relic_stats":{"counters":[8,43],"Letter Opener":[60],"Question Card":3,"obtain_stats":[{"Letter Opener":9,"Bottled Tornado":13,"Frozen Egg 2":14,"Cracked Core":0,"Question Card":7},{"Letter Opener":4,"Bottled Tornado":7,"Frozen Egg 2":7,"Cracked Core":0,"Question Card":4},{"Letter Opener":16,"Bottled Tornado":36,"Frozen Egg 2":36,"Cracked Core":0,"Question Card":16}]},"card_choices":[{"not_picked":["Chrysalis","Secret Technique"],"picked":"HandOfGreed","floor":0},{"not_picked":["Steam","Streamline"],"picked":"Coolheaded","floor":1},{"not_picked":["Coolheaded","Beam Cell"],"picked":"Defragment","floor":2},{"not_picked":["Leap","Heatsinks"],"picked":"Genetic Algorithm","floor":5},{"not_picked":["Blizzard","Fusion","Reprogram"],"picked":"SKIP","floor":7},{"not_picked":["Hologram","Coolheaded","Redo"],"picked":"Sweeping Beam","floor":10},{"not_picked":["Stack","Go for the Eyes","Conserve Battery"],"picked":"Undo","floor":12},{"not_picked":["Aggregate","Steam","All For One"],"picked":"Recycle","floor":13}],"player_experience":1342069,"relics_obtained":[{"floor":7,"key":"Question Card"},{"floor":9,"key":"Letter Opener"},{"floor":13,"key":"Bottled Tornado"}],"event_choices":[{"damage_healed":0,"gold_gain":0,"player_choice":"Entered Light","damage_taken":15,"max_hp_gain":0,"max_hp_loss":0,"event_name":"Shining Light","floor":3,"gold_loss":0,"cards_upgraded":["Strike_B","Defend_B"]},{"damage_healed":0,"gold_gain":75,"player_choice":"Gather Gold","damage_taken":11,"max_hp_gain":0,"max_hp_loss":0,"event_name":"World of Goop","floor":4,"gold_loss":0},{"damage_healed":0,"gold_gain":0,"player_choice":"Success","damage_taken":7,"relics_obtained":["Frozen Egg 2"],"max_hp_gain":0,"max_hp_loss":0,"event_name":"Scrap Ooze","floor":14,"gold_loss":0}],"is_beta":false,"boss_relics":[],"items_purged_floors":[],"is_endless":false,"potions_floor_spawned":[12],"killed_by":"Slime Boss","ascension_level":2}}