{"host":"khwpnvgc3av0w6xd","time":1613669354,"event":{"mods":["BaseMod","Block Reminder","Colored Map","DeckTracker","Highlight Path","Minty Spire (QoL Compilation)","Quick Restart"],"gold_per_floor":[110,60,74,85,85,85,85,85,130,146,178,178,212,212,212,212,212],"floor_reached":16,"language":"DEU","playtime":533,"items_purged":[],"score":119,"play_id":"55ddf826-4942-4777-b9c8-4104d313f13f","local_time":"20210218182914","is_ascension_mode":true,"campfire_choices":[{"floor":6,"key":"RECALL"},{"floor":12,"key":"REST"},{"floor":15,"key":"REST"}],"circlet_count":0,"master_deck":["Strike_B","Strike_B","Strike_B","Defend_B","Defend_B","Defend_B","Zap+1","Dualcast","BootSequence","Conserve Battery","Loop+1","Loop","Auto Shields"],"relics":["Cracked Core","NeowsBlessing","Boot","Omamori","Darkstone Periapt"],"acts_visited":["Exordium"],"potions_floor_usage":[13,13],"damage_taken":[{"damage":0,"enemies":"Jaw Worm","floor":1,"turns":1},{"damage":0,"enemies":"Small Slimes","floor":3,"turns":1},{"damage":0,"enemies":"2 Louse","floor":4,"turns":1},{"damage":20,"enemies":"Gremlin Gang","floor":10,"turns":4},{"damage":14,"enemies":"Lagavulin","floor":11,"turns":6},{"damage":16,"enemies":"Gremlin Nob","floor":13,"turns":6},{"damage":56,"enemies":"Slime Boss","floor":16,"turns":6}],"seed_played":"-4008472826502457367","potions_obtained":[{"floor":4,"key":"SpeedPotion"},{"floor":10,"key":"SpeedPotion"}],"is_trial":false,"path_per_floor":["M","?","M","M","?","R","$","?","T","M","E","R","E","T","R","B"],"character_chosen":"DEFECT","items_purchased":[],"campfire_rested":2,"item_purchase_floors":[],"current_hp_per_floor":[75,75,75,75,60,60,60,53,53,33,19,41,25,25,47,0,0],"gold":212,"neow_bonus":"THREE_ENEMY_KILL","is_daily":false,"chose_seed":false,"campfire_upgraded":0,"win_rate":0.0,"timestamp":1613669354,"path_taken":["M","?","M","M","?","R","?","?","T","M","E","R","E","?","R","BOSS"],"items_purchased_type":[],"build_version":"2020-12-22","purchased_purges":0,"victory":false,"max_hp_per_floor":[75,75,75,75,75,75,75,75,75,75,75,75,75,75,75,75,75],"card_choices":[{"not_picked":["Redo","FTL"],"picked":"BootSequence","floor":1},{"not_picked":["Hologram","Barrage"],"picked":"Conserve Battery","floor":3},{"not_picked":["Hello World","Barrage"],"picked":"Loop","floor":4},{"not_picked":["Leap","Steam Power"],"picked":"Loop","floor":10},{"not_picked":["Streamline","Lockon"],"picked":"Auto Shields","floor":11},{"not_picked":["Force Field","Glacier","Scrape"],"picked":"SKIP","floor":13}],"player_experience":98505,"relics_obtained":[{"floor":11,"key":"Boot"},{"floor":13,"key":"Omamori"},{"floor":14,"key":"Darkstone Periapt"}],"event_choices":[{"cards_removed":["Strike_B"],"damage_healed":0,"gold_gain":0,"player_choice":"Card Removal","damage_taken":0,"max_hp_gain":0,"max_hp_loss":0,"event_name":"The Cleric","floor":2,"gold_loss":50},{"damage_healed":0,"gold_gain":0,"player_choice":"Entered Light","damage_taken":15,"max_hp_gain":0,"max_hp_loss":0,"event_name":"Shining Light","floor":5,"gold_loss":0,"cards_upgraded":["Zap","Loop"]},{"cards_removed":["Defend_B"],"damage_healed":0,"gold_gain":0,"player_choice":"Card Removal","damage_taken":7,"max_hp_gain":0,"max_hp_loss":0,"event_name":"Golden Wing","floor":8,"gold_loss":0}],"is_beta":false,"boss_relics":[],"items_purged_floors":[],"is_endless":false,"potions_floor_spawned":[4,10],"killed_by":"Slime Boss","ascension_level":2}}