{"host":"0ueeacaatm8t6jyh","time":1613661773,"event":{"mods":["AchievementEnabler","BaseMod","Colored Powertips","Minty Spire (QoL Compilation)","Quick Restart","Rare Cards Sparkle","Shop Mod","StSLib"],"gold_per_floor":[109,109,34,45,195,224,224,248,271,145,159,159,184,196,196,196,196],"floor_reached":16,"language":"ZHS","playtime":561,"items_purged":["Strike_G","Doubt"],"score":239,"play_id":"68b0a351-dede-459a-bc95-d853b0df382c","local_time":"20210218232253","is_ascension_mode":true,"campfire_choices":[{"data":"Venomology","floor":7.0,"key":"SMITH"},{"floor":15,"key":"REST"}],"circlet_count":0,"master_deck":["AscendersBane","Strike_G","Strike_G","Strike_G","Strike_G","Defend_G","Defend_G","Defend_G","Defend_G","Defend_G","Survivor","Neutralize","Tactician","Venomology+1","Prepared","Crippling Poison","Tactician"],"relics":["Ring of the Snake","NeowsBlessing","The Courier","Ancient Tea Set","Orichalcum","Kunai","Potion Belt"],"acts_visited":["Exordium"],"potions_floor_usage":[13,13,16,16,16],"damage_taken":[{"damage":0.0,"enemies":"2 Louse","floor":1.0,"turns":1.0},{"damage":0.0,"enemies":"Cultist","floor":4.0,"turns":1.0},{"damage":0.0,"enemies":"Lagavulin","floor":6.0,"turns":1.0},{"damage":1.0,"enemies":"Jaw Worm","floor":11.0,"turns":4.0},{"damage":38,"enemies":"3 Sentries","floor":13,"turns":20},{"damage":2,"enemies":"Blue Slaver","floor":14,"turns":6},{"damage":44,"enemies":"Slime Boss","floor":16,"turns":9}],"seed_played":"3975149125853915421","potions_obtained":[{"floor":2.0,"key":"EssenceOfSteel"},{"floor":2.0,"key":"ColorlessPotion"},{"floor":4.0,"key":"BlessingOfTheForge"},{"floor":6.0,"key":"Strength Potion"}],"is_trial":false,"path_per_floor":["M","?","$","M","?","E","R","T","T","$","M","T","E","M","R","B"],"character_chosen":"THE_SILENT","items_purchased":["Prepared"],"campfire_rested":1,"item_purchase_floors":[10],"current_hp_per_floor":[59,59,59,59,59,59,59,59,59,59,58,58,20,18,37,0,0],"gold":196,"neow_bonus":"THREE_ENEMY_KILL","is_daily":false,"chose_seed":false,"campfire_upgraded":1,"win_rate":0.0,"timestamp":1613661773,"path_taken":["M","?","$","?","?","E","R","?","T","?","?","?","E","?","R","BOSS"],"items_purchased_type":["Card"],"build_version":"2020-12-22","purchased_purges":2,"victory":false,"max_hp_per_floor":[66,66,66,66,66,66,66,66,66,66,66,66,66,66,66,66,66],"card_choices":[{"not_picked":["Poisoned Stab","Well Laid Plans"],"picked":"Tactician","floor":1.0},{"not_picked":["Leg Sweep","Quick Slash","Sucker Punch"],"picked":"SKIP","floor":4.0},{"not_picked":["Cloak And Dagger","Crippling Poison"],"picked":"Venomology","floor":6.0},{"not_picked":["Underhanded Strike","Backstab","Deflect"],"picked":"SKIP","floor":11.0},{"not_picked":["Prepared","Bouncing Flask"],"picked":"Crippling Poison","floor":13},{"not_picked":["Sucker Punch","Well Laid Plans"],"picked":"Tactician","floor":14}],"player_experience":557779,"relics_obtained":[{"floor":6.0,"key":"The Courier"},{"floor":8.0,"key":"Ancient Tea Set"},{"floor":9.0,"key":"Orichalcum"},{"floor":12.0,"key":"Kunai"},{"floor":13,"key":"Potion Belt"}],"event_choices":[{"damage_healed":0.0,"max_hp_gain":0.0,"max_hp_loss":0.0,"gold_gain":0.0,"event_name":"Lab","player_choice":"Got Potions","floor":2.0,"gold_loss":0.0,"damage_taken":0.0},{"damage_healed":0.0,"max_hp_gain":0.0,"max_hp_loss":0.0,"gold_gain":150.0,"event_name":"Liars Game","player_choice":"AGREE","floor":5.0,"gold_loss":0.0,"damage_taken":0.0,"cards_obtained":["Doubt"]}],"is_beta":false,"boss_relics":[],"items_purged_floors":[3,10],"is_endless":false,"potions_floor_spawned":[4,6,11],"killed_by":"Slime Boss","ascension_level":16}}