{"host":"zxkjcgzis4pm3za5","time":1613660999,"event":{"mods":["2.2 Compatiblity","AchievementEnabler","BaseMod","Colored Map","Colored Powertips","Minty Spire (QoL Compilation)","Quick Restart","Random Character Button","Relic Filter Mod","Relic Sorter","Relic Stats","StSLib"],"gold_per_floor":[113,113,125,136,156,156,183,183,183,238,238,313,323,354,354,432,432,452,466,381,381,76,103,103,135,160,185,211,211,211,241,241,315,315,333,114,114,124,124,156,156,187,187,218,230,242,268,294,306,318,330,330],"floor_reached":51,"language":"ENG","playtime":2204,"items_purged":["Strike_P+1","Strike_P+1"],"score":1878,"play_id":"d4fef72d-8791-484c-b539-a4d4f32c8e62","local_time":"20210218203959","is_ascension_mode":true,"campfire_choices":[{"data":"Eruption","floor":6.0,"key":"SMITH"},{"data":"TalkToTheHand","floor":8.0,"key":"SMITH"},{"data":"Consecrate","floor":11.0,"key":"SMITH"},{"data":"WaveOfTheHand","floor":15.0,"key":"SMITH"},{"data":"Ragnarok","floor":24.0,"key":"SMITH"},{"data":"SpiritShield","floor":30.0,"key":"SMITH"},{"data":"Collect","floor":32.0,"key":"SMITH"},{"data":"Wish","floor":41.0,"key":"SMITH"},{"floor":46.0,"key":"RECALL"},{"floor":49.0,"key":"REST"}],"circlet_count":0,"master_deck":["AscendersBane","Defend_P+1","Defend_P+1","Defend_P+1","Eruption+1","Vigilance","FollowUp","EmptyBody","Crescendo","SashWhip","Consecrate+1","TalkToTheHand+1","CrushJoints","WaveOfTheHand+1","ClearTheMind","SpiritShield+1","EmptyFist+1","Collect+1","Ragnarok+1","Scrawl","Halt","Swivel","Adaptation","Wish+1","Wallop","Madness","Madness","ThirdEye","Omniscience","DeusExMachina","Pain","Sanctity","Evaluate+1"],"relics":["HolyWater","Akabeko","Vajra","Pear","Dead Branch","Smiling Mask","Boot","Mercury Hourglass","Matryoshka","Regal Pillow","PreservedInsect","Centennial Puzzle","Red Mask","Bronze Scales","Cursed Key","ClockworkSouvenir","Lantern","Gambling Chip","MawBank","Bag of Marbles"],"acts_visited":["Exordium","TheCity","TheBeyond"],"potions_floor_usage":[51],"damage_taken":[{"damage":0.0,"enemies":"Small Slimes","floor":1.0,"turns":3.0},{"damage":1.0,"enemies":"Cultist","floor":3.0,"turns":3.0},{"damage":0.0,"enemies":"2 Louse","floor":4.0,"turns":3.0},{"damage":0.0,"enemies":"2 Fungi Beasts","floor":5.0,"turns":4.0},{"damage":15.0,"enemies":"3 Sentries","floor":7.0,"turns":6.0},{"damage":11.0,"enemies":"Lagavulin Event","floor":10.0,"turns":5.0},{"damage":0.0,"enemies":"Looter","floor":13.0,"turns":1.0},{"damage":0.0,"enemies":"Gremlin Nob","floor":14.0,"turns":3.0},{"damage":8.0,"enemies":"Hexaghost","floor":16.0,"turns":8.0},{"damage":4.0,"enemies":"2 Thieves","floor":18.0,"turns":3.0},{"damage":1.0,"enemies":"3 Byrds","floor":19.0,"turns":3.0},{"damage":0.0,"enemies":"Gremlin Leader","floor":23.0,"turns":4.0},{"damage":0.0,"enemies":"Book of Stabbing","floor":25.0,"turns":3.0},{"damage":0.0,"enemies":"Gremlin Leader","floor":27.0,"turns":1.0},{"damage":0.0,"enemies":"Masked Bandits","floor":28.0,"turns":2.0},{"damage":0.0,"enemies":"Book of Stabbing","floor":31.0,"turns":2.0},{"damage":50.0,"enemies":"Champ","floor":33.0,"turns":9.0},{"damage":0.0,"enemies":"Orb Walker","floor":35.0,"turns":1.0},{"damage":3.0,"enemies":"3 Darklings","floor":38.0,"turns":2.0},{"damage":0.0,"enemies":"Reptomancer","floor":40.0,"turns":1.0},{"damage":0.0,"enemies":"Giant Head","floor":42.0,"turns":2.0},{"damage":0.0,"enemies":"Writhing Mass","floor":44.0,"turns":1.0},{"damage":0.0,"enemies":"4 Shapes","floor":47.0,"turns":2.0},{"damage":0.0,"enemies":"Jaw Worm Horde","floor":48.0,"turns":1.0},{"damage":39,"enemies":"Awakened One","floor":50,"turns":11},{"damage":69,"enemies":"Time Eater","floor":51,"turns":12}],"seed_played":"5704394596512492981","potions_obtained":[{"floor":4.0,"key":"Swift Potion"},{"floor":7.0,"key":"ColorlessPotion"},{"floor":13.0,"key":"Swift Potion"},{"floor":14.0,"key":"Strength Potion"},{"floor":16.0,"key":"StancePotion"},{"floor":23.0,"key":"Fire Potion"},{"floor":33.0,"key":"Explosive Potion"},{"floor":44.0,"key":"EssenceOfSteel"}],"is_trial":false,"path_per_floor":["M","?","M","M","M","R","E","R","T","?","R","?","M","E","R","B",null,"M","M","?","?","$","E","R","E","T","E","?","?","R","E","R","B",null,"M","$","?","M","?","E","R","E","T","M","?","R","M","M","R","B","B"],"character_chosen":"WATCHER","items_purchased":["Ragnarok","Scrawl","ClockworkSouvenir"],"campfire_rested":1,"item_purchase_floors":[22,22,36],"current_hp_per_floor":[61,61,60,60,60,60,45,45,55,44,44,33,33,33,33,25,65,61,60,60,60,60,60,60,60,60,60,60,60,60,60,60,10,61,61,61,47,44,44,44,44,44,44,44,44,44,44,44,78,39,0,0],"gold":330,"neow_bonus":"RANDOM_COMMON_RELIC","is_daily":false,"chose_seed":false,"campfire_upgraded":8,"win_rate":0.0,"timestamp":1613660999,"path_taken":["M","?","?","M","M","R","E","R","T","?","R","?","M","E","R","BOSS","M","M","?","?","$","E","R","E","T","E","?","?","R","E","R","BOSS","M","?","?","M","?","E","R","E","T","?","?","R","?","M","R","BOSS","BOSS"],"items_purchased_type":["Card","Card","Relic"],"build_version":"2020-12-22","purchased_purges":2,"victory":false,"max_hp_per_floor":[68,68,68,68,68,68,68,68,78,78,78,78,78,78,78,78,78,78,78,78,78,78,78,78,78,78,78,78,78,78,78,78,78,78,78,78,78,78,78,78,78,78,78,78,78,78,78,78,78,78,78,78],"relic_stats":{"Regal Pillow":11,"counters":[26,96],"Dead Branch":[144],"PreservedInsect":281,"Smiling Mask":75,"Boot":[4],"Cursed Key":1,"MawBank":96,"Mercury Hourglass":[186],"Centennial Puzzle":[12],"Bronze Scales":[108],"Gambling Chip":[21],"obtain_stats":[{"Regal Pillow":26,"Lantern":40,"Pear":9,"Dead Branch":10,"Vajra":7,"PreservedInsect":26,"Smiling Mask":14,"Boot":20,"Cursed Key":34,"MawBank":43,"Akabeko":0,"Mercury Hourglass":23,"ClockworkSouvenir":36,"Centennial Puzzle":27,"Matryoshka":25,"Bronze Scales":31,"Gambling Chip":42,"HolyWater":17,"Red Mask":28,"Bag of Marbles":45,"PureWater":0},{"Regal Pillow":13,"Lantern":20,"Pear":5,"Dead Branch":6,"Vajra":5,"PreservedInsect":13,"Smiling Mask":8,"Boot":11,"Cursed Key":17,"MawBank":21,"Akabeko":0,"Mercury Hourglass":12,"ClockworkSouvenir":18,"Centennial Puzzle":14,"Matryoshka":13,"Bronze Scales":16,"Gambling Chip":21,"HolyWater":9,"Red Mask":15,"Bag of Marbles":22,"PureWater":0},{"Regal Pillow":49,"Lantern":67,"Pear":19,"Dead Branch":24,"Vajra":19,"PreservedInsect":49,"Smiling Mask":28,"Boot":42,"Cursed Key":63,"MawBank":69,"Akabeko":0,"Mercury Hourglass":46,"ClockworkSouvenir":64,"Centennial Puzzle":50,"Matryoshka":49,"Bronze Scales":54,"Gambling Chip":69,"HolyWater":36,"Red Mask":52,"Bag of Marbles":70,"PureWater":0}]},"card_choices":[{"not_picked":["ClearTheMind","Evaluate"],"picked":"FollowUp","floor":1.0},{"not_picked":["FollowUp","Collect"],"picked":"Crescendo","floor":3.0},{"not_picked":["EmptyBody","PathToVictory"],"picked":"SashWhip","floor":4.0},{"not_picked":["Fasting2","EmptyFist"],"picked":"Consecrate","floor":5.0},{"not_picked":["Fasting2","CarveReality"],"picked":"TalkToTheHand","floor":7.0},{"not_picked":["Sanctity","SignatureMove"],"picked":"CrushJoints","floor":10.0},{"not_picked":["DevaForm","JustLucky"],"picked":"WaveOfTheHand","floor":13.0},{"not_picked":["ReachHeaven","Weave"],"picked":"ClearTheMind","floor":14.0},{"not_picked":["Judgement","Brilliance"],"picked":"SpiritShield","floor":16.0},{"not_picked":["CrushJoints","ThirdEye"],"picked":"EmptyFist+1","floor":18.0},{"not_picked":["Protect","PathToVictory"],"picked":"Collect","floor":19.0},{"not_picked":["FlyingSleeves","Consecrate"],"picked":"Halt","floor":23.0},{"not_picked":["FlyingSleeves","Prostrate","BattleHymn"],"picked":"SKIP","floor":25.0},{"not_picked":["Alpha","Nirvana"],"picked":"Swivel","floor":27.0},{"not_picked":["EmptyBody","SashWhip"],"picked":"Adaptation","floor":28.0},{"not_picked":["SashWhip","Protect","Halt"],"picked":"SKIP","floor":31.0},{"not_picked":["Establishment","Brilliance"],"picked":"Wish","floor":33.0},{"not_picked":["Prostrate","FlyingSleeves+1"],"picked":"Wallop","floor":35.0},{"not_picked":["PathToVictory","Crescendo"],"picked":"ThirdEye","floor":38.0},{"not_picked":["Crescendo","CrushJoints+1","WindmillStrike"],"picked":"SKIP","floor":40.0},{"not_picked":["Halt","LikeWater"],"picked":"DeusExMachina","floor":42.0},{"not_picked":["EmptyBody+1","EmptyFist"],"picked":"Sanctity","floor":44.0},{"not_picked":["ReachHeaven","ClearTheMind+1"],"picked":"Evaluate+1","floor":47.0},{"not_picked":["FollowUp","EmptyFist","Study"],"picked":"SKIP","floor":48.0}],"player_experience":394331,"relics_obtained":[{"floor":7.0,"key":"Vajra"},{"floor":9.0,"key":"Pear"},{"floor":10.0,"key":"Dead Branch"},{"floor":14.0,"key":"Smiling Mask"},{"floor":23.0,"key":"Mercury Hourglass"},{"floor":25.0,"key":"Matryoshka"},{"floor":26.0,"key":"Regal Pillow"},{"floor":26.0,"key":"PreservedInsect"},{"floor":27.0,"key":"Centennial Puzzle"},{"floor":28.0,"key":"Red Mask"},{"floor":31.0,"key":"Bronze Scales"},{"floor":40.0,"key":"Lantern"},{"floor":42.0,"key":"Gambling Chip"},{"floor":43.0,"key":"MawBank"}],"event_choices":[{"damage_healed":0.0,"max_hp_gain":0.0,"max_hp_loss":0.0,"gold_gain":0.0,"cards_transformed":["Defend_P"],"event_name":"Transmorgrifier","player_choice":"Transformed","floor":2.0,"gold_loss":0.0,"damage_taken":0.0,"cards_obtained":["EmptyBody"]},{"damage_healed":0.0,"max_hp_gain":0.0,"max_hp_loss":0.0,"gold_gain":0.0,"event_name":"Dead Adventurer","player_choice":"Searched \u00272\u0027 times","floor":10.0,"gold_loss":0.0,"damage_taken":0.0},{"damage_healed":0.0,"max_hp_gain":0.0,"max_hp_loss":0.0,"gold_gain":75.0,"event_name":"World of Goop","player_choice":"Gather Gold","floor":12.0,"gold_loss":0.0,"damage_taken":11.0},{"damage_healed":0.0,"max_hp_gain":0.0,"max_hp_loss":0.0,"gold_gain":0.0,"event_name":"Addict","player_choice":"Obtained Relic","floor":20.0,"gold_loss":85.0,"damage_taken":0.0,"relics_obtained":["Boot"]},{"damage_healed":0.0,"max_hp_gain":0.0,"max_hp_loss":0.0,"gold_gain":0.0,"event_name":"Back to Basics","player_choice":"Simplicity","floor":21.0,"gold_loss":0.0,"damage_taken":0.0,"cards_upgraded":["Strike_P","Strike_P","Strike_P","Strike_P","Defend_P","Defend_P","Defend_P"]},{"damage_healed":0.0,"max_hp_gain":0.0,"max_hp_loss":0.0,"gold_gain":0.0,"event_name":"Masked Bandits","player_choice":"Fought Bandits","floor":28.0,"gold_loss":0.0,"damage_taken":0.0},{"cards_removed":["Strike_P"],"damage_healed":0.0,"max_hp_gain":0.0,"max_hp_loss":0.0,"gold_gain":0.0,"event_name":"Bonfire Elementals","player_choice":"Offered Basic","floor":29.0,"gold_loss":0.0,"damage_taken":0.0},{"damage_healed":0.0,"max_hp_gain":0.0,"max_hp_loss":0.0,"gold_gain":0.0,"event_name":"Winding Halls","player_choice":"Embrace Madness","floor":37.0,"gold_loss":0.0,"damage_taken":14.0,"cards_obtained":["Madness","Madness"]},{"damage_healed":0.0,"max_hp_gain":0.0,"max_hp_loss":0.0,"gold_gain":0.0,"cards_transformed":["Strike_P"],"event_name":"Transmorgrifier","player_choice":"Transformed","floor":39.0,"gold_loss":0.0,"damage_taken":0.0,"cards_obtained":["Omniscience"]},{"damage_healed":0.0,"max_hp_gain":0.0,"max_hp_loss":0.0,"gold_gain":0.0,"event_name":"WeMeetAgain","player_choice":"Gave Potion","floor":45.0,"gold_loss":0.0,"damage_taken":0.0,"relics_obtained":["Bag of Marbles"]}],"is_beta":false,"boss_relics":[{"not_picked":["Sozu","Calling Bell"],"picked":"HolyWater"},{"not_picked":["Empty Cage","SacredBark"],"picked":"Cursed Key"}],"items_purged_floors":[22,36],"is_endless":false,"potions_floor_spawned":[4,7,13,14,16,23,25,31,33,42,44],"killed_by":"Time Eater","ascension_level":20}}