{"host":"2l5k2wp87eek7qja","time":1613665120,"event":{"mods":["BaseMod","Colored Map","Minty Spire (QoL Compilation)","Relic Stats"],"gold_per_floor":[113,129,129,139,289,289,140,172,195,195,207,234,234,66,66,142,142,160,173,173,185,185,185,185,185],"floor_reached":24,"language":"ENG","playtime":1164,"items_purged":["Doubt"],"score":408,"play_id":"00aff5e1-691c-4db8-a4e6-2f8007f589e7","local_time":"20210218181840","is_ascension_mode":true,"campfire_choices":[{"data":"Predator","floor":6,"key":"SMITH"},{"data":"Envenom","floor":10,"key":"SMITH"},{"data":"Catalyst","floor":13,"key":"SMITH"},{"data":"Backflip","floor":15,"key":"SMITH"},{"floor":23,"key":"REST"}],"circlet_count":0,"master_deck":["AscendersBane","Strike_G","Strike_G","Strike_G","Strike_G","Strike_G","Defend_G","Defend_G","Defend_G","Defend_G","Defend_G","Survivor","Neutralize+1","Backstab","Predator+1","Envenom+1","Backflip+1","Catalyst+1","Bullet Time","Riddle With Holes","Dash","Crippling Poison"],"relics":["Ring of the Snake","Toy Ornithopter","Centennial Puzzle","Juzu Bracelet","Bag of Marbles","Regal Pillow","Black Star"],"acts_visited":["Exordium","TheCity"],"potions_floor_usage":[8,8,12,18,18,24],"damage_taken":[{"damage":0,"enemies":"2 Louse","floor":1,"turns":5},{"damage":9,"enemies":"Jaw Worm","floor":2,"turns":10},{"damage":0,"enemies":"Cultist","floor":4,"turns":3},{"damage":12,"enemies":"3 Sentries","floor":8,"turns":7},{"damage":17,"enemies":"Exordium Wildlife","floor":11,"turns":6},{"damage":12,"enemies":"Lagavulin","floor":12,"turns":5},{"damage":11,"enemies":"The Guardian","floor":16,"turns":12},{"damage":11,"enemies":"Chosen","floor":18,"turns":4},{"damage":17,"enemies":"3 Byrds","floor":19,"turns":7},{"damage":13,"enemies":"Snecko","floor":21,"turns":4},{"damage":46,"enemies":"Gremlin Leader","floor":24,"turns":7}],"seed_played":"-7064994376952133982","potions_obtained":[{"floor":2,"key":"Fire Potion"},{"floor":4,"key":"Energy Potion"},{"floor":8,"key":"PowerPotion"},{"floor":11,"key":"Block Potion"},{"floor":12,"key":"Weak Potion"},{"floor":18,"key":"FearPotion"},{"floor":21,"key":"Explosive Potion"}],"is_trial":false,"path_per_floor":["M","M","?","M","?","R","$","E","T","R","M","E","R","$","R","B",null,"M","M","?","M","?","R","E"],"character_chosen":"THE_SILENT","items_purchased":["Envenom","Regal Pillow"],"campfire_rested":1,"item_purchase_floors":[7,14],"current_hp_per_floor":[59,50,50,50,50,50,50,48,48,48,31,24,24,24,24,13,53,52,35,35,22,4,40,0,0],"gold":185,"neow_bonus":"RANDOM_COMMON_RELIC","is_daily":false,"chose_seed":false,"campfire_upgraded":4,"win_rate":0.0,"timestamp":1613665120,"path_taken":["M","M","?","M","?","R","$","E","T","R","M","E","R","?","R","BOSS","M","M","?","M","?","R","E"],"items_purchased_type":["Card","Relic"],"build_version":"2020-12-22","purchased_purges":1,"victory":false,"max_hp_per_floor":[66,66,66,66,66,66,66,66,66,66,66,66,66,66,66,66,66,66,66,66,66,71,71,71,71],"relic_stats":{"Centennial Puzzle":[21],"Regal Pillow":15,"counters":[11,70],"Juzu Bracelet":1,"Black Star":0,"obtain_stats":[{"Centennial Puzzle":8,"Regal Pillow":14,"Juzu Bracelet":9,"Bag of Marbles":12,"Black Star":17,"Toy Ornithopter":0,"Ring of the Snake":0},{"Centennial Puzzle":4,"Regal Pillow":6,"Juzu Bracelet":4,"Bag of Marbles":6,"Black Star":7,"Toy Ornithopter":0,"Ring of the Snake":0},{"Centennial Puzzle":25,"Regal Pillow":36,"Juzu Bracelet":25,"Bag of Marbles":36,"Black Star":48,"Toy Ornithopter":0,"Ring of the Snake":0}],"Toy Ornithopter":30,"Ring of the Snake":[22]},"card_choices":[{"not_picked":["Quick Slash","Flying Knee"],"picked":"Backstab","floor":1},{"not_picked":["Concentrate","Choke","Backflip"],"picked":"SKIP","floor":2},{"not_picked":["Infinite Blades","Bouncing Flask"],"picked":"Predator","floor":4},{"not_picked":["A Thousand Cuts","Envenom"],"picked":"Backflip","floor":8},{"not_picked":["Expertise","Terror"],"picked":"Catalyst","floor":11},{"not_picked":["Reflex","Deflect","Setup"],"picked":"SKIP","floor":12},{"not_picked":["Phantasmal Killer","Doppelganger"],"picked":"Bullet Time","floor":16},{"not_picked":["Slice","Underhanded Strike"],"picked":"Riddle With Holes","floor":18},{"not_picked":["Dagger Spray","Dagger Throw"],"picked":"Dash","floor":19},{"not_picked":["Slice","Heel Hook"],"picked":"Crippling Poison","floor":21}],"player_experience":801249,"relics_obtained":[{"floor":8,"key":"Centennial Puzzle"},{"floor":9,"key":"Juzu Bracelet"},{"floor":12,"key":"Bag of Marbles"}],"event_choices":[{"damage_healed":0,"gold_gain":0,"player_choice":"Grow","damage_taken":0,"max_hp_gain":0,"max_hp_loss":0,"event_name":"Living Wall","floor":3,"gold_loss":0,"cards_upgraded":["Neutralize"]},{"damage_healed":0,"gold_gain":150,"player_choice":"AGREE","damage_taken":0,"max_hp_gain":0,"max_hp_loss":0,"event_name":"Liars Game","floor":5,"gold_loss":0,"cards_obtained":["Doubt"]},{"damage_healed":0,"gold_gain":0,"player_choice":"Ignored","damage_taken":0,"max_hp_gain":0,"max_hp_loss":0,"event_name":"N\u0027loth","floor":20,"gold_loss":0},{"damage_healed":0,"gold_gain":0,"player_choice":"Shed Blood","damage_taken":23,"max_hp_gain":5,"max_hp_loss":0,"event_name":"Forgotten Altar","floor":22,"gold_loss":0}],"is_beta":false,"boss_relics":[{"not_picked":["Busted Crown","Ectoplasm"],"picked":"Black Star"}],"items_purged_floors":[7],"is_endless":false,"potions_floor_spawned":[2,4,8,11,12,18,21],"killed_by":"Gremlin Leader","ascension_level":20}}