{"host":"fbdlh90rovbiajun","time":1613608803,"event":{"mods":["AchievementEnabler","BaseMod","Colored Map","Keyboard Shortcuts","Minty Spire (QoL Compilation)","SuperFastMode"],"gold_per_floor":[115,130,130,141,156,156,156,156,156,156,156,170,170,195,195,291,291,304,83,98,111,111,111,121,146,169,169,169],"floor_reached":27,"language":"KOR","playtime":1050,"items_purged":["Strike_P"],"score":258,"play_id":"5b8ae759-f78f-49e8-ad14-d7db8ef14939","local_time":"20210218094003","is_ascension_mode":false,"campfire_choices":[{"data":"Eruption","floor":6,"key":"SMITH"},{"data":"Scrawl","floor":8,"key":"SMITH"},{"data":"Vigilance","floor":10,"key":"SMITH"},{"floor":13,"key":"REST"},{"data":"Halt","floor":15,"key":"SMITH"},{"data":"Strike_P","floor":23,"key":"SMITH"}],"circlet_count":0,"master_deck":["Strike_P","Strike_P+1","Defend_P","Defend_P","Eruption+1","Vigilance+1","Halt+1","Scrawl+1","Vault+1","CrushJoints+1","Decay","Ragnarok"],"relics":["PureWater","Frozen Egg 2","Toxic Egg 2","Mummified Hand","VioletLotus","Bag of Preparation","Ornamental Fan","Juzu Bracelet"],"acts_visited":["Exordium","TheCity"],"potions_floor_usage":[14,16,20],"damage_taken":[{"damage":0,"enemies":"2 Louse","floor":1,"turns":2},{"damage":0,"enemies":"Cultist","floor":2,"turns":3},{"damage":0,"enemies":"Jaw Worm","floor":4,"turns":4},{"damage":9,"enemies":"Lots of Slimes","floor":5,"turns":3},{"damage":0,"enemies":"Large Slime","floor":12,"turns":3},{"damage":0,"enemies":"Lagavulin","floor":14,"turns":3},{"damage":36,"enemies":"The Guardian","floor":16,"turns":16},{"damage":0,"enemies":"Chosen","floor":18,"turns":4},{"damage":0,"enemies":"3 Byrds","floor":20,"turns":9},{"damage":0,"enemies":"Centurion and Healer","floor":21,"turns":6},{"damage":15,"enemies":"Snecko","floor":24,"turns":6},{"damage":20,"enemies":"Gremlin Leader","floor":25,"turns":4},{"damage":33,"enemies":"Colosseum Slavers","floor":27,"turns":2}],"seed_played":"8989218408797369468","potions_obtained":[{"floor":2,"key":"SteroidPotion"},{"floor":12,"key":"Block Potion"},{"floor":16,"key":"GamblersBrew"},{"floor":18,"key":"SteroidPotion"},{"floor":21,"key":"SteroidPotion"},{"floor":25,"key":"BottledMiracle"}],"is_trial":false,"path_per_floor":["M","M","?","M","M","R","?","R","T","R","?","M","R","E","R","B",null,"M","$","M","M","?","R","M","E","T","?"],"character_chosen":"WATCHER","items_purchased":["Bag of Preparation"],"campfire_rested":1,"item_purchase_floors":[19],"current_hp_per_floor":[65,65,65,65,56,56,31,31,31,31,24,24,43,43,43,7,65,65,65,65,65,65,65,50,30,30,0,0],"gold":169,"neow_bonus":"REMOVE_TWO","is_daily":false,"chose_seed":false,"campfire_upgraded":5,"win_rate":0.0,"timestamp":1613608803,"path_taken":["M","M","?","?","M","R","?","R","T","R","?","M","R","E","R","BOSS","M","$","M","M","?","R","?","E","T","?"],"items_purchased_type":["Relic"],"build_version":"2020-12-22","purchased_purges":1,"victory":false,"max_hp_per_floor":[65,65,65,65,65,65,65,65,65,65,65,65,65,65,65,65,65,65,65,65,65,65,65,65,65,65,65,65],"card_choices":[{"not_picked":["ThirdEye","BowlingBash"],"picked":"Halt","floor":1},{"not_picked":["EmptyFist","FollowUp","LikeWater"],"picked":"SKIP","floor":2},{"not_picked":["EmptyFist","FollowUp","LikeWater"],"picked":"SKIP","floor":2},{"not_picked":["BowlingBash","ThirdEye","Collect"],"picked":"SKIP","floor":4},{"not_picked":["ThirdEye","FlurryOfBlows"],"picked":"Scrawl","floor":5},{"not_picked":["Protect+1","WaveOfTheHand+1","SignatureMove"],"picked":"SKIP","floor":12},{"not_picked":["Protect+1","BattleHymn+1","Weave"],"picked":"SKIP","floor":14},{"not_picked":["Devotion+1","DeusExMachina+1"],"picked":"Vault+1","floor":16},{"not_picked":["Weave+1","WaveOfTheHand+1","FollowUp"],"picked":"SKIP","floor":18},{"not_picked":["DeceiveReality+1","Sanctity+1","FlurryOfBlows+1"],"picked":"SKIP","floor":20},{"not_picked":["Prostrate+1","FlurryOfBlows"],"picked":"CrushJoints+1","floor":21},{"not_picked":["Prostrate+1","FollowUp+1"],"picked":"Ragnarok","floor":24},{"not_picked":["Consecrate","ForeignInfluence+1","PathToVictory+1"],"picked":"SKIP","floor":25}],"player_experience":78613,"relics_obtained":[{"floor":9,"key":"Toxic Egg 2"},{"floor":14,"key":"Mummified Hand"},{"floor":25,"key":"Ornamental Fan"},{"floor":26,"key":"Juzu Bracelet"}],"event_choices":[{"damage_healed":0,"gold_gain":0,"player_choice":"Bought 0 Potions","damage_taken":0,"max_hp_gain":0,"max_hp_loss":0,"event_name":"The Woman in Blue","floor":3,"gold_loss":0},{"damage_healed":0,"gold_gain":0,"player_choice":"Success","damage_taken":25,"relics_obtained":["Frozen Egg 2"],"max_hp_gain":0,"max_hp_loss":0,"event_name":"Scrap Ooze","floor":7,"gold_loss":0},{"cards_removed":["Defend_P"],"damage_healed":0,"gold_gain":0,"player_choice":"Card Removal","damage_taken":7,"max_hp_gain":0,"max_hp_loss":0,"event_name":"Golden Wing","floor":11,"gold_loss":0},{"damage_healed":0,"gold_gain":0,"player_choice":"Cursed","damage_taken":0,"max_hp_gain":0,"max_hp_loss":0,"event_name":"Wheel of Change","floor":22,"gold_loss":0,"cards_obtained":["Decay"]},{"damage_healed":0,"gold_gain":0,"player_choice":"Fight","damage_taken":0,"max_hp_gain":0,"max_hp_loss":0,"event_name":"Colosseum","floor":27,"gold_loss":0}],"is_beta":false,"boss_relics":[{"not_picked":["Fusion Hammer","Black Star"],"picked":"VioletLotus"}],"items_purged_floors":[19],"is_endless":false,"potions_floor_spawned":[2,12,16,18,21,25],"killed_by":"Colosseum Slavers","ascension_level":0}}