{"host":"syfsfjmzue8y1a6l","time":1613632895,"event":{"mods":["AchievementEnabler","BaseMod","Colored Map","DeckTracker","Minty Spire (QoL Compilation)","Permanent Neow","SuperFastMode"],"gold_per_floor":[116,116,128,142,67,67,67,100,100,111,122,157,172,200,200,301,301,320,320,235,254,264,264,294,14,14,24,52,52,52,69,69,69,165,215,232,13,31,0,15,15,15],"floor_reached":41,"language":"KOR","playtime":2180,"items_purged":["Defend_R","Defend_R","Strike_R"],"score":503,"play_id":"f53f9379-ad2a-4d4a-a238-abff816b2213","local_time":"20210218162135","is_ascension_mode":false,"campfire_choices":[{"data":"Bash","floor":6,"key":"SMITH"},{"data":"Pommel Strike","floor":15,"key":"SMITH"},{"data":"Feed","floor":23,"key":"SMITH"},{"data":"Burning Pact","floor":29,"key":"SMITH"},{"data":"Uppercut","floor":33,"key":"SMITH"}],"circlet_count":0,"master_deck":["Strike_R","Strike_R","Bash+1","Flex","Clash","Clash","Warcry","Pommel Strike+1","Burning Pact+1","Feed+1","Dropkick+1","Bloodletting","Violence","Seeing Red","Uppercut+1","Feed","Clash+1","Clash+1"],"relics":["Burning Blood","Letter Opener","Frozen Egg 2","MealTicket","Bag of Marbles","SlaversCollar","Toy Ornithopter","StoneCalendar","Gremlin Horn","Bronze Scales","Tiny House","Membership Card","Red Mask"],"acts_visited":["Exordium","TheCity","TheBeyond"],"potions_floor_usage":[16,16,28,34,40],"damage_taken":[{"damage":2,"enemies":"Small Slimes","floor":1,"turns":4},{"damage":6,"enemies":"Jaw Worm","floor":3,"turns":3},{"damage":0,"enemies":"2 Louse","floor":4,"turns":2},{"damage":11,"enemies":"Gremlin Nob","floor":8,"turns":3},{"damage":8,"enemies":"Lots of Slimes","floor":10,"turns":3},{"damage":0,"enemies":"Exordium Thugs","floor":11,"turns":3},{"damage":8,"enemies":"Lagavulin","floor":12,"turns":4},{"damage":0,"enemies":"2 Fungi Beasts","floor":13,"turns":2},{"damage":40,"enemies":"3 Sentries","floor":14,"turns":9},{"damage":41,"enemies":"The Guardian","floor":16,"turns":6},{"damage":20,"enemies":"3 Byrds","floor":18,"turns":4},{"damage":10,"enemies":"2 Thieves","floor":21,"turns":3},{"damage":20,"enemies":"Snecko","floor":22,"turns":4},{"damage":27,"enemies":"Gremlin Leader","floor":24,"turns":4},{"damage":3,"enemies":"3 Cultists","floor":27,"turns":2},{"damage":9,"enemies":"Book of Stabbing","floor":28,"turns":2},{"damage":3,"enemies":"Snake Plant","floor":31,"turns":2},{"damage":43,"enemies":"Automaton","floor":34,"turns":6},{"damage":6,"enemies":"3 Shapes","floor":36,"turns":1},{"damage":0,"enemies":"Orb Walker","floor":38,"turns":1},{"damage":18,"enemies":"Writhing Mass","floor":40,"turns":2},{"damage":99,"enemies":"Nemesis","floor":41,"turns":6}],"seed_played":"4928758410863857637","potions_obtained":[{"floor":3,"key":"Regen Potion"},{"floor":8,"key":"Dexterity Potion"},{"floor":13,"key":"AttackPotion"},{"floor":18,"key":"FearPotion"},{"floor":21,"key":"HeartOfIron"},{"floor":34,"key":"FearPotion"},{"floor":35,"key":"LiquidMemories"}],"is_trial":false,"path_per_floor":["M","?","M","M","$","R","$","E","T","M","M","E","M","E","R","B",null,"M","?","?","M","M","R","E","$","T","M","E","R","?","M","?","R","B",null,"M","$","M","?","M","E"],"character_chosen":"IRONCLAD","items_purchased":["Violence","Membership Card"],"campfire_rested":0,"item_purchase_floors":[25,37],"current_hp_per_floor":[72,72,72,72,72,72,72,67,67,65,71,69,72,38,38,8,72,61,61,61,60,49,49,28,43,43,50,56,56,56,63,63,63,31,98,101,101,101,101,98,0,0],"gold":15,"neow_bonus":"REMOVE_TWO","is_daily":false,"chose_seed":false,"campfire_upgraded":5,"win_rate":0.0,"timestamp":1613632895,"path_taken":["M","?","M","M","$","R","?","E","T","M","M","E","M","E","R","BOSS","M","?","?","M","M","R","E","$","T","M","E","R","?","?","?","R","BOSS","M","$","M","?","M","E"],"items_purchased_type":["Card","Relic"],"build_version":"2020-12-22","purchased_purges":3,"victory":false,"max_hp_per_floor":[72,72,72,72,72,72,72,72,72,72,72,72,72,72,72,72,72,75,75,75,78,81,81,81,81,81,85,89,89,89,93,93,93,93,98,101,101,101,101,105,105,105],"card_choices":[{"not_picked":["Heavy Blade","Anger"],"picked":"Flex","floor":1},{"not_picked":["Iron Wave","Sentinel"],"picked":"Clash","floor":3},{"not_picked":["Body Slam","Armaments","Anger"],"picked":"SKIP","floor":4},{"not_picked":["Corruption","Blood for Blood","Combust"],"picked":"SKIP","floor":8},{"not_picked":["Wild Strike","Shockwave"],"picked":"Clash","floor":10},{"not_picked":["Heavy Blade","Iron Wave"],"picked":"Warcry","floor":11},{"not_picked":["Clothesline","True Grit"],"picked":"Pommel Strike","floor":12},{"not_picked":["Heavy Blade","Pummel","Carnage"],"picked":"SKIP","floor":13},{"not_picked":["Perfected Strike","Carnage"],"picked":"Burning Pact","floor":14},{"not_picked":["Exhume","Immolate"],"picked":"Feed","floor":16},{"not_picked":["Metallicize+1","Twin Strike+1"],"picked":"Dropkick","floor":18},{"not_picked":["True Grit+1","Wild Strike+1","Spot Weakness+1"],"picked":"SKIP","floor":21},{"not_picked":["Armaments+1","Carnage","Intimidate+1"],"picked":"SKIP","floor":22},{"not_picked":["Carnage","Anger"],"picked":"Bloodletting","floor":24},{"not_picked":["Fiend Fire","Bloodletting+1","Iron Wave"],"picked":"SKIP","floor":27},{"not_picked":["Dark Embrace+1","Perfected Strike","Disarm"],"picked":"SKIP","floor":28},{"not_picked":["Wild Strike+1","Feel No Pain+1"],"picked":"Uppercut","floor":31},{"not_picked":["Barricade+1","Immolate"],"picked":"Feed","floor":34},{"not_picked":["Pummel+1","Thunderclap"],"picked":"Clash+1","floor":35},{"not_picked":["Shrug It Off+1","Twin Strike"],"picked":"Clash+1","floor":36},{"not_picked":["Headbutt+1","Fire Breathing+1","Body Slam+1"],"picked":"SKIP","floor":38},{"not_picked":["Sword Boomerang+1","Clash","Seeing Red+1"],"picked":"SKIP","floor":40}],"player_experience":128999,"relics_obtained":[{"floor":8,"key":"Letter Opener"},{"floor":9,"key":"Frozen Egg 2"},{"floor":12,"key":"MealTicket"},{"floor":14,"key":"Bag of Marbles"},{"floor":24,"key":"StoneCalendar"},{"floor":26,"key":"Gremlin Horn"},{"floor":28,"key":"Bronze Scales"}],"event_choices":[{"cards_removed":["Strike_R"],"damage_healed":0,"gold_gain":0,"player_choice":"Forget","damage_taken":0,"max_hp_gain":0,"max_hp_loss":0,"event_name":"Living Wall","floor":2,"gold_loss":0},{"damage_healed":0,"gold_gain":0,"player_choice":"Ignored","damage_taken":0,"max_hp_gain":0,"max_hp_loss":0,"event_name":"Ghosts","floor":19,"gold_loss":0},{"damage_healed":0,"gold_gain":0,"player_choice":"Obtained Relic","damage_taken":0,"relics_obtained":["Toy Ornithopter"],"max_hp_gain":0,"max_hp_loss":0,"event_name":"Addict","floor":20,"gold_loss":85},{"damage_healed":0,"gold_gain":0,"cards_transformed":["Defend_R"],"player_choice":"Transformed","damage_taken":0,"max_hp_gain":0,"max_hp_loss":0,"event_name":"Transmorgrifier","floor":30,"gold_loss":0,"cards_obtained":["Seeing Red"]},{"damage_healed":0,"gold_gain":0,"player_choice":"Paid","damage_taken":0,"relics_obtained":["Red Mask"],"max_hp_gain":0,"max_hp_loss":0,"event_name":"Tomb of Lord Red Mask","floor":39,"gold_loss":31}],"is_beta":false,"boss_relics":[{"not_picked":["Astrolabe","Calling Bell"],"picked":"SlaversCollar"},{"not_picked":["Philosopher\u0027s Stone","Velvet Choker"],"picked":"Tiny House"}],"items_purged_floors":[5,25,37],"is_endless":false,"potions_floor_spawned":[3,8,13,14,18,21,34,38],"killed_by":"Nemesis","ascension_level":0}}