{"host":"d2gh6suihlstufn7","time":1613659788,"event":{"mods":["AchievementEnabler","BaseMod","Colored Map","Colored Powertips","Minty Spire (QoL Compilation)","Permanent Neow","Quick Restart"],"gold_per_floor":[119,139,139,154,117,117,136,136,136,101,111,111,111,286,286,389,389,407,424,424,523,541,575,575,600,626,654,654,654],"floor_reached":28,"language":"KOR","playtime":1125,"items_purged":[],"score":291,"play_id":"82d62ee9-6faa-4c26-a80a-219e79480357","local_time":"20210218234948","is_ascension_mode":false,"campfire_choices":[{"floor":6.0,"key":"RECALL"},{"data":"Dualcast","floor":12.0,"key":"SMITH"},{"data":"Static Discharge","floor":15.0,"key":"SMITH"},{"data":"Capacitor","floor":24.0,"key":"SMITH"}],"circlet_count":0,"master_deck":["Strike_B","Strike_B","Strike_B","Strike_B","Defend_B","Defend_B","Defend_B","Defend_B+1","Zap","Dualcast+1","Chaos+1","Ball Lightning","Static Discharge+1","Doubt","Seek","Chaos+1","Capacitor+1","Ghostly","Ghostly","Ghostly","Ghostly","Ghostly","Undo+1","Self Repair"],"relics":["Inserter","Question Card","SacredBark","Bottled Lightning","Dream Catcher","Potion Belt","The Courier"],"acts_visited":["Exordium","TheCity"],"potions_floor_usage":[],"damage_taken":[{"damage":0.0,"enemies":"Cultist","floor":1.0,"turns":4.0},{"damage":7.0,"enemies":"Small Slimes","floor":2.0,"turns":4.0},{"damage":3.0,"enemies":"Jaw Worm","floor":4.0,"turns":4.0},{"damage":10.0,"enemies":"3 Louse","floor":7.0,"turns":4.0},{"damage":9.0,"enemies":"Blue Slaver","floor":11.0,"turns":4.0},{"damage":37.0,"enemies":"The Guardian","floor":16.0,"turns":6.0},{"damage":9.0,"enemies":"3 Byrds","floor":18.0,"turns":2.0},{"damage":23.0,"enemies":"Chosen","floor":19.0,"turns":5.0},{"damage":15.0,"enemies":"Shelled Parasite and Fungi","floor":22.0,"turns":6.0},{"damage":8.0,"enemies":"Book of Stabbing","floor":23.0,"turns":5.0},{"damage":4.0,"enemies":"Slavers","floor":25.0,"turns":5.0},{"damage":4,"enemies":"Gremlin Leader","floor":27,"turns":9},{"damage":6,"enemies":"Centurion and Healer","floor":28,"turns":8}],"seed_played":"8177391614940358929","potions_obtained":[{"floor":2.0,"key":"Swift Potion"},{"floor":4.0,"key":"FocusPotion"},{"floor":7.0,"key":"FearPotion"},{"floor":23.0,"key":"Fire Potion"}],"is_trial":false,"path_per_floor":["M","M","?","M","$","R","M","$","T","?","M","R","?","?","R","B",null,"M","M","?","?","M","E","R","E","T","E","M"],"character_chosen":"DEFECT","items_purchased":["Static Discharge"],"campfire_rested":0,"item_purchase_floors":[5],"current_hp_per_floor":[75,68,53,50,50,50,40,40,40,58,49,49,49,49,49,12,75,66,43,37,37,22,14,14,10,10,6,0,0],"gold":654,"neow_bonus":"BOSS_RELIC","is_daily":false,"chose_seed":false,"campfire_upgraded":3,"win_rate":0.0,"timestamp":1613659788,"path_taken":["M","M","?","M","$","R","M","$","T","?","?","R","?","?","R","BOSS","M","M","?","?","M","E","R","E","T","E","?"],"items_purchased_type":["Card"],"build_version":"2020-12-22","purchased_purges":0,"victory":false,"max_hp_per_floor":[75,75,75,75,75,75,75,75,75,75,75,75,75,75,75,75,75,75,75,37,37,37,37,37,37,37,37,37,37],"card_choices":[{"not_picked":["Hologram","Coolheaded"],"picked":"Chaos","floor":1.0},{"not_picked":["Sweeping Beam","Turbo","Aggregate"],"picked":"SKIP","floor":2.0},{"not_picked":["Hologram","Fusion"],"picked":"Ball Lightning","floor":4.0},{"not_picked":["Stack","Skim","Go for the Eyes"],"picked":"SKIP","floor":7.0},{"not_picked":["Heatsinks","Gash","Rebound"],"picked":"SKIP","floor":11.0},{"not_picked":["Amplify","Creative AI","Fission"],"picked":"Seek","floor":16.0},{"not_picked":["Gash","Steam+1","Cold Snap+1"],"picked":"Chaos+1","floor":18.0},{"not_picked":["Genetic Algorithm","Compile Driver","Storm+1"],"picked":"Capacitor","floor":19.0},{"not_picked":["Sunder","Leap","Capacitor+1"],"picked":"Undo+1","floor":22.0},{"not_picked":["Tempest","Reboot","Darkness","Force Field"],"picked":"SKIP","floor":23.0},{"not_picked":["Darkness","Turbo","Doom and Gloom","Chill"],"picked":"SKIP","floor":25.0},{"not_picked":["Turbo","Streamline","Blizzard"],"picked":"Self Repair","floor":27}],"player_experience":228275,"relics_obtained":[{"floor":23.0,"key":"Bottled Lightning"},{"floor":25.0,"key":"Dream Catcher"},{"floor":26.0,"key":"Potion Belt"},{"floor":27,"key":"The Courier"}],"event_choices":[{"damage_healed":0.0,"max_hp_gain":0.0,"max_hp_loss":0.0,"gold_gain":0.0,"event_name":"Shining Light","player_choice":"Entered Light","floor":3.0,"gold_loss":0.0,"damage_taken":15.0,"cards_upgraded":["Defend_B","Chaos"]},{"damage_healed":18.0,"max_hp_gain":0.0,"max_hp_loss":0.0,"gold_gain":0.0,"event_name":"The Cleric","player_choice":"Healed","floor":10.0,"gold_loss":35.0,"damage_taken":0.0},{"damage_healed":0.0,"max_hp_gain":0.0,"max_hp_loss":0.0,"gold_gain":0.0,"event_name":"Dead Adventurer","player_choice":"Searched \u00271\u0027 times","floor":13.0,"gold_loss":0.0,"damage_taken":0.0,"relics_obtained":["Question Card"]},{"damage_healed":0.0,"max_hp_gain":0.0,"max_hp_loss":0.0,"gold_gain":175.0,"event_name":"Liars Game","player_choice":"AGREE","floor":14.0,"gold_loss":0.0,"damage_taken":0.0,"cards_obtained":["Doubt"]},{"damage_healed":0.0,"max_hp_gain":0.0,"max_hp_loss":38.0,"gold_gain":0.0,"event_name":"Ghosts","player_choice":"Became a Ghost","floor":20.0,"gold_loss":0.0,"damage_taken":0.0,"cards_obtained":["Ghostly","Ghostly","Ghostly","Ghostly","Ghostly"]},{"damage_healed":0.0,"max_hp_gain":0.0,"max_hp_loss":0.0,"gold_gain":99.0,"event_name":"Nest","player_choice":"Stole From Cult","floor":21.0,"gold_loss":0.0,"damage_taken":0.0}],"is_beta":false,"boss_relics":[{"not_picked":["Busted Crown","Runic Dome"],"picked":"SacredBark"}],"items_purged_floors":[],"is_endless":false,"potions_floor_spawned":[2,4,7,23],"killed_by":"Centurion and Healer","ascension_level":0}}