{"host":"zu1swnxjkaahohqc","time":1613606589,"event":{"mods":["BaseMod","Hubris","Minty Spire (QoL Compilation)","Replay The Spire","StSLib","UnlockEverythingMod"],"gold_per_floor":[117,130,130,130,143,181,181,206,206,219,19,19,19,53,53,184,184,200,200,56,56,71,71,71],"floor_reached":23,"language":"ENG","playtime":1145,"items_purged":["Strike_B"],"score":286,"play_id":"1a5e7c97-d553-4131-8704-4b7a10707b5c","local_time":"20210217190309","is_ascension_mode":true,"campfire_choices":[{"data":"Storm","floor":7,"key":"SMITH"},{"floor":12,"key":"REST"}],"circlet_count":0,"master_deck":["Strike_B","Defend_B","Defend_B","Zap+1","Dualcast","Darkness","Storm+1","Iron Wave","Capacitor","Creative AI+1","Loop+1","Coolheaded+1","Aggregate+1","Glacier+1","Storm+1"],"relics":["Cracked Core","NeowsBlessing","Golden Idol","Frozen Egg 2","Replay:Bottled Steam","Replay:Rubber Ducky","Replay:Grab Bag","hubris:RunicObelisk","hubris:GrandSneckoEye","Astrolabe","Pet Ghost"],"acts_visited":["Exordium","TheCity"],"potions_floor_usage":[10,14,16,16],"damage_taken":[{"damage":0,"enemies":"2 Louse","floor":1,"turns":1},{"damage":0,"enemies":"Small Slimes","floor":2,"turns":1},{"damage":0,"enemies":"Cultist","floor":5,"turns":1},{"damage":25,"enemies":"Gremlin Nob","floor":6,"turns":5},{"damage":17,"enemies":"Blue Slaver","floor":8,"turns":5},{"damage":23,"enemies":"3 Louse","floor":10,"turns":3},{"damage":8,"enemies":"Replay:BlueRogue","floor":14,"turns":5},{"damage":0,"enemies":"Slime Boss","floor":16,"turns":5},{"damage":0,"enemies":"Spheric Guardian","floor":18,"turns":3},{"damage":16,"enemies":"2 Thieves","floor":22,"turns":3},{"damage":29,"enemies":"Slavers","floor":23,"turns":3}],"seed_played":"8006158796512635262","potions_obtained":[{"floor":1,"key":"Weak Potion"},{"floor":2,"key":"DistilledChaos"},{"floor":10,"key":"Adrenaline Potion"},{"floor":14,"key":"FocusPotion"},{"floor":16,"key":"Venom Potion"}],"is_trial":false,"path_per_floor":["M","M","?","?","M","E","R","M","T","M","$","R","?","E","R","B",null,"M","?","$","?","M","E"],"character_chosen":"DEFECT","items_purchased":["Loop+1","Coolheaded","Pet Ghost"],"campfire_rested":1,"item_purchase_floors":[11,11,20],"current_hp_per_floor":[75,75,69,69,69,44,44,27,27,4,4,24,24,16,36,36,69,69,69,69,69,53,24,24],"gold":71,"neow_bonus":"THREE_ENEMY_KILL","is_daily":false,"chose_seed":false,"campfire_upgraded":1,"win_rate":0.0,"timestamp":1613606589,"path_taken":["M","M","?","?","M","E","R","M","T","?","$","R","?","E","R","BOSS","M","?","$","?","M","E"],"items_purchased_type":["Card","Card","Relic"],"build_version":"2020-12-13","purchased_purges":1,"victory":false,"max_hp_per_floor":[75,75,69,69,69,69,69,69,69,69,69,69,69,69,69,69,69,69,69,69,69,69,69,69],"card_choices":[{"not_picked":["Go for the Eyes","Auto Shields"],"picked":"Darkness","floor":1},{"not_picked":["Leap","Panic Button"],"picked":"Storm","floor":2},{"not_picked":["Gash","Compile Driver"],"picked":"Capacitor","floor":5},{"not_picked":["Go for the Eyes","Lockon"],"picked":"Creative AI+1","floor":6},{"not_picked":["Steam Power","ReplaySolidLightProjector","Hologram"],"picked":"SKIP","floor":8},{"not_picked":["Gash","Conserve Battery","Sweeping Beam"],"picked":"SKIP","floor":10},{"not_picked":["Compile Driver","BasicCrystalCard"],"picked":"Glacier","floor":14},{"not_picked":["Rebound+1","BasicCrystalCard","Compile Driver"],"picked":"SKIP","floor":18},{"not_picked":["Compile Driver","Time Bomb","Steam"],"picked":"SKIP","floor":22}],"player_experience":9982,"relics_obtained":[{"floor":6,"key":"Frozen Egg 2"},{"floor":9,"key":"Replay:Bottled Steam"},{"floor":14,"key":"Replay:Rubber Ducky"}],"event_choices":[{"damage_healed":0,"gold_gain":0,"player_choice":"Lose Max HP","damage_taken":0,"relics_obtained":["Golden Idol"],"max_hp_gain":0,"max_hp_loss":6,"event_name":"Golden Idol","floor":3,"gold_loss":0},{"cards_removed":["Strike_B"],"damage_healed":0,"gold_gain":0,"player_choice":"Took Card","damage_taken":0,"max_hp_gain":0,"max_hp_loss":0,"event_name":"NoteForYourself","floor":4,"gold_loss":0,"cards_obtained":["Iron Wave"]},{"damage_healed":0,"gold_gain":0,"cards_transformed":["hubris:SpecializedCircuitry","Glacier"],"player_choice":"Became Test Subject","damage_taken":0,"max_hp_gain":0,"max_hp_loss":0,"event_name":"Drug Dealer","floor":19,"gold_loss":0,"cards_obtained":["hubris:DoWhile","Storm"]},{"cards_removed":["hubris:DoWhile"],"damage_healed":0,"gold_gain":0,"player_choice":"Elegance","damage_taken":0,"max_hp_gain":0,"max_hp_loss":0,"event_name":"Back to Basics","floor":21,"gold_loss":0}],"is_beta":false,"boss_relics":[{"not_picked":["Velvet Choker","hubris:CrackedHourglass"],"picked":"Replay:Grab Bag"},{"not_picked":["hubris:TerracottaHorce","Fusion Hammer"],"picked":"hubris:RunicObelisk"},{"not_picked":["Runic Dome","ReplayTheSpireMod:Onyx Gauntlets"],"picked":"hubris:GrandSneckoEye"},{"not_picked":["Runic Pyramid","hubris:HollowSoul"],"picked":"Astrolabe"}],"items_purged_floors":[11],"is_endless":false,"potions_floor_spawned":[1,2,10,14,16],"killed_by":"Slavers","ascension_level":3}}