{"host":"1ycuxm9gov0tl9zf","time":1613624902,"event":{"mods":["Act Like it!","BaseMod","Colored Powertips","Downfall","Gensokyo","GifTheSpireLib","Hallownest","Marisa£®ÏF”Í°°ƒß¿Ì…≥£©","Minty Spire (QoL Compilation)","Quick Restart","Remilia£®¿Ÿ√◊¿Ú—«£©","Replay The Spire","Shop Mod","StSLib","The Administrix","The Animator","The Bug Knight"],"gold_per_floor":[110,125,139,210,285,285,304,335,335,12,22,22,56,67,67,67,67],"floor_reached":16,"language":"ZHS","playtime":1143,"items_purged":[],"score":112,"play_id":"61aacb01-94e0-4e95-acba-94be04cfbabf","local_time":"20210218130822","is_ascension_mode":false,"campfire_choices":[{"data":"PropBag","floor":6,"key":"SMITH"},{"floor":12,"key":"REST"},{"floor":15,"key":"REST"}],"circlet_count":0,"master_deck":["Strike_MRS","Strike_MRS","Strike_MRS","Strike_MRS","Defend_MRS","Defend_MRS","Defend_MRS","Defend_MRS","MasterSpark","UpSweep","OpenUniverse","AsteroidBelt","6A","PropBag+1","Acceleration","RefractionSpark","EnergyFlow+1","MysteriousBeam","UltimateShortwave+1","DoubleSpark"],"relics":["MiniHakkero","Lantern","ReplayTheSpireMod:Lightbulb","Mummified Hand","Golden Egg","Bird Faced Urn","Blue Candle"],"acts_visited":["Exordium"],"potions_floor_usage":[8,8,13,13,14],"damage_taken":[{"damage":0,"enemies":"Cultist","floor":1,"turns":3},{"damage":0,"enemies":"Small Slimes","floor":2,"turns":3},{"damage":0,"enemies":"2 Louse","floor":3,"turns":2},{"damage":0,"enemies":"Exordium Wildlife","floor":7,"turns":4},{"damage":16,"enemies":"3 Sentries","floor":8,"turns":6},{"damage":13,"enemies":"Exordium Thugs","floor":11,"turns":5},{"damage":33,"enemies":"Gremlin Nob","floor":13,"turns":4},{"damage":0,"enemies":"2 Fungi Beasts","floor":14,"turns":3},{"damage":36,"enemies":"Fading Forest","floor":16,"turns":5}],"seed_played":"-424215283094752194","potions_obtained":[{"floor":3,"key":"Venom Potion"},{"floor":4,"key":"GamblersBrew"},{"floor":4,"key":"BottledSpark"},{"floor":11,"key":"SkillPotion"},{"floor":13,"key":"BottledSpark"}],"is_trial":false,"path_per_floor":["M","M","M","?","?","R","M","E","T","$","M","R","E","M","R","B"],"character_chosen":"MARISA","items_purchased":["Golden Egg","EnergyFlow"],"campfire_rested":2,"item_purchase_floors":[10,10],"current_hp_per_floor":[82,82,82,50,39,39,39,23,23,23,10,34,1,1,25,0,0],"gold":67,"neow_bonus":"TEN_PERCENT_HP_BONUS","is_daily":false,"chose_seed":false,"campfire_upgraded":1,"win_rate":0.0,"timestamp":1613624902,"path_taken":["M","M","M","?","?","R","M","E","T","$","M","R","E","M","R","BOSS"],"items_purchased_type":["Relic","Card"],"build_version":"2020-12-22","purchased_purges":0,"victory":false,"max_hp_per_floor":[82,82,82,82,82,82,82,82,82,82,82,82,82,82,82,82,82],"card_choices":[{"not_picked":["SporeBomb","MagicChant"],"picked":"OpenUniverse","floor":1},{"not_picked":["SporeBomb","PowerUp"],"picked":"AsteroidBelt","floor":2},{"not_picked":["Orbital","ManaConvection"],"picked":"6A","floor":3},{"not_picked":["Orbital","GalacticHalo"],"picked":"PropBag","floor":4},{"not_picked":["Occultation","StarlightTyphoon"],"picked":"Acceleration","floor":7},{"not_picked":["Occultation","IllusionStar"],"picked":"RefractionSpark","floor":8},{"not_picked":["IllusionStar","MagicAbsorber"],"picked":"MysteriousBeam","floor":11},{"not_picked":["BlazingStar","GravityBeat"],"picked":"UltimateShortwave","floor":13},{"not_picked":["UnstableBomb","WitchLeyline"],"picked":"DoubleSpark","floor":14}],"player_experience":18521,"relics_obtained":[{"floor":4,"key":"Lantern"},{"floor":8,"key":"ReplayTheSpireMod:Lightbulb"},{"floor":9,"key":"Mummified Hand"},{"floor":13,"key":"Bird Faced Urn"}],"event_choices":[{"damage_healed":0,"gold_gain":75,"player_choice":"Gather Gold","damage_taken":11,"max_hp_gain":0,"max_hp_loss":0,"event_name":"World of Goop","floor":5,"gold_loss":0}],"is_beta":false,"boss_relics":[],"items_purged_floors":[],"is_endless":false,"potions_floor_spawned":[3,11,13],"killed_by":"Fading Forest","ascension_level":0}}