{"host":"w14xfy17z3c5mpoi","time":1613633698,"event":{"mods":["AchievementEnabler","BaseMod","Minty Spire (QoL Compilation)","Relic Stats"],"gold_per_floor":[119,119,143,158,233,233,264,264,287,315,265,265,294,26,26,123,123,168,168,1,37,37,37,37],"floor_reached":23,"language":"ENG","playtime":709,"items_purged":["Writhe"],"score":424,"play_id":"87eda5d1-886c-4a15-a0d2-9db1a7614217","local_time":"20210218023458","is_ascension_mode":true,"campfire_choices":[{"data":"Eruption","floor":6,"key":"SMITH"},{"data":"ConjureBlade","floor":8,"key":"SMITH"},{"data":"CrushJoints","floor":15,"key":"SMITH"}],"circlet_count":0,"master_deck":["Eruption+1","Vigilance","SashWhip","Consecrate","EmptyBody","ConjureBlade+1","BowlingBash","Tantrum","CrushJoints+1","Wish","WindmillStrike","Establishment","Wireheading","Conclude","Perseverance","JustLucky","Meditate","EmptyMind","Perseverance"],"relics":["PureWater","NeowsBlessing","Prayer Wheel","Smiling Mask","Juzu Bracelet","Vajra","Orichalcum","Ancient Tea Set","Shuriken","Pandora\u0027s Box","CaptainsWheel"],"acts_visited":["Exordium","TheCity"],"potions_floor_usage":[18,21,23,23],"damage_taken":[{"damage":0,"enemies":"2 Louse","floor":1,"turns":1},{"damage":0,"enemies":"Jaw Worm","floor":4,"turns":1},{"damage":0,"enemies":"Lagavulin","floor":7,"turns":1},{"damage":0,"enemies":"Gremlin Nob","floor":10,"turns":3},{"damage":15,"enemies":"3 Sentries","floor":13,"turns":3},{"damage":0,"enemies":"Slime Boss","floor":16,"turns":3},{"damage":17,"enemies":"Shell Parasite","floor":18,"turns":4},{"damage":35,"enemies":"2 Thieves","floor":21,"turns":3},{"damage":10,"enemies":"Book of Stabbing","floor":23,"turns":1}],"seed_played":"4398373712217298268","potions_obtained":[{"floor":1,"key":"Weak Potion"},{"floor":13,"key":"Energy Potion"},{"floor":16,"key":"Dexterity Potion"},{"floor":21,"key":"SteroidPotion"}],"is_trial":false,"path_per_floor":["M","?","T","M","?","R","E","R","T","E","?","?","E","$","R","B",null,"M","?","$","M","?","E"],"character_chosen":"WATCHER","items_purchased":["Shuriken","CrushJoints","Meditate","GamblersBrew"],"campfire_rested":0,"item_purchase_floors":[14,14,20,20],"current_hp_per_floor":[65,53,53,53,42,42,42,42,42,42,42,42,27,27,27,27,61,44,44,44,9,9,0,0],"gold":37,"neow_bonus":"THREE_ENEMY_KILL","is_daily":false,"chose_seed":false,"campfire_upgraded":3,"win_rate":0.0,"timestamp":1613633698,"path_taken":["M","?","?","M","?","R","E","R","T","E","?","?","E","$","R","BOSS","M","?","$","M","?","E"],"items_purchased_type":["Relic","Card","Card","Potion"],"build_version":"2020-12-22","purchased_purges":1,"victory":false,"max_hp_per_floor":[72,72,72,72,72,72,72,72,72,72,72,72,72,72,72,72,72,72,72,72,72,72,72,72],"relic_stats":{"counters":[9,20],"Shuriken":[3],"Prayer Wheel":3,"Pandora\u0027s Box":["WindmillStrike","Establishment","Wireheading","Conclude","Perseverance","Indignation"],"Juzu Bracelet":2,"Orichalcum":[18],"Smiling Mask":25,"obtain_stats":[{"CaptainsWheel":19,"NeowsBlessing":0,"Shuriken":14,"Vajra":9,"Prayer Wheel":2,"Pandora\u0027s Box":17,"Juzu Bracelet":7,"PureWater":0,"Orichalcum":10,"Smiling Mask":3,"Ancient Tea Set":13},{"CaptainsWheel":7,"NeowsBlessing":0,"Shuriken":5,"Vajra":3,"Prayer Wheel":1,"Pandora\u0027s Box":6,"Juzu Bracelet":3,"PureWater":0,"Orichalcum":4,"Smiling Mask":1,"Ancient Tea Set":5},{"CaptainsWheel":16,"NeowsBlessing":0,"Shuriken":9,"Vajra":3,"Prayer Wheel":1,"Pandora\u0027s Box":12,"Juzu Bracelet":3,"PureWater":0,"Orichalcum":6,"Smiling Mask":1,"Ancient Tea Set":9}]},"card_choices":[{"not_picked":["Worship","LikeWater"],"picked":"SashWhip","floor":1},{"not_picked":["CutThroughFate","JustLucky"],"picked":"Consecrate","floor":4},{"not_picked":["WindmillStrike","FollowUp"],"picked":"EmptyBody","floor":4},{"not_picked":["ClearTheMind","CutThroughFate"],"picked":"ConjureBlade","floor":7},{"not_picked":["Wallop","WreathOfFlame"],"picked":"BowlingBash","floor":10},{"not_picked":["ConjureBlade","SashWhip","Indignation"],"picked":"SKIP","floor":13},{"not_picked":["ConjureBlade","SpiritShield"],"picked":"Wish","floor":16},{"not_picked":["ClearTheMind+1","Collect"],"picked":"JustLucky","floor":18},{"not_picked":["WindmillStrike","WreathOfFlame","ReachHeaven"],"picked":"SKIP","floor":18},{"not_picked":["BowlingBash+1","FlyingSleeves"],"picked":"EmptyMind","floor":21},{"not_picked":["ThirdEye","Worship+1"],"picked":"Perseverance","floor":21}],"player_experience":699576,"relics_obtained":[{"floor":3,"key":"Smiling Mask"},{"floor":7,"key":"Juzu Bracelet"},{"floor":9,"key":"Vajra"},{"floor":10,"key":"Orichalcum"},{"floor":13,"key":"Ancient Tea Set"}],"event_choices":[{"damage_healed":0,"gold_gain":0,"player_choice":"Success","damage_taken":12,"relics_obtained":["Prayer Wheel"],"max_hp_gain":0,"max_hp_loss":0,"event_name":"Scrap Ooze","floor":2,"gold_loss":0},{"damage_healed":0,"gold_gain":75,"player_choice":"Gather Gold","damage_taken":11,"max_hp_gain":0,"max_hp_loss":0,"event_name":"World of Goop","floor":5,"gold_loss":0},{"cards_removed":["Defend_P"],"damage_healed":0,"gold_gain":0,"player_choice":"Card Removal","damage_taken":0,"max_hp_gain":0,"max_hp_loss":0,"event_name":"The Cleric","floor":11,"gold_loss":50},{"damage_healed":0,"gold_gain":0,"cards_transformed":["Defend_P"],"player_choice":"Transformed","damage_taken":0,"max_hp_gain":0,"max_hp_loss":0,"event_name":"Transmorgrifier","floor":12,"gold_loss":0,"cards_obtained":["Tantrum"]},{"damage_healed":0,"gold_gain":0,"player_choice":"Opened","damage_taken":0,"relics_obtained":["CaptainsWheel"],"max_hp_gain":0,"max_hp_loss":0,"event_name":"The Mausoleum","floor":19,"gold_loss":0,"cards_obtained":["Writhe"]},{"cards_removed":["Indignation"],"damage_healed":0,"gold_gain":0,"player_choice":"Elegance","damage_taken":0,"max_hp_gain":0,"max_hp_loss":0,"event_name":"Back to Basics","floor":22,"gold_loss":0}],"is_beta":false,"boss_relics":[{"not_picked":["Runic Dome","Ectoplasm"],"picked":"Pandora\u0027s Box"}],"items_purged_floors":[20],"is_endless":false,"potions_floor_spawned":[1,13,16,21],"killed_by":"Book of Stabbing","ascension_level":8}}