{"host":"3z4ju2qnfrhpg6py","time":1613651797,"event":{"mods":["Act Like it!","Arknights","BaseMod","Colored Powertips","Minty Spire (QoL Compilation)","Spicy Shops","StSLib","UnlockEverythingMod","Wide Potions","noobMod","¡¾ÒÅÎï¿¨ÅÆ¡¿REMEMod"],"gold_per_floor":[119,33,49,65,84,115,115,154,154,338,30,103,72,81,81,189,189,210,231,258,258,258,302,326,358,381,391,417,417,76,95,95,202,202,221,249,271,271,298,634,634,663,689,689,725,13,75,103,103,103,103,103,32,74,74],"floor_reached":56,"language":"ZHS","playtime":3767,"items_purged":["Doubt","Shame"],"score":1360,"play_id":"8fd95a8a-4a7d-4aba-ba48-fd5c99b2fa70","local_time":"20210218203637","is_ascension_mode":false,"campfire_choices":[{"data":"Steam Power","floor":7,"key":"SMITH"},{"data":"Go for the Eyes","floor":15,"key":"SMITH"},{"data":"Echo Form","floor":29,"key":"SMITH"},{"data":"Capacitor","floor":32,"key":"SMITH"},{"data":"Electrodynamics","floor":41,"key":"SMITH"},{"floor":44,"key":"RECALL"},{"data":"Blizzard","floor":49,"key":"SMITH"},{"data":"Lockon","floor":52,"key":"SMITH"}],"circlet_count":0,"master_deck":["Strike_B","Strike_B","Strike_B","Defend_B","Defend_B","Defend_B","Zap","Dualcast","ats:Healing Drone","Sweeping Beam","Conserve Battery","Go for the Eyes+1","Heatsinks","Chill","Capacitor+1","Steam Power+1","Cold Snap","Conserve Battery","Self Repair","Glacier+1","Sweeping Beam","REME_Shoggoth","Turbo+1","Force Field+1","Barrage+1","Conserve Battery+1","Echo Form+1","Hologram+1","REME_MawOfCthun+1","Chaos+1","Electrodynamics+1","Cold Snap+1","Lockon+1","Flash of Steel","REME_HeartOfCthun","Dramatic Entrance","Fusion+1","Force Field+1","Rip and Tear","Flash of Steel","Blizzard+1","Ball Lightning+1","Double Energy+1"],"relics":["Cracked Core","REME_ComplimentaryCards","ice","ats:Originium","Pantograph","CeramicFish","Toxic Egg 2","MealTicket","Empty Cage","Pen Nib","Vajra","Blood Vial","Black Star","Happy Flower","Old Coin","DataDisk","Letter Opener","Toy Ornithopter","REME_HandOfSuture","Potion Belt","REME_CardOfGreed","Mango","Lantern","Bottled Flame","Anchor","Unceasing Top","Strawberry"],"acts_visited":["Exordium","TheCity","TheBeyond","TheEnding"],"potions_floor_usage":[8,12,25,55,55,55,55,55,55,55,55,55],"damage_taken":[{"damage":1,"enemies":"Cultist","floor":1,"turns":3},{"damage":7,"enemies":"ats:Genji","floor":3,"turns":3},{"damage":0,"enemies":"Small Slimes","floor":4,"turns":4},{"damage":6,"enemies":"Exordium Thugs","floor":5,"turns":4},{"damage":15,"enemies":"3 Sentries","floor":6,"turns":7},{"damage":29,"enemies":"Gremlin Nob","floor":8,"turns":5},{"damage":35,"enemies":"Gremlin Nob","floor":12,"turns":6},{"damage":66,"enemies":"Hexaghost","floor":16,"turns":17},{"damage":14,"enemies":"Chosen","floor":18,"turns":6},{"damage":4,"enemies":"3 Byrds","floor":19,"turns":7},{"damage":35,"enemies":"Sentry and Sphere","floor":20,"turns":6},{"damage":24,"enemies":"Gremlin Leader","floor":23,"turns":6},{"damage":19,"enemies":"Snake Plant","floor":24,"turns":5},{"damage":10,"enemies":"REME_1_Revenger","floor":25,"turns":3},{"damage":14,"enemies":"Centurion and Healer","floor":27,"turns":5},{"damage":13,"enemies":"3 Cultists","floor":28,"turns":5},{"damage":0,"enemies":"Cultist and Chosen","floor":31,"turns":8},{"damage":24,"enemies":"Collector","floor":33,"turns":9},{"damage":9,"enemies":"3 Shapes","floor":35,"turns":2},{"damage":10,"enemies":"Orb Walker","floor":36,"turns":4},{"damage":63,"enemies":"Sphere and 2 Shapes","floor":37,"turns":4},{"damage":42,"enemies":"Giant Head","floor":40,"turns":9},{"damage":0,"enemies":"Maw","floor":42,"turns":8},{"damage":15,"enemies":"Nemesis","floor":45,"turns":9},{"damage":20,"enemies":"2 Orb Walkers","floor":47,"turns":3},{"damage":4,"enemies":"Giant Head","floor":48,"turns":6},{"damage":20,"enemies":"Donu and Deca","floor":50,"turns":5},{"damage":33,"enemies":"Shield and Spear","floor":54,"turns":4},{"damage":53,"enemies":"The Heart","floor":55,"turns":6}],"seed_played":"3328711625925667284","potions_obtained":[{"floor":1,"key":"Energy Potion"},{"floor":4,"key":"AttackPotion"},{"floor":5,"key":"Fire Potion"},{"floor":12,"key":"Ancient Potion"},{"floor":16,"key":"Block Potion"},{"floor":25,"key":"PotionOfCapacity"},{"floor":27,"key":"PowerPotion"},{"floor":36,"key":"EntropicBrew"},{"floor":54,"key":"Weak Potion"}],"is_trial":false,"path_per_floor":["M","$","M","M","M","E","R","E","T","?","$","?","$","?","R","B",null,"M","M","M","?","?","E","M","E","T","M","M","R","$","M","R","B",null,"M","M","M","?","?","E","R","M","T","R","E","$","?","E","R","B",null,"R","$","E","B",null],"character_chosen":"DEFECT","items_purchased":["Conserve Battery","Go for the Eyes","Conserve Battery","Self Repair","Sweeping Beam","REME_MawOfCthun+1","REME_HandOfSuture","Potion Belt","FocusPotion","REME_CardOfGreed","Flash of Steel","Blizzard","Anchor"],"campfire_rested":0,"item_purchase_floors":[2,2,11,11,13,30,46,46,46,46,46,46,53],"current_hp_per_floor":[81,81,74,74,68,59,59,36,36,36,36,21,21,21,21,84,85,91,107,92,92,92,68,49,53,53,61,64,64,79,87,87,104,165,156,148,87,87,77,57,57,71,71,71,78,93,103,101,101,128,236,236,236,210,208],"gold":74,"neow_bonus":"TEN_PERCENT_HP_BONUS","is_daily":false,"chose_seed":false,"campfire_upgraded":7,"win_rate":0.0,"timestamp":1613651797,"path_taken":["M","?","?","M","M","E","R","E","T","?","$","?","$","?","R","BOSS","M","M","M","?","?","E","M","E","T","M","M","R","$","?","R","BOSS","M","M","M","?","?","E","R","M","T","R","E","$","?","E","R","BOSS","R","$","E","BOSS"],"items_purchased_type":["Card","Card","Card","Card","Card","Card","Relic","Relic","Potion","Relic","Card","Card","Relic"],"build_version":"2020-12-22","purchased_purges":2,"victory":true,"max_hp_per_floor":[82,82,82,82,82,82,82,82,82,82,82,82,82,82,82,85,85,91,114,120,120,120,128,134,135,135,137,146,146,146,155,155,165,165,166,169,177,177,177,183,183,192,192,192,207,207,225,228,228,236,236,236,236,249,307],"card_choices":[{"not_picked":["Beam Cell","Melter"],"picked":"Sweeping Beam","floor":1},{"not_picked":["Leap","BootSequence"],"picked":"Heatsinks","floor":3},{"not_picked":["Beam Cell","Streamline"],"picked":"Chill","floor":4},{"not_picked":["Defragment","Ball Lightning"],"picked":"Capacitor","floor":5},{"not_picked":["Thunder Strike","Coolheaded"],"picked":"Steam Power","floor":6},{"not_picked":["Coolheaded","Sweeping Beam"],"picked":"Cold Snap","floor":8},{"not_picked":["Stack+1","Steam+1"],"picked":"Glacier+1","floor":12},{"not_picked":["REME_ForAll","Buffer"],"picked":"REME_Shoggoth","floor":16},{"not_picked":["FTL+1","Streamline"],"picked":"Turbo+1","floor":18},{"not_picked":["Stack+1","Leap+1"],"picked":"Force Field+1","floor":19},{"not_picked":["Conserve Battery+1","Rebound"],"picked":"Barrage+1","floor":20},{"not_picked":["Steam Power+1","Reinforced Body+1"],"picked":"Conserve Battery+1","floor":23},{"not_picked":["Turbo+1","Conserve Battery+1"],"picked":"Echo Form","floor":24},{"not_picked":["Steam Power+1","Gash+1","Compile Driver"],"picked":"SKIP","floor":25},{"not_picked":["Self Repair","Steam+1","Sweeping Beam"],"picked":"SKIP","floor":27},{"not_picked":["Barrage","Scrape+1"],"picked":"Hologram+1","floor":28},{"not_picked":["Rebound","All For One"],"picked":"Chaos+1","floor":31},{"not_picked":["Echo Form","Multi-Cast+1"],"picked":"Electrodynamics","floor":33},{"not_picked":["Go for the Eyes+1","Conserve Battery+1","Turbo+1"],"picked":"SKIP","floor":35},{"not_picked":["FTL+1","Sweeping Beam"],"picked":"Cold Snap+1","floor":36},{"not_picked":["Auto Shields+1","Rebound"],"picked":"Lockon","floor":37},{"not_picked":["Jack Of All Trades+1","Purity+1"],"picked":"Flash of Steel","floor":39},{"not_picked":["REME_TheoryOfElimination+1","Blind+1"],"picked":"REME_HeartOfCthun","floor":39},{"not_picked":["Purity+1","Blind+1"],"picked":"Dramatic Entrance","floor":39},{"not_picked":["Coolheaded+1","Rebound+1"],"picked":"Fusion+1","floor":40},{"not_picked":["Sweeping Beam","Compile Driver"],"picked":"Force Field+1","floor":42},{"not_picked":["Leap+1","Hologram+1"],"picked":"Rip and Tear","floor":45},{"not_picked":["Rebound+1","Hologram+1"],"picked":"Ball Lightning+1","floor":47},{"not_picked":["Steam+1","Chill+1","Coolheaded+1"],"picked":"SKIP","floor":48},{"not_picked":["Steam+1","Sunder+1"],"picked":"Double Energy+1","floor":54}],"player_experience":20371,"relics_obtained":[{"floor":6,"key":"ats:Originium"},{"floor":6,"key":"Pantograph"},{"floor":8,"key":"ats:Originium"},{"floor":8,"key":"CeramicFish"},{"floor":23,"key":"ats:Originium"},{"floor":23,"key":"Pen Nib"},{"floor":25,"key":"ats:Originium"},{"floor":25,"key":"Vajra"},{"floor":26,"key":"Blood Vial"},{"floor":40,"key":"Happy Flower"},{"floor":40,"key":"Old Coin"},{"floor":43,"key":"DataDisk"},{"floor":45,"key":"Letter Opener"},{"floor":45,"key":"Toy Ornithopter"},{"floor":47,"key":"Mango"},{"floor":48,"key":"Lantern"},{"floor":48,"key":"Bottled Flame"},{"floor":54,"key":"Unceasing Top"},{"floor":54,"key":"Strawberry"}],"event_choices":[{"damage_healed":0,"gold_gain":175,"player_choice":"AGREE","damage_taken":0,"max_hp_gain":0,"max_hp_loss":0,"event_name":"Liars Game","floor":10,"gold_loss":0,"cards_obtained":["Doubt"]},{"damage_healed":0,"gold_gain":0,"player_choice":"Searched \u00272\u0027 times","damage_taken":0,"relics_obtained":["Toxic Egg 2"],"max_hp_gain":0,"max_hp_loss":0,"event_name":"Dead Adventurer","floor":12,"gold_loss":0},{"damage_healed":0,"gold_gain":0,"player_choice":"Box","damage_taken":0,"relics_obtained":["MealTicket"],"max_hp_gain":0,"max_hp_loss":0,"event_name":"Big Fish","floor":14,"gold_loss":0,"cards_obtained":["Regret"]},{"damage_healed":0,"gold_gain":0,"player_choice":"Ignored","damage_taken":0,"max_hp_gain":0,"max_hp_loss":0,"event_name":"Ghosts","floor":21,"gold_loss":0},{"cards_removed":["Regret"],"damage_healed":0,"gold_gain":0,"player_choice":"Card Removal","damage_taken":0,"max_hp_gain":0,"max_hp_loss":0,"event_name":"Wheel of Change","floor":22,"gold_loss":0},{"damage_healed":0,"gold_gain":0,"player_choice":"Ignored","damage_taken":0,"max_hp_gain":0,"max_hp_loss":0,"event_name":"Tomb of Lord Red Mask","floor":38,"gold_loss":0},{"damage_healed":0,"gold_gain":0,"player_choice":"Memory 3","damage_taken":10,"max_hp_gain":0,"max_hp_loss":0,"event_name":"SensoryStone","floor":39,"gold_loss":0},{"damage_healed":0,"gold_gain":0,"player_choice":"Fight","damage_taken":0,"max_hp_gain":0,"max_hp_loss":0,"event_name":"Mysterious Sphere","floor":47,"gold_loss":0}],"is_beta":false,"boss_relics":[{"not_picked":["Coffee Dripper","Cursed Key"],"picked":"Empty Cage"},{"not_picked":["Runic Pyramid","SlaversCollar"],"picked":"Black Star"}],"items_purged_floors":[11,46],"is_endless":false,"potions_floor_spawned":[1,4,5,12,16,18,25,27,28,36,37,40,54],"ascension_level":0}}