{"host":"xf2qgw60ouc7kuj7","time":1613615658,"event":{"mods":["100% Spire Juice","Act Like it!","BaseMod","Bestiary","Better Altar","Better Match","Better Note","Better Sensory Stone","Better Skull","Better Third Choice","Curses Come First","Dark Map","Friendly Minions","Gensokyo","Hallownest","HololiveMod","Marisa????????","Marked Mod","Minty Spire (QoL Compilation)","Quick Restart","Rare Cards Sparkle","Relic Stats","Reliquary","Ruina","StSLib","The Bug Knight","Waifu the Spire","everything is the same but u backflip on backflip"],"gold_per_floor":[112,112,112,123,137,137,171,171,197,208,219,235,249,279,39,39,39],"floor_reached":16,"language":"ENG","playtime":469,"items_purged":[],"score":114,"play_id":"20841274-1e56-4480-a0e1-05c1d864c14e","local_time":"20210217183418","is_ascension_mode":false,"campfire_choices":[{"data":"Moonworks:EvilSpyWorkPreparation","floor":6,"key":"SMITH"},{"data":"Moonworks:EvilSpyWorkPreparation","floor":8,"key":"SMITH"},{"floor":15,"key":"REST"}],"circlet_count":0,"master_deck":["Moonworks:Strike","Moonworks:Strike","Moonworks:Strike","Moonworks:Strike","Moonworks:Defend","Moonworks:Defend","Moonworks:Defend","Moonworks:Defend","Moonworks:Ambush","Moonworks:LongDistanceShot","Moonworks:Wanted","Moonworks:EvilSpyWorkPreparation+1","Burn","Moonworks:JonathanRush","Moonworks:EvilSpyWorkPreparation+1","Moonworks:CompletionReward","Moonworks:Flamethrower","Moonworks:CloudOfSeagulls","Moonworks:JonathanRush","Moonworks:JonathanRush","Moonworks:EvilSpyWorkPreparation"],"relics":["Moonworks:BrokenBomb","Moonworks:Homemark","Blood Vial","Vajra","StoneCalendar"],"acts_visited":["Exordium"],"potions_floor_usage":[7,12,13,14],"damage_taken":[{"damage":1,"enemies":"Jaw Worm","floor":1,"turns":3},{"damage":5,"enemies":"Small Slimes","floor":4,"turns":4},{"damage":1,"enemies":"Cultist","floor":5,"turns":3},{"damage":24,"enemies":"3 Sentries","floor":7,"turns":3},{"damage":11,"enemies":"Red Slaver","floor":10,"turns":3},{"damage":0,"enemies":"Large Slime","floor":11,"turns":3},{"damage":2,"enemies":"Exordium Wildlife","floor":12,"turns":2},{"damage":3,"enemies":"Looter","floor":13,"turns":2},{"damage":16,"enemies":"Lagavulin","floor":14,"turns":4},{"damage":33,"enemies":"The Guardian","floor":16,"turns":4}],"seed_played":"-7647145959646271807","potions_obtained":[{"floor":4,"key":"LiquidBronze"},{"floor":5,"key":"PowerPotion"},{"floor":12,"key":"AttackPotion"},{"floor":13,"key":"Weak Potion"}],"is_trial":false,"path_per_floor":["M","?","?","M","M","R","E","R","T","M","M","M","M","E","R","B"],"character_chosen":"THE_STARBREAKER","items_purchased":[],"campfire_rested":1,"item_purchase_floors":[],"current_hp_per_floor":[59,59,64,59,58,58,34,34,34,25,27,27,26,12,31,0,0],"gold":39,"neow_bonus":"ONE_RANDOM_RARE_CARD","is_daily":false,"chose_seed":false,"campfire_upgraded":2,"win_rate":0.0,"timestamp":1613615658,"path_taken":["M","?","?","M","M","R","E","R","T","M","M","M","M","E","R","BOSS"],"items_purchased_type":[],"build_version":"2020-12-22","purchased_purges":0,"victory":false,"max_hp_per_floor":[60,60,65,65,65,65,65,65,65,65,65,65,65,65,65,65,65],"relic_stats":{"Blood Vial":12,"counters":[10,31],"StoneCalendar":[0],"obtain_stats":[{"Blood Vial":7,"Moonworks:Homemark":0,"Vajra":9,"StoneCalendar":14,"Moonworks:BrokenBomb":0},{"Blood Vial":4,"Moonworks:Homemark":0,"Vajra":4,"StoneCalendar":9,"Moonworks:BrokenBomb":0},{"Blood Vial":13,"Moonworks:Homemark":0,"Vajra":13,"StoneCalendar":27,"Moonworks:BrokenBomb":0}]},"card_choices":[{"not_picked":["Moonworks:NicePresent","Moonworks:BigMagnum"],"picked":"Moonworks:EvilSpyWorkPreparation","floor":1},{"not_picked":["Moonworks:IndiscriminateFireSupport","Moonworks:BigMagnum"],"picked":"Moonworks:JonathanRush","floor":4},{"not_picked":["Moonworks:SakisCookie","Moonworks:CloudOfSeagulls"],"picked":"Moonworks:EvilSpyWorkPreparation","floor":5},{"not_picked":["Moonworks:SakisCookie","Moonworks:CookingTime"],"picked":"Moonworks:CompletionReward","floor":7},{"not_picked":["Moonworks:Assault","Moonworks:StiffCrystal"],"picked":"Moonworks:Flamethrower","floor":10},{"not_picked":["Moonworks:JonathanRush","Moonworks:BigBangBell"],"picked":"Moonworks:CloudOfSeagulls","floor":11},{"not_picked":["Moonworks:ImmovableObject","Moonworks:ImOnFire"],"picked":"Moonworks:JonathanRush","floor":12},{"not_picked":["Moonworks:UnpaidWork","Moonworks:UnluckyCharm"],"picked":"Moonworks:JonathanRush","floor":13},{"not_picked":["Moonworks:Gamble","Moonworks:MiracleRedBeanIceCream"],"picked":"Moonworks:EvilSpyWorkPreparation","floor":14}],"player_experience":290977,"relics_obtained":[{"floor":7,"key":"Blood Vial"},{"floor":9,"key":"Vajra"},{"floor":14,"key":"StoneCalendar"}],"event_choices":[{"damage_healed":59,"gold_gain":0,"player_choice":"Embrace Burn","damage_taken":0,"max_hp_gain":0,"max_hp_loss":60,"event_name":"betterThird:BetterShining","floor":2,"gold_loss":0},{"damage_healed":0,"gold_gain":0,"player_choice":"Donut","damage_taken":0,"max_hp_gain":5,"max_hp_loss":0,"event_name":"Big Fish","floor":3,"gold_loss":0}],"is_beta":false,"boss_relics":[],"items_purged_floors":[],"is_endless":false,"potions_floor_spawned":[4,5,12,13],"killed_by":"The Guardian","ascension_level":0}}