{"host":"4qkvkh7pd9qr2mca","time":1613682419,"event":{"mods":["AchievementEnabler","Act Like it!","BaseMod","Colored Map","Colored Powertips","Highlight Path","Minty Spire (QoL Compilation)","Pale of the Ancients","Permanent Neow","Quick Restart","Relic Stats","StSLib","SuperFastMode"],"gold_per_floor":[112,128,128,143,143,143,169,169,194,194,205,231,172,172,172,172,172],"floor_reached":16,"language":"ENG","playtime":488,"items_purged":[],"score":216,"play_id":"db694d3d-8a1b-4bd6-8ef6-a8ae283c870e","local_time":"20210218220659","is_ascension_mode":true,"campfire_choices":[{"data":"Zap","floor":6.0,"key":"SMITH"},{"data":"Barrage","floor":8.0,"key":"SMITH"},{"floor":10.0,"key":"REST"},{"floor":15.0,"key":"REST"}],"circlet_count":0,"master_deck":["AscendersBane","Strike_B+1","Strike_B","Strike_B","Strike_B","Defend_B","Defend_B+1","Defend_B","Defend_B","Zap+1","Dualcast","Reboot+1","Glacier","Coolheaded","Ball Lightning","Barrage+1","Hologram","Genetic Algorithm"],"relics":["Cracked Core","Nunchaku","Potion Belt","Shuriken","Juzu Bracelet"],"acts_visited":["Exordium"],"potions_floor_usage":[16,16],"damage_taken":[{"damage":10.0,"enemies":"Small Slimes","floor":1.0,"turns":3.0},{"damage":7.0,"enemies":"Jaw Worm","floor":2.0,"turns":3.0},{"damage":1.0,"enemies":"2 Louse","floor":4.0,"turns":4.0},{"damage":9.0,"enemies":"Lagavulin","floor":7.0,"turns":8.0},{"damage":26.0,"enemies":"Exordium Thugs","floor":11.0,"turns":5.0},{"damage":8.0,"enemies":"3 Sentries","floor":12.0,"turns":8.0},{"damage":38,"enemies":"Slime Boss","floor":16,"turns":9}],"seed_played":"-2648504114218655258","potions_obtained":[{"floor":2.0,"key":"BlessingOfTheForge"},{"floor":12.0,"key":"Swift Potion"}],"is_trial":false,"path_per_floor":["M","M","?","M","?","R","E","R","T","R","M","E","?","?","R","B"],"character_chosen":"DEFECT","items_purchased":[],"campfire_rested":2,"item_purchase_floors":[],"current_hp_per_floor":[36,29,52,51,51,51,42,42,42,63,37,29,29,8,29,0,0],"gold":172,"neow_bonus":"THREE_RARE_CARDS","is_daily":false,"chose_seed":false,"campfire_upgraded":2,"win_rate":0.0,"timestamp":1613682419,"path_taken":["M","M","?","M","?","R","E","R","T","R","M","E","?","?","R","BOSS"],"items_purchased_type":[],"build_version":"2020-12-22","purchased_purges":0,"victory":false,"max_hp_per_floor":[71,71,71,71,71,71,71,71,71,71,71,71,71,71,71,71,71],"relic_stats":{"Nunchaku":[2],"counters":[7,40],"Shuriken":[0],"Juzu Bracelet":1,"obtain_stats":[{"Potion Belt":9,"Nunchaku":7,"Shuriken":12,"Juzu Bracelet":13,"Cracked Core":0},{"Potion Belt":4,"Nunchaku":4,"Shuriken":6,"Juzu Bracelet":6,"Cracked Core":0},{"Potion Belt":18,"Nunchaku":18,"Shuriken":31,"Juzu Bracelet":31,"Cracked Core":0}]},"card_choices":[{"not_picked":["Amplify","Echo Form"],"picked":"Reboot","floor":0.0},{"not_picked":["Streamline","Heatsinks"],"picked":"Glacier","floor":1.0},{"not_picked":["Aggregate","Beam Cell"],"picked":"Coolheaded","floor":2.0},{"not_picked":["Turbo","Auto Shields"],"picked":"Ball Lightning","floor":4.0},{"not_picked":["Sunder","Go for the Eyes"],"picked":"Barrage","floor":7.0},{"not_picked":["Gash","Beam Cell"],"picked":"Hologram","floor":11.0},{"not_picked":["Sweeping Beam","Leap"],"picked":"Genetic Algorithm","floor":12.0}],"player_experience":633452,"relics_obtained":[{"floor":7.0,"key":"Nunchaku"},{"floor":9.0,"key":"Potion Belt"},{"floor":12.0,"key":"Shuriken"}],"event_choices":[{"damage_healed":23.0,"max_hp_gain":0.0,"max_hp_loss":0.0,"gold_gain":0.0,"event_name":"Big Fish","player_choice":"Banana","floor":3.0,"gold_loss":0.0,"damage_taken":0.0},{"damage_healed":0.0,"max_hp_gain":0.0,"max_hp_loss":0.0,"gold_gain":0.0,"event_name":"Living Wall","player_choice":"Grow","floor":5.0,"gold_loss":0.0,"damage_taken":0.0,"cards_upgraded":["Reboot"]},{"damage_healed":0.0,"max_hp_gain":0.0,"max_hp_loss":0.0,"gold_gain":0.0,"event_name":"WeMeetAgain","player_choice":"Paid Gold","floor":13.0,"gold_loss":59.0,"damage_taken":0.0,"relics_obtained":["Juzu Bracelet"]},{"damage_healed":0.0,"max_hp_gain":0.0,"max_hp_loss":0.0,"gold_gain":0.0,"event_name":"Shining Light","player_choice":"Entered Light","floor":14.0,"gold_loss":0.0,"damage_taken":21.0,"cards_upgraded":["Strike_B","Defend_B"]}],"is_beta":false,"boss_relics":[],"items_purged_floors":[],"is_endless":false,"potions_floor_spawned":[2,12],"killed_by":"Slime Boss","ascension_level":20}}