{"host":"0ueeacaatm8t6jyh","time":1613668197,"event":{"mods":["AchievementEnabler","BaseMod","Colored Powertips","Minty Spire (QoL Compilation)","Quick Restart","Rare Cards Sparkle","Shop Mod","StSLib"],"gold_per_floor":[114,131,131,56,56,69,69,69,69,81,81,81,81,108,108,199,199,213,213,213,213,113,113,113],"floor_reached":23,"language":"ZHS","playtime":391,"items_purged":["Defend_B","Defend_B"],"score":350,"play_id":"7c06f593-2cf2-46cd-8f13-7da40928c392","local_time":"20210219010957","daily_mods":["Red Cards","Heirloom","Flight"],"is_ascension_mode":true,"campfire_choices":[{"data":"Genetic Algorithm","floor":7.0,"key":"SMITH"},{"data":"Ball Lightning","floor":8.0,"key":"SMITH"},{"floor":12.0,"key":"REST"},{"data":"Pommel Strike","floor":13.0,"key":"SMITH"},{"data":"Dualcast","floor":15.0,"key":"SMITH"}],"circlet_count":0,"master_deck":["AscendersBane","Strike_B","Strike_B","Defend_B","Defend_B","Zap","Dualcast+1","Ball Lightning+1","Genetic Algorithm+1","Pommel Strike+1"],"relics":["Cracked Core","Du-Vu Doll","Symbiotic Virus","Bloody Idol","DataDisk","Nuclear Battery"],"acts_visited":["Exordium","TheCity"],"potions_floor_usage":[23,23],"damage_taken":[{"damage":0.0,"enemies":"Cultist","floor":1.0,"turns":3.0},{"damage":3.0,"enemies":"2 Louse","floor":2.0,"turns":2.0},{"damage":8.0,"enemies":"Small Slimes","floor":6.0,"turns":3.0},{"damage":10.0,"enemies":"Red Slaver","floor":10.0,"turns":3.0},{"damage":35.0,"enemies":"The Guardian","floor":16.0,"turns":9.0},{"damage":0.0,"enemies":"Spheric Guardian","floor":18.0,"turns":3.0},{"damage":57,"enemies":"Slavers","floor":23,"turns":4}],"seed_played":"2961516983685181247","potions_obtained":[{"floor":5.0,"key":"Strength Potion"},{"floor":5.0,"key":"SteroidPotion"},{"floor":6.0,"key":"GamblersBrew"}],"is_trial":true,"path_per_floor":["M","M","?","$","?","M","R","R","T","M","?","R","R","T","R","B",null,"M","?","?","$","$","E"],"character_chosen":"DEFECT","items_purchased":[],"campfire_rested":1,"item_purchase_floors":[],"current_hp_per_floor":[64,61,61,61,61,53,53,53,53,43,19,40,40,40,40,5,55,55,55,55,55,55,0,0],"gold":113,"neow_bonus":"","is_daily":false,"chose_seed":false,"campfire_upgraded":4,"win_rate":0.0,"timestamp":1613668197,"path_taken":["M","?","?","?","?","?","R","R","T","?","?","R","R","?","R","BOSS","M","?","?","$","$","E"],"items_purchased_type":[],"build_version":"2020-12-22","purchased_purges":2,"victory":false,"max_hp_per_floor":[71,71,71,71,71,71,71,71,71,71,71,71,71,71,71,71,71,71,71,71,71,71,71,71],"card_choices":[{"not_picked":["True Grit","Sweeping Beam"],"picked":"Ball Lightning","floor":1.0},{"not_picked":["Reckless Charge","Wild Strike"],"picked":"Genetic Algorithm","floor":2.0},{"not_picked":["Streamline","Blizzard"],"picked":"Pommel Strike","floor":6.0},{"not_picked":["Go for the Eyes","Flex","Leap"],"picked":"SKIP","floor":10.0},{"not_picked":["Sever Soul","Wild Strike+1","Consume+1"],"picked":"SKIP","floor":18.0}],"player_experience":559303,"relics_obtained":[{"floor":9.0,"key":"Symbiotic Virus"},{"floor":14.0,"key":"DataDisk"}],"event_choices":[{"cards_removed":["Strike_B"],"damage_healed":0.0,"max_hp_gain":0.0,"max_hp_loss":0.0,"gold_gain":0.0,"event_name":"Wheel of Change","player_choice":"Card Removal","floor":3.0,"gold_loss":0.0,"damage_taken":0.0},{"damage_healed":0.0,"max_hp_gain":0.0,"max_hp_loss":0.0,"gold_gain":0.0,"event_name":"Lab","player_choice":"Got Potions","floor":5.0,"gold_loss":0.0,"damage_taken":0.0},{"damage_healed":0.0,"max_hp_gain":0.0,"max_hp_loss":0.0,"gold_gain":0.0,"event_name":"Golden Idol","player_choice":"Take Damage","floor":11.0,"gold_loss":0.0,"damage_taken":24.0,"relics_obtained":["Golden Idol"]},{"damage_healed":0.0,"max_hp_gain":0.0,"max_hp_loss":0.0,"gold_gain":0.0,"event_name":"Forgotten Altar","player_choice":"Gave Idol","floor":19.0,"relics_lost":["Golden Idol"],"gold_loss":0.0,"damage_taken":0.0,"relics_obtained":["Bloody Idol"]},{"cards_removed":["Strike_B"],"damage_healed":0.0,"max_hp_gain":0.0,"max_hp_loss":0.0,"gold_gain":0.0,"event_name":"Bonfire Elementals","player_choice":"Offered Basic","floor":20.0,"gold_loss":0.0,"damage_taken":0.0}],"is_beta":false,"boss_relics":[{"not_picked":["Runic Pyramid","Coffee Dripper"],"picked":"Nuclear Battery"}],"items_purged_floors":[4,22],"is_endless":false,"potions_floor_spawned":[6,10],"killed_by":"Slavers","ascension_level":20}}