{"host":"jfbo3eu2ui08ej1u","time":1613688772,"event":{"mods":["2.2 Compatiblity","AchievementEnabler","Act Like it!","Aspiration","BaseMod","Better Altar","Better Match","Better Note","Better Sensory Stone","Better Skull","Better Third Choice","Block Reminder","Colored Map","Colored Powertips","Conspire","DeckTracker","Displayed Cursed Tome","Energized Spire","Fox Events","GifTheSpireLib","Hermit","Hubris","Infinite Spire","Marked Mod","Minty Spire (QoL Compilation)","Monster B Gone","Pale of the Ancients","Poor People Problems","Quick Restart","Relic Filter","Reliquary","Reorder Act Four","Replay The Spire","Shop Mod","Spicy Shops","Spire Arcade","StSLib","Stuff the Spire","The Blue Laboratory","The Disciple","The Forsaken","The Hierophant","The Marked","Uncapped","Unceasing Turn Reminder","Wandering Minibosses"],"gold_per_floor":[117,67,96,121,174,174,224,224,278,290,312,341,353,389,401,424,424],"floor_reached":16,"language":"ENG","playtime":585,"items_purged":[],"score":200,"play_id":"088f085b-085c-4b15-a0f9-d8926d2d1e2e","local_time":"20210218175252","is_ascension_mode":true,"campfire_choices":[{"data":"MarkedMod:PinPointDefense","floor":6.0,"key":"SMITH"},{"floor":8.0,"key":"REST"},{"data":"Sanctity","floor":10.0,"key":"SMITH"},{"data":"PathToVictory","floor":13.0,"key":"SMITH"},{"floor":15.0,"key":"REST"}],"circlet_count":0,"master_deck":["AscendersBane","Strike_P","Strike_P","Strike_P","Strike_P","Defend_P","Defend_P","Defend_P","Defend_P","Eruption","Vigilance","PathToVictory","conspire:SpireCoStock","PathToVictory+1","MarkedMod:PinPointDefense+1","Sanctity+1","EmptyBody"],"relics":["PureWater","Snack Pack","hubris:FunFungus","MawBank"],"acts_visited":["Exordium"],"potions_floor_usage":[],"damage_taken":[{"damage":2.0,"enemies":"2 Louse","floor":1.0,"turns":4.0},{"damage":14.0,"enemies":"Small Slimes","floor":3.0,"turns":4.0},{"damage":11.0,"enemies":"conspire:MimicChest","floor":5.0,"turns":5.0},{"damage":8.0,"enemies":"Lagavulin","floor":7.0,"turns":6.0},{"damage":0.0,"enemies":"Cultist","floor":11.0,"turns":4.0},{"damage":15.0,"enemies":"Red Slaver","floor":12.0,"turns":5.0},{"damage":12.0,"enemies":"3 Louse","floor":14.0,"turns":3.0},{"damage":72,"enemies":"Fading Forest","floor":16,"turns":11}],"seed_played":"-446302892798920767","potions_obtained":[{"floor":3.0,"key":"blueLaboratory:EpiphanyPotion"},{"floor":4.0,"key":"blueLaboratory:SavagePotion"},{"floor":12.0,"key":"AttackPotion"}],"is_trial":false,"path_per_floor":["M","?","M","?","?","R","E","R","T","R","M","M","R","M","R","B"],"character_chosen":"WATCHER","items_purchased":[],"campfire_rested":2,"item_purchase_floors":[],"current_hp_per_floor":[65,65,51,51,40,40,32,54,54,54,54,41,41,31,53,0,0],"gold":424,"neow_bonus":"TEN_PERCENT_HP_BONUS","is_daily":false,"chose_seed":false,"campfire_upgraded":3,"win_rate":0.0,"timestamp":1613688772,"path_taken":["M","?","M","?","?","R","E","R","T","R","M","M","R","M","R","BOSS"],"items_purchased_type":[],"build_version":"2020-12-22","purchased_purges":0,"victory":false,"max_hp_per_floor":[74,74,74,74,74,74,74,74,74,74,74,74,74,74,74,74,74],"card_choices":[{"not_picked":["Replay:DivineShield","SashWhip"],"picked":"PathToVictory","floor":1.0},{"not_picked":["EmptyBody","ClearTheMind"],"picked":"PathToVictory","floor":3.0},{"not_picked":["EmptyBody","FollowUp"],"picked":"MarkedMod:PinPointDefense","floor":5.0},{"not_picked":["Replay:Hum","Swivel"],"picked":"Sanctity","floor":7.0},{"not_picked":["Crescendo","Replay:ManipulateFuture","BowlingBash"],"picked":"SKIP","floor":11.0},{"not_picked":["ReachHeaven","Alpha","Replay:BluntJabs"],"picked":"SKIP","floor":12.0},{"not_picked":["ClearTheMind","FollowUp"],"picked":"EmptyBody","floor":14.0}],"player_experience":1341945,"relics_obtained":[{"floor":5.0,"key":"Snack Pack"},{"floor":7.0,"key":"hubris:FunFungus"},{"floor":9.0,"key":"MawBank"}],"event_choices":[{"damage_healed":0.0,"max_hp_gain":0.0,"max_hp_loss":0.0,"gold_gain":0.0,"event_name":"conspire:Investor","player_choice":"Invest 1","floor":2.0,"gold_loss":0.0,"damage_taken":0.0}],"is_beta":false,"boss_relics":[],"items_purged_floors":[],"is_endless":false,"potions_floor_spawned":[3,12],"killed_by":"Fading Forest","ascension_level":20}}