{"host":"1dkd4flhdqbv9eyg","time":1613612541,"event":{"mods":["AchievementEnabler","BaseMod","Better Note","Evolution","Gold Saver","Minty Spire (QoL Compilation)","Spicy Shops","StSLib"],"gold_per_floor":[931,386,404,420,495,529,529,594,621,636,259,271,271,271,271,375,375,387,90,105,128,139,139,139,139,162,182,182,205,36,50,50,147,147,159,159,86,86],"floor_reached":37,"language":"ENG","playtime":2004,"items_purged":["Pain"],"score":367,"play_id":"ee522c5f-10ad-4c9f-b969-38557de0fb93","local_time":"20210217174221","is_ascension_mode":false,"campfire_choices":[{"data":"Heel Hook","floor":7,"key":"SMITH"},{"floor":13,"key":"REST"},{"floor":15,"key":"RECALL"},{"data":"1","floor":23,"key":"LIFT"},{"data":"2","floor":25,"key":"LIFT"},{"floor":32,"key":"REST"}],"circlet_count":0,"master_deck":["Strike_G","Strike_G","Strike_G","Strike_G","Strike_G","Defend_G","Defend_G","Defend_G","Defend_G","Defend_G","Survivor+1","Neutralize","Dagger Throw","Sucker Punch","Riddle With Holes","Prepared+1","Heel Hook+1","Footwork","Quick Slash","Well Laid Plans","A Thousand Cuts","CurseOfTheBell","Backflip","Deep Breath","Heel Hook+1","Tactician","Poisoned Stab","Adrenaline"],"relics":["Ring of the Snake","EVO:Axolotl","Smiling Mask","Boot","ClockworkSouvenir","Bag of Marbles","Tiny Chest","Girya","Happy Flower","Meat on the Bone","Pen Nib","WarpedTongs","Calling Bell","Centennial Puzzle","Sundial","CaptainsWheel","Shovel","War Paint","Dream Catcher","Lizard Tail","Omamori","TwistedFunnel","Busted Crown","TheAbacus"],"acts_visited":["Exordium","TheCity","TheBeyond"],"potions_floor_usage":[22,33,33],"damage_taken":[{"damage":1,"enemies":"2 Louse","floor":1,"turns":3},{"damage":5,"enemies":"Small Slimes","floor":3,"turns":2},{"damage":0,"enemies":"Cultist","floor":4,"turns":2},{"damage":10,"enemies":"Gremlin Nob","floor":6,"turns":4},{"damage":10,"enemies":"Gremlin Nob","floor":8,"turns":4},{"damage":6,"enemies":"Blue Slaver","floor":10,"turns":3},{"damage":2,"enemies":"Looter","floor":12,"turns":3},{"damage":36,"enemies":"The Guardian","floor":16,"turns":10},{"damage":22,"enemies":"3 Byrds","floor":18,"turns":5},{"damage":8,"enemies":"Shell Parasite","floor":20,"turns":3},{"damage":5,"enemies":"3 Cultists","floor":22,"turns":3},{"damage":0,"enemies":"Cultist and Chosen","floor":27,"turns":4},{"damage":15,"enemies":"Chosen and Byrds","floor":31,"turns":4},{"damage":25,"enemies":"Champ","floor":33,"turns":8},{"damage":12,"enemies":"3 Darklings","floor":35,"turns":4}],"seed_played":"7856417542789982965","potions_obtained":[{"floor":3,"key":"PowerPotion"},{"floor":8,"key":"ColorlessPotion"},{"floor":10,"key":"CunningPotion"},{"floor":31,"key":"Poison Potion"},{"floor":36,"key":"Dexterity Potion"},{"floor":36,"key":"DistilledChaos"}],"is_trial":false,"path_per_floor":["M","$","M","M","?","E","R","?","T","M","$","M","R","?","R","B",null,"M","$","M","T","M","R","?","R","T","M","?","T","$","M","R","B",null,"M","?","$"],"character_chosen":"THE_SILENT","items_purchased":["Boot","ClockworkSouvenir","Bag of Marbles","Sucker Punch","Riddle With Holes","Prepared","Meat on the Bone","Pen Nib","Quick Slash","Shovel","Deep Breath","TwistedFunnel","Poisoned Stab","TheAbacus"],"campfire_rested":2,"item_purchase_floors":[2,2,2,2,2,2,11,11,11,19,19,30,30,37],"current_hp_per_floor":[69,69,64,64,53,43,43,33,33,27,27,37,58,58,58,34,70,48,48,40,40,47,47,47,47,47,47,47,47,47,44,65,40,70,58,58,58,58],"gold":86,"neow_bonus":"RANDOM_COMMON_RELIC","is_daily":false,"chose_seed":false,"campfire_upgraded":1,"win_rate":0.0,"timestamp":1613612541,"path_taken":["M","$","M","M","?","E","R","?","T","M","$","M","R","?","R","BOSS","M","$","?","?","M","R","?","R","T","?","?","?","$","M","R","BOSS","M","?","?"],"items_purchased_type":["Relic","Relic","Relic","Card","Card","Card","Relic","Relic","Card","Relic","Card","Relic","Card","Relic"],"build_version":"2020-12-22","purchased_purges":1,"victory":false,"max_hp_per_floor":[70,70,70,70,70,70,70,70,70,70,70,70,70,70,70,70,70,70,70,70,70,70,70,70,70,70,70,70,70,70,70,70,70,70,70,70,70,70],"card_choices":[{"not_picked":["Acrobatics","Finisher"],"picked":"Dagger Throw","floor":1},{"not_picked":["PiercingWail","Bane","Deadly Poison"],"picked":"SKIP","floor":3},{"not_picked":["Bane","Sucker Punch"],"picked":"Heel Hook","floor":4},{"not_picked":["Acrobatics","Bane"],"picked":"Footwork","floor":6},{"not_picked":["Finisher","Deadly Poison"],"picked":"Crippling Poison","floor":8},{"not_picked":["Expertise","Slice","Footwork"],"picked":"SKIP","floor":10},{"not_picked":["Die Die Die","Deflect"],"picked":"Well Laid Plans","floor":12},{"not_picked":["Venomology","Doppelganger"],"picked":"A Thousand Cuts","floor":16},{"not_picked":["Flying Knee","Dagger Spray"],"picked":"Backflip","floor":18},{"not_picked":["Deflect+1","Choke"],"picked":"Heel Hook+1","floor":20},{"not_picked":["Bane","Eviscerate"],"picked":"Tactician","floor":22},{"not_picked":["Bane","Dagger Spray","Burst"],"picked":"SKIP","floor":27},{"not_picked":["Footwork","Deadly Poison","Blur"],"picked":"SKIP","floor":31},{"not_picked":["Night Terror","Burst"],"picked":"Adrenaline","floor":33},{"not_picked":["Caltrops"],"picked":"SKIP","floor":35}],"player_experience":107973,"relics_obtained":[{"floor":6,"key":"Tiny Chest"},{"floor":8,"key":"Girya"},{"floor":9,"key":"Happy Flower"},{"floor":17,"key":"Centennial Puzzle"},{"floor":17,"key":"Sundial"},{"floor":17,"key":"CaptainsWheel"},{"floor":21,"key":"War Paint"},{"floor":24,"key":"Dream Catcher"},{"floor":29,"key":"Omamori"}],"event_choices":[{"damage_healed":0,"gold_gain":75,"player_choice":"Gather Gold","damage_taken":11,"max_hp_gain":0,"max_hp_loss":0,"event_name":"World of Goop","floor":5,"gold_loss":0},{"damage_healed":0,"gold_gain":30,"player_choice":"Searched \u00273\u0027 times","damage_taken":0,"max_hp_gain":0,"max_hp_loss":0,"event_name":"Dead Adventurer","floor":8,"gold_loss":0},{"damage_healed":0,"gold_gain":0,"player_choice":"Rummage","damage_taken":0,"relics_obtained":["WarpedTongs"],"max_hp_gain":0,"max_hp_loss":0,"event_name":"Accursed Blacksmith","floor":14,"gold_loss":0,"cards_obtained":["Pain"]},{"damage_healed":0,"gold_gain":0,"player_choice":"Relic","damage_taken":0,"max_hp_gain":0,"max_hp_loss":0,"event_name":"Wheel of Change","floor":24,"gold_loss":0},{"cards_removed":["Crippling Poison"],"damage_healed":0,"gold_gain":0,"player_choice":"Gave Card","damage_taken":0,"relics_obtained":["Lizard Tail"],"max_hp_gain":0,"max_hp_loss":0,"event_name":"WeMeetAgain","floor":28,"gold_loss":0},{"damage_healed":0,"gold_gain":0,"player_choice":"Got Potions","damage_taken":0,"max_hp_gain":0,"max_hp_loss":0,"event_name":"Lab","floor":36,"gold_loss":0}],"is_beta":false,"boss_relics":[{"not_picked":["Coffee Dripper","Cursed Key"],"picked":"Calling Bell"},{"not_picked":["WristBlade","Astrolabe"],"picked":"Busted Crown"}],"items_purged_floors":[19],"is_endless":false,"potions_floor_spawned":[3,8,10,20,31],"ascension_level":0}}