{"host":"kmd7yw11mgzs6kox","time":1613671132,"event":{"mods":["100% Spire Juice","ATMod(阿瑾Mod)","BaseMod","Decade(王小明)","Downfall","GungeonMod","Lobotomy","LobotomyExtend","Marisa（F雨　魔理沙）","Minty Spire (QoL Compilation)","Reliquary","Remilia（蕾米莉亚）","Replay The Spire","Shop Mod","StSLib","The Bladedancer","The Bug Knight","The Marked","The Poker Player","The Servant 0.9.4","TheWitcher","Waifu the Spire","WarShipGirlsR/战舰少女R mod","Warlord Emblem","Yakumo Yukari mod","Youmu（魂魄妖梦）","Yuri Mod","【遗物卡牌】REMEMod"],"gold_per_floor":[99,110,122,37,0,10,10,27,27,39,61,87,99,133,144,143,143,143,156,173,193,212,212,262,262,295,295,314,349,349,349,359,462,462,532,542,554,565,565,578,578,609,628,789,824,491,521,57,71,71,71],"floor_reached":52,"language":"ZHS","playtime":2887,"items_purged":[],"score":1503,"play_id":"201fd1c4-1914-411f-a243-c7f16af9b2ce","local_time":"20210219015852","is_ascension_mode":true,"campfire_choices":[{"data":"WarlordEmblem:Frostmourne","floor":9,"key":"SMITH"},{"floor":18,"key":"RECALL"},{"data":"WarlordEmblem:BlackCommand","floor":23,"key":"SMITH"}],"circlet_count":0,"master_deck":["WarlordEmblem:RuneStrike","WarlordEmblem:Defend_DK","WarlordEmblem:Defend_DK","WarlordEmblem:Defend_DK","WarlordEmblem:Defend_DK","WarlordEmblem:Frostmourne+1","sneckomod:UnknownBoss","AT_EmpoweredMortalDraw","WarlordEmblem:Hanging+1","WarlordEmblem:CurseStrike","WarlordEmblem:VoidDefend","WarlordEmblem:FrozenTouch+1","WarlordEmblem:BloodSacrifice","WarlordEmblem:EvilWorm","WarlordEmblem:BloodStrike","WarlordEmblem:Execute","WarlordEmblem:FrozenDeath","WarlordEmblem:BoneShield","WarlordEmblem:RealmStorm","WarlordEmblem:DarkSimulation","WarlordEmblem:RealmRider","WarlordEmblem:BlackCommand+1","WarlordEmblem:BloodMask","WarlordEmblem:BodyStrike+1","WarlordEmblem:WinterHorn+1","WarlordEmblem:VoidDefend","WarlordEmblem:Frostmourne+1","WarlordEmblem:ForceDeflexion","WarlordEmblem:DeathWither","WarlordEmblem:Potential+1","WarlordEmblem:Execute+1","WarlordEmblem:LichBody+1","WarlordEmblem:FrozenChain","WarlordEmblem:FrozenDeath","WarlordEmblem:UndeadWill","WarlordEmblem:AntiMagicShield+1","WarlordEmblem:DeathGateway","WarlordEmblem:WindStrike","WarlordEmblem:LichBody","WarlordEmblem:Frostmourne+1","WarlordEmblem:BodyStrike+1","expansioncontent:QuickStudy","WarlordEmblem:Withstand","WarlordEmblem:FrostbiteStrike+1"],"relics":["WarlordEmblem:DKHelm","AT_ATBox","REME_ComplimentaryCards","AT_TrinityForce","WarlordEmblem:DK_Ghoul","LetterFromLob","DemoMod:GlassGuonStoneRelic","Odd Mushroom","REME_PuzzleBoxRelic","Pondfish Scales","bronze:MakeshiftBattery","Mercury Hourglass","ShedSkin_r","Moonlight_r","Bottled Flame","Juzu Bracelet","PreservedInsect","Astrolabe","DemoMod:BigBoy","TungstenRod","DollysMirror","reliquary:Sod","reliquary:Knoch","reliquary:SilkGlove","Replay:Towering Pillar of Hats","Orichalcum"],"acts_visited":["Exordium","TheCity","TheBeyond"],"potions_floor_usage":[29,29,50,50,50],"damage_taken":[{"damage":0.0,"enemies":"Small Slimes","floor":2.0,"turns":3.0},{"damage":6.0,"enemies":"Jaw Worm","floor":3.0,"turns":2.0},{"damage":3.0,"enemies":"downfall:FleeingMerchant","floor":4.0,"turns":4.0},{"damage":0.0,"enemies":"2 Louse","floor":6.0,"turns":2.0},{"damage":0.0,"enemies":"Exordium Wildlife","floor":8.0,"turns":3.0},{"damage":0,"enemies":"Exordium Thugs","floor":10,"turns":2},{"damage":0,"enemies":"The Mushroom Lair","floor":11,"turns":2},{"damage":0,"enemies":"Lagavulin","floor":12,"turns":4},{"damage":0,"enemies":"downfall:LooterAlt","floor":13,"turns":1},{"damage":4,"enemies":"3 Sentries","floor":14,"turns":3},{"damage":0,"enemies":"Blue Slaver","floor":15,"turns":1},{"damage":0,"enemies":"WA_ARCHETYPE_RETAIN","floor":16,"turns":3},{"damage":0,"enemies":"Spheric Guardian","floor":19,"turns":1},{"damage":0,"enemies":"Chosen and Byrds","floor":20,"turns":2},{"damage":0,"enemies":"Snecko","floor":21,"turns":2},{"damage":0,"enemies":"Snake Plant","floor":22,"turns":2},{"damage":0,"enemies":"Slavers","floor":26,"turns":1},{"damage":0,"enemies":"Sentry and Sphere","floor":28,"turns":3},{"damage":0,"enemies":"Book of Stabbing","floor":29,"turns":2},{"damage":0,"enemies":"Centurion and Healer","floor":32,"turns":2},{"damage":0,"enemies":"IC_MUSHROOM_ARCHETYPE","floor":33,"turns":4},{"damage":0,"enemies":"Orb Walker","floor":36,"turns":2},{"damage":0,"enemies":"3 Darklings","floor":37,"turns":2},{"damage":0,"enemies":"Sphere and 2 Shapes","floor":38,"turns":2},{"damage":10,"enemies":"Spire Growth","floor":40,"turns":2},{"damage":0,"enemies":"R_Hoarder","floor":42,"turns":3},{"damage":0,"enemies":"Maw","floor":43,"turns":4},{"damage":0,"enemies":"downfall:FleeingMerchant","floor":44,"turns":2},{"damage":0,"enemies":"Nemesis","floor":45,"turns":3},{"damage":0,"enemies":"Giant Head","floor":47,"turns":3},{"damage":0,"enemies":"Writhing Mass","floor":49,"turns":2},{"damage":11,"enemies":"SI_POISON_ARCHETYPE","floor":50,"turns":3}],"seed_played":"-946089497161113440","potions_obtained":[{"floor":8.0,"key":"DistilledChaos"},{"floor":10,"key":"WarlordEmblem:RuneExpandPotion"},{"floor":12,"key":"Adrenaline Potion"},{"floor":14,"key":"Weak Potion"},{"floor":29,"key":"WarlordEmblem:ReserveRunePotion"},{"floor":37,"key":"GamblersBrew"},{"floor":43,"key":"Fire Potion"},{"floor":49,"key":"PanachePotion"}],"is_trial":false,"path_per_floor":["R","M","M","$","?","M","T","M","R","M","?","E","M","E","M","B",null,"R","M","M","M","M","R","T","M","E","?","M","E","?","?","M","B",null,"R","M","M","M","?","M","T","E","M","$","E","?","E","$","M","B",null,null],"character_chosen":"DeathKnight","items_purchased":["WarlordEmblem:BloodSacrifice","DollysMirror","reliquary:Knoch","expansioncontent:QuickStudy","Replay:Towering Pillar of Hats","Orichalcum"],"campfire_rested":0,"item_purchase_floors":[4,44,46,46,48,48],"current_hp_per_floor":[80,80,74,71,71,71,71,71,71,71,71,80,80,76,76,76,80,80,80,80,80,80,80,80,21,21,21,29,29,29,29,53,61,77,77,77,77,77,77,67,67,77,77,77,77,77,77,77,77,74,74],"gold":71,"neow_bonus":"BOSS_RELIC","is_daily":false,"chose_seed":false,"campfire_upgraded":2,"win_rate":0.0,"timestamp":1613671132,"path_taken":["R","M","M","$","?","M","T","?","R","M","?","E","M","E","M","BOSS","R","M","M","M","M","R","T","M","E","?","M","E","?","?","M","BOSS","R","M","M","M","?","M","T","E","M","$","E","?","E","$","M","BOSS"],"items_purchased_type":["Card","Relic","Relic","Card","Relic","Relic"],"build_version":"2020-12-22","purchased_purges":0,"victory":true,"max_hp_per_floor":[80,80,80,80,80,80,80,80,80,80,80,80,80,80,80,80,80,80,80,80,80,80,80,80,77,77,77,77,77,77,77,77,77,77,77,77,77,77,77,77,77,77,77,77,77,77,77,77,77,77,77],"card_choices":[{"not_picked":["WarlordEmblem:DeathCoil","WarlordEmblem:WillOfTheNecropolis"],"picked":"WarlordEmblem:CurseStrike","floor":2.0},{"not_picked":["WarlordEmblem:LichBody","WarlordEmblem:RuneBlade"],"picked":"WarlordEmblem:VoidDefend","floor":3.0},{"not_picked":["WarlordEmblem:FrozenDeath","WarlordEmblem:BloodMask"],"picked":"WarlordEmblem:FrozenTouch","floor":4.0},{"not_picked":["WarlordEmblem:RuneBlade","WarlordEmblem:RuneExplode","WarlordEmblem:RuneRegen"],"picked":"SKIP","floor":6.0},{"not_picked":["WarlordEmblem:RunePerfusion","WarlordEmblem:DeathContract"],"picked":"WarlordEmblem:EvilWorm","floor":8.0},{"not_picked":["WarlordEmblem:RuneRecover","WarlordEmblem:Potential"],"picked":"WarlordEmblem:BloodStrike","floor":10},{"not_picked":["WarlordEmblem:Annihilation","WarlordEmblem:EvilSee"],"picked":"WarlordEmblem:Execute","floor":11},{"not_picked":["WarlordEmblem:BloodBoiling","WarlordEmblem:DeathCoil"],"picked":"WarlordEmblem:FrozenDeath","floor":12},{"not_picked":["WarlordEmblem:HeartStrike","WarlordEmblem:DeathStrike"],"picked":"WarlordEmblem:BoneShield","floor":13},{"not_picked":["WarlordEmblem:DeathStrike","WarlordEmblem:BodyStrike"],"picked":"WarlordEmblem:RealmStorm","floor":14},{"not_picked":["WarlordEmblem:FrozenDeath","WarlordEmblem:DeathCoil"],"picked":"WarlordEmblem:DarkSimulation","floor":15},{"not_picked":["WarlordEmblem:RuneBurn","WarlordEmblem:BloodBoiling"],"picked":"WarlordEmblem:RealmRider","floor":16},{"not_picked":["WarlordEmblem:RuneFocus","WarlordEmblem:VoidDefend"],"picked":"WarlordEmblem:BlackCommand","floor":19},{"not_picked":["WarlordEmblem:RuneFocus+1","WarlordEmblem:RuneDiffer"],"picked":"WarlordEmblem:BloodMask","floor":20},{"not_picked":["WarlordEmblem:FrozenDeath+1","WarlordEmblem:Annihilation"],"picked":"WarlordEmblem:FrozenWill","floor":21},{"not_picked":["WarlordEmblem:CurseStrike","WarlordEmblem:Withstand"],"picked":"WarlordEmblem:BodyStrike+1","floor":22},{"not_picked":["WarlordEmblem:RuneIndex","WarlordEmblem:ForceDeflexion","WarlordEmblem:Withstand"],"picked":"SKIP","floor":26},{"not_picked":["WarlordEmblem:RuneBlade","WarlordEmblem:CurseStrike+1"],"picked":"WarlordEmblem:WinterHorn+1","floor":28},{"not_picked":["WarlordEmblem:RuneBurn","WarlordEmblem:EvilSee"],"picked":"WarlordEmblem:VoidDefend","floor":29},{"not_picked":["WarlordEmblem:Potential","WarlordEmblem:HeartStrike"],"picked":"WarlordEmblem:ForceDeflexion","floor":32},{"not_picked":["WarlordEmblem:HungeringCold","WarlordEmblem:RuneMultiplex"],"picked":"WarlordEmblem:DeathWither","floor":33},{"not_picked":["WarlordEmblem:DeathContract+1","WarlordEmblem:FrozenWill+1"],"picked":"WarlordEmblem:FrozenChain","floor":36},{"not_picked":["WarlordEmblem:RuneDiffer+1","WarlordEmblem:FrostbiteStrike"],"picked":"WarlordEmblem:FrozenDeath","floor":37},{"not_picked":["WarlordEmblem:DiseaseCloud+1","WarlordEmblem:Withstand"],"picked":"WarlordEmblem:UndeadWill","floor":38},{"not_picked":["WarlordEmblem:RuneMelter","WarlordEmblem:Execute"],"picked":"WarlordEmblem:AntiMagicShield+1","floor":40},{"not_picked":["WarlordEmblem:RuneBurn","WarlordEmblem:SwordWave"],"picked":"WarlordEmblem:DeathGateway","floor":42},{"not_picked":["WarlordEmblem:BodyStrike","WarlordEmblem:RuneBlade"],"picked":"WarlordEmblem:WindStrike","floor":43},{"not_picked":["WarlordEmblem:RuneInspire+1","WarlordEmblem:DeathCoil+1"],"picked":"WarlordEmblem:LichBody","floor":44},{"not_picked":["WarlordEmblem:RuneRegen","WarlordEmblem:VoidDefend"],"picked":"WarlordEmblem:BodyStrike+1","floor":45},{"not_picked":["WarlordEmblem:DeathGateway","WarlordEmblem:WinterHorn+1"],"picked":"WarlordEmblem:Withstand","floor":47},{"not_picked":["WarlordEmblem:CurseStrike","WarlordEmblem:WinterHorn"],"picked":"WarlordEmblem:FrostbiteStrike+1","floor":49}],"player_experience":93269,"relics_obtained":[{"floor":2.0,"key":"LetterFromLob"},{"floor":11,"key":"Odd Mushroom"},{"floor":12,"key":"REME_PuzzleBoxRelic"},{"floor":14,"key":"Pondfish Scales"},{"floor":24,"key":"DemoMod:WeirdEgg"},{"floor":26,"key":"Bottled Flame"},{"floor":29,"key":"Juzu Bracelet"},{"floor":41,"key":"DemoMod:BigBoy"},{"floor":42,"key":"TungstenRod"},{"floor":45,"key":"reliquary:Sod"},{"floor":47,"key":"reliquary:SilkGlove"}],"event_choices":[{"damage_healed":0,"gold_gain":0,"player_choice":"Fought Mushrooms","damage_taken":0,"max_hp_gain":0,"max_hp_loss":0,"event_name":"Mushrooms","floor":11,"gold_loss":0},{"cards_removed":["WarlordEmblem:FrozenWill"],"damage_healed":0,"gold_gain":0,"player_choice":"Removed Power","damage_taken":0,"max_hp_gain":0,"max_hp_loss":0,"event_name":"Falling","floor":39,"gold_loss":0}],"is_beta":false,"boss_relics":[{"not_picked":["reliquary:Ember","Replay:Drink Me"],"picked":"bronze:MakeshiftBattery"},{"not_picked":["WarlordEmblem:IceDragon","ChewingGum"],"picked":"Astrolabe"}],"items_purged_floors":[],"is_endless":false,"potions_floor_spawned":[8,10,12,14,16,19,20,21,26,29,37,40,43,49],"ascension_level":4}}