{"host":"xp5rvh2jwe2ejyfm","time":1613612859,"event":{"mods":["2.2 Compatiblity","Aspiration","BaseMod","Better Altar","Better Match","Better Note","Better Sensory Stone","Better Skull","BetterRewards","Colored Powertips","Conspire","Downfall","GifTheSpireLib","Gremlin Mod","GungeonMod","Hermit","Hubris","Jorbs\u0027s Wanderer Trilogy","Minty Spire (QoL Compilation)","Potionbrewer","Quick Restart","Replay The Spire","Robot Space Explorer","Shade Mod","Somnambulant","StSLib","The Bug Knight","The Clintock","The Construct","The Cursed","The Disciple","The Forsaken","The Hierophant","The Marked","The Necromancer","The Runesmith","The Servant 0.9.4","The Valiant","The Witch","TheFirefly","thorton"],"gold_per_floor":[119,119,29,49,69,98,117,147,147,147,164,164,190,207,207,306,306,321,321,321,341,358,384,23,34,34,34,34,53,53,64,64,167,167,185,203,19,33,33,33,53,69,92,23,37,48,48,48,48],"floor_reached":48,"language":"ENG","playtime":1869,"items_purged":[],"score":703,"play_id":"a3bbd8b1-5a56-421d-af0d-9a966a1ee68d","local_time":"20210217204739","is_ascension_mode":false,"campfire_choices":[{"floor":10,"key":"REST"},{"floor":12,"key":"REST"},{"floor":15,"key":"REST"},{"floor":28,"key":"REST"},{"floor":30,"key":"REST"},{"floor":32,"key":"RECALL"},{"floor":40,"key":"REST"}],"circlet_count":0,"master_deck":["RobotSpaceExplorer:Strike","RobotSpaceExplorer:Strike","RobotSpaceExplorer:Strike","RobotSpaceExplorer:Strike","RobotSpaceExplorer:Defend","RobotSpaceExplorer:Defend","RobotSpaceExplorer:Defend","RobotSpaceExplorer:Defend","RobotSpaceExplorer:Scan","RobotSpaceExplorer:MiniLasers","RobotSpaceExplorer:MiniBoosters","RobotSpaceExplorer:StarLightning","RobotSpaceExplorer:ScrapMissile","RobotSpaceExplorer:StarDust","RobotSpaceExplorer:Pulsar","RobotSpaceExplorer:Counterblock","RobotSpaceExplorer:FreezeRay","RobotSpaceExplorer:StunGrenade","RobotSpaceExplorer:FreezeRay","RobotSpaceExplorer:Pulsar","RobotSpaceExplorer:ScrapMissile+1","RobotSpaceExplorer:LaserBurst","RobotSpaceExplorer:FranticSearch+1","RobotSpaceExplorer:ChargingLaser","RobotSpaceExplorer:Counterblock+1","RobotSpaceExplorer:SurgingShield+1","RobotSpaceExplorer:Calculate+1","RobotSpaceExplorer:StarLightning","RobotSpaceExplorer:TurboDodge","RobotSpaceExplorer:ShovelStrike+1","RobotSpaceExplorer:ShockKick+1","PanicButton","RobotSpaceExplorer:Pulsar+1","RobotSpaceExplorer:GlueShot+1","RobotSpaceExplorer:Autoloader","RobotSpaceExplorer:HighVoltage","RobotSpaceExplorer:Probe+1","RobotSpaceExplorer:MiniDrones+1","RobotSpaceExplorer:Pulsar+1","RobotSpaceExplorer:Pulsar+1","RobotSpaceExplorer:Comet","RobotSpaceExplorer:Pulsar+1","RobotSpaceExplorer:FreezeRay+1","RobotSpaceExplorer:Discharger","RobotSpaceExplorer:StarLightning+1","RobotSpaceExplorer:SwiftStep+1"],"relics":["RobotSpaceExplorer:RoboCore","Bronze Scales","Lizard Tail","PreservedInsect","Replay:Arrowhead","Replay:Accelerometer","theForsaken:HumbleEgg","Bottled Flame","theForsaken:PaleLantern","conspire:Flyswatter","BargainBundle","ReplayFunnel","conspire:SlowCooker","HandDrill","hubris:TenFootPole"],"acts_visited":["Exordium","TheCity","TheBeyond"],"potions_floor_usage":[8,11,14,18,22,23,25,33,33,38,45,45,45],"damage_taken":[{"damage":5,"enemies":"conspire:RoseBush","floor":1,"turns":2},{"damage":1,"enemies":"Small Slimes","floor":4,"turns":3},{"damage":0,"enemies":"Cultist","floor":5,"turns":4},{"damage":21,"enemies":"Gremlin Nob","floor":6,"turns":4},{"damage":0,"enemies":"2 Fungi Beasts","floor":7,"turns":4},{"damage":0,"enemies":"3 Sentries","floor":8,"turns":5},{"damage":21,"enemies":"Large Slime","floor":11,"turns":4},{"damage":18,"enemies":"Lagavulin","floor":13,"turns":5},{"damage":2,"enemies":"Exordium Wildlife","floor":14,"turns":3},{"damage":14,"enemies":"The Guardian","floor":16,"turns":10},{"damage":12,"enemies":"conspire:FuzzyDice","floor":18,"turns":5},{"damage":1,"enemies":"Chosen","floor":21,"turns":5},{"damage":6,"enemies":"Centurion and Healer","floor":22,"turns":3},{"damage":33,"enemies":"conspire:Head Lice","floor":23,"turns":8},{"damage":10,"enemies":"Cultist and Chosen","floor":25,"turns":6},{"damage":0,"enemies":"3 Cultists","floor":29,"turns":5},{"damage":6,"enemies":"Snake Plant","floor":31,"turns":4},{"damage":38,"enemies":"Automaton","floor":33,"turns":11},{"damage":31,"enemies":"3 Shapes","floor":35,"turns":5},{"damage":4,"enemies":"Orb Walker","floor":36,"turns":4},{"damage":8,"enemies":"Maw","floor":38,"turns":8},{"damage":34,"enemies":"Spire Growth","floor":41,"turns":6},{"damage":16,"enemies":"Transient","floor":42,"turns":5},{"damage":37,"enemies":"Writhing Mass","floor":45,"turns":6},{"damage":11,"enemies":"3 Darklings","floor":46,"turns":6},{"damage":26,"enemies":"Jaw Worm Horde","floor":48,"turns":2}],"seed_played":"5611194762960466742","potions_obtained":[{"floor":5,"key":"potionbrewer:EndurancePotion"},{"floor":6,"key":"Adrenaline Potion"},{"floor":7,"key":"DemoMod:LeadSkinPotion"},{"floor":13,"key":"SkillPotion"},{"floor":14,"key":"SteroidPotion"},{"floor":18,"key":"Strength Potion"},{"floor":23,"key":"Venom Potion"},{"floor":31,"key":"DemoMod:LeadSkinPotion"},{"floor":38,"key":"Ancient Potion"},{"floor":41,"key":"Toxic Potion"},{"floor":42,"key":"DemoMod:LeadSkinPotion"}],"is_trial":false,"path_per_floor":["M","?","$","M","M","E","M","E","T","R","M","R","E","M","R","B",null,"M","?","?","M","M","E","$","M","T","?","R","M","R","M","R","B",null,"M","M","$","M","?","R","M","M","T","$","M","M","?","M"],"character_chosen":"RobotSpaceExplorer","items_purchased":["RobotSpaceExplorer:MiniBoosters","Bronze Scales","RobotSpaceExplorer:StarLightning","RobotSpaceExplorer:StarDust","RobotSpaceExplorer:Pulsar","BargainBundle","RobotSpaceExplorer:TurboDodge","RobotSpaceExplorer:ShovelStrike+1","RobotSpaceExplorer:ShockKick+1","ReplayFunnel","GamblersBrew","potionbrewer:InfectionPotion","EssenceOfSteel","PanicButton","RobotSpaceExplorer:Pulsar+1","HandDrill","RobotSpaceExplorer:Discharger"],"campfire_rested":6,"item_purchase_floors":[0,0,0,3,3,24,24,24,24,24,24,24,24,24,37,37,44],"current_hp_per_floor":[54,42,42,41,41,20,20,20,20,42,21,43,25,23,45,31,75,63,63,63,62,56,23,23,13,13,13,35,35,57,51,51,13,75,44,40,40,32,40,62,28,12,12,12,37,26,26,0,0],"gold":48,"neow_bonus":"","is_daily":false,"chose_seed":false,"campfire_upgraded":0,"win_rate":0.0,"timestamp":1613612859,"path_taken":["M","?","$","M","M","E","M","E","T","R","M","R","E","M","R","BOSS","M","?","?","M","M","E","$","M","T","?","R","M","R","M","R","BOSS","M","M","$","M","?","R","M","?","T","$","M","M","?","M"],"items_purchased_type":["Card","Relic","Card","Card","Card","Relic","Card","Card","Card","Relic","Potion","Potion","Potion","Card","Card","Relic","Card"],"build_version":"2020-12-22","purchased_purges":0,"victory":false,"max_hp_per_floor":[75,75,75,75,75,75,75,75,75,75,75,75,75,75,75,75,75,75,75,75,75,75,75,75,75,75,75,75,75,75,75,75,75,75,75,75,75,75,75,75,75,75,75,75,75,75,75,75,75],"card_choices":[{"not_picked":["RobotSpaceExplorer:SwiftStep","RobotSpaceExplorer:SurgingShield"],"picked":"RobotSpaceExplorer:ScrapMissile","floor":1},{"not_picked":["RobotSpaceExplorer:ImprovisedAttack","RobotSpaceExplorer:ScrapShield"],"picked":"RobotSpaceExplorer:Counterblock","floor":4},{"not_picked":["RobotSpaceExplorer:FrostMissile","RobotSpaceExplorer:Ammunition"],"picked":"RobotSpaceExplorer:FreezeRay","floor":5},{"not_picked":["RobotSpaceExplorer:ShockKick","RobotSpaceExplorer:Electroshield"],"picked":"RobotSpaceExplorer:StunGrenade","floor":6},{"not_picked":["RobotSpaceExplorer:FrostMissile","RobotSpaceExplorer:TurboDodge"],"picked":"RobotSpaceExplorer:FreezeRay","floor":7},{"not_picked":["RobotSpaceExplorer:Counterblock","RobotSpaceExplorer:MakeshiftVolley"],"picked":"RobotSpaceExplorer:Pulsar","floor":8},{"not_picked":["RobotSpaceExplorer:RigExplosive","RobotSpaceExplorer:PlasmaMissile"],"picked":"RobotSpaceExplorer:ScrapMissile+1","floor":11},{"not_picked":["RobotSpaceExplorer:GearShield","RobotSpaceExplorer:SlimeMissile+1"],"picked":"RobotSpaceExplorer:LaserBurst","floor":13},{"not_picked":["RobotSpaceExplorer:SlimeMissile+1","RobotSpaceExplorer:ShockKick+1"],"picked":"RobotSpaceExplorer:FranticSearch+1","floor":14},{"not_picked":["RobotSpaceExplorer:Multitool","RobotSpaceExplorer:Arsenal"],"picked":"RobotSpaceExplorer:ChargingLaser","floor":16},{"not_picked":["RobotSpaceExplorer:FrostMissile+1","RobotSpaceExplorer:SurgingShield+1"],"picked":"RobotSpaceExplorer:Counterblock+1","floor":18},{"not_picked":["RobotSpaceExplorer:MetalStrike+1","RobotSpaceExplorer:Counterblock+1"],"picked":"RobotSpaceExplorer:SurgingShield+1","floor":21},{"not_picked":["RobotSpaceExplorer:MetalStrike+1","RobotSpaceExplorer:ShockKick+1"],"picked":"RobotSpaceExplorer:Calculate+1","floor":22},{"not_picked":["RobotSpaceExplorer:ImprovisedAttack+1","RobotSpaceExplorer:Blaster"],"picked":"RobotSpaceExplorer:StarLightning","floor":23},{"not_picked":["RobotSpaceExplorer:Ammunition+1","RobotSpaceExplorer:LuckyStrike"],"picked":"RobotSpaceExplorer:Pulsar+1","floor":25},{"not_picked":["RobotSpaceExplorer:ShockKick+1","RobotSpaceExplorer:SwiftStep+1"],"picked":"RobotSpaceExplorer:GlueShot+1","floor":29},{"not_picked":["RobotSpaceExplorer:FranticSearch+1","RobotSpaceExplorer:ShockKick+1"],"picked":"RobotSpaceExplorer:Autoloader","floor":31},{"not_picked":["RobotSpaceExplorer:Wormhole","RobotSpaceExplorer:Explosion"],"picked":"RobotSpaceExplorer:HighVoltage","floor":33},{"not_picked":["RobotSpaceExplorer:Ammunition+1","RobotSpaceExplorer:Fix+1"],"picked":"RobotSpaceExplorer:Probe+1","floor":35},{"not_picked":["RobotSpaceExplorer:Probe+1","RobotSpaceExplorer:ScrapToss"],"picked":"RobotSpaceExplorer:MiniDrones+1","floor":36},{"not_picked":["RobotSpaceExplorer:Probe+1","RobotSpaceExplorer:DualCore"],"picked":"RobotSpaceExplorer:Comet","floor":38},{"not_picked":["RobotSpaceExplorer:MakeshiftVolley","RobotSpaceExplorer:LaserBurst+1"],"picked":"RobotSpaceExplorer:Pulsar+1","floor":41},{"not_picked":["RobotSpaceExplorer:SwiftStep+1","RobotSpaceExplorer:Counterblock+1"],"picked":"RobotSpaceExplorer:FreezeRay+1","floor":42},{"not_picked":["RobotSpaceExplorer:SwiftStep+1","RobotSpaceExplorer:GlueShot+1"],"picked":"RobotSpaceExplorer:StarLightning+1","floor":45},{"not_picked":["RobotSpaceExplorer:ImprovisedAttack+1","RobotSpaceExplorer:DualCore+1"],"picked":"RobotSpaceExplorer:SwiftStep+1","floor":46}],"player_experience":521783,"relics_obtained":[{"floor":6,"key":"Replay:Arrowhead"},{"floor":8,"key":"Replay:Accelerometer"},{"floor":9,"key":"theForsaken:HumbleEgg"},{"floor":13,"key":"Bottled Flame"},{"floor":23,"key":"conspire:Flyswatter"},{"floor":43,"key":"hubris:TenFootPole"}],"event_choices":[{"damage_healed":0,"gold_gain":0,"player_choice":"Success","damage_taken":12,"relics_obtained":["PreservedInsect"],"max_hp_gain":0,"max_hp_loss":0,"event_name":"Scrap Ooze","floor":2,"gold_loss":0},{"damage_healed":0,"gold_gain":0,"player_choice":"Ignored","damage_taken":0,"max_hp_gain":0,"max_hp_loss":0,"event_name":"betterNote:BetterNote","floor":19,"gold_loss":0,"cards_obtained":["hermit:Headshot"]},{"damage_healed":0,"gold_gain":0,"player_choice":"Ignored","damage_taken":0,"max_hp_gain":0,"max_hp_loss":0,"event_name":"Beggar","floor":20,"gold_loss":0}],"is_beta":false,"boss_relics":[{"not_picked":["Replay:Ancient Bell","Cursed Key"],"picked":"theForsaken:PaleLantern"},{"not_picked":["aspiration:MobileForge","hubris:ScarierMask"],"picked":"conspire:SlowCooker"}],"items_purged_floors":[],"is_endless":false,"potions_floor_spawned":[5,6,7,13,14,18,23,31,38,41,42],"killed_by":"Jaw Worm Horde","ascension_level":0}}