{"host":"Varadho","time":1613669983,"event":{"mods":["BaseMod","Colored Map","Colored Powertips","Downfall","Googly Eyes","Minty Spire (QoL Compilation)","Quick Restart","Replay The Spire","StSLib","everything is the same but u backflip on backflip","slay the spire mod where everything is the same but ironclad has a cowboy hat"],"gold_per_floor":[99,112,129,140,157,157,205,205,19,34,34,54,54,54,67,163,163,163,179,279,35,49,49,49,249,262,22,22,22,22],"floor_reached":28,"language":"ENG","playtime":2981,"items_purged":[],"score":210,"play_id":"475108f2-b6c0-4bd7-aad7-8e72c2100c56","local_time":"20210218183943","is_ascension_mode":false,"campfire_choices":[{"floor":1.0,"key":"DIG"},{"data":"bronze:Iterate","floor":8.0,"key":"SMITH"},{"data":"bronze:GetLatest","floor":13.0,"key":"SMITH"},{"data":"expansioncontent:DashGenerateEvil","floor":18,"key":"SMITH"},{"data":"Replay:SS_forest_2","floor":23,"key":"SMITH"}],"circlet_count":0,"master_deck":["bronze:Strike","bronze:Strike+1","bronze:Strike","bronze:Defend","bronze:Defend","bronze:Defend","bronze:Defend","bronze:Replicate+1","bronze:Goto","bronze:Branch","bronze:Iterate+1","bronze:Optimize","bronze:FineTuning","bronze:Replicate+1","bronze:GetLatest+1","expansioncontent:DashGenerateEvil+1","bronze:RecursiveStrike","bronze:Fortify","bronze:ClassDefault","bronze:Verify","bronze:CutThrough+1","bronze:Repulsor","bronze:Repulsor+1","bronze:ItsAFeature","bronze:BugBarrage","Replay:SS_forest_2+1","bronze:Iterate","bronze:OilSpill+1","bronze:BugBarrage","bronze:Allocate","bronze:BuggyMess+1","bronze:Shield","expansioncontent:StudyTheSpire"],"relics":["bronze:BronzeCore","Whetstone","ReplayTheSpireMod:Lightbulb","ChewingGum","TungstenRod","Sundial","Prayer Wheel"],"acts_visited":["TheCity"],"potions_floor_usage":[16,19,20,21,25,26],"damage_taken":[{"damage":0.0,"enemies":"2 Louse","floor":2.0,"turns":2.0},{"damage":0.0,"enemies":"Cultist","floor":3.0,"turns":3.0},{"damage":2.0,"enemies":"Jaw Worm","floor":4.0,"turns":3.0},{"damage":0.0,"enemies":"Blue Slaver","floor":5.0,"turns":3.0},{"damage":0.0,"enemies":"downfall:FleeingMerchant","floor":9.0,"turns":4.0},{"damage":0.0,"enemies":"Exordium Wildlife","floor":10.0,"turns":2.0},{"damage":11.0,"enemies":"Large Slime","floor":12.0,"turns":2.0},{"damage":0.0,"enemies":"Exordium Thugs","floor":15.0,"turns":3.0},{"damage":9,"enemies":"WA_ARCHETYPE_RETAIN","floor":16,"turns":4},{"damage":0,"enemies":"Spheric Guardian","floor":19,"turns":2},{"damage":30,"enemies":"DF_ARCHETYPE_STREAMLINE","floor":20,"turns":7},{"damage":0,"enemies":"downfall:FleeingMerchant","floor":21,"turns":4},{"damage":0,"enemies":"3 Byrds","floor":22,"turns":4},{"damage":33,"enemies":"3 Byrds","floor":25,"turns":3},{"damage":9,"enemies":"Snake Plant","floor":26,"turns":3},{"damage":0,"enemies":"downfall:FleeingMerchant","floor":27,"turns":4},{"damage":5,"enemies":"Shelled Parasite and Fungi","floor":28,"turns":1}],"seed_played":"-1082191965076116142","potions_obtained":[{"floor":3.0,"key":"bronze:BuildAFunctionPotion"},{"floor":5.0,"key":"Elixir"},{"floor":15.0,"key":"Toxic Potion"},{"floor":16,"key":"SkillPotion"},{"floor":19,"key":"Guardian:BlockOnCardUsePotion"},{"floor":20,"key":"Adrenaline Potion"},{"floor":22,"key":"ColorlessPotion"}],"is_trial":false,"path_per_floor":["R","M","M","M","M","?","T","R","$","M","?","M","R","?","M","B",null,"R","M","?","$","M","R","T","?","M","$","M"],"character_chosen":"THE_AUTOMATON","items_purchased":["expansioncontent:DashGenerateEvil","bronze:ItsAFeature","bronze:BugBarrage","Replay:SS_forest_2","bronze:Iterate","bronze:Shield","expansioncontent:StudyTheSpire"],"campfire_rested":0,"item_purchase_floors":[9,21,21,21,21,27,27],"current_hp_per_floor":[77,77,77,75,75,75,75,75,75,75,75,64,64,64,64,55,77,77,77,47,47,47,47,47,14,5,5,0,0,0],"gold":22,"neow_bonus":"TEN_PERCENT_HP_BONUS","is_daily":false,"chose_seed":false,"campfire_upgraded":4,"win_rate":0.0,"timestamp":1613669983,"path_taken":["R","M","M","M","M","?","T","R","?","?","?","M","R","?","M","BOSS","R","M","?","$","M","R","T","?","M","$","M"],"items_purchased_type":["Card","Card","Card","Card","Card","Card","Card"],"build_version":"2020-12-18","purchased_purges":0,"victory":false,"max_hp_per_floor":[77,77,77,77,77,77,77,77,77,77,77,77,77,77,77,77,77,77,77,77,77,77,77,77,77,77,77,77,77,77],"card_choices":[{"not_picked":["bronze:Iterate","bronze:BugBarrage"],"picked":"bronze:Branch","floor":2.0},{"not_picked":["bronze:Shell","bronze:FineTuning"],"picked":"bronze:Iterate","floor":3.0},{"not_picked":["bronze:ForceShield","bronze:CloningBeam"],"picked":"bronze:Optimize","floor":4.0},{"not_picked":["bronze:BuggyMess","bronze:DarkDash"],"picked":"bronze:FineTuning","floor":5.0},{"not_picked":["bronze:WildBeam","bronze:ClassDefault"],"picked":"bronze:GetLatest","floor":9.0},{"not_picked":["bronze:Invalidate","bronze:BitShift"],"picked":"bronze:RecursiveStrike","floor":10.0},{"not_picked":["bronze:FineTuning","bronze:WhirlingStrike"],"picked":"bronze:Fortify","floor":12.0},{"not_picked":["bronze:BuggyMess","bronze:MaxOutput"],"picked":"bronze:ClassDefault","floor":15.0},{"not_picked":["bronze:SpaghettiCode","bronze:RecursiveStrike"],"picked":"bronze:Verify","floor":16},{"not_picked":["bronze:BuggyMess","bronze:Backtrace"],"picked":"bronze:CutThrough+1","floor":19},{"not_picked":["bronze:Turbo","bronze:Invalidate"],"picked":"bronze:Repulsor","floor":20},{"not_picked":["bronze:Turbo","bronze:BitShift"],"picked":"bronze:Repulsor+1","floor":21},{"not_picked":["bronze:NullPointer","bronze:Deprecate+1"],"picked":"bronze:OilSpill+1","floor":22},{"not_picked":["bronze:Invalidate","bronze:Branch"],"picked":"bronze:BugBarrage","floor":26},{"not_picked":["bronze:FollowUp","bronze:Turbo+1"],"picked":"bronze:Allocate","floor":26},{"not_picked":["bronze:Shield","bronze:SpaghettiCode"],"picked":"bronze:BuggyMess+1","floor":27}],"player_experience":623973,"relics_obtained":[{"floor":1.0,"key":"Whetstone"},{"floor":7.0,"key":"ReplayTheSpireMod:Lightbulb"},{"floor":20,"key":"TungstenRod"},{"floor":20,"key":"Sundial"},{"floor":24,"key":"Prayer Wheel"}],"event_choices":[{"cards_removed":["bronze:Strike"],"damage_healed":0.0,"max_hp_gain":0.0,"max_hp_loss":0.0,"gold_gain":0.0,"event_name":"The Cleric","player_choice":"Card Removal","floor":14.0,"gold_loss":0.0,"damage_taken":0.0}],"is_beta":true,"boss_relics":[{"not_picked":["Replay:Wanted Poster","ReplayTheSpireMod:DimensionalGlitch"],"picked":"ChewingGum"}],"items_purged_floors":[],"is_endless":false,"potions_floor_spawned":[3,5,15,16,19,20,22],"killed_by":"Shelled Parasite and Fungi","ascension_level":0}}