{"host":"Hutts","time":1613669292,"event":{"mods":["BaseMod","Downfall","Googly Eyes","Minty Spire (QoL Compilation)","StSLib","The Cursed","The IronCluck"],"gold_per_floor":[10,10,10,285,115,153,176,176,245,260,300,300,75,98,98,223,223,243,243,60,83,97,138,154,190,271,271,19,19,55,70,70,190,190,215,281,281,300,325,325,363,388,388,388,128,149,149,29,29,29,29,29,29,70,70],"floor_reached":56,"language":"ENG","playtime":3251,"items_purged":["Regret"],"score":1315,"play_id":"032795ea-b30a-4dc3-81c3-035935898b84","local_time":"20210218112812","is_ascension_mode":true,"campfire_choices":[{"floor":8,"key":"REST"},{"data":"Havoc","floor":12,"key":"SMITH"},{"data":"Dark Embrace","floor":15,"key":"SMITH"},{"data":"Exhume","floor":27,"key":"SMITH"},{"data":"Evolve","floor":32,"key":"SMITH"},{"floor":40,"key":"RECALL"},{"data":"Exhume","floor":44,"key":"SMITH"},{"data":"Corruption","floor":49,"key":"SMITH"},{"data":"Havoc","floor":52,"key":"SMITH"}],"circlet_count":0,"master_deck":["Strike_R","Strike_R","Strike_R","Strike_R","Defend_R","Defend_R","Defend_R","Defend_R","Bash+1","Sadistic Nature+1","Havoc+1","Iron Wave","Clash+1","Clash","Dark Embrace+1","Fiend Fire+1","Battle Trance","Exhume+1","Master of Strategy","Thunderclap","Sentinel","Thunderclap+1","Iron Wave","Shockwave","Dramatic Entrance","Battle Trance","Evolve+1","Exhume+1","Warcry+1","Havoc+1","Sever Soul+1","Sadistic Nature","Flash of Steel","Corruption+1","Fiend Fire"],"relics":["Burning Blood","Golden Idol","Art of War","The Courier","Charon\u0027s Ashes","HornCleat","bronze:MakeshiftBattery","Ancient Tea Set","Bronze Scales","Pantograph","Whetstone","StrikeDummy","Sozu","Dead Branch","Red Skull","Strange Spoon","Sundial"],"acts_visited":["Exordium","TheCity","TheBeyond","TheEnding"],"potions_floor_usage":[5,6,11,16,23,25,35,50],"damage_taken":[{"damage":6,"enemies":"Cultist","floor":1,"turns":3},{"damage":27,"enemies":"Lagavulin","floor":6,"turns":7},{"damage":0,"enemies":"Small Slimes","floor":7,"turns":3},{"damage":0,"enemies":"2 Louse","floor":10,"turns":3},{"damage":8,"enemies":"Gremlin Nob","floor":11,"turns":4},{"damage":12,"enemies":"Exordium Thugs","floor":14,"turns":3},{"damage":36,"enemies":"The Guardian","floor":16,"turns":9},{"damage":10,"enemies":"2 Thieves","floor":18,"turns":3},{"damage":7,"enemies":"Shell Parasite","floor":21,"turns":3},{"damage":10,"enemies":"Centurion and Healer","floor":22,"turns":2},{"damage":0,"enemies":"Book of Stabbing","floor":23,"turns":3},{"damage":17,"enemies":"Sentry and Sphere","floor":24,"turns":4},{"damage":17,"enemies":"Slavers","floor":25,"turns":4},{"damage":2,"enemies":"Book of Stabbing","floor":30,"turns":3},{"damage":0,"enemies":"Snecko","floor":31,"turns":2},{"damage":16,"enemies":"Automaton","floor":33,"turns":5},{"damage":1,"enemies":"3 Darklings","floor":35,"turns":2},{"damage":8,"enemies":"2 Orb Walkers","floor":36,"turns":3},{"damage":0,"enemies":"3 Shapes","floor":38,"turns":2},{"damage":10,"enemies":"Transient","floor":39,"turns":5},{"damage":16,"enemies":"Nemesis","floor":41,"turns":5},{"damage":10,"enemies":"3 Darklings","floor":42,"turns":2},{"damage":6,"enemies":"Sphere and 2 Shapes","floor":46,"turns":2},{"damage":89,"enemies":"Time Eater","floor":50,"turns":8},{"damage":68,"enemies":"Shield and Spear","floor":54,"turns":5},{"damage":33,"enemies":"The Heart","floor":55,"turns":5}],"seed_played":"8535823904846740946","potions_obtained":[{"floor":1,"key":"Energy Potion"},{"floor":7,"key":"EssenceOfSteel"},{"floor":10,"key":"BloodPotion"},{"floor":22,"key":"EssenceOfSteel"},{"floor":23,"key":"FairyPotion"},{"floor":24,"key":"AttackPotion"},{"floor":25,"key":"SpeedPotion"},{"floor":31,"key":"Regen Potion"}],"is_trial":false,"path_per_floor":["M","?","?","?","$","E","M","R","T","M","E","R","$","M","R","B",null,"M","?","$","M","M","E","M","E","T","R","$","?","E","M","R","B",null,"M","?","?","M","M","R","E","M","T","R","$","M","?","$","R","B",null,"R","$","E","B",null],"character_chosen":"IRONCLAD","items_purchased":["Fruit Juice","HornCleat","Clash","Master of Strategy","Thunderclap","Dramatic Entrance","Whetstone","DistilledChaos","Strange Spoon","Sadistic Nature","Corruption"],"campfire_rested":1,"item_purchase_floors":[5,13,13,20,20,28,28,28,45,45,48],"current_hp_per_floor":[80,60,44,44,49,28,34,59,59,65,63,63,63,57,57,44,85,81,81,81,80,76,82,71,60,60,60,60,60,64,70,70,75,85,85,83,83,85,81,81,71,67,67,67,67,67,67,67,67,16,85,85,85,23,21],"gold":70,"neow_bonus":"RANDOM_COLORLESS_2","is_daily":false,"chose_seed":false,"campfire_upgraded":7,"win_rate":0.0,"timestamp":1613669292,"path_taken":["M","?","?","?","$","E","?","R","T","M","E","R","$","M","R","BOSS","M","?","$","?","M","E","M","E","T","R","$","?","E","M","R","BOSS","M","?","?","M","M","R","E","M","T","R","$","M","?","$","R","BOSS","R","$","E","BOSS"],"items_purchased_type":["Potion","Relic","Card","Card","Card","Card","Relic","Potion","Relic","Card","Card"],"build_version":"2020-12-18","purchased_purges":1,"victory":true,"max_hp_per_floor":[80,80,80,80,85,85,85,85,85,85,85,85,85,85,85,85,85,85,85,85,85,85,85,85,85,85,85,85,85,85,85,85,85,85,85,85,85,85,85,85,85,85,85,85,85,85,85,85,85,85,85,85,85,85,85],"card_choices":[{"not_picked":["Master of Strategy","The Bomb"],"picked":"Sadistic Nature","floor":0},{"not_picked":["Second Wind","Disarm"],"picked":"Havoc","floor":1},{"not_picked":["Shrug It Off","Anger"],"picked":"Iron Wave","floor":6},{"not_picked":["Warcry","Flex"],"picked":"Clash","floor":7},{"not_picked":["Fire Breathing","Anger","Flex"],"picked":"SKIP","floor":10},{"not_picked":["Armaments","Juggernaut","Cleave"],"picked":"SKIP","floor":11},{"not_picked":["Clothesline","Rage"],"picked":"Dark Embrace","floor":14},{"not_picked":["Demon Form","Impervious"],"picked":"Fiend Fire","floor":16},{"not_picked":["Warcry","Clothesline+1"],"picked":"Battle Trance","floor":18},{"not_picked":["Perfected Strike","Headbutt+1"],"picked":"Sentinel","floor":21},{"not_picked":["Armaments","Bloodletting","Juggernaut"],"picked":"SKIP","floor":22},{"not_picked":["Armaments","Bloodletting","Juggernaut"],"picked":"SKIP","floor":22},{"not_picked":["Shrug It Off","Dark Embrace"],"picked":"Thunderclap+1","floor":23},{"not_picked":["Inflame+1","Headbutt"],"picked":"Iron Wave","floor":24},{"not_picked":["Heavy Blade","Pummel"],"picked":"Shockwave","floor":25},{"not_picked":["Inflame","Power Through"],"picked":"Battle Trance","floor":30},{"not_picked":["Ghostly Armor","Armaments"],"picked":"Evolve","floor":31},{"not_picked":["Reaper","Bludgeon"],"picked":"Exhume","floor":33},{"not_picked":["Iron Wave","Thunderclap+1"],"picked":"Warcry+1","floor":35},{"not_picked":["Flex","Fire Breathing+1"],"picked":"Havoc","floor":38},{"not_picked":["Warcry+1","Heavy Blade+1","Armaments+1"],"picked":"SKIP","floor":39},{"not_picked":["Shrug It Off","Pommel Strike","Disarm+1"],"picked":"SKIP","floor":41},{"not_picked":["Cleave","Iron Wave+1"],"picked":"Sever Soul+1","floor":42},{"not_picked":["Second Wind+1","Shockwave","Cleave"],"picked":"SKIP","floor":46},{"not_picked":["Deep Breath","PanicButton"],"picked":"Flash of Steel","floor":47},{"not_picked":["Thunderclap","Warcry+1"],"picked":"Fiend Fire","floor":54}],"player_experience":1060259,"relics_obtained":[{"floor":6,"key":"Art of War"},{"floor":9,"key":"The Courier"},{"floor":11,"key":"Charon\u0027s Ashes"},{"floor":23,"key":"Ancient Tea Set"},{"floor":25,"key":"Bronze Scales"},{"floor":26,"key":"Pantograph"},{"floor":30,"key":"StrikeDummy"},{"floor":36,"key":"Dead Branch"},{"floor":41,"key":"Red Skull"},{"floor":54,"key":"Sundial"}],"event_choices":[{"damage_healed":0,"gold_gain":0,"player_choice":"Take Damage","damage_taken":20,"relics_obtained":["Golden Idol"],"max_hp_gain":0,"max_hp_loss":0,"event_name":"Golden Idol","floor":2,"gold_loss":0},{"damage_healed":0,"gold_gain":0,"player_choice":"Entered Light","damage_taken":16,"max_hp_gain":0,"max_hp_loss":0,"event_name":"Shining Light","floor":3,"gold_loss":0,"cards_upgraded":["Sadistic Nature","Bash"]},{"damage_healed":0,"gold_gain":275,"player_choice":"Desecrate","damage_taken":0,"max_hp_gain":0,"max_hp_loss":0,"event_name":"Golden Shrine","floor":4,"gold_loss":0,"cards_obtained":["Regret"]},{"cards_removed":["Strike_R"],"damage_healed":0,"gold_gain":0,"player_choice":"Took Card","damage_taken":0,"max_hp_gain":0,"max_hp_loss":0,"event_name":"NoteForYourself","floor":19,"gold_loss":0,"cards_obtained":["Exhume"]},{"damage_healed":0,"gold_gain":0,"player_choice":"Fight","damage_taken":0,"max_hp_gain":0,"max_hp_loss":0,"event_name":"Mysterious Sphere","floor":36,"gold_loss":0},{"damage_healed":0,"gold_gain":0,"player_choice":"Ignored","damage_taken":0,"max_hp_gain":0,"max_hp_loss":0,"event_name":"Tomb of Lord Red Mask","floor":37,"gold_loss":0},{"damage_healed":0,"gold_gain":0,"player_choice":"Memory 1","damage_taken":0,"max_hp_gain":0,"max_hp_loss":0,"event_name":"SensoryStone","floor":47,"gold_loss":0}],"is_beta":true,"boss_relics":[{"not_picked":["expansioncontent:StudyCardRelic","Calling Bell"],"picked":"bronze:MakeshiftBattery"},{"not_picked":["Coffee Dripper","Velvet Choker"],"picked":"Sozu"}],"items_purged_floors":[5],"is_endless":false,"potions_floor_spawned":[1,7,10,22,23,24,25,31,35,36,42],"ascension_level":1}}