{"host":"ufhw4cf0hh51lveu","time":1613637537,"event":{"mods":["BaseMod","DeckTracker","Lobotomy","Minty Spire (QoL Compilation)","SuperFastMode"],"gold_per_floor":[118,67,81,98,113,113,123,123,123,88,106,106,106,121,121,220,220,231,249,17,17,17,48,48,68,68,68,68,68],"floor_reached":28,"language":"KOR","playtime":846,"items_purged":["Strike_R"],"score":305,"play_id":"1cd9a53e-8e72-44ad-a746-e599e27dd5d1","local_time":"20210218173857","is_ascension_mode":false,"campfire_choices":[{"data":"Bash","floor":6,"key":"SMITH"},{"floor":13,"key":"REST"},{"data":"Spot Weakness","floor":15,"key":"SMITH"},{"floor":24,"key":"REST"}],"circlet_count":0,"master_deck":["Apo_SoulSlash","Apo_Charge","Apo_Charge","Apo_Charge","Apo_Charge","Apo_Beam","Apo_Beam","Apo_Beam","Apo_Execute","Apo_Slash","Apo_Slash","Apo_SoulSlash"],"relics":["Burning Blood","CogitoBucket","Molten Egg 2","BehaviorAdjustment","Runic Cube","Brimstone","Mercury Hourglass","LuminousBracelet","Regal Pillow","ApostleMask"],"acts_visited":["Exordium","TheCity"],"potions_floor_usage":[11,11,25],"damage_taken":[{"damage":0,"enemies":"Small Slimes","floor":1,"turns":3},{"damage":6,"enemies":"2 Louse","floor":3,"turns":3},{"damage":6,"enemies":"Cultist","floor":4,"turns":3},{"damage":11,"enemies":"Large Slime","floor":5,"turns":4},{"damage":18,"enemies":"Exordium Thugs","floor":7,"turns":4},{"damage":64,"enemies":"Blue Slaver","floor":11,"turns":9},{"damage":0,"enemies":"2 Fungi Beasts","floor":14,"turns":4},{"damage":47,"enemies":"The Guardian","floor":16,"turns":6},{"damage":25,"enemies":"Spheric Guardian","floor":18,"turns":4},{"damage":34,"enemies":"Shell Parasite","floor":19,"turns":3},{"damage":33,"enemies":"Book of Stabbing","floor":23,"turns":3},{"damage":35,"enemies":"3 Cultists","floor":25,"turns":5},{"damage":62,"enemies":"Centurion and Healer","floor":28,"turns":4}],"seed_played":"-6413937815421279233","potions_obtained":[{"floor":3,"key":"BloodPotion"},{"floor":5,"key":"SkillPotion"},{"floor":23,"key":"LiquidBronze"}],"is_trial":false,"path_per_floor":["M","$","M","M","M","R","M","?","T","?","M","?","R","M","R","B",null,"M","M","$","?","$","E","R","M","T","M","M"],"character_chosen":"IRONCLAD","items_purchased":["Shrug It Off","Brimstone"],"campfire_rested":2,"item_purchase_floors":[2,20],"current_hp_per_floor":[80,80,80,80,76,76,64,64,64,80,40,45,69,75,75,34,80,67,45,45,45,45,27,51,54,54,52,0,0],"gold":68,"neow_bonus":"","is_daily":false,"chose_seed":false,"campfire_upgraded":2,"win_rate":0.0,"timestamp":1613637537,"path_taken":["M","$","M","M","M","R","M","?","T","?","M","?","R","M","R","BOSS","M","?","$","?","?","E","R","M","T","M","M"],"items_purchased_type":["Card","Relic"],"build_version":"2020-12-22","purchased_purges":1,"victory":false,"max_hp_per_floor":[80,80,80,80,80,80,80,80,80,80,80,80,80,80,80,80,80,80,80,80,80,80,80,80,95,95,95,95,95],"card_choices":[{"not_picked":["VoidDream","Murderer"],"picked":"Bloodbath","floor":1},{"not_picked":["Havoc","Wild Strike"],"picked":"Spot Weakness","floor":1},{"not_picked":["WhitesApple","OSAHOGD"],"picked":"HappyTeddy","floor":3},{"not_picked":["Offering","Armaments"],"picked":"Sword Boomerang","floor":3},{"not_picked":["SpiderBud","ShyLook"],"picked":"Porccubus","floor":4},{"not_picked":["Fire Breathing","Searing Blow"],"picked":"Twin Strike","floor":4},{"not_picked":["GreedKing","Wellcheers"],"picked":"BigBadWolf","floor":5},{"not_picked":["Bludgeon","Blood for Blood"],"picked":"Twin Strike","floor":5},{"not_picked":["CherryBlossoms","Laetitia"],"picked":"LittleHelper","floor":7},{"not_picked":["Sword Boomerang","Clothesline"],"picked":"Heavy Blade","floor":7},{"not_picked":["MHz","SpiderBud"],"picked":"SnowQueen","floor":11},{"not_picked":["Exhume","Havoc"],"picked":"Twin Strike+1","floor":11},{"not_picked":["CrumblingArmor","WallGazer"],"picked":"DespairKnight","floor":14},{"not_picked":["Armaments","Burning Pact"],"picked":"Sword Boomerang+1","floor":14},{"not_picked":["Freischutz","Porccubus"],"picked":"Woodsman","floor":16},{"not_picked":["Bludgeon+1","Exhume"],"picked":"Limit Break","floor":16},{"not_picked":["Scorched","QueenOfHatred"],"picked":"NakedNest","floor":18},{"not_picked":["Pommel Strike+1","Sentinel"],"picked":"Sword Boomerang+1","floor":18},{"not_picked":["Freischutz","FairyFestival"],"picked":"PlagueDoctor","floor":19},{"not_picked":["True Grit","Second Wind","Havoc+1"],"picked":"SKIP","floor":19},{"not_picked":["True Grit","Second Wind","Havoc+1"],"picked":"SKIP","floor":19},{"not_picked":["ShyLook","OSAHOGD","WhitesApple"],"picked":"Singing Bowl","floor":23},{"not_picked":["RedShoes","Rudolta"],"picked":"MeltingLove","floor":23},{"not_picked":["Fiend Fire+1","Sword Boomerang+1"],"picked":"Inflame","floor":23},{"not_picked":["Wellcheers","BlackSwan"],"picked":"ShyLook","floor":25},{"not_picked":["Warcry","Sword Boomerang+1"],"picked":"Flex","floor":25}],"player_experience":47933,"relics_obtained":[{"floor":9,"key":"Molten Egg 2"},{"floor":23,"key":"Mercury Hourglass"},{"floor":26,"key":"Regal Pillow"}],"event_choices":[{"damage_healed":0,"gold_gain":0,"player_choice":"Grow","damage_taken":0,"max_hp_gain":0,"max_hp_loss":0,"event_name":"Living Wall","floor":8,"gold_loss":0,"cards_upgraded":["Heavy Blade"]},{"damage_healed":20,"gold_gain":0,"player_choice":"Healed","damage_taken":0,"max_hp_gain":0,"max_hp_loss":0,"event_name":"The Cleric","floor":10,"gold_loss":35},{"cards_removed":["Porccubus"],"damage_healed":5,"gold_gain":0,"player_choice":"Offered Special","damage_taken":0,"max_hp_gain":0,"max_hp_loss":0,"event_name":"Bonfire Elementals","floor":12,"gold_loss":0},{"damage_healed":0,"gold_gain":0,"player_choice":"Ignored","damage_taken":0,"max_hp_gain":0,"max_hp_loss":0,"event_name":"NoteForYourself","floor":21,"gold_loss":0}],"is_beta":false,"boss_relics":[{"not_picked":["Ectoplasm","Fusion Hammer"],"picked":"Runic Cube"}],"items_purged_floors":[20],"is_endless":false,"potions_floor_spawned":[3,5,23],"killed_by":"Centurion and Healer","ascension_level":0}}