{"host":"ibtxpp7hbhk6t4eo","time":1613625357,"event":{"mods":["Act Like it!","Arknights","BaseMod","Gensokyo","Minty Spire (QoL Compilation)","MostiFishMod","Relic Filter Mod","StSLib"],"gold_per_floor":[117,117,150,230,60,87,87,122,122,152,187,216,243,275,287,395,407,439,296,296,296,296,324,358,358,410,442,442,457,486,3,3,103,103,120,120,24,24,24,54,268,300,300,625,625,659,673,706,706,706],"floor_reached":51,"language":"ZHS","playtime":3025,"items_purged":["ats:Assault Order","ats:Roar Of Ursus"],"score":1377,"play_id":"a3231bf9-917f-4cbf-95f4-142ae1191731","local_time":"20210218131557","daily_mods":["SealedDeck","Heirloom","Time Dilation","Flight","DeadlyEvents","Elite Swarm"],"is_ascension_mode":false,"campfire_choices":[{"data":"ats:Dogmatic Field","floor":7,"key":"SMITH"},{"data":"ats:Roar Of Ursus","floor":15,"key":"SMITH"},{"data":"ats:Durian","floor":32,"key":"SMITH"},{"data":"ats:Shadow Assault","floor":49,"key":"SMITH"}],"circlet_count":0,"master_deck":["ats:Poison Spread","ats:Poison Spread+1","ats:Guard Mode","ats:Defend Order","ats:Support Order","ats:Curse Doll","ats:Leaping Hammer","ats:Leaping Hammer+1","ats:Shadow Raid","ats:Closed Bolt Burst Fire","ats:Calcification","ats:Dogmatic Field+1","ats:Shadow Assault","ats:Calcification","ats:Calcification","ats:Durian+1","ats:Roar Of Ursus+1","ats:Shell Defense+1","Secret Technique","Finesse","ats:Neurotoxin","ats:Nebulous Foxfire","ats:Wolf Pack","ats:Poison Spread","ats:Calcification","ats:Closed Bolt Burst Fire","ats:Song Of Battle","ats:Closed Bolt Burst Fire","ats:Absolute Focus+1","ats:Neurotoxin","ats:Calcification+1","ats:Composite Medical Shells+1","ats:Calcification+1","ats:Counter Healing Mode","ats:Shadow Assault+1"],"relics":["ats:Sanity","DaveBox","ChiXiaoBlade","ThornShield","SynthV:TestCard","ats:Originium","Gremlin Horn","Strawberry","Bag of Preparation","ats:Berate","PreservedInsect","ImprovedEquipment","ats:Spiritual Recovery","OriginationStaff","Mercury Hourglass","Blood Vial","Oddly Smooth Stone","MawBank","JellyFishMachine","DiscerningMonocle","Pear","Dream Catcher","Gensokyo:ConquerorOfFear","HandDrill","Mango","Bag of Marbles","Gambling Chip","Bird Faced Urn","Happy Flower","Kunai","Ancient Tea Set","SynthV","ats:Defend","NightmareShop","Omamori","Toxic Egg 2","Lee\u0027s Waffle","Medical Kit","FossilizedHelix","Shuriken","Lantern","Du-Vu Doll","Sundial","Meat on the Bone","Akabeko","ats:Lavender","ats:Ability Aura","Orichalcum","Ginger","Whetstone"],"acts_visited":["Exordium","Gensokyo:Gensokyo","Gensokyo:Gensokyoer"],"potions_floor_usage":[27,41],"damage_taken":[{"damage":5,"enemies":"Gensokyo:Gryphon","floor":1,"turns":3},{"damage":15,"enemies":"Gensokyo:Cirno","floor":3,"turns":5},{"damage":3,"enemies":"Gensokyo:Cirno","floor":6,"turns":6},{"damage":15,"enemies":"Gensokyo:Mamizou","floor":8,"turns":7},{"damage":2,"enemies":"Gensokyo:Aya","floor":10,"turns":5},{"damage":3,"enemies":"Gensokyo:Mamizou","floor":11,"turns":6},{"damage":0,"enemies":"Gensokyo:Cirno","floor":12,"turns":4},{"damage":12,"enemies":"Gensokyo:Mamizou","floor":13,"turns":6},{"damage":0,"enemies":"Gensokyo:Cirno","floor":14,"turns":4},{"damage":26,"enemies":"Gensokyo:Kokoro","floor":16,"turns":7},{"damage":5,"enemies":"Gensokyo:2_Gloops","floor":18,"turns":4},{"damage":42,"enemies":"Gensokyo:Koishi","floor":23,"turns":5},{"damage":12,"enemies":"Gensokyo:Tenshi","floor":24,"turns":4},{"damage":8,"enemies":"Gensokyo:Koishi","floor":27,"turns":3},{"damage":5,"enemies":"Gensokyo:AngelMirror","floor":29,"turns":2},{"damage":5,"enemies":"Gensokyo:Tenshi","floor":30,"turns":3},{"damage":5,"enemies":"Gensokyo:Kaguya","floor":33,"turns":5},{"damage":8,"enemies":"Gensokyo:3_Boulders","floor":35,"turns":4},{"damage":22,"enemies":"Gensokyo:Marisa","floor":40,"turns":2},{"damage":16,"enemies":"Gensokyo:AncientGuardian","floor":41,"turns":6},{"damage":0,"enemies":"Gensokyo:Kasen","floor":42,"turns":1},{"damage":4,"enemies":"Gensokyo:Doremy","floor":44,"turns":3},{"damage":8,"enemies":"Gensokyo:Marisa","floor":46,"turns":1},{"damage":0,"enemies":"Gensokyo:AtlasGolem","floor":47,"turns":3},{"damage":4,"enemies":"Gensokyo:Doremy","floor":48,"turns":1},{"damage":0,"enemies":"Gensokyo:Scarlet_Devils","floor":50,"turns":3}],"seed_played":"-5198695693092340984","potions_obtained":[{"floor":6,"key":"Dexterity Potion"},{"floor":8,"key":"Ancient Potion"},{"floor":12,"key":"Explosive Potion"},{"floor":29,"key":"DistilledChaos"},{"floor":30,"key":"CultistPotion"},{"floor":41,"key":"Block Potion"}],"is_trial":true,"path_per_floor":["M","$","?","?","COS","E","R","E","T","E","E","E","E","E","R","B",null,"M","$","?","$","?","E","E","T","T","E","?","M","E","COS","R","B",null,"M","?","COS","$","$","E","M","E","T","E","T","E","M","E","R","B",null],"character_chosen":"DOCTOR_CLASS","items_purchased":["DiscerningMonocle","Pear","Dream Catcher","Secret Technique","HandDrill","Mango","Bag of Marbles","Finesse","ats:Neurotoxin","Omamori","Toxic Egg 2","Lee\u0027s Waffle","ats:Song Of Battle","ats:Closed Bolt Burst Fire","ats:Absolute Focus+1","Medical Kit","FossilizedHelix","Shuriken","ats:Neurotoxin"],"campfire_rested":0,"item_purchase_floors":[19,19,19,19,21,21,21,21,21,38,38,38,38,38,38,39,39,39,39],"current_hp_per_floor":[67,67,52,52,52,59,59,46,46,46,44,50,47,59,59,39,79,74,84,84,98,98,63,62,62,62,67,102,98,98,98,98,98,103,99,99,99,110,110,90,110,110,110,110,110,102,110,108,108,110],"gold":706,"neow_bonus":"","is_daily":false,"chose_seed":false,"campfire_upgraded":4,"win_rate":0.0,"timestamp":1613625357,"path_taken":["M","?","?","?","COS","E","R","?","T","?","E","?","E","?","R","BOSS","M","$","?","$","?","E","E","?","T","?","?","?","E","COS","R","BOSS","M","?","COS","$","$","E","?","E","T","E","?","E","?","E","R","BOSS"],"items_purchased_type":["Relic","Relic","Relic","Card","Relic","Relic","Relic","Card","Card","Relic","Relic","Relic","Card","Card","Card","Relic","Relic","Relic","Card"],"build_version":"2020-12-22","purchased_purges":2,"victory":true,"max_hp_per_floor":[72,72,72,72,72,79,79,79,79,79,79,79,79,79,79,79,79,79,89,89,103,103,103,103,103,103,103,103,103,103,103,103,103,103,103,103,103,110,110,110,110,110,110,110,110,110,110,110,110,110],"card_choices":[{"not_picked":["ats:Sashimi Platter","ats:Assault Order"],"picked":"ats:Closed Bolt Burst Fire","floor":1},{"not_picked":["ats:Shadow Assault","ats:Echo Reverb","ats:Dogmatic Field","ats:Durian"],"picked":"ats:Calcification","floor":3},{"not_picked":["ats:Nebulous Foxfire","ats:Durian","ats:Soul Rend","ats:Ambush"],"picked":"ats:Dogmatic Field","floor":6},{"not_picked":["ats:Wolf Pack","ats:Rat Pack","ats:Durian","ats:Soul Rend"],"picked":"ats:Shadow Assault","floor":8},{"not_picked":["ats:Echo Reverb","ats:Rat Pack","ats:Fractured Body","ats:Soul Rend"],"picked":"ats:Roar Of Ursus","floor":10},{"not_picked":["ats:Echo Reverb","ats:Nebulous Foxfire","ats:True Silver Slash","ats:Ambush"],"picked":"ats:Calcification","floor":11},{"not_picked":["ats:Fractured Body","ats:Volcano","ats:Disruption Kick","ats:Ambush"],"picked":"ats:Calcification","floor":12},{"not_picked":["ats:Echo Reverb","ats:Volcano","ats:Dogmatic Field","ats:Soul Rend"],"picked":"ats:Durian","floor":13},{"not_picked":["ats:True Silver Slash","ats:Rat Pack","ats:Volcano","ats:Wolf Pack"],"picked":"ats:Roar Of Ursus","floor":14},{"not_picked":["ats:Directed Diagnosis+1","ats:Absolute Focus+1","ats:Ignite","ats:Guard Mode+1"],"picked":"ats:Shell Defense+1","floor":18},{"not_picked":["ats:Disruption Kick","ats:Fractured Body","ats:Rat Pack","ats:Volcano","ats:True Silver Slash"],"picked":"SKIP","floor":23},{"not_picked":["ats:Ambush","ats:Durian","ats:Wolf Pack","ats:Rat Pack"],"picked":"ats:Nebulous Foxfire","floor":24},{"not_picked":["ats:Dogmatic Field","ats:Disruption Kick","ats:Soul Rend","ats:Durian"],"picked":"ats:Wolf Pack","floor":27},{"not_picked":["ats:Composite Medical Shells","ats:Revitalization+1","ats:Sashimi Platter","ats:Literary Storm"],"picked":"ats:Poison Spread","floor":29},{"not_picked":["ats:Wolf Pack","ats:Durian","ats:Soul Rend","ats:Rat Pack","ats:Dogmatic Field"],"picked":"SKIP","floor":30},{"not_picked":["ats:Disruption Kick","ats:Echo Reverb","ats:Rat Pack","ats:Shadow Assault"],"picked":"ats:Calcification","floor":33},{"not_picked":["ats:Curse Doll+1","ats:Support Order","ats:Blood Oath+1","ats:Powerful Strike"],"picked":"ats:Closed Bolt Burst Fire","floor":35},{"not_picked":["ats:True Silver Slash","ats:Dogmatic Field","ats:Soul Rend","ats:Shadow Assault"],"picked":"ats:Calcification+1","floor":40},{"not_picked":["ats:Charging Defense+1","ats:Explosion Area Strengthen+1","ats:Absolute Focus+1","ats:Ignite+1"],"picked":"ats:Composite Medical Shells+1","floor":41},{"not_picked":["ats:Echo Reverb+1","ats:Roar Of Ursus","ats:Fractured Body+1","ats:Volcano","ats:Rat Pack+1"],"picked":"SKIP","floor":42},{"not_picked":["ats:Nebulous Foxfire+1","ats:Durian+1","ats:Fractured Body+1","ats:Volcano","ats:Rat Pack+1"],"picked":"SKIP","floor":44},{"not_picked":["ats:Disruption Kick","ats:Fractured Body+1","ats:Volcano","ats:Durian+1"],"picked":"ats:Calcification+1","floor":46},{"not_picked":["ats:Blood Oath","ats:Thermite Blade","ats:Sword Rain+1","ats:Very Hot Blade"],"picked":"ats:Counter Healing Mode","floor":47},{"not_picked":["ats:Nebulous Foxfire+1","ats:Wolf Pack","ats:Echo Reverb+1","ats:Disruption Kick"],"picked":"ats:Shadow Assault","floor":48}],"player_experience":48815,"relics_obtained":[{"floor":1,"key":"SynthV:TestCard"},{"floor":3,"key":"ats:Originium"},{"floor":3,"key":"Gremlin Horn"},{"floor":6,"key":"ats:Originium"},{"floor":6,"key":"Strawberry"},{"floor":8,"key":"ats:Originium"},{"floor":8,"key":"ats:Berate"},{"floor":9,"key":"PreservedInsect"},{"floor":10,"key":"ats:Originium"},{"floor":10,"key":"ats:Spiritual Recovery"},{"floor":11,"key":"Mercury Hourglass"},{"floor":12,"key":"Blood Vial"},{"floor":13,"key":"Oddly Smooth Stone"},{"floor":14,"key":"MawBank"},{"floor":23,"key":"Gensokyo:ConquerorOfFear"},{"floor":23,"key":"Darkstone Periapt"},{"floor":24,"key":"Gambling Chip"},{"floor":25,"key":"Bird Faced Urn"},{"floor":26,"key":"Happy Flower"},{"floor":27,"key":"Kunai"},{"floor":30,"key":"Ancient Tea Set"},{"floor":40,"key":"Lantern"},{"floor":42,"key":"Meat on the Bone"},{"floor":43,"key":"Akabeko"},{"floor":44,"key":"ats:Lavender"},{"floor":45,"key":"ats:Ability Aura"},{"floor":46,"key":"Orichalcum"},{"floor":48,"key":"Whetstone"}],"event_choices":[],"is_beta":false,"boss_relics":[{"not_picked":["xbg","Coffee Dripper"],"picked":"JellyFishMachine"},{"not_picked":["RhineFirstAidKit","Fusion Hammer"],"picked":"NightmareShop"}],"items_purged_floors":[19,38],"is_endless":false,"potions_floor_spawned":[6,8,12,14,18,24,29,30,40,41,42,48],"ascension_level":0}}