{"host":"96qz178ot216apae","time":1613654212,"event":{"mods":["BaseMod","Minty Spire (QoL Compilation)"],"gold_per_floor":[117,133,153,8,76,110,129,129,155,26,26,40,53,65,65,163,163,163,163],"floor_reached":18,"language":"ENG","playtime":842,"items_purged":["Defend_G"],"score":164,"play_id":"bbcb3a14-6f27-4af7-9f19-5ca76f8916c0","local_time":"20210218131652","is_ascension_mode":false,"campfire_choices":[{"data":"Neutralize","floor":8.0,"key":"SMITH"},{"data":"Noxious Fumes","floor":15.0,"key":"SMITH"}],"circlet_count":0,"master_deck":["Survivor","Neutralize+1","Backstab","Acrobatics","Deadly Poison","Footwork","Poisoned Stab","Noxious Fumes+1","Distraction","Heel Hook","Acrobatics","Finisher","Footwork","Endless Agony","Riddle With Holes","Heel Hook","Storm of Steel","Finisher"],"relics":["Ring of the Snake","Orichalcum","Blue Candle","Pantograph","Anchor","Pandora\u0027s Box"],"acts_visited":[],"potions_floor_usage":[],"damage_taken":[{"damage":0.0,"enemies":"Cultist","floor":1.0,"turns":4.0},{"damage":0.0,"enemies":"2 Louse","floor":2.0,"turns":3.0},{"damage":1.0,"enemies":"Jaw Worm","floor":3.0,"turns":4.0},{"damage":26.0,"enemies":"3 Sentries","floor":6.0,"turns":11.0},{"damage":0.0,"enemies":"Looter","floor":7.0,"turns":3.0},{"damage":4.0,"enemies":"Lots of Slimes","floor":12.0,"turns":4.0},{"damage":11.0,"enemies":"Exordium Thugs","floor":13.0,"turns":4.0},{"damage":1.0,"enemies":"Large Slime","floor":14.0,"turns":5.0},{"damage":14.0,"enemies":"Hexaghost","floor":16.0,"turns":9.0},{"damage":0,"enemies":"2 Thieves","floor":18,"turns":1}],"seed_played":"4540944389612112355","potions_obtained":[{"floor":3.0,"key":"Fruit Juice"},{"floor":12.0,"key":"SmokeBomb"},{"floor":16.0,"key":"ColorlessPotion"}],"is_trial":false,"path_per_floor":["M","M","M","$","T","E","M","R","T","$","?","M","M","M","R","B",null,"M"],"character_chosen":"THE_SILENT","items_purchased":["Footwork","Noxious Fumes","SkillPotion"],"campfire_rested":0,"item_purchase_floors":[4,10,10],"current_hp_per_floor":[70,70,74,74,74,48,48,48,48,48,48,44,33,32,32,43,75,75,75],"gold":163,"neow_bonus":"RANDOM_COMMON_RELIC","is_daily":false,"chose_seed":false,"campfire_upgraded":2,"win_rate":0.0,"timestamp":1613654212,"path_taken":["M","M","?","$","?","E","?","R","T","$","?","?","?","M","R","BOSS","M"],"items_purchased_type":["Card","Card","Potion"],"build_version":"2020-12-22","purchased_purges":1,"victory":false,"max_hp_per_floor":[70,70,75,75,75,75,75,75,75,75,75,75,75,75,75,75,75,75,75],"card_choices":[{"not_picked":["Quick Slash","Eviscerate"],"picked":"Backstab","floor":1.0},{"not_picked":["Blur","Tactician"],"picked":"Acrobatics","floor":2.0},{"not_picked":["Dagger Spray","Well Laid Plans"],"picked":"Deadly Poison","floor":3.0},{"not_picked":["Dash","Outmaneuver"],"picked":"Poisoned Stab","floor":6.0},{"not_picked":["Accuracy","Deflect","Backflip"],"picked":"SKIP","floor":7.0},{"not_picked":["Poisoned Stab","Acrobatics","Dagger Spray"],"picked":"SKIP","floor":12.0},{"not_picked":["Endless Agony","Dagger Spray"],"picked":"Distraction","floor":13.0},{"not_picked":["Well Laid Plans","Choke","Escape Plan"],"picked":"SKIP","floor":14.0}],"player_experience":69859,"relics_obtained":[{"floor":5.0,"key":"Blue Candle"},{"floor":6.0,"key":"Pantograph"},{"floor":9.0,"key":"Anchor"}],"event_choices":[{"damage_healed":0.0,"max_hp_gain":0.0,"max_hp_loss":0.0,"gold_gain":0.0,"event_name":"Match and Keep!","player_choice":"0 cards matched","floor":11.0,"gold_loss":0.0,"damage_taken":0.0,"cards_obtained":[]}],"is_beta":false,"boss_relics":[{"not_picked":["Tiny House","HoveringKite"],"picked":"Pandora\u0027s Box"}],"items_purged_floors":[4],"is_endless":false,"potions_floor_spawned":[3,12,16],"killed_by":"2 Thieves","ascension_level":0}}