{"host":"vyjryxuuuxkt43k4","time":1613639875,"event":{"mods":["AchievementEnabler","BaseMod","Colored Map","DeckTracker","Keyboard Shortcuts","Minty Spire (QoL Compilation)","Permanent Neow","Quick Restart","StSLib","SuperFastMode","everything is the same but u backflip on backflip"],"gold_per_floor":[113,113,129,141,159,159,186,186,186,186,206,206,239,249,249,323,323,337,75,85,85,105,105,133,133,133,158,185,185,210,238,238,323,323,341,97,97,133,53,81,81,126,205,216,51,94,94,107,107,107,107,107,107,20,50,50],"floor_reached":57,"language":"KOR","playtime":3644,"items_purged":["Strike_R"],"score":2752,"play_id":"eb226b74-5d39-4599-a307-421301ba95b0","local_time":"20210218181755","is_ascension_mode":true,"campfire_choices":[{"data":"Perfected Strike","floor":6.0,"key":"SMITH"},{"floor":8.0,"key":"REST"},{"data":"Bludgeon","floor":10.0,"key":"SMITH"},{"data":"Disarm","floor":15.0,"key":"SMITH"},{"data":"Battle Trance","floor":23.0,"key":"SMITH"},{"data":"Impervious","floor":25.0,"key":"SMITH"},{"data":"Whirlwind","floor":32.0,"key":"SMITH"},{"floor":41.0,"key":"RECALL"},{"floor":49.0,"key":"REST"},{"data":"Feel No Pain","floor":53.0,"key":"SMITH"}],"circlet_count":0,"master_deck":["AscendersBane","Strike_R+1","Strike_R","Strike_R","Strike_R+1","Defend_R","Defend_R","Defend_R","Defend_R","Bash","Perfected Strike+1","Impervious+1","Metallicize","Disarm+1","Bludgeon+1","Ghostly Armor","Feed","Power Through","Barricade","Power Through+1","Body Slam","Shrug It Off","Necronomicurse","Battle Trance+1","Perfected Strike+1","Dark Embrace","Whirlwind+1","Offering+1","Evolve","Clumsy","Feel No Pain+1","Doubt","Fiend Fire"],"relics":["Burning Blood","CaptainsWheel","Anchor","Tiny Chest","Matryoshka","Toy Ornithopter","Snecko Eye","Necronomicon","Regal Pillow","Eternal Feather","Question Card","Whetstone","Red Mask","CeramicFish","HornCleat","Pen Nib","Cursed Key","PreservedInsect","War Paint","Du-Vu Doll","Letter Opener","Medical Kit","InkBottle","Pantograph"],"acts_visited":["Exordium","TheCity","TheBeyond","TheEnding"],"potions_floor_usage":[56,56],"damage_taken":[{"damage":1.0,"enemies":"Small Slimes","floor":1.0,"turns":4.0},{"damage":1.0,"enemies":"Cultist","floor":3.0,"turns":3.0},{"damage":9.0,"enemies":"Jaw Worm","floor":4.0,"turns":3.0},{"damage":13.0,"enemies":"Blue Slaver","floor":5.0,"turns":4.0},{"damage":40.0,"enemies":"3 Sentries","floor":7.0,"turns":9.0},{"damage":3.0,"enemies":"Exordium Wildlife","floor":11.0,"turns":4.0},{"damage":8.0,"enemies":"Gremlin Nob","floor":13.0,"turns":3.0},{"damage":2.0,"enemies":"3 Louse","floor":14.0,"turns":3.0},{"damage":42.0,"enemies":"The Guardian","floor":16.0,"turns":12.0},{"damage":0.0,"enemies":"Chosen","floor":18.0,"turns":3.0},{"damage":0.0,"enemies":"Shell Parasite","floor":20.0,"turns":3.0},{"damage":1.0,"enemies":"Centurion and Healer","floor":22.0,"turns":5.0},{"damage":11.0,"enemies":"Book of Stabbing","floor":24.0,"turns":5.0},{"damage":11.0,"enemies":"Slavers","floor":27.0,"turns":7.0},{"damage":9.0,"enemies":"Masked Bandits","floor":28.0,"turns":6.0},{"damage":0.0,"enemies":"Gremlin Leader","floor":30.0,"turns":4.0},{"damage":0.0,"enemies":"Snecko","floor":31.0,"turns":4.0},{"damage":46.0,"enemies":"Collector","floor":33.0,"turns":10.0},{"damage":6.0,"enemies":"Orb Walker","floor":35.0,"turns":2.0},{"damage":1.0,"enemies":"Reptomancer","floor":40.0,"turns":5.0},{"damage":23.0,"enemies":"2 Orb Walkers","floor":42.0,"turns":5.0},{"damage":13.0,"enemies":"3 Darklings","floor":44.0,"turns":2.0},{"damage":14.0,"enemies":"Nemesis","floor":46.0,"turns":9.0},{"damage":6.0,"enemies":"Writhing Mass","floor":48.0,"turns":3.0},{"damage":34.0,"enemies":"Time Eater","floor":50.0,"turns":7.0},{"damage":14.0,"enemies":"Awakened One","floor":51.0,"turns":10.0},{"damage":9.0,"enemies":"Shield and Spear","floor":55.0,"turns":5.0},{"damage":19,"enemies":"The Heart","floor":56,"turns":9}],"seed_played":"-3349645840342331230","potions_obtained":[{"floor":4.0,"key":"Explosive Potion"},{"floor":7.0,"key":"FearPotion"},{"floor":11.0,"key":"EntropicBrew"},{"floor":14.0,"key":"Weak Potion"},{"floor":22.0,"key":"LiquidMemories"},{"floor":27.0,"key":"ElixirPotion"},{"floor":31.0,"key":"Block Potion"},{"floor":33.0,"key":"Regen Potion"},{"floor":40.0,"key":"Explosive Potion"},{"floor":55.0,"key":"Dexterity Potion"}],"is_trial":false,"path_per_floor":["M","?","M","M","M","R","E","R","T","R","M","?","E","M","R","B",null,"M","$","M","?","M","R","E","R","T","E","?","T","E","M","R","B",null,"M","$","?","T","$","E","R","?","T","M","$","E","T","M","R","B","B",null,"R","$","E","B",null],"character_chosen":"IRONCLAD","items_purchased":["Body Slam","Block Potion","DuplicationPotion","PreservedInsect","Evolve","Feel No Pain","Medical Kit","Ancient Potion"],"campfire_rested":2,"item_purchase_floors":[19,19,19,36,36,39,45,54],"current_hp_per_floor":[68,68,68,65,58,58,24,44,44,44,47,47,45,59,59,32,59,65,65,68,47,52,52,52,52,52,47,52,52,58,64,71,36,62,62,62,62,62,62,67,67,50,50,43,43,35,35,35,67,39,31,58,67,67,64,54],"gold":50,"neow_bonus":"ONE_RARE_RELIC","is_daily":false,"chose_seed":false,"campfire_upgraded":7,"win_rate":0.0,"timestamp":1613639875,"path_taken":["M","?","M","?","M","R","E","R","T","R","M","?","E","M","R","BOSS","M","$","M","?","M","R","E","R","T","E","?","?","E","M","R","BOSS","M","$","?","?","$","E","R","?","T","M","$","E","?","M","R","BOSS","BOSS","R","$","E","BOSS"],"items_purchased_type":["Card","Potion","Potion","Relic","Card","Card","Relic","Potion"],"build_version":"2020-12-22","purchased_purges":1,"victory":true,"max_hp_per_floor":[68,68,68,68,68,68,68,68,68,68,68,68,68,68,68,68,68,68,68,68,68,68,68,68,68,68,68,71,71,71,71,71,71,71,71,71,67,67,67,67,67,67,67,67,67,67,67,67,67,67,67,67,67,67,67,67],"card_choices":[{"not_picked":["Headbutt","Dual Wield"],"picked":"Perfected Strike","floor":1.0},{"not_picked":["Flex","Entrench","Heavy Blade"],"picked":"SKIP","floor":3.0},{"not_picked":["Headbutt","Fire Breathing"],"picked":"Metallicize","floor":4.0},{"not_picked":["Rupture","Carnage"],"picked":"Disarm","floor":5.0},{"not_picked":["Infernal Blade","Thunderclap"],"picked":"Bludgeon","floor":7.0},{"not_picked":["Fire Breathing","Sentinel"],"picked":"Ghostly Armor","floor":11.0},{"not_picked":["Berserk","Body Slam"],"picked":"Feed","floor":13.0},{"not_picked":["Headbutt","Heavy Blade"],"picked":"Power Through","floor":14.0},{"not_picked":["Reaper","Impervious"],"picked":"Barricade","floor":16.0},{"not_picked":["Uppercut","Warcry"],"picked":"Power Through","floor":18.0},{"not_picked":["Clash","Warcry"],"picked":"Shrug It Off","floor":20.0},{"not_picked":["Twin Strike","Sword Boomerang"],"picked":"Battle Trance","floor":22.0},{"not_picked":["Blood for Blood","Headbutt","Inflame"],"picked":"SKIP","floor":24.0},{"not_picked":["Clash","Havoc","Rampage"],"picked":"Perfected Strike+1","floor":27.0},{"not_picked":["Twin Strike","Pommel Strike","Clothesline"],"picked":"Dark Embrace","floor":28.0},{"not_picked":["True Grit","Cleave","Wild Strike+1","Flex"],"picked":"SKIP","floor":30.0},{"not_picked":["True Grit","Clash","Flex"],"picked":"Whirlwind","floor":31.0},{"not_picked":["Immolate","Bludgeon","Fiend Fire"],"picked":"Offering","floor":33.0},{"not_picked":["Rage","Pommel Strike","True Grit+1","Iron Wave"],"picked":"SKIP","floor":35.0},{"not_picked":["Combust","Flex","Hemokinesis+1","Infernal Blade"],"picked":"SKIP","floor":40.0},{"not_picked":["Combust","Flex","Hemokinesis+1","Infernal Blade"],"picked":"SKIP","floor":40.0},{"not_picked":["Combust","Flex","Hemokinesis+1","Infernal Blade"],"picked":"SKIP","floor":40.0},{"not_picked":["Combust","Flex","Hemokinesis+1","Infernal Blade"],"picked":"SKIP","floor":40.0},{"not_picked":["Thunderclap","Warcry","Havoc","Heavy Blade"],"picked":"SKIP","floor":44.0},{"not_picked":["Armaments+1","Havoc","Pommel Strike+1"],"picked":"Fiend Fire","floor":46.0},{"not_picked":["Searing Blow","Pummel","Sword Boomerang","True Grit"],"picked":"SKIP","floor":48.0},{"not_picked":["Pommel Strike","Spot Weakness","Power Through","Shrug It Off"],"picked":"SKIP","floor":55.0}],"player_experience":1024627,"relics_obtained":[{"floor":7.0,"key":"Anchor"},{"floor":9.0,"key":"Tiny Chest"},{"floor":13.0,"key":"Toy Ornithopter"},{"floor":21.0,"key":"Necronomicon"},{"floor":24.0,"key":"Regal Pillow"},{"floor":26.0,"key":"Eternal Feather"},{"floor":26.0,"key":"Question Card"},{"floor":27.0,"key":"Whetstone"},{"floor":28.0,"key":"Red Mask"},{"floor":29.0,"key":"CeramicFish"},{"floor":29.0,"key":"HornCleat"},{"floor":30.0,"key":"Pen Nib"},{"floor":40.0,"key":"War Paint"},{"floor":42.0,"key":"Du-Vu Doll"},{"floor":43.0,"key":"Letter Opener"},{"floor":46.0,"key":"InkBottle"},{"floor":55.0,"key":"Pantograph"}],"event_choices":[{"damage_healed":0.0,"max_hp_gain":0.0,"max_hp_loss":0.0,"gold_gain":0.0,"event_name":"Match and Keep!","player_choice":"1 cards matched","floor":2.0,"gold_loss":0.0,"damage_taken":0.0,"cards_obtained":["Impervious"]},{"damage_healed":0.0,"max_hp_gain":0.0,"max_hp_loss":0.0,"gold_gain":0.0,"event_name":"Dead Adventurer","player_choice":"Searched \u00271\u0027 times","floor":12.0,"gold_loss":0.0,"damage_taken":0.0,"relics_obtained":["Matryoshka"]},{"damage_healed":0.0,"max_hp_gain":0.0,"max_hp_loss":0.0,"gold_gain":0.0,"event_name":"Cursed Tome","player_choice":"Obtained Book","floor":21.0,"gold_loss":0.0,"damage_taken":21.0},{"damage_healed":0.0,"max_hp_gain":0.0,"max_hp_loss":0.0,"gold_gain":0.0,"event_name":"Masked Bandits","player_choice":"Fought Bandits","floor":28.0,"gold_loss":0.0,"damage_taken":0.0},{"damage_healed":0.0,"max_hp_gain":0.0,"max_hp_loss":4.0,"gold_gain":0.0,"event_name":"Winding Halls","player_choice":"Max HP","floor":37.0,"gold_loss":0.0,"damage_taken":0.0},{"damage_healed":0.0,"max_hp_gain":0.0,"max_hp_loss":0.0,"gold_gain":0.0,"event_name":"Mysterious Sphere","player_choice":"Fight","floor":42.0,"gold_loss":0.0,"damage_taken":0.0}],"is_beta":false,"boss_relics":[{"not_picked":["Coffee Dripper","Pandora\u0027s Box"],"picked":"Snecko Eye"},{"not_picked":["SacredBark","Busted Crown"],"picked":"Cursed Key"}],"items_purged_floors":[19],"is_endless":false,"potions_floor_spawned":[4,7,11,14,22,27,31,33,40,55],"ascension_level":20}}