{"host":"qc1sjgtdjonvdsd8","time":1613685800,"event":{"mods":["BaseMod","Colored Map","Colored Powertips","Curses Come First","Minty Spire (QoL Compilation)","StSLib"],"gold_per_floor":[13,33,33,33,49,75,0,29,29,29,45,45,45,60,60,157,157,170,170,143,156,168,168,203,203,257,276,294,325,245,262,262,358,358,376,45,60,76,76,0,29,29,29,29,29,29,29,49,49,49,49,49,22,56,56],"floor_reached":56,"language":"ENG","playtime":6187,"items_purged":["Strike_G","Strike_G"],"score":1572,"play_id":"6924bad5-2b60-4ec9-82f6-1152196883d4","local_time":"20210218140320","is_ascension_mode":true,"campfire_choices":[{"data":"1","floor":10,"key":"LIFT"},{"floor":12,"key":"REST"},{"data":"Blade Dance","floor":15,"key":"SMITH"},{"floor":23,"key":"DIG"},{"floor":25,"key":"DIG"},{"floor":32,"key":"REST"},{"data":"Calculated Gamble","floor":45,"key":"SMITH"},{"data":"After Image","floor":47,"key":"SMITH"},{"floor":49,"key":"RECALL"},{"floor":52,"key":"DIG"}],"circlet_count":0,"master_deck":["Defend_G","Defend_G+1","Defend_G+1","Defend_G","Survivor","Neutralize","After Image+1","Blur","Blade Dance","Blade Dance+1","Caltrops","Prepared","After Image+1","Well Laid Plans+1","Sucker Punch+1","Blur+1","Cloak And Dagger+1","Noxious Fumes","PiercingWail","Backflip","Malaise","Concentrate","Concentrate","Calculated Gamble+1","Footwork","A Thousand Cuts","Slice+1","Madness","Madness","Panacea","Eviscerate+1","Accuracy"],"relics":["Ring of the Snake","Girya","Unceasing Top","Astrolabe","Shovel","The Courier","Oddly Smooth Stone","Letter Opener","Boot","Ginger","Sozu","Nunchaku","Mummified Hand","Red Mask","Darkstone Periapt","Smiling Mask","Mercury Hourglass","Bottled Lightning"],"acts_visited":["Exordium","TheCity","TheBeyond","TheEnding"],"potions_floor_usage":[16,16,20,20,21,24,24,24,55],"damage_taken":[{"damage":0,"enemies":"Cultist","floor":1,"turns":5},{"damage":0,"enemies":"2 Louse","floor":2,"turns":4},{"damage":0,"enemies":"Jaw Worm","floor":5,"turns":7},{"damage":2,"enemies":"3 Sentries","floor":6,"turns":11},{"damage":13,"enemies":"Gremlin Nob","floor":8,"turns":4},{"damage":1,"enemies":"Blue Slaver","floor":11,"turns":4},{"damage":1,"enemies":"Looter","floor":14,"turns":4},{"damage":6,"enemies":"Slime Boss","floor":16,"turns":14},{"damage":0,"enemies":"3 Byrds","floor":18,"turns":6},{"damage":0,"enemies":"2 Thieves","floor":20,"turns":5},{"damage":1,"enemies":"Snake Plant","floor":21,"turns":6},{"damage":21,"enemies":"Cultist and Chosen","floor":22,"turns":9},{"damage":30,"enemies":"Slavers","floor":24,"turns":8},{"damage":4,"enemies":"Centurion and Healer","floor":27,"turns":9},{"damage":0,"enemies":"Shelled Parasite and Fungi","floor":28,"turns":6},{"damage":0,"enemies":"Book of Stabbing","floor":29,"turns":6},{"damage":0,"enemies":"Snake Plant","floor":31,"turns":4},{"damage":0,"enemies":"Champ","floor":33,"turns":11},{"damage":11,"enemies":"3 Shapes","floor":35,"turns":3},{"damage":0,"enemies":"3 Darklings","floor":37,"turns":3},{"damage":0,"enemies":"Jaw Worm Horde","floor":38,"turns":2},{"damage":0,"enemies":"Nemesis","floor":41,"turns":5},{"damage":0,"enemies":"Transient","floor":48,"turns":5},{"damage":0,"enemies":"Donu and Deca","floor":50,"turns":7},{"damage":0,"enemies":"Shield and Spear","floor":54,"turns":5},{"damage":45,"enemies":"The Heart","floor":55,"turns":12}],"seed_played":"7939121518456144745","potions_obtained":[{"floor":11,"key":"EssenceOfSteel"},{"floor":14,"key":"SkillPotion"},{"floor":16,"key":"SneckoOil"},{"floor":18,"key":"Dexterity Potion"},{"floor":20,"key":"ColorlessPotion"},{"floor":22,"key":"EntropicBrew"}],"is_trial":false,"path_per_floor":["M","M","?","?","M","E","$","E","T","R","M","R","$","M","R","B",null,"M","T","M","M","M","R","E","R","T","M","M","E","$","M","R","B",null,"M","$","M","M","?","?","E","?","T","$","R","?","R","M","R","B",null,"R","$","E","B",null],"character_chosen":"THE_SILENT","items_purchased":["Nunchaku","Mummified Hand","Accuracy"],"campfire_rested":2,"item_purchase_floors":[36,36,53],"current_hp_per_floor":[70,70,56,56,56,54,54,41,41,41,40,61,61,60,60,54,70,70,70,70,69,48,48,18,18,18,14,14,14,14,14,35,35,70,59,59,59,59,50,50,50,50,50,50,50,50,50,50,50,50,70,70,70,70,25],"gold":56,"neow_bonus":"THREE_RARE_CARDS","is_daily":false,"chose_seed":false,"campfire_upgraded":3,"win_rate":0.0,"timestamp":1613685800,"path_taken":["M","?","?","?","M","E","$","E","T","R","M","R","$","M","R","BOSS","M","?","M","M","M","R","E","R","T","?","?","E","$","M","R","BOSS","M","$","M","M","?","?","E","?","T","?","R","?","R","M","R","BOSS","R","$","E","BOSS"],"items_purchased_type":["Relic","Relic","Card"],"build_version":"2020-12-22","purchased_purges":2,"victory":true,"max_hp_per_floor":[70,70,70,70,70,70,70,70,70,70,70,70,70,70,70,70,70,70,70,70,70,70,70,70,70,70,70,70,70,70,70,70,70,70,70,70,70,70,70,70,70,70,70,70,70,70,70,70,70,70,70,70,70,70,70],"card_choices":[{"not_picked":["Grand Finale","Die Die Die"],"picked":"After Image","floor":0},{"not_picked":["Dagger Spray","Deadly Poison"],"picked":"Blur","floor":1},{"not_picked":["Prepared","Underhanded Strike"],"picked":"Blade Dance","floor":2},{"not_picked":["Underhanded Strike","Acrobatics"],"picked":"Blade Dance","floor":5},{"not_picked":["Masterful Stab","Deadly Poison","Doppelganger"],"picked":"SKIP","floor":6},{"not_picked":["Dagger Throw","Well Laid Plans"],"picked":"Caltrops","floor":8},{"not_picked":["Outmaneuver","Deadly Poison","Bane"],"picked":"SKIP","floor":11},{"not_picked":["Slice","Crippling Poison"],"picked":"Prepared","floor":14},{"not_picked":["Malaise","Bullet Time"],"picked":"After Image","floor":16},{"not_picked":["Outmaneuver","Calculated Gamble"],"picked":"Cloak And Dagger+1","floor":18},{"not_picked":["Acrobatics","Bane"],"picked":"Noxious Fumes","floor":20},{"not_picked":["Well Laid Plans","Dagger Spray+1"],"picked":"PiercingWail","floor":21},{"not_picked":["Accuracy","Underhanded Strike"],"picked":"Backflip","floor":22},{"not_picked":["Dash","Prepared"],"picked":"Malaise","floor":24},{"not_picked":["Poisoned Stab","Sucker Punch"],"picked":"Concentrate","floor":27},{"not_picked":["After Image","PiercingWail+1"],"picked":"Concentrate","floor":28},{"not_picked":["Expertise","Dodge and Roll"],"picked":"Calculated Gamble","floor":29},{"not_picked":["Outmaneuver","Finisher"],"picked":"Footwork","floor":31},{"not_picked":["Corpse Explosion","Doppelganger"],"picked":"A Thousand Cuts","floor":33},{"not_picked":["Dodge and Roll","Bane+1"],"picked":"Slice+1","floor":35},{"not_picked":["Underhanded Strike","Bane+1","Dodge and Roll+1"],"picked":"SKIP","floor":37},{"not_picked":["Blade Dance","Cloak And Dagger","Heel Hook+1"],"picked":"SKIP","floor":38},{"not_picked":["Malaise","Bouncing Flask+1","Cloak And Dagger+1"],"picked":"SKIP","floor":41},{"not_picked":["Finesse","Magnetism"],"picked":"Panacea","floor":46},{"not_picked":["Backflip","PiercingWail"],"picked":"Eviscerate+1","floor":48},{"not_picked":["Reflex+1","Quick Slash","PiercingWail+1"],"picked":"SKIP","floor":54}],"player_experience":294650,"relics_obtained":[{"floor":6,"key":"Girya"},{"floor":8,"key":"Unceasing Top"},{"floor":19,"key":"Shovel"},{"floor":23,"key":"The Courier"},{"floor":24,"key":"Oddly Smooth Stone"},{"floor":25,"key":"Letter Opener"},{"floor":26,"key":"Boot"},{"floor":29,"key":"Ginger"},{"floor":41,"key":"Darkstone Periapt"},{"floor":43,"key":"Smiling Mask"},{"floor":52,"key":"Mercury Hourglass"},{"floor":54,"key":"Bottled Lightning"}],"event_choices":[{"damage_healed":0,"gold_gain":0,"player_choice":"Entered Light","damage_taken":14,"max_hp_gain":0,"max_hp_loss":0,"event_name":"Shining Light","floor":3,"gold_loss":0,"cards_upgraded":["Defend_G","Defend_G"]},{"damage_healed":0,"gold_gain":0,"player_choice":"Upgraded","damage_taken":0,"max_hp_gain":0,"max_hp_loss":0,"event_name":"Upgrade Shrine","floor":4,"gold_loss":0,"cards_upgraded":["After Image"]},{"damage_healed":0,"gold_gain":0,"player_choice":"Embrace Madness","damage_taken":9,"max_hp_gain":0,"max_hp_loss":0,"event_name":"Winding Halls","floor":39,"gold_loss":0,"cards_obtained":["Madness","Madness"]},{"damage_healed":0,"gold_gain":0,"player_choice":"Paid","damage_taken":0,"relics_obtained":["Red Mask"],"max_hp_gain":0,"max_hp_loss":0,"event_name":"Tomb of Lord Red Mask","floor":40,"gold_loss":76},{"cards_removed":["Strike_G"],"damage_healed":0,"gold_gain":0,"player_choice":"Removed Attack","damage_taken":0,"max_hp_gain":0,"max_hp_loss":0,"event_name":"Falling","floor":42,"gold_loss":0},{"damage_healed":0,"gold_gain":0,"player_choice":"Memory 1","damage_taken":0,"max_hp_gain":0,"max_hp_loss":0,"event_name":"SensoryStone","floor":46,"gold_loss":0}],"is_beta":false,"boss_relics":[{"not_picked":["Black Star","Empty Cage"],"picked":"Astrolabe"},{"not_picked":["SacredBark","SlaversCollar"],"picked":"Sozu"}],"items_purged_floors":[7,30],"is_endless":false,"potions_floor_spawned":[11,14,16,18,20,22,37,38,48],"ascension_level":4}}