{"host":"pdq28s6637cpsst2","time":1613619004,"event":{"mods":["BaseMod","Colored Map","Colored Powertips","Highlight Path","Minty Spire (QoL Compilation)","Permanent Neow","Quick Restart","StSLib"],"gold_per_floor":[114,124,143,154,169,169,24,24,49,81,98,98,98,115,115,220,220,233,245,257,277,202,202,227,237,237,237,237,162,172,184,184,184,184],"floor_reached":33,"language":"ENG","playtime":2103,"items_purged":["Strike_G"],"score":369,"play_id":"13e06187-00c7-41e5-b6fd-061bd99cb621","local_time":"20210217223004","is_ascension_mode":true,"campfire_choices":[{"data":"Calculated Gamble","floor":6.0,"key":"SMITH"},{"data":"Poisoned Stab","floor":8.0,"key":"SMITH"},{"floor":12.0,"key":"REST"},{"floor":15.0,"key":"REST"},{"floor":23.0,"key":"REST"},{"floor":28.0,"key":"REST"},{"floor":32,"key":"REST"}],"circlet_count":0,"master_deck":["Strike_G","Strike_G","Strike_G","Defend_G","Defend_G","Defend_G","Defend_G","Defend_G","Survivor","Neutralize","Backflip","Poisoned Stab+1","Bouncing Flask","Blade Dance","Calculated Gamble+1","Dash","All Out Attack","Terror","Die Die Die","Backflip","Dash","Quick Slash","Blade Dance","Catalyst","Deadly Poison","Escape Plan"],"relics":["Ring of the Snake","PreservedInsect","Omamori","Potion Belt","Blood Vial","Cursed Key","Lantern","Dream Catcher"],"acts_visited":["Exordium","TheCity"],"potions_floor_usage":[31],"damage_taken":[{"damage":4.0,"enemies":"Small Slimes","floor":1.0,"turns":3.0},{"damage":1.0,"enemies":"2 Louse","floor":2.0,"turns":2.0},{"damage":0.0,"enemies":"Cultist","floor":3.0,"turns":3.0},{"damage":5.0,"enemies":"Red Slaver","floor":4.0,"turns":3.0},{"damage":4.0,"enemies":"Blue Slaver","floor":5.0,"turns":4.0},{"damage":15.0,"enemies":"3 Sentries","floor":10.0,"turns":7.0},{"damage":4.0,"enemies":"Looter","floor":11.0,"turns":3.0},{"damage":4.0,"enemies":"Large Slime","floor":14.0,"turns":7.0},{"damage":10.0,"enemies":"Slime Boss","floor":16.0,"turns":10.0},{"damage":16.0,"enemies":"Chosen","floor":18.0,"turns":5.0},{"damage":2.0,"enemies":"3 Byrds","floor":19.0,"turns":4.0},{"damage":2.0,"enemies":"Centurion and Healer","floor":20.0,"turns":4.0},{"damage":12.0,"enemies":"3 Cultists","floor":21.0,"turns":6.0},{"damage":25.0,"enemies":"Slavers","floor":24.0,"turns":5.0},{"damage":23.0,"enemies":"Snake Plant","floor":25.0,"turns":4.0},{"damage":28.0,"enemies":"Centurion and Healer","floor":30.0,"turns":5.0},{"damage":0,"enemies":"Snecko","floor":31,"turns":3},{"damage":53,"enemies":"Champ","floor":33,"turns":7}],"seed_played":"-6905326438729351782","potions_obtained":[{"floor":1.0,"key":"Swift Potion"},{"floor":4.0,"key":"Fire Potion"},{"floor":5.0,"key":"Poison Potion"},{"floor":18.0,"key":"AttackPotion"},{"floor":19.0,"key":"Strength Potion"},{"floor":21.0,"key":"SpeedPotion"},{"floor":30.0,"key":"PowerPotion"}],"is_trial":false,"path_per_floor":["M","M","M","M","M","R","$","R","T","E","M","R","?","M","R","B",null,"M","M","M","M","$","R","E","M","T","?","R","?","M","M","R","B"],"character_chosen":"THE_SILENT","items_purchased":["PreservedInsect"],"campfire_rested":5,"item_purchase_floors":[7],"current_hp_per_floor":[59,58,58,53,49,49,49,49,49,34,30,51,48,46,67,59,67,53,53,53,43,43,64,41,20,20,20,41,41,15,17,38,0,0],"gold":184,"neow_bonus":"THREE_CARDS","is_daily":false,"chose_seed":false,"campfire_upgraded":2,"win_rate":0.0,"timestamp":1613619004,"path_taken":["M","M","M","M","M","R","$","R","T","E","M","R","?","M","R","BOSS","M","M","M","M","$","R","E","M","T","?","R","?","M","M","R","BOSS"],"items_purchased_type":["Relic"],"build_version":"2020-12-22","purchased_purges":1,"victory":false,"max_hp_per_floor":[70,70,70,70,70,70,70,70,70,70,70,70,70,70,70,70,70,70,70,70,70,70,70,70,70,70,70,70,70,70,70,70,70,70],"card_choices":[{"not_picked":["Deadly Poison","Noxious Fumes"],"picked":"Backflip","floor":0.0},{"not_picked":["Skewer","Acrobatics"],"picked":"Poisoned Stab","floor":1.0},{"not_picked":["Deadly Poison","Eviscerate"],"picked":"Bouncing Flask","floor":2.0},{"not_picked":["Deflect","Footwork"],"picked":"Blade Dance","floor":3.0},{"not_picked":["Deflect","Outmaneuver","Slice"],"picked":"SKIP","floor":4.0},{"not_picked":["Choke","Finisher"],"picked":"Calculated Gamble","floor":5.0},{"not_picked":["Bane","Footwork"],"picked":"Dash","floor":10.0},{"not_picked":["Terror","Blade Dance"],"picked":"All Out Attack","floor":11.0},{"not_picked":["Sucker Punch","Deflect"],"picked":"Terror","floor":14.0},{"not_picked":["Glass Knife","Corpse Explosion"],"picked":"Die Die Die","floor":16.0},{"not_picked":["Predator","Underhanded Strike"],"picked":"Backflip","floor":18.0},{"not_picked":["Deflect","Tactician"],"picked":"Dash","floor":19.0},{"not_picked":["Infinite Blades+1","Outmaneuver","Acrobatics"],"picked":"SKIP","floor":20.0},{"not_picked":["Sucker Punch","Predator","Deadly Poison"],"picked":"SKIP","floor":21.0},{"not_picked":["Deflect","Slice"],"picked":"Quick Slash","floor":24.0},{"not_picked":["Dagger Spray","Skewer+1"],"picked":"Blade Dance","floor":25.0},{"not_picked":["Deflect+1","Noxious Fumes"],"picked":"Catalyst","floor":28.0},{"not_picked":["Blade Dance+1","Calculated Gamble"],"picked":"Deadly Poison","floor":30.0},{"not_picked":["Slice","Bane","Prepared"],"picked":"SKIP","floor":31},{"not_picked":["Flechettes","Heel Hook"],"picked":"Escape Plan","floor":32}],"player_experience":256288,"relics_obtained":[{"floor":9.0,"key":"Omamori"},{"floor":10.0,"key":"Potion Belt"},{"floor":24.0,"key":"Lantern"},{"floor":26.0,"key":"Dream Catcher"}],"event_choices":[{"damage_healed":0.0,"max_hp_gain":0.0,"max_hp_loss":0.0,"gold_gain":0.0,"event_name":"Scrap Ooze","player_choice":"Success","floor":13.0,"gold_loss":0.0,"damage_taken":3.0,"relics_obtained":["Blood Vial"]},{"damage_healed":0.0,"max_hp_gain":0.0,"max_hp_loss":0.0,"gold_gain":0.0,"event_name":"Forgotten Altar","player_choice":"Smashed Altar","floor":27.0,"gold_loss":0.0,"damage_taken":0.0,"cards_obtained":["Decay"]},{"cards_removed":["Strike_G"],"damage_healed":0.0,"max_hp_gain":0.0,"max_hp_loss":0.0,"gold_gain":0.0,"event_name":"Beggar","player_choice":"Gave Gold","floor":29.0,"gold_loss":75.0,"damage_taken":0.0}],"is_beta":false,"boss_relics":[{"not_picked":["Philosopher\u0027s Stone","Runic Dome"],"picked":"Cursed Key"}],"items_purged_floors":[22],"is_endless":false,"potions_floor_spawned":[1,4,5,18,19,21,30],"killed_by":"Champ","ascension_level":7}}