{"host":"rs956zbefct9hzhl","time":1613633420,"event":{"mods":["BaseMod","BetterRewards","Downfall","Minty Spire (QoL Compilation)","Replay The Spire","Shop Mod","Spicy Shops","Spikes Relics","StSLib"],"gold_per_floor":[349,368,368,380,69,69,144,154,170,201,201,236,236,254,270,368,368,168,168,181,198,198,37,37,37,22,62,62,95,95,95,114,114,114,114],"floor_reached":33,"language":"ENG","playtime":1864,"items_purged":[],"score":348,"play_id":"2bf4fe4d-e635-41fc-8f6a-cefa8528e685","local_time":"20210218083020","is_ascension_mode":false,"campfire_choices":[{"floor":1,"key":"DIG"},{"data":"bronze:Format","floor":6,"key":"SMITH"},{"data":"bronze:Optimize","floor":11,"key":"SMITH"},{"floor":13,"key":"RECALL"},{"data":"bronze:Format","floor":18,"key":"SMITH"},{"data":"bronze:AlphaBuild","floor":25,"key":"SMITH"},{"data":"bronze:BuggyMess","floor":28,"key":"SMITH"},{"data":"bronze:ChosenStrike","floor":30,"key":"SMITH"}],"circlet_count":0,"master_deck":["bronze:Strike","bronze:Strike+1","bronze:Strike","bronze:Strike","bronze:Defend","bronze:Defend","bronze:Defend","bronze:Defend","bronze:Replicate+1","bronze:Goto+1","Replay:Hysterical Blindness","bronze:DelayedSlice+1","bronze:FineTuning","bronze:Format+1","bronze:Format+1","bronze:DelayedGuard","bronze:Optimize+1","bronze:Backtrace","bronze:BurnOut","bronze:ClassDefault","bronze:AlphaBuild+1","bronze:BuggyMess+1","Pain","bronze:ChosenStrike+1"],"relics":["bronze:PlatinumCore","Nunchaku","Chemical X","Rawhide","SpikesRelics:DaevaFist","Blue Doll","downfall:HeartBlessingRed","downfall:HeartBlessingGreen","WingedGreaves","Juzu Bracelet","MerchantsRug","Whetstone","Replay:Kaleidoscope","Vajra"],"acts_visited":["Exordium","TheCity"],"potions_floor_usage":[5,14,16,20,27,33,33],"damage_taken":[{"damage":0,"enemies":"Cultist","floor":2,"turns":4},{"damage":0,"enemies":"2 Louse","floor":4,"turns":3},{"damage":0,"enemies":"downfall:FleeingMerchant","floor":5,"turns":4},{"damage":0,"enemies":"Jaw Worm","floor":8,"turns":2},{"damage":4,"enemies":"Lots of Slimes","floor":9,"turns":3},{"damage":0,"enemies":"Replay:BlueRogue","floor":10,"turns":3},{"damage":0,"enemies":"Lagavulin","floor":12,"turns":4},{"damage":0,"enemies":"Gremlin Gang","floor":14,"turns":2},{"damage":1,"enemies":"2 Fungi Beasts","floor":15,"turns":2},{"damage":9,"enemies":"DF_ARCHETYPE_STREAMLINE","floor":16,"turns":10},{"damage":0,"enemies":"downfall:LooterAlt2","floor":20,"turns":2},{"damage":0,"enemies":"Shell Parasite","floor":21,"turns":2},{"damage":5,"enemies":"downfall:FleeingMerchant","floor":23,"turns":4},{"damage":3,"enemies":"downfall:FleeingMerchant","floor":26,"turns":4},{"damage":0,"enemies":"downfall:FleeingMerchant","floor":27,"turns":3},{"damage":6,"enemies":"Slavers","floor":29,"turns":6},{"damage":12,"enemies":"Snecko","floor":32,"turns":3},{"damage":78,"enemies":"IC_MUSHROOM_ARCHETYPE","floor":33,"turns":8}],"seed_played":"8860926574731521326","potions_obtained":[{"floor":2,"key":"FairyPotion"},{"floor":4,"key":"Fruit Juice"},{"floor":8,"key":"PowerPotion"},{"floor":12,"key":"ColorlessPotion"},{"floor":15,"key":"PowerPotion"},{"floor":20,"key":"Weak Potion"},{"floor":29,"key":"Dexterity Potion"},{"floor":32,"key":"Regen Potion"}],"is_trial":false,"path_per_floor":["R","M","?","M","$","R","T","M","M","E","R","E","R","M","M","B",null,"R","?","M","M","?","$","T","R","$","$","R","E","R","T","M","B"],"character_chosen":"THE_AUTOMATON","items_purchased":["bronze:Format","Chemical X","Juzu Bracelet","MerchantsRug","Whetstone"],"campfire_rested":0,"item_purchase_floors":[5,5,23,27,27],"current_hp_per_floor":[63,63,63,63,68,68,68,68,64,64,64,64,64,64,63,54,68,68,68,68,68,68,63,63,63,60,60,60,54,54,54,42,0,0,0],"gold":114,"neow_bonus":"TWO_FIFTY_GOLD","is_daily":false,"chose_seed":false,"campfire_upgraded":6,"win_rate":0.0,"timestamp":1613633420,"path_taken":["R","M","?","M","$","R","T","?","M","E","R","E","R","M","M","BOSS","R","?","?","M","?","?","T","R","$","$","R","E","R","?","M","BOSS"],"items_purchased_type":["Card","Relic","Relic","Relic","Relic"],"build_version":"2020-12-22","purchased_purges":0,"victory":false,"max_hp_per_floor":[63,63,63,63,68,68,68,68,68,68,68,68,68,68,68,68,68,68,68,68,68,68,68,68,68,68,68,68,68,68,68,68,68,68,68],"card_choices":[{"not_picked":["bronze:DarkDash","bronze:OilSpill","bronze:CutThrough"],"picked":"SKIP","floor":2},{"not_picked":["bronze:CutThrough","bronze:Constructor"],"picked":"bronze:DelayedSlice","floor":4},{"not_picked":["bronze:BitShift","bronze:OilSpill"],"picked":"bronze:FineTuning","floor":5},{"not_picked":["bronze:Return","bronze:BugBarrage"],"picked":"bronze:DelayedGuard","floor":8},{"not_picked":["bronze:Separator","bronze:Invalidate"],"picked":"bronze:Optimize","floor":9},{"not_picked":["bronze:BronzeOrb","bronze:BugBarrage"],"picked":"bronze:Backtrace","floor":10},{"not_picked":["bronze:CutThrough","bronze:Constructor"],"picked":"bronze:BurnOut","floor":12},{"not_picked":["bronze:ItsAFeature","bronze:BitShift"],"picked":"bronze:ClassDefault","floor":14},{"not_picked":["bronze:NullPointer","bronze:CloningBeam","bronze:Backtrace"],"picked":"SKIP","floor":15},{"not_picked":["bronze:SpaghettiCode","bronze:Format"],"picked":"bronze:AlphaBuild","floor":16},{"not_picked":["bronze:Fortify","bronze:Overload","bronze:WhirlingStrike"],"picked":"SKIP","floor":20},{"not_picked":["bronze:Iterate+1","bronze:WhirlingStrike+1"],"picked":"bronze:BuggyMess","floor":21},{"not_picked":["bronze:FollowUp","bronze:Assembly","bronze:Iterate"],"picked":"SKIP","floor":23},{"not_picked":["bronze:Invalidate","bronze:HardenedForm"],"picked":"bronze:ChosenStrike","floor":26},{"not_picked":["bronze:Flail+1","bronze:Safeguard","bronze:CutThrough"],"picked":"SKIP","floor":27},{"not_picked":["bronze:Separator","bronze:WildBeam","bronze:Iterate"],"picked":"SKIP","floor":29},{"not_picked":["bronze:Frontload+1","bronze:Fortify+1","bronze:WhirlingStrike+1"],"picked":"SKIP","floor":32}],"player_experience":524726,"relics_obtained":[{"floor":1,"key":"Nunchaku"},{"floor":7,"key":"Rawhide"},{"floor":10,"key":"SpikesRelics:DaevaFist"},{"floor":12,"key":"Blue Doll"},{"floor":29,"key":"Replay:Kaleidoscope"},{"floor":31,"key":"Vajra"}],"event_choices":[{"damage_healed":0,"gold_gain":0,"player_choice":"Ignored","damage_taken":0,"max_hp_gain":0,"max_hp_loss":0,"event_name":"NoteForYourself","floor":19,"gold_loss":0}],"is_beta":false,"boss_relics":[{"not_picked":["Velvet Choker","Painkiller Herb"],"picked":"bronze:PlatinumCore"}],"items_purged_floors":[],"is_endless":false,"potions_floor_spawned":[2,4,8,12,15,20,29,32],"killed_by":"IC_MUSHROOM_ARCHETYPE","ascension_level":0}}