{"host":"nlbr7nnijupf3yfg","time":1613612740,"event":{"mods":["AchievementEnabler","BaseMod","BetterRewards","Card Forge","Colored Powertips","DeckTracker","Downfall","Hubris","Infinite Spire","Minty Spire (QoL Compilation)","Quick Restart","Relic Stats","Replay The Spire","Shop Mod","StSLib","SuperFastMode"],"gold_per_floor":[115,131,81,94,94,129,148,167,167,8,40,40,54,67,67,165,165,176,176,186,200,220,247,247,267,267,267,267,283,283,10907,10907,10907,10907],"floor_reached":33,"language":"ENG","playtime":460,"items_purged":["Defend_G"],"score":697,"play_id":"5293049e-04cc-4194-9e0d-1573b3a58a6a","local_time":"20210217204540","is_ascension_mode":true,"campfire_choices":[{"data":"hubris:InfiniteBlow+1337","floor":12.0,"key":"SMITH"},{"floor":15.0,"key":"REST"},{"data":"hubris:InfiniteBlow+1339","floor":24.0,"key":"SMITH"},{"data":"hubris:InfiniteBlow+1340","floor":28.0,"key":"SMITH"},{"data":"hubris:InfiniteBlow+1341","floor":32.0,"key":"SMITH"}],"circlet_count":0,"master_deck":["hubris:InfiniteBlow+1916","Defend_G","Survivor","Neutralize","Outmaneuver","Backflip","Dagger Throw+1","Injury","ReplayTheSpireMod:IOU","ReplayTheSpireMod:IOU","ReplayTheSpireMod:IOU","ReplayTheSpireMod:IOU","ReplayTheSpireMod:IOU","ReplayTheSpireMod:IOU","ReplayTheSpireMod:IOU","ReplayTheSpireMod:IOU","ReplayTheSpireMod:IOU","ReplayTheSpireMod:IOU","ReplayTheSpireMod:IOU","ReplayTheSpireMod:IOU","ReplayTheSpireMod:IOU","ReplayTheSpireMod:IOU","ReplayTheSpireMod:IOU","ReplayTheSpireMod:IOU","ReplayTheSpireMod:IOU","ReplayTheSpireMod:IOU","ReplayTheSpireMod:IOU","ReplayTheSpireMod:IOU","ReplayTheSpireMod:IOU","ReplayTheSpireMod:IOU","ReplayTheSpireMod:IOU","ReplayTheSpireMod:IOU","ReplayTheSpireMod:IOU","ReplayTheSpireMod:IOU","ReplayTheSpireMod:IOU","ReplayTheSpireMod:IOU","ReplayTheSpireMod:IOU","ReplayTheSpireMod:IOU","ReplayTheSpireMod:IOU","ReplayTheSpireMod:IOU","ReplayTheSpireMod:IOU","ReplayTheSpireMod:IOU","ReplayTheSpireMod:IOU","ReplayTheSpireMod:IOU","ReplayTheSpireMod:IOU","ReplayTheSpireMod:IOU","ReplayTheSpireMod:IOU","ReplayTheSpireMod:IOU","ReplayTheSpireMod:IOU","ReplayTheSpireMod:IOU","ReplayTheSpireMod:IOU","ReplayTheSpireMod:IOU","ReplayTheSpireMod:IOU","ReplayTheSpireMod:IOU","ReplayTheSpireMod:IOU","ReplayTheSpireMod:IOU","ReplayTheSpireMod:IOU","ReplayTheSpireMod:IOU","ReplayTheSpireMod:IOU","ReplayTheSpireMod:IOU","ReplayTheSpireMod:IOU","ReplayTheSpireMod:IOU","ReplayTheSpireMod:IOU","ReplayTheSpireMod:IOU","ReplayTheSpireMod:IOU","ReplayTheSpireMod:IOU","ReplayTheSpireMod:IOU","ReplayTheSpireMod:IOU","ReplayTheSpireMod:IOU","ReplayTheSpireMod:IOU","ReplayTheSpireMod:IOU","ReplayTheSpireMod:IOU","ReplayTheSpireMod:IOU","ReplayTheSpireMod:IOU","ReplayTheSpireMod:IOU","ReplayTheSpireMod:IOU","ReplayTheSpireMod:IOU","ReplayTheSpireMod:IOU","ReplayTheSpireMod:IOU","ReplayTheSpireMod:IOU","ReplayTheSpireMod:IOU","ReplayTheSpireMod:IOU","ReplayTheSpireMod:IOU","ReplayTheSpireMod:IOU","ReplayTheSpireMod:IOU","ReplayTheSpireMod:IOU","ReplayTheSpireMod:IOU","ReplayTheSpireMod:IOU","ReplayTheSpireMod:IOU","ReplayTheSpireMod:IOU","ReplayTheSpireMod:IOU","ReplayTheSpireMod:IOU","ReplayTheSpireMod:IOU","ReplayTheSpireMod:IOU","ReplayTheSpireMod:IOU","ReplayTheSpireMod:IOU","ReplayTheSpireMod:IOU","ReplayTheSpireMod:IOU","ReplayTheSpireMod:IOU","ReplayTheSpireMod:IOU","ReplayTheSpireMod:IOU","ReplayTheSpireMod:IOU","ReplayTheSpireMod:IOU","ReplayTheSpireMod:IOU","ReplayTheSpireMod:IOU","ReplayTheSpireMod:IOU","ReplayTheSpireMod:IOU","ReplayTheSpireMod:IOU","ReplayTheSpireMod:IOU","ReplayTheSpireMod:IOU","ReplayTheSpireMod:IOU","ReplayTheSpireMod:IOU","ReplayTheSpireMod:IOU","ReplayTheSpireMod:IOU","ReplayTheSpireMod:IOU"],"relics":["PureWater","Hammer of Thor","Seething Fire","Anvil of the Gods","infinitespire:Cubic Diamond","Snack Pack","Blue Candle","Bag of Marbles","ReplayTheSpireMod:SealedPack","Replay:Bottled Eggs","hubris:BottledRain","hubris:GlazedTorus","Replay:Wax Seal"],"acts_visited":["Exordium","TheCity"],"potions_floor_usage":[],"damage_taken":[{"damage":0.0,"enemies":"infinitespire:Voidling","floor":1.0,"turns":2.0},{"damage":0.0,"enemies":"2 Louse","floor":2.0,"turns":3.0},{"damage":0.0,"enemies":"Small Slimes","floor":4.0,"turns":2.0},{"damage":0.0,"enemies":"Lagavulin","floor":6.0,"turns":1.0},{"damage":0.0,"enemies":"Exordium Wildlife","floor":7.0,"turns":2.0},{"damage":13.0,"enemies":"Exordium Thugs","floor":8.0,"turns":4.0},{"damage":5.0,"enemies":"3 Sentries","floor":11.0,"turns":7.0},{"damage":0.0,"enemies":"Gremlin Gang","floor":13.0,"turns":4.0},{"damage":1.0,"enemies":"Red Slaver","floor":14.0,"turns":2.0},{"damage":0.0,"enemies":"Slime Boss","floor":16.0,"turns":1.0},{"damage":0.0,"enemies":"Spheric Guardian","floor":18.0,"turns":2.0},{"damage":0.0,"enemies":"3 Byrds","floor":20.0,"turns":1.0},{"damage":0.0,"enemies":"Sentry and Sphere","floor":21.0,"turns":2.0},{"damage":6.0,"enemies":"Centurion and Healer","floor":22.0,"turns":2.0},{"damage":0.0,"enemies":"Replay:Snechameleon","floor":23.0,"turns":1.0},{"damage":0.0,"enemies":"Snecko","floor":25.0,"turns":1.0},{"damage":0.0,"enemies":"3 Cultists","floor":29.0,"turns":4.0},{"damage":0,"enemies":"Automaton","floor":33,"turns":1}],"seed_played":"-6251740983153494742","potions_obtained":[{"floor":2.0,"key":"LiquidMemories"},{"floor":6.0,"key":"Weak Potion"},{"floor":11.0,"key":"EssenceOfSteel"}],"is_trial":false,"path_per_floor":["M","M","?","M","?","E","M","M","T","$","E","R","M","M","R","B",null,"M","?","M","M","M","E","R","M","T","$","R","M","T","$","R","B"],"character_chosen":"THE_SILENT","items_purchased":["Prepared","Dagger Throw+1","Replay:Wax Seal"],"campfire_rested":1,"item_purchase_floors":[10,10,31],"current_hp_per_floor":[77,77,77,77,77,77,77,66,66,66,61,61,65,64,77,77,77,77,77,77,77,71,71,71,71,71,71,71,73,73,73,73,73,73],"gold":10907,"neow_bonus":"TEN_PERCENT_HP_BONUS","is_daily":false,"chose_seed":false,"campfire_upgraded":4,"win_rate":0.0,"timestamp":1613612740,"path_taken":["M","?","?","M","?","E","M","?","T","$","E","R","M","M","R","BOSS","M","?","?","M","M","E","R","M","T","?","R","M","?","$","R","BOSS"],"items_purchased_type":["Card","Card","Relic"],"build_version":"2020-12-22","purchased_purges":1,"victory":false,"max_hp_per_floor":[77,77,77,77,77,77,77,77,77,77,77,77,77,77,77,77,77,77,77,77,77,77,77,77,77,77,77,77,77,77,77,77,77,77],"relic_stats":{"counters":[18,42],"Blue Candle":[0],"obtain_stats":[{"Blue Candle":9,"Hammer of Thor":0,"infinitespire:Cubic Diamond":5,"ReplayTheSpireMod:SealedPack":17,"Seething Fire":0,"Anvil of the Gods":0,"Snack Pack":6,"Bag of Marbles":11,"PureWater":5,"Replay:Bottled Eggs":23,"Replay:Wax Seal":31,"Ring of the Snake":0,"hubris:BottledRain":26,"hubris:GlazedTorus":30},{"Blue Candle":6,"Hammer of Thor":0,"infinitespire:Cubic Diamond":3,"ReplayTheSpireMod:SealedPack":10,"Seething Fire":0,"Anvil of the Gods":0,"Snack Pack":4,"Bag of Marbles":7,"PureWater":3,"Replay:Bottled Eggs":15,"Replay:Wax Seal":17,"Ring of the Snake":0,"hubris:BottledRain":16,"hubris:GlazedTorus":17},{"Blue Candle":14,"Hammer of Thor":0,"infinitespire:Cubic Diamond":7,"ReplayTheSpireMod:SealedPack":28,"Seething Fire":0,"Anvil of the Gods":0,"Snack Pack":8,"Bag of Marbles":21,"PureWater":7,"Replay:Bottled Eggs":36,"Replay:Wax Seal":41,"Ring of the Snake":0,"hubris:BottledRain":37,"hubris:GlazedTorus":41}]},"card_choices":[{"not_picked":["Heel Hook","Quick Slash"],"picked":"Outmaneuver","floor":1.0},{"not_picked":["Dagger Spray","Masterful Stab","Crippling Poison"],"picked":"SKIP","floor":2.0},{"not_picked":["Terror","Quick Slash"],"picked":"Bane","floor":4.0},{"not_picked":["Deadly Poison","PiercingWail","Quick Slash"],"picked":"SKIP","floor":6.0},{"not_picked":["Acrobatics","Well Laid Plans"],"picked":"Backflip","floor":7.0},{"not_picked":["Bullet Time","Hidden Blade","Acrobatics"],"picked":"SKIP","floor":8.0},{"not_picked":["ReplayTheSpireMod:Speed Training","Hidden Blade","Accuracy"],"picked":"SKIP","floor":11.0},{"not_picked":["Slice","Replay:Poison Smokescreen","All Out Attack"],"picked":"SKIP","floor":13.0},{"not_picked":["Backflip","Dash"],"picked":"Underhanded Strike","floor":14.0},{"not_picked":["ReplayTheSpireMod:Chaos Vortex","infinitespire:DeathsTouch"],"picked":"infinitespire:SealOfDarkness+","floor":17.0},{"not_picked":["Wraith Form v2","infinitespire:Neurotoxin"],"picked":"Burst","floor":17.0},{"not_picked":["Slimebound:Tackle","champ:Taunt"],"picked":"Vigilance","floor":17.0},{"not_picked":["Replay:Bootleg Shield Generator","Replay:Sssssssssstrike"],"picked":"ReplayTheSpireMod:Trickstab","floor":17.0},{"not_picked":["Concentrate","PiercingWail+1","Outmaneuver"],"picked":"SKIP","floor":18.0},{"not_picked":["Dagger Throw","Hidden Blade","Quick Slash"],"picked":"SKIP","floor":20.0},{"not_picked":["Dagger Throw","ReplayTheSpireMod:Exploit Weakness+1","Dagger Spray"],"picked":"SKIP","floor":21.0},{"not_picked":["Cloak And Dagger","Night Terror","Quick Slash+1"],"picked":"SKIP","floor":22.0},{"not_picked":["Dodge and Roll","Backstab","Outmaneuver"],"picked":"SKIP","floor":23.0},{"not_picked":["Dodge and Roll","Sucker Punch+1","Bane"],"picked":"SKIP","floor":25.0},{"not_picked":["Prepared","Underhanded Strike","Bouncing Flask"],"picked":"SKIP","floor":29.0}],"player_experience":106907,"relics_obtained":[{"floor":6.0,"key":"Snack Pack"},{"floor":9.0,"key":"Blue Candle"},{"floor":11.0,"key":"Bag of Marbles"},{"floor":23.0,"key":"Replay:Bottled Eggs"},{"floor":26.0,"key":"hubris:BottledRain"},{"floor":30.0,"key":"hubris:GlazedTorus"}],"event_choices":[{"cards_removed":["Strike_G"],"damage_healed":0.0,"max_hp_gain":0.0,"max_hp_loss":0.0,"gold_gain":0.0,"event_name":"The Cleric","player_choice":"Card Removal","floor":3.0,"gold_loss":50.0,"damage_taken":0.0},{"cards_removed":["Prepared"],"damage_healed":0.0,"max_hp_gain":0.0,"max_hp_loss":0.0,"gold_gain":0.0,"event_name":"Purifier","player_choice":"Purged","floor":19.0,"gold_loss":0.0,"damage_taken":0.0}],"is_beta":false,"boss_relics":[{"not_picked":["Astrolabe","Runic Pyramid"],"picked":"ReplayTheSpireMod:SealedPack"}],"items_purged_floors":[10],"is_endless":false,"potions_floor_spawned":[2,4,6,11,16,21,25],"killed_by":"Automaton","ascension_level":2}}