{"host":"4kmvpqjeiacgn1pr","time":1613618376,"event":{"mods":["A Penny For Your Troubles","AchievementEnabler","AlwaysNeverKeys","Aspiration","BaseMod","Bestiary","Better Altar","Better Match","Better Note","Better Sensory Stone","Better Skull","Better Third Choice","Better Vampires","BetterRewards","Colored Map","Colored Powertips","Conspire","Curses Come First","Downfall","Halation","Highlight Path","Infinite Spire","Minty Spire (QoL Compilation)","Permanent Neow","Quick Restart","Rare Cards Sparkle","Relic Sorter","Relic Stats","Replay The Spire","Reworked Bosses","Shop Mod","Smile Girya","Spicy Shops","Spikes Relics","StSLib","Waifu the Spire"],"gold_per_floor":[115,115,115,132,132,165,177,215,227,239,269,298,0,35,35,35,35],"floor_reached":16,"language":"ENG","playtime":791,"items_purged":[],"score":251,"play_id":"47ddd20a-c7de-4f8f-baeb-7b790d5cee8e","local_time":"20210217221936","is_ascension_mode":true,"campfire_choices":[{"data":"Ghostly Armor","floor":7,"key":"SMITH"},{"data":"Bash","floor":15,"key":"SMITH"}],"circlet_count":0,"master_deck":["Strike_R","Strike_R","Strike_R","Strike_R","Strike_R","Defend_R","Defend_R","Defend_R+1","Defend_R","Bash+1","Feint+1","ReplayTheSpireMod:Muscle Training","Carnage+1","Ghostly Armor+1","Reckless Charge","ReplayTheSpireMod:LeadingStrike","conspire:HitWhereItHurts","Evolve","Demonic Infusion"],"relics":["Burning Blood","Juzu Bracelet","MawBank","Anchor","Dream Catcher","Divine Protection","infinitespire:EmpoweringShard"],"acts_visited":["Exordium"],"potions_floor_usage":[6,8,14,16],"damage_taken":[{"damage":6,"enemies":"Small Slimes","floor":1,"turns":3},{"damage":5,"enemies":"Jaw Worm","floor":4,"turns":3},{"damage":32,"enemies":"Lagavulin","floor":6,"turns":5},{"damage":18,"enemies":"3 Sentries","floor":8,"turns":9},{"damage":0,"enemies":"2 Louse","floor":11,"turns":3},{"damage":6,"enemies":"Lots of Slimes","floor":12,"turns":5},{"damage":0,"enemies":"Gremlin Nob","floor":14,"turns":3}],"seed_played":"-3951747224909984173","potions_obtained":[{"floor":4,"key":"AttackPotion"},{"floor":6,"key":"Elixir"},{"floor":8,"key":"SteroidPotion"},{"floor":12,"key":"Elixir"}],"is_trial":false,"path_per_floor":["M","?","T","M","?","E","R","E","T","?","M","M","$","E","R","B"],"character_chosen":"IRONCLAD","items_purchased":["Divine Protection","Evolve"],"campfire_rested":0,"item_purchase_floors":[13,13],"current_hp_per_floor":[72,56,56,57,57,31,31,19,19,19,25,25,25,31,31,0,0],"gold":35,"neow_bonus":"RANDOM_COLORLESS_2","is_daily":false,"chose_seed":false,"campfire_upgraded":2,"win_rate":0.0,"timestamp":1613618376,"path_taken":["M","?","?","M","?","E","R","E","T","?","M","M","?","E","R","BOSS"],"items_purchased_type":["Relic","Card"],"build_version":"2020-12-22","purchased_purges":0,"victory":false,"max_hp_per_floor":[80,80,80,80,80,80,80,80,80,80,80,80,80,80,80,80,80],"relic_stats":{"Dream Catcher":0,"counters":[8,39],"Juzu Bracelet":1,"MawBank":84,"obtain_stats":[{"Divine Protection":13,"Anchor":8,"Dream Catcher":9,"Juzu Bracelet":3,"infinitespire:EmpoweringShard":14,"MawBank":6,"Burning Blood":0},{"Divine Protection":6,"Anchor":4,"Dream Catcher":4,"Juzu Bracelet":1,"infinitespire:EmpoweringShard":7,"MawBank":3,"Burning Blood":0},{"Divine Protection":28,"Anchor":20,"Dream Catcher":20,"Juzu Bracelet":3,"infinitespire:EmpoweringShard":31,"MawBank":11,"Burning Blood":0}],"Burning Blood":42},"card_choices":[{"not_picked":["Thinking Ahead","The Bomb"],"picked":"Feint","floor":0},{"not_picked":["Hemokinesis","Wild Strike"],"picked":"ReplayTheSpireMod:Muscle Training","floor":1},{"not_picked":["Flame Barrier","Body Slam"],"picked":"Carnage","floor":4},{"not_picked":["Whirlwind","Iron Wave"],"picked":"Ghostly Armor","floor":6},{"not_picked":["Havoc","Combust"],"picked":"Reckless Charge","floor":8},{"not_picked":["Clothesline","Wild Strike"],"picked":"ReplayTheSpireMod:LeadingStrike","floor":11},{"not_picked":["Clothesline","Thunderclap"],"picked":"conspire:HitWhereItHurts","floor":12},{"not_picked":["Sentinel","Perfected Strike"],"picked":"Demonic Infusion","floor":14}],"player_experience":493015,"relics_obtained":[{"floor":3,"key":"Juzu Bracelet"},{"floor":6,"key":"MawBank"},{"floor":8,"key":"Anchor"},{"floor":9,"key":"Dream Catcher"},{"floor":14,"key":"infinitespire:EmpoweringShard"}],"event_choices":[{"damage_healed":72,"gold_gain":0,"player_choice":"Upgrade","damage_taken":16,"max_hp_gain":0,"max_hp_loss":80,"event_name":"betterThird:BetterShining","floor":2,"gold_loss":0,"cards_upgraded":["Feint","Defend_R"]},{"damage_healed":0,"gold_gain":0,"player_choice":"Forge","damage_taken":0,"max_hp_gain":0,"max_hp_loss":0,"event_name":"Accursed Blacksmith","floor":5,"gold_loss":0,"cards_upgraded":["Carnage"]},{"cards_removed":["downfall:Aged"],"damage_healed":0,"gold_gain":0,"player_choice":"Removed Curses","damage_taken":0,"max_hp_gain":0,"max_hp_loss":0,"event_name":"Fountain of Cleansing","floor":10,"gold_loss":0}],"is_beta":false,"boss_relics":[],"items_purged_floors":[],"is_endless":false,"potions_floor_spawned":[4,6,8,12],"killed_by":"The Guardian","ascension_level":6}}