{"host":"8juwo4eokezucgda","time":1613662165,"event":{"mods":["AchievementEnabler","BaseMod","BetterRewards","Colored Map","Colored Powertips","DeckTracker","Downfall","Hubris","Minty Spire (QoL Compilation)","Rare Cards Sparkle","Relic Stats","Replay The Spire","StSLib"],"gold_per_floor":[118,236,236,255,255,271,302,477,477,502,535,535,535,550,550,647,647,666,666,328,347,347,373,373,23,23,36,47,74,89,226,226,330,330,344,389,399,24,42,70,70,99,99,124,134,169,169,187,187,187],"floor_reached":51,"language":"ENG","playtime":8538,"items_purged":["Strike_G","Defend_G","Strike_G","Defend_G","Defend_G","Defend_G","Strike_G","Strike_G","Survivor","Blade Dance","A Thousand Cuts+1","Violence","Backflip","Deflect","Deflect","Infinite Blades","Master of Strategy","Mayhem","Secret Weapon","Neutralize+1","Envenom","Well Laid Plans","ReplayTheSpireMod:Scrap Shanks","Swift Strike","Backstab+1","Midas Touch+1","Eviscerate+1","ReplayTheSpireMod:Shiv Toss+1"],"score":1938,"play_id":"75878dd6-2c22-424f-af4b-68aa8e4d8df4","local_time":"20210218232924","is_ascension_mode":true,"campfire_choices":[{"data":"Metamorphosis","floor":12.0,"key":"SMITH"},{"data":"Enlightenment","floor":12.0,"key":"SMITH"},{"data":"Dramatic Entrance","floor":13.0,"key":"SMITH"},{"data":"ReplayTheSpireMod:Necrogeddon","floor":13.0,"key":"SMITH"},{"data":"Swift Strike","floor":15.0,"key":"PURGE"},{"data":"Panache","floor":32.0,"key":"SMITH"},{"data":"Cloak And Dagger","floor":32.0,"key":"SMITH"},{"data":"Blind","floor":41.0,"key":"SMITH"},{"data":"Trip","floor":41.0,"key":"SMITH"},{"data":"Hidden Blade","floor":49,"key":"SMITH"},{"data":"Prepared","floor":49,"key":"SMITH"}],"circlet_count":23,"master_deck":["Apotheosis+1","ReplayTheSpireMod:Private Reserves+1","Outmaneuver+1","Trip+1","Accuracy+1","Transmutation","Hidden Blade+1","Flechettes+1","Panache+1","Secret Technique+1","ReplayTheSpireMod:Necrogeddon+1","Enlightenment+1","Acrobatics","Magnetism+1","Blind+1","Blade Dance+1","Cloak And Dagger+1","Dramatic Entrance+1","Finisher","Die Die Die+1","Calculated Gamble","Metamorphosis+1","Adrenaline+1","Prepared+1","Dagger Spray+1","Dagger Throw+1","Good Instincts","A Thousand Cuts+1","Discovery+1","Storm of Steel+1","Wraith Form v2+1","Infinite Blades+1","Violence+1","Good Instincts+1","Night Terror+1","Backflip+1","Sadistic Nature+1","Chrysalis+1","Master of Strategy+1","Mayhem+1","Secret Weapon+1","ReplayUltimateDefense+1","Backstab+1","Backstab+1","Envenom+1","ReplayTheSpireMod:The Works+1","Well Laid Plans+1","Doppelganger+1","ReplayTheSpireMod:Scrap Shanks+1","Bullet Time+1","Vault+1"],"relics":["Ring of the Snake","Vajra","hubris:OldNail","Medical Kit","Torii","Empty Cage","NlothsMask","ReplayTheSpireMod:TigerMarble","hubris:ToyBattleship","Replay:Towering Pillar of Hats","Tiny Chest","Membership Card","Peace Pipe","Regal Pillow","Strawberry","HandDrill","Replay:Arrowhead","Dead Branch","Juzu Bracelet","Pen Nib","Cauldron","PreservedInsect","Omamori","hubris:MedicalManual","Matryoshka","Blood Vial","OrangePellets","Calipers","Gremlin Food","Potion Belt","hubris:HerbalPaste","Durian","Letter Opener","Ornamental Fan","BargainBundle","Tingsha","Blue Candle","Orichalcum","Lee\u0027s Waffle","WingedGreaves","Nunchaku","hubris:SlimyHat","Toolbox","Bird Faced Urn","Mirror","White Beast Statue","Sling","hubris:AstralHammer","Ancient Tea Set","Oddly Smooth Stone","TwistedFunnel","Pondfish Scales","Replay:Mystery Machine","Frozen Eye","War Paint","hubris:Spice","Toy Ornithopter","Bronze Scales","Bag of Marbles","Replay:Wax Seal","Replay:PocketPolymizer","Replay:Bottled Eggs","Replay:WaspNest","The Specimen","TheAbacus","hubris:CrystalStatue","Replay:Multitool","InkBottle","Guide Book","ReplayTheSpireMod:Lightbulb","Pear","Ginger","Du-Vu Doll","hubris:SphereOfDissonance","Whetstone","Happy Flower","hubris:BundleOfHerbs","Thread and Needle","hubris:DisguiseKit","hubris:FunFungus","Centennial Puzzle","Garlic","TungstenRod","Darkstone Periapt","Pocketwatch","ReplayTheSpireMod:Ninjato","hubris:64BitClover","hubris:TenFootPole","Meat on the Bone","Mercury Hourglass","hubris:Teleporter","hubris:Zylophone","Bottled Lightning","Replay:Kaleidoscope","Iron Hammer","Basket Of Snakes","Singing Bowl","Golden Egg","Circlet","Bag of Preparation","Replay:Rubber Ducky","Gremlin Horn","Eternal Feather","Mummified Hand","Paper Crane"],"acts_visited":["Exordium","TheCity","TheBeyond"],"potions_floor_usage":[],"damage_taken":[{"damage":0.0,"enemies":"Cultist","floor":1.0,"turns":1.0},{"damage":0.0,"enemies":"Jaw Worm","floor":4.0,"turns":1.0},{"damage":0.0,"enemies":"2 Louse","floor":6.0,"turns":1.0},{"damage":0.0,"enemies":"Gremlin Nob","floor":7.0,"turns":1.0},{"damage":0.0,"enemies":"3 Sentries","floor":10.0,"turns":1.0},{"damage":0.0,"enemies":"Lagavulin","floor":11.0,"turns":1.0},{"damage":0.0,"enemies":"Red Slaver","floor":14.0,"turns":1.0},{"damage":0.0,"enemies":"Fading Forest","floor":16.0,"turns":1.0},{"damage":0.0,"enemies":"3 Byrds","floor":18.0,"turns":1.0},{"damage":0.0,"enemies":"Shell Parasite","floor":21.0,"turns":1.0},{"damage":0.0,"enemies":"Book of Stabbing","floor":23.0,"turns":1.0},{"damage":0.0,"enemies":"Centurion and Healer","floor":27.0,"turns":1.0},{"damage":0.0,"enemies":"3 Cultists","floor":28.0,"turns":1.0},{"damage":0.0,"enemies":"Gremlin Leader","floor":29.0,"turns":1.0},{"damage":0.0,"enemies":"Sentry and Sphere","floor":30.0,"turns":1.0},{"damage":0.0,"enemies":"Pondfish","floor":33.0,"turns":2.0},{"damage":0.0,"enemies":"3 Shapes","floor":35.0,"turns":1.0},{"damage":0.0,"enemies":"3 Darklings","floor":37.0,"turns":1.0},{"damage":2.0,"enemies":"Sphere and 2 Shapes","floor":39.0,"turns":1.0},{"damage":0.0,"enemies":"R_Hoarder","floor":40.0,"turns":2.0},{"damage":0.0,"enemies":"Nemesis","floor":42.0,"turns":1.0},{"damage":0.0,"enemies":"R_Hoarder","floor":44.0,"turns":1.0},{"damage":0.0,"enemies":"Transient","floor":45.0,"turns":1.0},{"damage":0.0,"enemies":"Reptomancer","floor":46.0,"turns":2.0},{"damage":0.0,"enemies":"Writhing Mass","floor":48.0,"turns":1.0},{"damage":0,"enemies":"Donu and Deca","floor":50,"turns":1}],"seed_played":"2583142753038970338","potions_obtained":[{"floor":0.0,"key":"Guardian:BlockOnCardUsePotion"},{"floor":0.0,"key":"Poison Potion"},{"floor":0.0,"key":"SteroidPotion"},{"floor":0.0,"key":"FearPotion"},{"floor":0.0,"key":"SmokeBomb"},{"floor":4.0,"key":"DistilledChaos"},{"floor":7.0,"key":"Elixir"}],"is_trial":false,"path_per_floor":["M","$","?","M","?","M","E","$","T","E","E","R","R","M","R_BF","B",null,"M","?","$","M","T","E","?","$","T","M","M","E","M","$","R","B",null,"M","T","M","$","M","E","R","E","T","E","M","E","?","M","R","B",null],"character_chosen":"THE_SILENT","items_purchased":["Vajra","hubris:OldNail","Medical Kit","Midas Touch","ReplayTheSpireMod:Private Reserves","Outmaneuver+1","ReplayTheSpireMod:Scrap Shanks","Replay:Towering Pillar of Hats","Tiny Chest","Membership Card","Trip","Regal Pillow","Strawberry","HandDrill","ReplayTheSpireMod:Shiv Toss","Accuracy","Juzu Bracelet","Pen Nib","Cauldron","Transmutation","PreservedInsect","Omamori","Hidden Blade","Milkshake","Matryoshka","Blood Vial","OrangePellets","Flechettes+1","Blade Dance","Infinite Blades","Panache","Gremlin Food","Potion Belt","hubris:HerbalPaste","Secret Technique","Letter Opener","Ornamental Fan","BargainBundle","ReplayTheSpireMod:Necrogeddon","Blue Candle","Orichalcum","Lee\u0027s Waffle","Enlightenment","Nunchaku","hubris:SlimyHat","Toolbox","Well Laid Plans","Mirror","White Beast Statue","Sling","Deflect","Ancient Tea Set","Oddly Smooth Stone","TwistedFunnel","Master of Strategy","Replay:Mystery Machine","Frozen Eye","War Paint","Toy Ornithopter","Bronze Scales","Acrobatics","Bag of Marbles","Replay:Wax Seal","Magnetism","Secret Weapon","Blind","Deflect","Replay:Bottled Eggs","Replay:WaspNest","Blade Dance+1","TheAbacus","hubris:CrystalStatue","InkBottle","Cloak And Dagger","Dramatic Entrance","Finisher","Guide Book","ReplayTheSpireMod:Lightbulb","Pear","Swift Strike","hubris:SphereOfDissonance","Die Die Die","Swift Strike","Whetstone","Happy Flower","Calculated Gamble","Thread and Needle","hubris:DisguiseKit","Metamorphosis","Centennial Puzzle","Adrenaline","Garlic","Mayhem","Prepared","Darkstone Periapt","Envenom","Dagger Spray+1","ReplayTheSpireMod:Ninjato","Flashbang","hubris:64BitClover","hubris:TenFootPole","Meat on the Bone","Violence","Mercury Hourglass","Dagger Throw+1","Good Instincts","Bottled Lightning","Iron Hammer","Singing Bowl","Golden Egg","A Thousand Cuts","Bag of Preparation","Replay:Rubber Ducky","Discovery","Gremlin Horn","Eternal Feather","Mummified Hand","Paper Crane","Circlet","Circlet","Storm of Steel","Circlet","Wraith Form v2","Circlet","Circlet","Infinite Blades","Violence","Good Instincts","Night Terror","Backflip+1","Sadistic Nature","Circlet","Chrysalis","Circlet","Master of Strategy","Mayhem","Secret Weapon","ReplayUltimateDefense","Backstab","ReplayTheSpireMod:Scrap Shanks","Backstab","Envenom+1","ReplayTheSpireMod:The Works","Well Laid Plans","Doppelganger","Fruit Juice","CunningPotion","ReplayTheSpireMod:Scrap Shanks+1","Backstab"],"campfire_rested":0,"item_purchase_floors":[0,0,0,0,0,0,0,0,0,0,0,0,0,0,0,0,0,0,0,0,0,0,0,0,0,0,0,0,0,0,0,0,0,0,0,0,0,0,0,0,0,0,0,0,0,0,0,0,0,0,0,0,0,0,0,0,0,0,0,0,0,0,0,0,0,0,0,0,0,0,0,0,0,0,0,0,0,0,0,0,0,0,0,0,0,0,0,0,0,0,0,0,0,0,0,0,0,0,0,0,0,0,0,0,0,0,0,0,0,0,0,0,0,0,0,0,0,0,0,0,0,0,0,0,0,0,0,0,0,0,0,0,0,0,0,0,0,0,0,0,0,0,0,0,0,0,0,2,2],"current_hp_per_floor":[48,48,53,55,55,57,59,59,59,61,63,63,63,65,65,67,67,69,69,69,71,71,73,73,73,65,67,69,71,73,73,73,73,73,75,75,77,77,77,81,81,83,83,85,85,87,83,85,85,85],"gold":187,"neow_bonus":"","is_daily":false,"chose_seed":false,"campfire_upgraded":10,"win_rate":0.0,"timestamp":1613662164,"path_taken":["M","$","?","M","?","M","E","$","T","E","E","R","R","M","R_BF","BOSS","M","?","$","M","?","E","?","$","T","M","M","E","M","$","R","BOSS","M","?","M","$","M","E","R","E","T","E","M","E","?","M","R","BOSS"],"items_purchased_type":["Relic","Relic","Relic","Card","Card","Card","Card","Relic","Relic","Relic","Card","Relic","Relic","Relic","Card","Card","Relic","Relic","Relic","Card","Relic","Relic","Card","Potion","Relic","Relic","Relic","Card","Card","Card","Card","Relic","Relic","Relic","Card","Relic","Relic","Relic","Card","Relic","Relic","Relic","Card","Relic","Relic","Relic","Card","Relic","Relic","Relic","Card","Relic","Relic","Relic","Card","Relic","Relic","Relic","Relic","Relic","Card","Relic","Relic","Card","Card","Card","Card","Relic","Relic","Card","Relic","Relic","Relic","Card","Card","Card","Relic","Relic","Relic","Card","Relic","Card","Card","Relic","Relic","Card","Relic","Relic","Card","Relic","Card","Relic","Card","Card","Relic","Card","Card","Relic","Potion","Relic","Relic","Relic","Card","Relic","Card","Card","Relic","Relic","Relic","Relic","Card","Relic","Relic","Card","Relic","Relic","Relic","Relic","Undefined","Undefined","Card","Undefined","Card","Undefined","Undefined","Card","Card","Card","Card","Card","Card","Undefined","Card","Undefined","Card","Card","Card","Card","Card","Card","Card","Card","Card","Card","Card","Potion","Potion","Card","Card"],"build_version":"2020-12-22","purchased_purges":28,"victory":true,"max_hp_per_floor":[48,48,53,55,55,57,59,59,59,61,63,63,63,65,65,67,67,69,69,69,71,71,73,73,73,65,67,69,71,73,73,73,73,73,75,75,77,77,79,81,81,83,83,85,85,87,83,85,85,85],"relic_stats":{"Darkstone Periapt":0,"Regal Pillow":0,"Torii":0,"Singing Bowl":46,"Gremlin Horn":[9,9],"Juzu Bracelet":0,"Bag of Preparation":[52],"Ginger":[0],"Whetstone":["Neutralize","Die Die Die"],"Blood Vial":2,"Nunchaku":[6],"Centennial Puzzle":[0],"TheAbacus":[0],"Mummified Hand":[71],"Tiny Chest":1,"HandDrill":[10],"InkBottle":[20],"Ring of the Snake":[52],"Lee\u0027s Waffle":7,"Happy Flower":[9],"counters":[26,29],"Dead Branch":[110],"Blue Candle":[0],"Tingsha":[213],"Eternal Feather":0,"Pen Nib":[6],"PreservedInsect":401,"Letter Opener":[264],"Orichalcum":[6],"War Paint":["ReplayTheSpireMod:Shiv Toss","Midas Touch"],"Medical Kit":[0],"Mercury Hourglass":[147],"Peace Pipe":1,"OrangePellets":[4],"Ornamental Fan":[28],"Bird Faced Urn":[0],"Bronze Scales":[0],"obtain_stats":[{"TwistedFunnel":0,"Golden Egg":0,"Ginger":0,"Whetstone":0,"Sling":0,"Blood Vial":0,"hubris:HerbalPaste":0,"hubris:AstralHammer":0,"HandDrill":0,"Replay:Wax Seal":0,"Pear":0,"Blue Candle":0,"hubris:SphereOfDissonance":0,"Tingsha":0,"Eternal Feather":0,"Pen Nib":0,"Paper Crane":0,"Bird Faced Urn":0,"hubris:TenFootPole":0,"Regal Pillow":0,"Torii":0,"Singing Bowl":0,"Replay:Multitool":0,"Bag of Preparation":0,"Ancient Tea Set":0,"Replay:Rubber Ducky":0,"Matryoshka":0,"Toolbox":0,"WingedGreaves":0,"hubris:FunFungus":0,"Replay:Bottled Eggs":0,"InkBottle":0,"Ring of the Snake":0,"Potion Belt":0,"Lee\u0027s Waffle":0,"The Specimen":0,"hubris:64BitClover":0,"Basket Of Snakes":0,"Circlet":0,"Thread and Needle":0,"PreservedInsect":0,"Omamori":0,"Replay:Arrowhead":0,"Ornamental Fan":0,"hubris:Spice":0,"Durian":0,"Garlic":0,"Bottled Lightning":0,"ReplayTheSpireMod:Lightbulb":0,"Toy Ornithopter":0,"Calipers":0,"hubris:CrystalStatue":0,"Gremlin Horn":0,"Vajra":0,"Centennial Puzzle":0,"Strawberry":0,"Iron Hammer":0,"hubris:Teleporter":0,"Happy Flower":0,"Dead Branch":0,"Oddly Smooth Stone":0,"Letter Opener":0,"Replay:Kaleidoscope":0,"War Paint":0,"Du-Vu Doll":0,"hubris:Zylophone":0,"OrangePellets":0,"Bronze Scales":0,"ReplayTheSpireMod:TigerMarble":0,"hubris:ToyBattleship":0,"Mirror":0,"NlothsMask":0,"Pocketwatch":0,"Meat on the Bone":0,"Darkstone Periapt":0,"Replay:PocketPolymizer":0,"Juzu Bracelet":0,"hubris:SlimyHat":0,"Replay:Mystery Machine":0,"Empty Cage":0,"Frozen Eye":0,"Nunchaku":0,"TheAbacus":0,"Mummified Hand":0,"Tiny Chest":0,"Gremlin Food":0,"hubris:DisguiseKit":0,"BargainBundle":0,"ReplayTheSpireMod:Ninjato":0,"Replay:Towering Pillar of Hats":0,"Guide Book":0,"hubris:MedicalManual":0,"Replay:WaspNest":0,"Orichalcum":0,"Medical Kit":0,"White Beast Statue":0,"Mercury Hourglass":0,"Peace Pipe":0,"Cauldron":0,"Pondfish Scales":0,"hubris:BundleOfHerbs":0,"Bag of Marbles":0,"Membership Card":0,"hubris:OldNail":0,"TungstenRod":0},{"TwistedFunnel":0,"Golden Egg":0,"Ginger":0,"Whetstone":0,"Sling":0,"Blood Vial":0,"hubris:HerbalPaste":0,"hubris:AstralHammer":0,"HandDrill":0,"Replay:Wax Seal":0,"Pear":0,"Blue Candle":0,"hubris:SphereOfDissonance":0,"Tingsha":0,"Eternal Feather":0,"Pen Nib":0,"Paper Crane":0,"Bird Faced Urn":0,"hubris:TenFootPole":0,"Regal Pillow":0,"Torii":0,"Singing Bowl":0,"Replay:Multitool":0,"Bag of Preparation":0,"Ancient Tea Set":0,"Replay:Rubber Ducky":0,"Matryoshka":0,"Toolbox":0,"WingedGreaves":0,"hubris:FunFungus":0,"Replay:Bottled Eggs":0,"InkBottle":0,"Ring of the Snake":0,"Potion Belt":0,"Lee\u0027s Waffle":0,"The Specimen":0,"hubris:64BitClover":0,"Basket Of Snakes":0,"Circlet":0,"Thread and Needle":0,"PreservedInsect":0,"Omamori":0,"Replay:Arrowhead":0,"Ornamental Fan":0,"hubris:Spice":0,"Durian":0,"Garlic":0,"Bottled Lightning":0,"ReplayTheSpireMod:Lightbulb":0,"Toy Ornithopter":0,"Calipers":0,"hubris:CrystalStatue":0,"Gremlin Horn":0,"Vajra":0,"Centennial Puzzle":0,"Strawberry":0,"Iron Hammer":0,"hubris:Teleporter":0,"Happy Flower":0,"Dead Branch":0,"Oddly Smooth Stone":0,"Letter Opener":0,"Replay:Kaleidoscope":0,"War Paint":0,"Du-Vu Doll":0,"hubris:Zylophone":0,"OrangePellets":0,"Bronze Scales":0,"ReplayTheSpireMod:TigerMarble":0,"hubris:ToyBattleship":0,"Mirror":0,"NlothsMask":0,"Pocketwatch":0,"Meat on the Bone":0,"Darkstone Periapt":0,"Replay:PocketPolymizer":0,"Juzu Bracelet":0,"hubris:SlimyHat":0,"Replay:Mystery Machine":0,"Empty Cage":0,"Frozen Eye":0,"Nunchaku":0,"TheAbacus":0,"Mummified Hand":0,"Tiny Chest":0,"Gremlin Food":0,"hubris:DisguiseKit":0,"BargainBundle":0,"ReplayTheSpireMod:Ninjato":0,"Replay:Towering Pillar of Hats":0,"Guide Book":0,"hubris:MedicalManual":0,"Replay:WaspNest":0,"Orichalcum":0,"Medical Kit":0,"White Beast Statue":0,"Mercury Hourglass":0,"Peace Pipe":0,"Cauldron":0,"Pondfish Scales":0,"hubris:BundleOfHerbs":0,"Bag of Marbles":0,"Membership Card":0,"hubris:OldNail":0,"TungstenRod":0},{"TwistedFunnel":0,"Golden Egg":0,"Ginger":0,"Whetstone":0,"Sling":0,"Blood Vial":0,"hubris:HerbalPaste":0,"hubris:AstralHammer":0,"HandDrill":0,"Replay:Wax Seal":0,"Pear":0,"Blue Candle":0,"hubris:SphereOfDissonance":0,"Tingsha":0,"Eternal Feather":0,"Pen Nib":0,"Paper Crane":0,"Bird Faced Urn":0,"hubris:TenFootPole":0,"Regal Pillow":0,"Torii":0,"Singing Bowl":0,"Replay:Multitool":0,"Bag of Preparation":0,"Ancient Tea Set":0,"Replay:Rubber Ducky":0,"Matryoshka":0,"Toolbox":0,"WingedGreaves":0,"hubris:FunFungus":0,"Replay:Bottled Eggs":0,"InkBottle":0,"Ring of the Snake":0,"Potion Belt":0,"Lee\u0027s Waffle":0,"The Specimen":0,"hubris:64BitClover":0,"Basket Of Snakes":0,"Circlet":0,"Thread and Needle":0,"PreservedInsect":0,"Omamori":0,"Replay:Arrowhead":0,"Ornamental Fan":0,"hubris:Spice":0,"Durian":0,"Garlic":0,"Bottled Lightning":0,"ReplayTheSpireMod:Lightbulb":0,"Toy Ornithopter":0,"Calipers":0,"hubris:CrystalStatue":0,"Gremlin Horn":0,"Vajra":0,"Centennial Puzzle":0,"Strawberry":0,"Iron Hammer":0,"hubris:Teleporter":0,"Happy Flower":0,"Dead Branch":0,"Oddly Smooth Stone":0,"Letter Opener":0,"Replay:Kaleidoscope":0,"War Paint":0,"Du-Vu Doll":0,"hubris:Zylophone":0,"OrangePellets":0,"Bronze Scales":0,"ReplayTheSpireMod:TigerMarble":0,"hubris:ToyBattleship":0,"Mirror":0,"NlothsMask":0,"Pocketwatch":0,"Meat on the Bone":0,"Darkstone Periapt":0,"Replay:PocketPolymizer":0,"Juzu Bracelet":0,"hubris:SlimyHat":0,"Replay:Mystery Machine":0,"Empty Cage":0,"Frozen Eye":0,"Nunchaku":0,"TheAbacus":0,"Mummified Hand":0,"Tiny Chest":0,"Gremlin Food":0,"hubris:DisguiseKit":0,"BargainBundle":0,"ReplayTheSpireMod:Ninjato":0,"Replay:Towering Pillar of Hats":0,"Guide Book":0,"hubris:MedicalManual":0,"Replay:WaspNest":0,"Orichalcum":0,"Medical Kit":0,"White Beast Statue":0,"Mercury Hourglass":0,"Peace Pipe":0,"Cauldron":0,"Pondfish Scales":0,"hubris:BundleOfHerbs":0,"Bag of Marbles":0,"Membership Card":0,"hubris:OldNail":0,"TungstenRod":0}],"Toy Ornithopter":0,"TungstenRod":1,"Pocketwatch":[0],"Meat on the Bone":0},"card_choices":[{"not_picked":["Cloak And Dagger","hubris:SpiceAddiction","Endless Agony","ClearTheMind"],"picked":"Singing Bowl","floor":1.0},{"not_picked":["Bouncing Flask","Replay:Poison Smokescreen","ReplayTheSpireMod:Scrap Shanks","Replay:BluntJabs"],"picked":"Singing Bowl","floor":4.0},{"not_picked":["Flying Knee","Dagger Throw","hubris:SpiceAddiction","Replay:ManipulateFuture"],"picked":"Singing Bowl","floor":6.0},{"not_picked":["Leg Sweep","Backstab","Bouncing Flask","CrushJoints"],"picked":"Singing Bowl","floor":7.0},{"not_picked":["Sneak Up","Underhanded Strike","Slice","Halt"],"picked":"Singing Bowl","floor":10.0},{"not_picked":["Blur","hubris:SpiceAddiction","Blade Dance","Replay:BluntJabs"],"picked":"Singing Bowl","floor":11.0},{"not_picked":["Cloak And Dagger","Outmaneuver","Sucker Punch","Protect"],"picked":"Singing Bowl","floor":14.0},{"not_picked":["Envenom","Wraith Form v2","Night Terror","Replay:LoomingThreat"],"picked":"Singing Bowl","floor":16.0},{"not_picked":["Blade Dance+1","hubris:SpiceAddiction","Terror","Crescendo"],"picked":"Singing Bowl","floor":18.0},{"not_picked":["Flying Knee+1","Escape Plan","Skewer","EmptyMind"],"picked":"Singing Bowl","floor":21.0},{"not_picked":["Sucker Punch","Poisoned Stab","Backflip","TalkToTheHand"],"picked":"Singing Bowl","floor":23.0},{"not_picked":["Infinite Blades","hubris:SpiceAddiction","hubris:SpiceAddiction","Replay:BluntJabs"],"picked":"Singing Bowl","floor":27.0},{"not_picked":["Underhanded Strike","Reflex","hubris:SpiceAddiction","Replay:Vibes"],"picked":"Singing Bowl","floor":28.0},{"not_picked":["ReplayTheSpireMod:Necrosis","Bane","Predator","InnerPeace"],"picked":"Singing Bowl","floor":29.0},{"not_picked":["Deflect+1","Dagger Spray+1","Deadly Poison","Omniscience"],"picked":"Singing Bowl","floor":30.0},{"not_picked":["hubris:SpiceAddiction","hubris:SpiceAddiction","Establishment"],"picked":"Bullet Time","floor":33.0},{"not_picked":["Fluid Movement","Blade Dance","Slice","Perseverance"],"picked":"Singing Bowl","floor":35.0},{"not_picked":["Flechettes","Blade Dance+1","Outmaneuver","Replay:BluntJabs"],"picked":"Singing Bowl","floor":37.0},{"not_picked":["Outmaneuver+1","Quick Slash+1","Flying Knee","Collect"],"picked":"Singing Bowl","floor":39.0},{"not_picked":["ReplayTheSpireMod:Exploit Weakness","Quick Slash","Hidden Blade","Replay:ManipulateFuture"],"picked":"Singing Bowl","floor":40.0},{"not_picked":["Reflex+1","Acrobatics","Caltrops","Protect"],"picked":"Singing Bowl","floor":42.0},{"not_picked":["ReplayTheSpireMod:Tripwire+1","Backflip","Riddle With Holes","ThirdEye"],"picked":"Singing Bowl","floor":44.0},{"not_picked":["Dagger Spray+1","All Out Attack+1","Poisoned Stab+1"],"picked":"Vault","floor":45.0},{"not_picked":["ReplayTheSpireMod:Tripwire","Eviscerate","hubris:SpiceAddiction","ThirdEye"],"picked":"Singing Bowl","floor":46.0},{"not_picked":["Crippling Poison+1","All Out Attack","Replay:Poison Smokescreen+1","FlurryOfBlows"],"picked":"Singing Bowl","floor":48}],"player_experience":90216,"relics_obtained":[{"floor":22.0,"key":"Circlet"},{"floor":26.0,"key":"hubris:Spice"},{"floor":29.0,"key":"Circlet"},{"floor":39.0,"key":"Circlet"},{"floor":43.0,"key":"Circlet"},{"floor":46.0,"key":"Circlet"}],"event_choices":[{"damage_healed":0.0,"max_hp_gain":5.0,"max_hp_loss":0.0,"gold_gain":0.0,"event_name":"Big Fish","player_choice":"Donut","floor":3.0,"gold_loss":0.0,"damage_taken":0.0},{"damage_healed":0.0,"max_hp_gain":0.0,"max_hp_loss":0.0,"gold_gain":0.0,"event_name":"Accursed Blacksmith","player_choice":"Forge","floor":24.0,"gold_loss":0.0,"damage_taken":0.0,"cards_upgraded":["Accuracy"]},{"damage_healed":0.0,"max_hp_gain":0.0,"max_hp_loss":4.0,"gold_gain":0.0,"event_name":"Winding Halls","player_choice":"Max HP","floor":47.0,"gold_loss":0.0,"damage_taken":0.0}],"is_beta":false,"boss_relics":[{"not_picked":["Runic Pyramid","hubris:Spice","hubris:VirtuousBlindfold"]},{"not_picked":["Runic Dome","ReplayTheSpireMod:DimensionalGlitch","hubris:Spice"]}],"items_purged_floors":[0,0,0,0,0,0,0,0,0,0,0,0,0,0,0,0,0,0,0,0,0,0,2,8,20,25,31,38],"is_endless":false,"potions_floor_spawned":[1,4,6,7,10,11,14,16,18,21,23,27,28,29,30,33,35,37,39,40,42,44,45,46,48],"ascension_level":4}}