{"host":"4c7m9tuvqombcnjj","time":1613639956,"event":{"mods":["ATMod(°¢èªMod)","Act Like it!","Aspiration","Astrologer","BaseMod","Conspire","Dota2Spire","Downfall","Gensokyo","GungeonMod","Hallownest","HololiveMod","Jedi Mod","Jorbs\u0027s Wanderer Trilogy","Koishi","KomeijiMod","Lobotomy","LobotomyExtend","Minty Spire (QoL Compilation)","MostiFishMod","Prisma Mod","Quarter Circle Forward PUNCH!","Reimu£¨²©ÀöÁéÃÎ£©","Reliquary","Remilia£¨ÀÙÃ×ÀòÑÇ£©","Replay The Spire","RumiaBox-Â¶Ã×æ«µÄÉñÃØºÐ×Ó","Smile Girya","StSLib","TestMod","The Alterego","The Animator","The Bug Knight","The Construct","The Cursed","The Hierophant","The Jungle","The Runesmith","WarShipGirlsR/Õ½½¢ÉÙÅ®R mod","Yuyuko","[IsaacMod]ÒÔÈö¼âËþ","¡¾¹¦ÄÜMod¡¿»ìãçÖ®»·ÐÞ¸´²¹¶¡","¡¾ÒÅÎï¿¨ÅÆ¡¿REMEMod"],"gold_per_floor":[86,104,138,156,178,210,15,40,63,63,74,137,147,162,162,264,264,283,283,105,105,125,125,181,205,205,205,222,222,553,581,581,691,691,708,708,408,421,287,337,348,389,436,436,454,454,485,495,495,551,551,551,551,52,118,200],"floor_reached":57,"language":"ZHS","playtime":3247,"items_purged":[],"score":1856,"play_id":"464c4ddb-815b-4282-b283-049c08471342","local_time":"20210218171916","is_ascension_mode":false,"campfire_choices":[{"floor":10,"key":"RECALL"},{"data":"Hololive_CallOmaruPolka","floor":15,"key":"SMITH"},{"data":"AT_Dispersion","floor":23,"key":"SMITH"},{"data":"Hololive_CallAmaneKanata","floor":27,"key":"SMITH"},{"data":"Hololive_CallYuzukiChoco","floor":29,"key":"SMITH"},{"data":"Hololive_CallHoshimachiSuisei","floor":44,"key":"SMITH"},{"data":"Hololive_CallRoboco","floor":46,"key":"SMITH"},{"data":"Hololive_OvertimeWork","floor":49,"key":"SMITH"},{"data":"Hololive_CallShirakamiFubuki","floor":53,"key":"SMITH"}],"circlet_count":0,"master_deck":["Hololive_Strike+1","Hololive_Strike","Hololive_Defend","Hololive_Defend","Hololive_Drill","Hololive_CallShiranuiFlare","Hololive_CallSakuraMiko","Hololive_CallAmaneKanata+1","Hololive_CallShirakamiFubuki+1","BettingIsNotGood","AT_Dispersion+1","Hololive_HighAtkLowDef","Hololive_CallYukihanaLamy","Hololive_CallTsunomakiWatame","Hololive_CocoNews+1","Hololive_CallOmaruPolka+1","Hololive_CallOkamiMio+1","Hololive_Trident","Hololive_CallYuzukiChoco+1","Hololive_Rebirth","Hololive_CallHoshimachiSuisei+1","Hololive_CallInugamiKorone","Hololive_CallRosalyn","Hololive_OvertimeWork+1","Hololive_DurableLive","Hololive_CallRoboco+1","Hololive_Yoholoon","Hololive_CallManoAloe+1","Hololive_CallDoris+1","Hololive_Spy","Hololive_Trident","Hololive_CallAyundaRisu","Hololive_CallKiryuuCoco","Hololive_CatDogCombinationOption","Hololive_CallAZKi","Hololive_CallAiraniIofifteen","Hololive_Sequa","Hololive_CallTokoyamiTowa","Hololive_IdolExercise","Hololive_CallArtia","Hololive_CallUruhaRushia","Hololive_LuckPotion","Hololive_CallHoushouMarine+1","Hololive_Yoholoon","Hololive_FlyingPonyTail","Hololive_LuckPotion","Hololive_Spy+1","Parasite","Hololive_Breathe+1","Hololive_ILoveYou","Hololive_HuntDinosaur+1","Hololive_LuckPotion+1","Hololive_CallMoonaHoshinova","Hololive_CallNatsuiroMatsuri","Hololive_IdolExercise","Hololive_LuckPotion"],"relics":["Hololive_TheStar","HushsDoor","REME_ComplimentaryCards","DaveBox","testmod-TestBox","AT_ATBox","testmod-BouquetWithThorns","FeatherPendant","DeadEye","SynthV:TestCard","DemoMod:GlassGuonStoneRelic","testmod-OneHitWonder","DemoMod:GnawedKey","BelialBook","Whetstone","Replay:Bronze Core","theJungle:BirthdayCakeSlice","Dota2Spire:EtherealBlade","Old Coin","construct:WeddingRing","qcfpunch:White_Boots","Void","testmod-BlackFramedGlasses","Dota2Spire:LotusOrb","CombinedTypeHook","testmod-TheFather","Dota2Spire:AghanimScepter"],"acts_visited":["Exordium","theJungle:Jungle","TheBeyond","TheEnding"],"potions_floor_usage":[12,22],"damage_taken":[{"damage":0,"enemies":"Cultist","floor":1,"turns":2},{"damage":0,"enemies":"2 Louse","floor":2,"turns":1},{"damage":0,"enemies":"Small Slimes","floor":3,"turns":2},{"damage":0,"enemies":"Exordium Wildlife","floor":4,"turns":2},{"damage":0,"enemies":"3 Louse","floor":5,"turns":3},{"damage":0,"enemies":"Lagavulin","floor":6,"turns":2},{"damage":0,"enemies":"HollowMod:MossKnight","floor":8,"turns":2},{"damage":0,"enemies":"Exordium Thugs","floor":11,"turns":3},{"damage":0,"enemies":"Gremlin Nob","floor":12,"turns":2},{"damage":0,"enemies":"Blue Slaver","floor":13,"turns":2},{"damage":0,"enemies":"2 Fungi Beasts","floor":14,"turns":2},{"damage":0,"enemies":"Hexaghost","floor":16,"turns":4},{"damage":0,"enemies":"theJungle:GiantWrat","floor":18,"turns":3},{"damage":0,"enemies":"theJungle:MUSHROOMGANG","floor":22,"turns":2},{"damage":0,"enemies":"theJungle:Cassacara","floor":24,"turns":4},{"damage":0,"enemies":"theJungle:2_Snecko_Cultists","floor":25,"turns":3},{"damage":0,"enemies":"theJungle:JungleHuntersEncounter","floor":28,"turns":3},{"damage":0,"enemies":"theJungle:MamaSnecko","floor":30,"turns":4},{"damage":0,"enemies":"theJungle:Snecko_Cultist_And_Trap","floor":31,"turns":3},{"damage":0,"enemies":"theJungle:QueenSpyder","floor":33,"turns":3},{"damage":0,"enemies":"Orb Walker","floor":35,"turns":4},{"damage":0,"enemies":"3 Darklings","floor":38,"turns":2},{"damage":0,"enemies":"Nemesis","floor":40,"turns":4},{"damage":0,"enemies":"Writhing Mass","floor":41,"turns":3},{"damage":0,"enemies":"Reptomancer","floor":42,"turns":2},{"damage":0,"enemies":"4 Shapes","floor":45,"turns":3},{"damage":0,"enemies":"Nemesis","floor":47,"turns":4},{"damage":0,"enemies":"Jaw Worm Horde","floor":48,"turns":2},{"damage":0,"enemies":"Awakened One","floor":50,"turns":5},{"damage":0,"enemies":"Shield and Spear","floor":55,"turns":4},{"damage":0,"enemies":"The Heart","floor":56,"turns":5}],"seed_played":"5988787743993867648","potions_obtained":[{"floor":3,"key":"LiquidBronze"},{"floor":5,"key":"testmod-TestPotion"},{"floor":6,"key":"REME_GoldPotion"},{"floor":13,"key":"Elixir"},{"floor":18,"key":"testmod-SpacePotion"},{"floor":25,"key":"GrandPatriotsElixir:ReiMu"},{"floor":31,"key":"Block Potion"},{"floor":33,"key":"SkillPotion"},{"floor":38,"key":"champ:CounterPotion"},{"floor":55,"key":"testmod-TestPotion"}],"is_trial":false,"path_per_floor":["M","M","M","M","M","E","$","E","T","R","M","E","M","M","R","B",null,"M","?","$","?","M","R","E","M","T","R","M","R","E","M","R","B",null,"M","?","$","M","$","E","M","E","T","R","M","R","E","M","R","B",null,null,"R","$","E","B",null],"character_chosen":"Hololive_HololiveCharacter","items_purchased":["Hololive_CallYuzukiChoco","DemoMod:GnawedKey","Hololive_CallRoboco","Hololive_Yoholoon","Hololive_CallDoris+1","Hololive_Spy","Hololive_Trident","Hololive_CallArtia","qcfpunch:White_Boots","Hololive_LuckPotion","Hololive_Yoholoon","Hololive_FlyingPonyTail","Hololive_LuckPotion","testmod-TheFather","Hololive_CallNatsuiroMatsuri","Hololive_IdolExercise"],"campfire_rested":0,"item_purchase_floors":[7,7,17,17,20,20,20,34,37,37,39,39,39,54,54,54],"current_hp_per_floor":[35,35,35,35,35,35,35,35,35,35,35,35,35,35,35,35,29,29,14,14,19,19,19,24,24,24,24,24,24,24,24,34,34,31,31,31,31,31,31,31,31,31,31,31,31,31,31,31,31,31,31,31,31,31,31,31],"gold":200,"neow_bonus":"ONE_RANDOM_RARE_CARD","is_daily":false,"chose_seed":false,"campfire_upgraded":8,"win_rate":0.0,"timestamp":1613639956,"path_taken":["M","M","M","M","M","E","$","E","T","R","?","E","M","M","R","BOSS","M","?","$","?","M","R","E","M","T","R","M","R","E","M","R","BOSS","M","?","$","M","$","E","M","E","T","R","M","R","E","M","R","BOSS","R","$","E","BOSS"],"items_purchased_type":["Card","Relic","Card","Card","Card","Card","Card","Card","Relic","Card","Card","Card","Card","Relic","Card","Card"],"build_version":"2020-12-22","purchased_purges":0,"victory":true,"max_hp_per_floor":[35,35,35,35,35,35,35,35,35,35,35,35,35,35,35,35,29,29,29,29,34,34,34,34,34,34,34,34,34,34,34,34,34,31,31,31,31,31,31,31,31,31,31,31,31,31,31,31,31,31,31,31,31,31,31,31],"card_choices":[{"not_picked":[],"picked":"BettingIsNotGood","floor":0},{"not_picked":["Hololive_Trident","Hololive_CallAkiRosenthal","Hololive_HuntDinosaur"],"picked":"Hololive_CallYukihanaLamy","floor":1},{"not_picked":["Hololive_CallNekomataOkayu","Hololive_RevenueBasedLive","Hololive_LuckPotion","Hololive_CallAmaneKanata","Hololive_Recruit"],"picked":"Hololive_CallTsunomakiWatame","floor":2},{"not_picked":["Hololive_HuntDinosaur","Hololive_Rebound","Hololive_FlyingPonyTail","Hololive_CallYukihanaLamy","Hololive_OvertimeWork"],"picked":"Hololive_CocoNews","floor":3},{"not_picked":["Hololive_Psychosis","Hololive_CallSpadeEcho","Hololive_ManjiGathering","Hololive_CandyCastle","Hololive_StrengthChampion"],"picked":"Hololive_CallOmaruPolka","floor":4},{"not_picked":["Hololive_StarCraft","Hololive_CallAkiRosenthal","Hololive_CallSakuraMiko","Hololive_Trident","Hololive_Breathe"],"picked":"Hololive_CallOkamiMio","floor":5},{"not_picked":["Hololive_Rebound","Hololive_LuckPotion","Hololive_FlyingPonyTail","Hololive_AWSL","Bomb"],"picked":"Hololive_Trident","floor":6},{"not_picked":["Hololive_Psychosis","Hololive_SummonFox","Hololive_CallAmaneKanata","Hololive_Drill","Hololive_CallShirakamiFubuki"],"picked":"Hololive_Rebirth","floor":8},{"not_picked":["Hololive_Watashimo","Hololive_Spy","Hololive_CallTsunomakiWatame","Hololive_Breathe","Hololive_Teleport"],"picked":"Hololive_CallHoshimachiSuisei","floor":11},{"not_picked":["Hololive_Thief","Hololive_CallNatsuiroMatsuri","Hololive_CallUruhaRushia","Hololive_CallUsadaPekora","Hololive_CallYogiri"],"picked":"Hololive_CallInugamiKorone","floor":12},{"not_picked":["Hololive_CocoNews","Hololive_StrengthChampion","Hololive_Psychosis","Hololive_HuntDinosaur","Hololive_CallAkiRosenthal"],"picked":"Hololive_CallRosalyn","floor":13},{"not_picked":["Bomb","Hololive_Breathe","Hololive_Drill","Hololive_Psychosis","Hololive_StrengthChampion"],"picked":"Hololive_OvertimeWork","floor":14},{"not_picked":["Hololive_DDD","Hololive_DiamondStrike","Hololive_ASMR","Hololive_BeCareful","Hololive_Thief"],"picked":"Hololive_DurableLive","floor":16},{"not_picked":["Hololive_LuckPotion","Hololive_Breathe","Hololive_Drill","Hololive_CallAkiRosenthal","Hololive_HuntDinosaur+1"],"picked":"Hololive_CallManoAloe+1","floor":18},{"not_picked":["Hololive_FlyingPonyTail+1","Hololive_StarCraft","Hololive_LuckPotion+1","Hololive_ILoveYou","Hololive_CocoNews+1"],"picked":"Hololive_CallAyundaRisu","floor":22},{"not_picked":["Hololive_CallDoris","Hololive_OvertimeWork+1","Hololive_Breathe","Hololive_CallYukihanaLamy","Hololive_Sequa"],"picked":"Hololive_CallKiryuuCoco","floor":24},{"not_picked":["Hololive_CallUsadaPekora","Hololive_CallManoAloe+1","Hololive_CallFriendA","Hololive_CallOkamiMio","Hololive_CallHoshimachiSuisei"],"picked":"Hololive_CallAZKi","floor":25},{"not_picked":["Hololive_Rebound+1","Hololive_StrengthChampion","Hololive_Sequa","Hololive_Trident","Hololive_Breathe+1"],"picked":"Hololive_CallAiraniIofifteen","floor":28},{"not_picked":["Hololive_StrengthChampion","Hololive_ASMR","Hololive_Drill","Hololive_Rebound","Hololive_Breathe+1"],"picked":"Hololive_Sequa","floor":30},{"not_picked":["Hololive_CallMinatoAqua","Hololive_CallUruhaRushia","Hololive_LuckPotion","Hololive_ILoveYou","Hololive_OvertimeWork"],"picked":"Hololive_CallTokoyamiTowa","floor":31},{"not_picked":["Hololive_DDD","Hololive_HighAtkLowDef","Hololive_OpenUp","Hololive_AWSL","Hololive_WolfAndLamb"],"picked":"Hololive_IdolExercise","floor":33},{"not_picked":["Hololive_CallRoboco+1","Hololive_CallMurasakiShion+1","Hololive_CallInugamiKorone+1","Hololive_CallNatsuiroMatsuri+1","Hololive_StrengthChampion"],"picked":"Hololive_CallUruhaRushia","floor":35},{"not_picked":["Hololive_Spy","Hololive_BringToTrial","Hololive_FlyingPonyTail","Hololive_Sequa","Hololive_Drill+1"],"picked":"Hololive_CallHoushouMarine+1","floor":38},{"not_picked":["Hololive_CallFriendA+1","Hololive_Trident+1","Hololive_StrengthChampion","Hololive_Watashimo+1","Hololive_FlyingPonyTail"],"picked":"Hololive_Spy+1","floor":40},{"not_picked":["Hololive_RevenueBasedLive","Hololive_CallSpadeEcho+1","Hololive_FlyingPonyTail+1","Hololive_BeCareful","Hololive_Trident+1"],"picked":"Hololive_Breathe+1","floor":41},{"not_picked":["Hololive_Drill","Hololive_FlyingPonyTail+1","Hololive_RevenueBasedLive+1","Hololive_Psychosis+1","Hololive_CallNatsuiroMatsuri"],"picked":"Hololive_ILoveYou","floor":42},{"not_picked":["Hololive_FlyingPonyTail","Hololive_RevenueBasedLive+1","Hololive_Rebound+1","Hololive_Yoholoon+1","Hololive_Breathe"],"picked":"Hololive_HuntDinosaur+1","floor":45},{"not_picked":["Hololive_CallOmaruPolka","Hololive_HuntDinosaur+1","Hololive_Sequa","Hololive_CallAkaiHaato","Hololive_CallAiraniIofifteen+1"],"picked":"Hololive_LuckPotion+1","floor":47},{"not_picked":["Hololive_LuckPotion+1","Hololive_CocoNews+1","Hololive_CallUruhaRushia","Hololive_RevenueBasedLive+1","Hololive_Psychosis+1"],"picked":"Hololive_CallMoonaHoshinova","floor":48},{"not_picked":["Hololive_Drill","Hololive_CallYuzukiChoco","Hololive_CallRoboco+1","Hololive_Teleport+1","Hololive_Breathe+1"],"picked":"Hololive_LuckPotion","floor":55}],"player_experience":86449,"relics_obtained":[{"floor":1,"key":"SynthV:TestCard"},{"floor":6,"key":"testmod-OneHitWonder"},{"floor":8,"key":"BelialBook"},{"floor":12,"key":"Whetstone"},{"floor":26,"key":"Dota2Spire:EtherealBlade"},{"floor":30,"key":"Old Coin"},{"floor":40,"key":"Void"},{"floor":42,"key":"testmod-BlackFramedGlasses"},{"floor":43,"key":"Dota2Spire:LotusOrb"},{"floor":47,"key":"CombinedTypeHook"},{"floor":55,"key":"Dota2Spire:AghanimScepter"}],"event_choices":[{"cards_removed":["Hololive_CallOkamiMio"],"damage_healed":0,"gold_gain":0,"player_choice":"Purged","damage_taken":0,"max_hp_gain":0,"max_hp_loss":0,"event_name":"Purifier","floor":36,"gold_loss":0}],"is_beta":false,"boss_relics":[{"not_picked":["SlaversCollar","Runic Pyramid"],"picked":"Replay:Bronze Core"},{"not_picked":[]},{"not_picked":["reliquary:RedPaperclip","testmod-IncinerationGenerator"],"picked":"construct:WeddingRing"},{"not_picked":[]}],"items_purged_floors":[],"is_endless":false,"potions_floor_spawned":[3,5,6,11,13,18,25,31,33,38,40,45,55],"ascension_level":0}}