{"host":"aapp7ew3jk5k1bvd","time":1613639846,"event":{"mods":["AchievementEnabler","BaseMod","Colored Map","Custom Start","Keyboard Shortcuts","Minty Spire (QoL Compilation)","Permanent Neow","Quick Restart","StSLib","SuperFastMode"],"gold_per_floor":[117,63,83,100,100,100,100,100,123,48,48,33,44,106,106,106,106],"floor_reached":16,"language":"KOR","playtime":319,"items_purged":["Strike_B"],"score":162,"play_id":"9e5519f2-48bc-466a-b260-0835c8216341","local_time":"20210218181726","is_ascension_mode":true,"campfire_choices":[{"floor":6,"key":"REST"},{"floor":8,"key":"REST"},{"data":"Conserve Battery","floor":11,"key":"SMITH"},{"floor":15,"key":"REST"}],"circlet_count":0,"master_deck":["AscendersBane","Strike_B","Defend_B","Defend_B","Defend_B","Defend_B","Zap","Dualcast","Conserve Battery+1","Ball Lightning","Reinforced Body","Cold Snap","Defragment","Coolheaded"],"relics":["Cracked Core","Omamori","Regal Pillow","Boot"],"acts_visited":["Exordium"],"potions_floor_usage":[],"damage_taken":[{"damage":2,"enemies":"Jaw Worm","floor":1,"turns":5},{"damage":12,"enemies":"Small Slimes","floor":3,"turns":3},{"damage":1,"enemies":"Cultist","floor":4,"turns":3},{"damage":11,"enemies":"Exordium Thugs","floor":12,"turns":5},{"damage":0,"enemies":"2 Fungi Beasts","floor":13,"turns":3},{"damage":22,"enemies":"Gremlin Nob","floor":14,"turns":5},{"damage":51,"enemies":"Hexaghost","floor":16,"turns":14}],"seed_played":"473918270307099070","potions_obtained":[{"floor":1,"key":"PotionOfCapacity"},{"floor":3,"key":"LiquidMemories"}],"is_trial":false,"path_per_floor":["M","$","M","M","?","R","?","R","T","$","R","M","M","?","R","B"],"character_chosen":"DEFECT","items_purchased":["Ball Lightning"],"campfire_rested":3,"item_purchase_floors":[2],"current_hp_per_floor":[44,44,32,31,5,26,26,47,47,47,47,36,36,14,50,0,0],"gold":106,"neow_bonus":"REMOVE_TWO","is_daily":false,"chose_seed":false,"campfire_upgraded":1,"win_rate":0.0,"timestamp":1613639846,"path_taken":["M","$","M","M","?","R","?","R","T","?","R","M","M","?","R","BOSS"],"items_purchased_type":["Card"],"build_version":"2020-12-22","purchased_purges":1,"victory":false,"max_hp_per_floor":[71,71,71,71,71,71,71,71,71,71,71,71,71,71,71,71,71],"card_choices":[{"not_picked":["Aggregate","Melter"],"picked":"Conserve Battery","floor":1},{"not_picked":["Steam","Redo"],"picked":"Reinforced Body","floor":3},{"not_picked":["Redo","Multi-Cast","Recycle"],"picked":"SKIP","floor":4},{"not_picked":["Turbo","Undo"],"picked":"Cold Snap","floor":12},{"not_picked":["Redo","Skim"],"picked":"Defragment","floor":13},{"not_picked":["Rip and Tear","Streamline"],"picked":"Coolheaded","floor":14}],"player_experience":1017643,"relics_obtained":[{"floor":9,"key":"Regal Pillow"},{"floor":14,"key":"Boot"}],"event_choices":[{"damage_healed":0,"gold_gain":0,"player_choice":"Success","damage_taken":26,"relics_obtained":["Omamori"],"max_hp_gain":0,"max_hp_loss":0,"event_name":"Scrap Ooze","floor":5,"gold_loss":0},{"damage_healed":0,"gold_gain":0,"player_choice":"Ignored","damage_taken":0,"max_hp_gain":0,"max_hp_loss":0,"event_name":"Liars Game","floor":7,"gold_loss":0},{"damage_healed":0,"gold_gain":0,"player_choice":"Searched \u00271\u0027 times","damage_taken":0,"max_hp_gain":0,"max_hp_loss":0,"event_name":"Dead Adventurer","floor":14,"gold_loss":0}],"is_beta":false,"boss_relics":[],"items_purged_floors":[10],"is_endless":false,"potions_floor_spawned":[1,3,12],"killed_by":"Hexaghost","ascension_level":16}}