{"host":"5y2vm16xfq9gfmb2","time":1613631349,"event":{"mods":["AchievementEnabler","BaseMod","Better Third Choice","Colored Map","Colored Powertips","DeckTracker","Friendly Minions","Marisa????????","Minty Spire (QoL Compilation)","Rare Cards Sparkle","Relic Stats","StSLib","The Alterego","The Animator","The Marked","The Servant 0.9.4","Yohane!"],"gold_per_floor":[117,64,76,87,107,140,140,154,235,251,251,251],"floor_reached":11,"language":"ENG","playtime":592,"items_purged":[],"score":77,"play_id":"abaee94a-0d4a-40aa-ac64-36d20ab952e6","local_time":"20210218015549","is_ascension_mode":false,"campfire_choices":[],"circlet_count":0,"master_deck":["Yohane:Strike_Grey","Yohane:Strike_Grey","Yohane:Strike_Grey","Yohane:Strike_Grey","Yohane:Defend_Grey","Yohane:Defend_Grey","Yohane:Defend_Grey","Yohane:Defend_Grey","Yohane:Little_Demon_Lily","Yohane:Well_Laid_Ambush","Dramatic Entrance","Yohane:Energy_Change","Yohane:Hakodate","Yohane:Sloth","Yohane:Hell_Zone","Yohane:Accelerator","Yohane:Hell_Zone","Yohane:Miracle_Wave","Yohane:Envious","Yohane:Guilty_Kiss","Yohane:Little_Demon_Recruit","Yohane:Gluttony","Yohane:Little_Demon_Chika","Yohane:Soul_Peek"],"relics":["Yohane:AngelWings","Centennial Puzzle","Meat on the Bone"],"acts_visited":["Exordium"],"potions_floor_usage":[8,11],"damage_taken":[{"damage":1,"enemies":"Cultist","floor":1,"turns":3},{"damage":0,"enemies":"Small Slimes","floor":3,"turns":2},{"damage":1,"enemies":"2 Louse","floor":4,"turns":2},{"damage":5,"enemies":"Looter","floor":5,"turns":3},{"damage":26,"enemies":"3 Sentries","floor":6,"turns":5},{"damage":12,"enemies":"Blue Slaver","floor":8,"turns":4},{"damage":13,"enemies":"Gremlin Gang","floor":10,"turns":3},{"damage":27,"enemies":"Lagavulin","floor":11,"turns":5}],"seed_played":"-5429055153037880032","potions_obtained":[{"floor":1,"key":"Ancient Potion"},{"floor":4,"key":"Energy Potion"},{"floor":5,"key":"Strength Potion"},{"floor":8,"key":"Ancient Potion"}],"is_trial":false,"path_per_floor":["M","$","M","M","M","E","?","M","T","M","E"],"character_chosen":"FallenAngel","items_purchased":["Yohane:Hakodate"],"campfire_rested":0,"item_purchase_floors":[2],"current_hp_per_floor":[59,59,59,58,53,27,27,25,25,24,0,0],"gold":251,"neow_bonus":"RANDOM_COLORLESS","is_daily":false,"chose_seed":false,"campfire_upgraded":0,"win_rate":0.0,"timestamp":1613631349,"path_taken":["M","$","?","M","M","E","?","M","T","M","E"],"items_purchased_type":["Card"],"build_version":"2020-12-22","purchased_purges":0,"victory":false,"max_hp_per_floor":[60,60,60,60,60,60,60,60,60,60,60,60],"relic_stats":{"Centennial Puzzle":[9],"counters":[8,27],"obtain_stats":[{"Centennial Puzzle":6,"Yohane:AngelWings":0,"Meat on the Bone":9},{"Centennial Puzzle":5,"Yohane:AngelWings":0,"Meat on the Bone":6},{"Centennial Puzzle":15,"Yohane:AngelWings":0,"Meat on the Bone":19}],"Meat on the Bone":12},"card_choices":[{"not_picked":["Finesse","Forethought"],"picked":"Dramatic Entrance","floor":0},{"not_picked":["Yohane:Reckless_Greed","Yohane:Gluttony"],"picked":"Yohane:Energy_Change","floor":1},{"not_picked":["Yohane:Backfoot","Yohane:Perfection"],"picked":"Yohane:Sloth","floor":3},{"not_picked":["Yohane:Impressive_Display","Yohane:Introspection"],"picked":"Yohane:Hell_Zone","floor":4},{"not_picked":["Yohane:Angel_Tears","Yohane:Inspiration"],"picked":"Yohane:Accelerator","floor":5},{"not_picked":["Yohane:Inspiration","Yohane:Energy_Change"],"picked":"Yohane:Hell_Zone","floor":6},{"not_picked":["Yohane:Miracle_Wave","Yohane:Little_Demon_Recruit"],"picked":"Yohane:Little_Demon_Chika","floor":8},{"not_picked":["Yohane:Introspection","Yohane:Dark_Shield"],"picked":"Yohane:Soul_Peek","floor":10}],"player_experience":148550,"relics_obtained":[{"floor":6,"key":"Centennial Puzzle"},{"floor":9,"key":"Meat on the Bone"}],"event_choices":[],"is_beta":false,"boss_relics":[],"items_purged_floors":[],"is_endless":false,"potions_floor_spawned":[1,4,5,8],"killed_by":"Lagavulin","ascension_level":0}}