{"host":"dqv8oo4v229c1o2l","time":1613670969,"event":{"mods":["AchievementEnabler","BaseMod","Colored Map","Colored Powertips","Minty Spire (QoL Compilation)","Quick Restart","Rare Cards Sparkle","StSLib","Synergy Search"],"gold_per_floor":[110,121,131,131,106,106,139,139,164,183,203,224,245,258,258,377,377,396,131,46,59,59,59,59],"floor_reached":23,"language":"ENG","playtime":812,"items_purged":[],"score":318,"play_id":"9dd0751e-32b8-4170-aa76-571ffe295900","local_time":"20210218095609","is_ascension_mode":true,"campfire_choices":[{"data":"White Noise","floor":6.0,"key":"SMITH"},{"floor":15.0,"key":"REST"}],"circlet_count":0,"master_deck":["AscendersBane","Defend_B","Defend_B","Defend_B","Defend_B","Zap","Dualcast","Go for the Eyes","White Noise+1","Ball Lightning","Ball Lightning","Leap","Sweeping Beam","Loop","Thunder Strike","Loop","Defragment","Leap","Bite","Bite","Bite","Bite","Bite"],"relics":["Cracked Core","Ginger","Happy Flower","Golden Idol","Ancient Tea Set","Empty Cage","Membership Card","MealTicket","Art of War"],"acts_visited":["Exordium","TheCity"],"potions_floor_usage":[23],"damage_taken":[{"damage":0.0,"enemies":"Cultist","floor":1.0,"turns":4.0},{"damage":0.0,"enemies":"2 Louse","floor":2.0,"turns":2.0},{"damage":0.0,"enemies":"Small Slimes","floor":3.0,"turns":3.0},{"damage":25.0,"enemies":"3 Sentries","floor":7.0,"turns":5.0},{"damage":0.0,"enemies":"3 Louse","floor":10.0,"turns":3.0},{"damage":13.0,"enemies":"Exordium Thugs","floor":11.0,"turns":3.0},{"damage":4.0,"enemies":"Blue Slaver","floor":12.0,"turns":2.0},{"damage":0.0,"enemies":"Looter","floor":13.0,"turns":2.0},{"damage":0.0,"enemies":"Red Slaver","floor":14.0,"turns":1.0},{"damage":25.0,"enemies":"Hexaghost","floor":16.0,"turns":9.0},{"damage":12.0,"enemies":"3 Byrds","floor":18.0,"turns":4.0},{"damage":11.0,"enemies":"Chosen","floor":21.0,"turns":4.0},{"damage":48,"enemies":"Slavers","floor":23,"turns":4}],"seed_played":"-8594375452018632748","potions_obtained":[{"floor":7.0,"key":"Fire Potion"},{"floor":11.0,"key":"Fire Potion"},{"floor":13.0,"key":"SpeedPotion"},{"floor":14.0,"key":"Dexterity Potion"}],"is_trial":false,"path_per_floor":["M","M","M","?","$","R","E","?","T","M","M","M","M","M","R","B",null,"M","$","?","M","?","E"],"character_chosen":"DEFECT","items_purchased":["Ball Lightning","Membership Card","MealTicket","Defragment"],"campfire_rested":1,"item_purchase_floors":[5,19,19,19],"current_hp_per_floor":[50,50,50,55,55,55,30,30,30,30,17,13,13,13,35,10,58,46,46,46,35,35,0,0],"gold":59,"neow_bonus":"ONE_RARE_RELIC","is_daily":false,"chose_seed":false,"campfire_upgraded":1,"win_rate":0.0,"timestamp":1613670969,"path_taken":["M","M","M","?","$","R","E","?","T","M","M","M","M","M","R","BOSS","M","$","?","M","?","E"],"items_purchased_type":["Card","Relic","Relic","Card"],"build_version":"2020-12-22","purchased_purges":0,"victory":false,"max_hp_per_floor":[75,75,75,80,80,80,80,74,74,74,74,74,74,74,74,74,74,74,74,74,74,51,51,51],"card_choices":[{"not_picked":["Redo","Darkness"],"picked":"Go for the Eyes","floor":1.0},{"not_picked":["Rebound","Steam"],"picked":"White Noise","floor":2.0},{"not_picked":["Stack","Compile Driver"],"picked":"Ball Lightning","floor":3.0},{"not_picked":["Cold Snap","Steam Power"],"picked":"Leap","floor":7.0},{"not_picked":["Beam Cell","Leap"],"picked":"Sweeping Beam","floor":10.0},{"not_picked":["Undo","Cold Snap","Aggregate"],"picked":"SKIP","floor":11.0},{"not_picked":["Heatsinks","Redo","Rebound"],"picked":"SKIP","floor":12.0},{"not_picked":["Consume","Redo","Multi-Cast"],"picked":"SKIP","floor":13.0},{"not_picked":["Undo","Gash"],"picked":"Loop","floor":14.0},{"not_picked":["Hyperbeam","Fission"],"picked":"Thunder Strike","floor":16.0},{"not_picked":["Turbo","Consume"],"picked":"Loop","floor":18.0},{"not_picked":["Barrage","Redo"],"picked":"Leap","floor":21.0}],"player_experience":334720,"relics_obtained":[{"floor":7.0,"key":"Happy Flower"},{"floor":9.0,"key":"Ancient Tea Set"}],"event_choices":[{"damage_healed":0.0,"max_hp_gain":5.0,"max_hp_loss":0.0,"gold_gain":0.0,"event_name":"Big Fish","player_choice":"Donut","floor":4.0,"gold_loss":0.0,"damage_taken":0.0},{"damage_healed":0.0,"max_hp_gain":0.0,"max_hp_loss":6.0,"gold_gain":0.0,"event_name":"Golden Idol","player_choice":"Lose Max HP","floor":8.0,"gold_loss":0.0,"damage_taken":0.0,"relics_obtained":["Golden Idol"]},{"damage_healed":0.0,"max_hp_gain":0.0,"max_hp_loss":0.0,"gold_gain":0.0,"event_name":"Addict","player_choice":"Obtained Relic","floor":20.0,"gold_loss":85.0,"damage_taken":0.0,"relics_obtained":["Art of War"]},{"damage_healed":0.0,"max_hp_gain":0.0,"max_hp_loss":23.0,"gold_gain":0.0,"event_name":"Vampires","player_choice":"Became a vampire","floor":22.0,"gold_loss":0.0,"damage_taken":0.0,"cards_obtained":["Bite","Bite","Bite","Bite","Bite"]}],"is_beta":false,"boss_relics":[{"not_picked":["Ectoplasm","Runic Dome"],"picked":"Empty Cage"}],"items_purged_floors":[],"is_endless":false,"potions_floor_spawned":[7,11,13,14],"killed_by":"Slavers","ascension_level":10}}