{"host":"jh7kh5nqtgzr3auj","time":1613644317,"event":{"mods":["AchievementEnabler","Act Like it!","BaseMod","Lobotomy","LobotomyExtend","Minty Spire (QoL Compilation)","Quick Restart","Relic Stats","StSLib","TestMod","【遗物卡牌】REMEMod"],"gold_per_floor":[117,117,117,131,144,185,201,201,201,201,201,236,236,274,274,369,369,394,418,436,460,474,510,545,545,545,559,594,628,651,686,686,775,775,775,775,796,827,846,880,880,915,927,939,986,156,156,156,156,156,156,156,156,56,87,87],"floor_reached":57,"language":"ZHS","playtime":5188,"items_purged":["Strike_R","Defend_R"],"score":3222,"play_id":"c4cefdf2-b406-4a62-80ea-7a14d4eb7fc1","local_time":"20210218183157","is_ascension_mode":true,"campfire_choices":[{"data":"True Grit","floor":15.0,"key":"SMITH"},{"data":"Feel No Pain","floor":25,"key":"SMITH"},{"data":"REME_Fury","floor":32,"key":"SMITH"},{"data":"Strike_R","floor":41,"key":"PURGE"},{"floor":44,"key":"RECALL"},{"data":"Strike_R","floor":49,"key":"PURGE"},{"data":"testmod-Reflect","floor":53,"key":"SMITH"}],"circlet_count":0,"master_deck":["WhiteNight","Defend_R","Defend_R","Defend_R","Bash","REME_EyeOfCthun+1","LongBird","ShyLook","Rage+1","GreedKing","Body Slam","REME_SingleHolding+1","MHz","Second Wind","True Grit+1","DreamingCurrent","REME_Cut+1","Mercenary","REME_FearOfPain","MeatLantern","OldLady","Armaments+1","Dark Embrace+1","Feel No Pain+1","RedShoes","Wellcheers","LittlePrince","BlueStar","REME_Fury+1","BlackSwan","Barricade","CurseOfTheBell","Rupture","OSAHOGD","BodiesMountain","LittleHelper","Whirlwind","FieryBird","PunishingBird","Rupture","NakedNest","Metallicize+1","QueenOfHatred","Exhume","testmod-Reflect+1","SnowQueen"],"relics":["Burning Blood","testmod-TestBox","REME_ComplimentaryCards","CogitoBucket","testmod-GiftOfSatan","LetterFromLob","Golden Idol","Akabeko","Ornamental Fan","WingedGreaves","Mummified Hand","testmod-IncinerationGenerator","LuminousBracelet","Gambling Chip","Anchor","testmod-ObsoleteBoomerang","AspirationHeart","Red Mask","Mercury Hourglass","Calling Bell","Vajra","REME_LimitBreaker","Peace Pipe","DeathAngel","testmod-RainbowHikingShoes","Eternal Feather","MawBank","Bag of Preparation","ClockworkSouvenir","Turnip","Shuriken"],"acts_visited":["Exordium","TheCity","TheBeyond","TheEnding"],"potions_floor_usage":[21,24,35],"damage_taken":[{"damage":0.0,"enemies":"Cultist","floor":1.0,"turns":2.0},{"damage":0.0,"enemies":"2 Louse","floor":4.0,"turns":2.0},{"damage":1.0,"enemies":"Jaw Worm","floor":5.0,"turns":2.0},{"damage":0.0,"enemies":"Gremlin Nob","floor":6.0,"turns":2.0},{"damage":16.0,"enemies":"Blue Slaver","floor":7.0,"turns":3.0},{"damage":16.0,"enemies":"Lagavulin","floor":12.0,"turns":6.0},{"damage":23.0,"enemies":"Gremlin Nob","floor":14.0,"turns":3.0},{"damage":54.0,"enemies":"Hexaghost","floor":16.0,"turns":9.0},{"damage":0.0,"enemies":"Spheric Guardian","floor":18.0,"turns":1.0},{"damage":29,"enemies":"2 Thieves","floor":19,"turns":3},{"damage":23,"enemies":"Snake Plant","floor":20,"turns":4},{"damage":11,"enemies":"3 Cultists","floor":21,"turns":4},{"damage":9,"enemies":"Chosen and Byrds","floor":22,"turns":2},{"damage":54,"enemies":"Gremlin Leader","floor":23,"turns":3},{"damage":45,"enemies":"REME_1_Revenger","floor":24,"turns":5},{"damage":13,"enemies":"Snecko","floor":27,"turns":2},{"damage":0,"enemies":"Masked Bandits","floor":28,"turns":1},{"damage":47,"enemies":"Book of Stabbing","floor":29,"turns":3},{"damage":8,"enemies":"Centurion and Healer","floor":30,"turns":3},{"damage":21,"enemies":"REME_1_Revenger","floor":31,"turns":3},{"damage":31,"enemies":"Champ","floor":33,"turns":5},{"damage":205,"enemies":"3 Shapes","floor":35,"turns":8},{"damage":10,"enemies":"3 Shapes","floor":37,"turns":2},{"damage":12,"enemies":"Mind Bloom Boss Battle","floor":38,"turns":3},{"damage":0,"enemies":"3 Darklings","floor":39,"turns":1},{"damage":61,"enemies":"Giant Head","floor":40,"turns":4},{"damage":5,"enemies":"Nemesis","floor":42,"turns":3},{"damage":27,"enemies":"Reptomancer","floor":45,"turns":2},{"damage":2,"enemies":"Donu and Deca","floor":50,"turns":2},{"damage":66,"enemies":"Time Eater","floor":51,"turns":6},{"damage":42,"enemies":"Shield and Spear","floor":55,"turns":2},{"damage":71,"enemies":"The Heart","floor":56,"turns":5}],"seed_played":"-5415386377952086956","potions_obtained":[{"floor":4.0,"key":"Dexterity Potion"},{"floor":7.0,"key":"ColorlessPotion"},{"floor":20,"key":"Explosive Potion"},{"floor":21,"key":"Fruit Juice"},{"floor":23,"key":"REME_GoldPotion"},{"floor":24,"key":"Regen Potion"},{"floor":35,"key":"BloodPotion"}],"is_trial":false,"path_per_floor":["M","?","?","M","M","E","M","?","T","E","?","E","?","E","R","B",null,"M","M","M","M","M","E","E","R","T","M","?","E","M","E","R","B",null,"M","?","M","?","M","E","R","E","T","R","E","$","?","?","R","B","B",null,"R","$","E","B",null],"character_chosen":"IRONCLAD","items_purchased":["Exhume","testmod-Reflect","ClockworkSouvenir","Turnip"],"campfire_rested":0,"item_purchase_floors":[46,46,46,46],"current_hp_per_floor":[74,48,48,65,70,76,66,66,66,66,71,78,78,73,73,73,92,113,112,122,128,128,82,90,90,90,118,136,110,143,143,143,148,148,56,56,84,146,151,151,151,151,151,151,151,151,151,151,151,151,146,146,146,146,151,151],"gold":87,"neow_bonus":"","is_daily":false,"chose_seed":false,"campfire_upgraded":4,"win_rate":0.0,"timestamp":1613644317,"path_taken":["M","?","?","M","?","E","M","?","T","E","?","E","?","E","R","BOSS","M","M","M","M","M","E","E","R","T","M","?","E","M","E","R","BOSS","M","?","M","?","M","E","R","E","T","R","E","$","?","?","R","BOSS","BOSS","R","$","E","BOSS"],"items_purchased_type":["Card","Card","Relic","Relic"],"build_version":"2020-12-22","purchased_purges":2,"victory":true,"max_hp_per_floor":[75,75,75,80,80,80,80,80,80,83,88,93,93,93,93,98,98,113,123,123,128,128,128,128,128,128,138,138,138,143,148,148,148,148,148,141,146,151,151,151,151,151,151,151,151,151,151,151,151,151,151,151,151,151,151,158],"relic_stats":{"counters":[36,109],"Golden Idol":231,"Eternal Feather":0,"Bag of Preparation":[8],"MawBank":48,"Burning Blood":109,"Mercury Hourglass":[167],"Peace Pipe":2,"Ornamental Fan":[92],"Mummified Hand":[136],"Shuriken":[5],"Gambling Chip":[91],"Turnip":[2],"obtain_stats":[{"LuminousBracelet":18,"Vajra":34,"testmod-IncinerationGenerator":17,"Bag of Preparation":45,"testmod-RainbowHikingShoes":38,"Burning Blood":0,"ClockworkSouvenir":46,"CogitoBucket":0,"Mummified Hand":14,"Gambling Chip":23,"testmod-ObsoleteBoomerang":26,"WingedGreaves":12,"Red Mask":28,"testmod-TestBox":0,"Golden Idol":2,"AspirationHeart":27,"Eternal Feather":40,"DeathAngel":35,"War Paint":8,"REME_LimitBreaker":34,"MawBank":42,"Akabeko":6,"Mercury Hourglass":31,"Calling Bell":34,"Peace Pipe":34,"Anchor":24,"testmod-GiftOfSatan":0,"Ornamental Fan":9,"Shuriken":55,"Turnip":46,"LetterFromLob":1,"REME_ComplimentaryCards":0},{"LuminousBracelet":10,"Vajra":23,"testmod-IncinerationGenerator":8,"Bag of Preparation":32,"testmod-RainbowHikingShoes":28,"Burning Blood":0,"ClockworkSouvenir":32,"CogitoBucket":0,"Mummified Hand":7,"Gambling Chip":15,"testmod-ObsoleteBoomerang":16,"WingedGreaves":6,"Red Mask":19,"testmod-TestBox":0,"Golden Idol":1,"AspirationHeart":18,"Eternal Feather":30,"DeathAngel":26,"War Paint":5,"REME_LimitBreaker":23,"MawBank":31,"Akabeko":4,"Mercury Hourglass":22,"Calling Bell":23,"Peace Pipe":23,"Anchor":16,"testmod-GiftOfSatan":0,"Ornamental Fan":5,"Shuriken":35,"Turnip":32,"LetterFromLob":1,"REME_ComplimentaryCards":0},{"LuminousBracelet":31,"Vajra":70,"testmod-IncinerationGenerator":29,"Bag of Preparation":94,"testmod-RainbowHikingShoes":84,"Burning Blood":0,"ClockworkSouvenir":94,"CogitoBucket":0,"Mummified Hand":20,"Gambling Chip":47,"testmod-ObsoleteBoomerang":52,"WingedGreaves":17,"Red Mask":56,"testmod-TestBox":0,"Golden Idol":2,"AspirationHeart":55,"Eternal Feather":89,"DeathAngel":80,"War Paint":11,"REME_LimitBreaker":70,"MawBank":92,"Akabeko":8,"Mercury Hourglass":65,"Calling Bell":70,"Peace Pipe":70,"Anchor":52,"testmod-GiftOfSatan":0,"Ornamental Fan":11,"Shuriken":104,"Turnip":94,"LetterFromLob":2,"REME_ComplimentaryCards":0}]},"card_choices":[{"not_picked":["MHz","VoidDream"],"picked":"LongBird","floor":1.0},{"not_picked":["Sword Boomerang","Iron Wave"],"picked":"Flex","floor":1.0},{"not_picked":["VoidDream","UniverseFragment"],"picked":"ShyLook","floor":4.0},{"not_picked":["Carnage","Blood for Blood"],"picked":"Rage","floor":4.0},{"not_picked":["CrumblingArmor","Yin","Variant"],"picked":"Singing Bowl","floor":5.0},{"not_picked":["LaLuna","HeroicMonk"],"picked":"GreedKing","floor":5.0},{"not_picked":["Thunderclap","Reaper"],"picked":"Body Slam","floor":5.0},{"not_picked":["Rupture","Combust"],"picked":"REME_SingleHolding","floor":6.0},{"not_picked":["Porccubus","SpiderBud"],"picked":"MHz","floor":6.0},{"not_picked":["Headbutt","Pommel Strike"],"picked":"Second Wind","floor":7.0},{"not_picked":["Scarecrow","Murderer"],"picked":"VoidDream","floor":7.0},{"not_picked":["Flex","REME_SingleHolding"],"picked":"True Grit","floor":12.0},{"not_picked":["CherryBlossoms","Scorched"],"picked":"DreamingCurrent","floor":12.0},{"not_picked":["Yin","CherryBlossoms"],"picked":"WallGazer","floor":14.0},{"not_picked":["Twin Strike","Shockwave","REME_SingleHolding"],"picked":"SKIP","floor":14.0},{"not_picked":["Bludgeon","Juggernaut"],"picked":"Offering","floor":16.0},{"not_picked":["CherryBlossoms","UniverseFragment"],"picked":"SpiderBud","floor":16.0},{"not_picked":["Iron Wave+1","Disarm"],"picked":"REME_Cut+1","floor":18.0},{"not_picked":["Freischutz","Bloodbath"],"picked":"Mercenary","floor":18.0},{"not_picked":["NakedNest","Bloodbath"],"picked":"Laetitia","floor":19},{"not_picked":["Seeing Red","Anger"],"picked":"Combust","floor":19},{"not_picked":["Body Slam","Carnage"],"picked":"REME_FearOfPain","floor":20},{"not_picked":["Scorched","Funeral"],"picked":"MeatLantern","floor":20},{"not_picked":["UniverseFragment","QueenBee"],"picked":"OldLady","floor":21},{"not_picked":["True Grit","Sword Boomerang"],"picked":"Armaments+1","floor":21},{"not_picked":["Havoc+1","Shockwave"],"picked":"Dark Embrace+1","floor":22},{"not_picked":["HappyTeddy","LaLuna"],"picked":"Scarecrow","floor":22},{"not_picked":["Headbutt","Twin Strike"],"picked":"Feel No Pain","floor":23},{"not_picked":["Alriune","BeautyBeast"],"picked":"RedShoes","floor":23},{"not_picked":["LaLuna","Porccubus"],"picked":"Wellcheers","floor":24},{"not_picked":["Thunderclap","Clothesline","Spot Weakness"],"picked":"SKIP","floor":24},{"not_picked":["BeautyBeast","BigBadWolf"],"picked":"LittlePrince","floor":27},{"not_picked":["Pommel Strike","Cleave+1","Twin Strike"],"picked":"SKIP","floor":27},{"not_picked":["Inflame","Havoc"],"picked":"Sentinel","floor":28},{"not_picked":["Rudolta","CherryBlossoms"],"picked":"BlueStar","floor":28},{"not_picked":["Ghostly Armor","Anger"],"picked":"REME_Fury","floor":29},{"not_picked":["LittleHelper","DespairKnight"],"picked":"BlackSwan","floor":29},{"not_picked":["WhitesApple","Alriune"],"picked":"PlagueDoctor","floor":30},{"not_picked":["Pommel Strike","Spot Weakness","Warcry"],"picked":"SKIP","floor":30},{"not_picked":["Pommel Strike","Spot Weakness","Warcry"],"picked":"SKIP","floor":30},{"not_picked":["Funeral","FairyFestival"],"picked":"BlackArmy","floor":31},{"not_picked":["Pommel Strike","Shrug It Off","Spot Weakness"],"picked":"SKIP","floor":31},{"not_picked":["Pommel Strike","Shrug It Off","Spot Weakness"],"picked":"SKIP","floor":31},{"not_picked":["Exhume","Fiend Fire"],"picked":"Barricade","floor":33},{"not_picked":["Freischutz","LaLuna"],"picked":"Funeral","floor":33},{"not_picked":["Warcry","Seeing Red"],"picked":"Rupture","floor":35},{"not_picked":["SnowQueen","NakedNest"],"picked":"OSAHOGD","floor":35},{"not_picked":["Flame Barrier","Searing Blow"],"picked":"Seeing Red+1","floor":37},{"not_picked":["HeroicMonk","UniverseFragment"],"picked":"BodiesMountain","floor":37},{"not_picked":["CrumblingArmor","Yin"],"picked":"LittleHelper","floor":38},{"not_picked":["Headbutt","Clothesline"],"picked":"Whirlwind","floor":39},{"not_picked":["GalaxyChild","UniverseFragment"],"picked":"FieryBird","floor":39},{"not_picked":["LaLuna","Bloodbath"],"picked":"PunishingBird","floor":40},{"not_picked":["Clash","Iron Wave","Sword Boomerang"],"picked":"SKIP","floor":40},{"not_picked":["Feed","Shrug It Off"],"picked":"Rupture","floor":42},{"not_picked":["QueenBee","DespairKnight"],"picked":"NakedNest","floor":42},{"not_picked":["Perfected Strike+1","Battle Trance+1"],"picked":"Metallicize+1","floor":45},{"not_picked":["CherryBlossoms","Funeral"],"picked":"QueenOfHatred","floor":45},{"not_picked":["HappyTeddy","Alriune"],"picked":"SnowQueen","floor":55},{"not_picked":["Pummel","Flex+1","Iron Wave"],"picked":"SKIP","floor":55},{"not_picked":["Pummel","Flex+1","Iron Wave"],"picked":"SKIP","floor":55}],"player_experience":272377,"relics_obtained":[{"floor":1.0,"key":"LetterFromLob"},{"floor":6.0,"key":"Akabeko"},{"floor":9.0,"key":"Ornamental Fan"},{"floor":12.0,"key":"WingedGreaves"},{"floor":14.0,"key":"Mummified Hand"},{"floor":23,"key":"Gambling Chip"},{"floor":24,"key":"Anchor"},{"floor":26,"key":"testmod-ObsoleteBoomerang"},{"floor":28,"key":"Red Mask"},{"floor":31,"key":"Mercury Hourglass"},{"floor":34,"key":"Vajra"},{"floor":34,"key":"REME_LimitBreaker"},{"floor":34,"key":"Peace Pipe"},{"floor":35,"key":"DeathAngel"},{"floor":38,"key":"testmod-RainbowHikingShoes"},{"floor":40,"key":"Eternal Feather"},{"floor":42,"key":"MawBank"},{"floor":45,"key":"Bag of Preparation"},{"floor":55,"key":"Shuriken"}],"event_choices":[{"damage_healed":0.0,"max_hp_gain":0.0,"max_hp_loss":0.0,"gold_gain":0.0,"event_name":"Golden Idol","player_choice":"Take Damage","floor":2.0,"gold_loss":0.0,"damage_taken":26.0,"relics_obtained":["Golden Idol"]},{"damage_healed":0.0,"max_hp_gain":0.0,"max_hp_loss":0.0,"gold_gain":0.0,"event_name":"Upgrade Shrine","player_choice":"Upgraded","floor":3.0,"gold_loss":0.0,"damage_taken":0.0,"cards_upgraded":["REME_EyeOfCthun"]},{"damage_healed":0.0,"max_hp_gain":0.0,"max_hp_loss":0.0,"gold_gain":0.0,"event_name":"给自己的盒子","player_choice":"Swap Relic","floor":8.0,"relics_lost":["War Paint"],"gold_loss":0.0,"damage_taken":0.0,"relics_obtained":["War Paint"]},{"damage_healed":0.0,"max_hp_gain":5.0,"max_hp_loss":0.0,"gold_gain":0.0,"event_name":"Big Fish","player_choice":"Donut","floor":11.0,"gold_loss":0.0,"damage_taken":0.0},{"cards_removed":["Strike_R"],"damage_healed":0.0,"max_hp_gain":0.0,"max_hp_loss":0.0,"gold_gain":0.0,"event_name":"Purifier","player_choice":"Purged","floor":13.0,"gold_loss":0.0,"damage_taken":0.0},{"damage_healed":0,"gold_gain":0,"player_choice":"Fought Bandits","damage_taken":0,"max_hp_gain":0,"max_hp_loss":0,"event_name":"Masked Bandits","floor":28,"gold_loss":0},{"damage_healed":0,"gold_gain":0,"player_choice":"Max HP","damage_taken":0,"max_hp_gain":0,"max_hp_loss":7,"event_name":"Winding Halls","floor":36,"gold_loss":0},{"damage_healed":0,"gold_gain":0,"player_choice":"Fight","damage_taken":0,"max_hp_gain":0,"max_hp_loss":0,"event_name":"MindBloom","floor":38,"gold_loss":0},{"cards_removed":["Scarecrow"],"damage_healed":0,"gold_gain":0,"player_choice":"Offered Uncommon","damage_taken":0,"max_hp_gain":0,"max_hp_loss":0,"event_name":"Bonfire Elementals","floor":48,"gold_loss":0}],"is_beta":false,"boss_relics":[{"not_picked":["Ectoplasm","testmod-GoldenSoul"],"picked":"testmod-IncinerationGenerator"},{"not_picked":["Runic Dome","Runic Cube"],"picked":"Calling Bell"}],"items_purged_floors":[46,54],"is_endless":false,"potions_floor_spawned":[4,7,20,21,23,24,28,35,39,42,55],"ascension_level":20}}