{"host":"p0vwcc4jwwlf90es","time":1613614298,"event":{"mods":["AchievementEnabler","Act Like it!","Arknights","BaseMod","Bestiary","Colored Map","Colored Powertips","DeckTracker","Duelist Mod","Highlight Path","Infinite Spire","Koishi","Mad Scientist","Marisa????????","Minty Spire (QoL Compilation)","Relic Sorter","StSLib","Synergy Search","The Administrix","The Animator","The Bladedancer","The Mystic","The Servant 0.9.4","The Wild Card"],"gold_per_floor":[122,140,152,5,5,5,5],"floor_reached":6,"language":"ENG","playtime":913,"items_purged":[],"score":38,"play_id":"289fd55f-58ff-40f8-bd32-05dcf0d81297","local_time":"20210218001138","is_ascension_mode":true,"campfire_choices":[],"circlet_count":0,"master_deck":["animator:Strike_Elsword","animator:Defend_Elsword","animator:Strike","animator:Strike","animator:Strike","animator:Defend","animator:Defend","animator:Defend","animator:Chung","animator:Raven","animator:Aisha","animator:Sonic","animator:Ciel","animator:Rena","animator:Laby","animator:LimeBell"],"relics":["animator:LivingPicture","animator:TheMissingPiece","Tiny Chest"],"acts_visited":["Exordium"],"potions_floor_usage":[6,6],"damage_taken":[{"damage":6,"enemies":"infinitespire:Voidling","floor":1,"turns":6},{"damage":0,"enemies":"ats:Genji","floor":2,"turns":5},{"damage":0,"enemies":"Cultist","floor":3,"turns":5},{"damage":75,"enemies":"Gremlin Nob","floor":6,"turns":8}],"seed_played":"-2068747782024206502","potions_obtained":[{"floor":1,"key":"Swift Potion"},{"floor":3,"key":"PowerPotion"}],"is_trial":false,"path_per_floor":["M","M","M","$","?","E"],"character_chosen":"THE_ANIMATOR","items_purchased":["animator:Rena","animator:Laby"],"campfire_rested":0,"item_purchase_floors":[4,4],"current_hp_per_floor":[64,64,65,65,65,0,0],"gold":5,"neow_bonus":"RANDOM_COMMON_RELIC","is_daily":false,"chose_seed":false,"campfire_upgraded":0,"win_rate":0.0,"timestamp":1613614298,"path_taken":["M","M","?","$","?","E"],"items_purchased_type":["Card","Card"],"build_version":"2020-12-22","purchased_purges":0,"victory":false,"max_hp_per_floor":[66,66,67,67,67,67,67],"card_choices":[{"not_picked":["animator:Millim","animator:Entoma"],"picked":"animator:Aisha","floor":1},{"not_picked":["animator:RoryMercury","animator:Kazuma"],"picked":"animator:Sonic","floor":2},{"not_picked":["animator:Millim","animator:Sonic"],"picked":"animator:Ciel","floor":3}],"player_experience":484036,"relics_obtained":[],"event_choices":[{"damage_healed":0,"gold_gain":0,"player_choice":"1 cards matched","damage_taken":0,"max_hp_gain":0,"max_hp_loss":0,"event_name":"Match and Keep!","floor":5,"gold_loss":0,"cards_obtained":["animator:LimeBell"]}],"is_beta":false,"boss_relics":[],"items_purged_floors":[],"is_endless":false,"potions_floor_spawned":[1,3],"killed_by":"Gremlin Nob","ascension_level":1}}