{"host":"iudiqz5bwex5meyb","time":1613667712,"event":{"mods":["AchievementEnabler","BaseMod","Block Reminder","Colored Map","Minty Spire (QoL Compilation)","StSLib","ojb\u0027s Better Paths Mod","ojb\u0027s Info Mod"],"gold_per_floor":[118,293,313,326,98,132,149,166,190,206,218,235,261,261,261,392,392,407,52,76,76,76,76,117,117,117,117,131,131,155,190,190,318,318,332,355,379,102,116,151,151,167,194,228,240,295,328,42,42,42,42,42,42,42,42],"floor_reached":54,"language":"ENG","playtime":5051,"items_purged":["Strike_G","Doubt","Strike_G"],"score":1163,"play_id":"1e09a3e9-423e-4181-8f28-6ac10b479fc6","local_time":"20210218110152","is_ascension_mode":true,"campfire_choices":[{"data":"Cloak And Dagger","floor":15,"key":"SMITH"},{"data":"RitualDagger","floor":23,"key":"SMITH"},{"data":"Leg Sweep","floor":25,"key":"SMITH"},{"data":"Cloak And Dagger","floor":27,"key":"SMITH"},{"data":"Blade Dance","floor":32,"key":"SMITH"},{"data":"Blade Dance","floor":41,"key":"SMITH"},{"floor":49,"key":"RECALL"},{"data":"Acrobatics","floor":52,"key":"SMITH"}],"circlet_count":0,"master_deck":["Strike_G","Strike_G","Strike_G","Defend_G","Defend_G","Defend_G","Defend_G","Defend_G","Survivor","Neutralize","Poisoned Stab","Poisoned Stab","Leg Sweep+1","Acrobatics+1","Blade Dance+1","Footwork","Blade Dance+1","Deflect","Cloak And Dagger+1","Cloak And Dagger+1","Injury","Corpse Explosion","Flying Knee","RitualDagger+1","Slice+1","Backflip+1","Bullet Time","Slice+1","Infinite Blades","Slice+1","After Image","Accuracy+1","Terror","Backstab+1","Prepared+1","Finisher+1"],"relics":["Sozu","Sling","Ornamental Fan","Vajra","Golden Idol","Runic Pyramid","Kunai","Ancient Tea Set","Molten Egg 2","Tiny Chest","WristBlade","White Beast Statue","Bag of Marbles","MawBank","Calipers"],"acts_visited":["Exordium","TheCity","TheBeyond","TheEnding"],"potions_floor_usage":[],"damage_taken":[{"damage":2,"enemies":"Jaw Worm","floor":1,"turns":5},{"damage":0,"enemies":"2 Louse","floor":3,"turns":3},{"damage":0,"enemies":"Cultist","floor":4,"turns":3},{"damage":14,"enemies":"Lagavulin","floor":6,"turns":8},{"damage":14,"enemies":"Exordium Thugs","floor":7,"turns":7},{"damage":0,"enemies":"Large Slime","floor":8,"turns":8},{"damage":4,"enemies":"Exordium Wildlife","floor":10,"turns":7},{"damage":0,"enemies":"Blue Slaver","floor":11,"turns":4},{"damage":0,"enemies":"Red Slaver","floor":12,"turns":3},{"damage":0,"enemies":"3 Sentries","floor":13,"turns":6},{"damage":4,"enemies":"Hexaghost","floor":16,"turns":12},{"damage":5,"enemies":"Spheric Guardian","floor":18,"turns":4},{"damage":0,"enemies":"Shell Parasite","floor":20,"turns":5},{"damage":17,"enemies":"Book of Stabbing","floor":24,"turns":5},{"damage":9,"enemies":"Shelled Parasite and Fungi","floor":28,"turns":5},{"damage":1,"enemies":"Snecko","floor":30,"turns":4},{"damage":8,"enemies":"Gremlin Leader","floor":31,"turns":6},{"damage":44,"enemies":"Collector","floor":33,"turns":13},{"damage":2,"enemies":"3 Darklings","floor":35,"turns":5},{"damage":11,"enemies":"Orb Walker","floor":36,"turns":3},{"damage":6,"enemies":"3 Darklings","floor":37,"turns":3},{"damage":3,"enemies":"Jaw Worm Horde","floor":39,"turns":5},{"damage":0,"enemies":"Giant Head","floor":40,"turns":6},{"damage":0,"enemies":"4 Shapes","floor":42,"turns":1},{"damage":13,"enemies":"Nemesis","floor":44,"turns":5},{"damage":0,"enemies":"Reptomancer","floor":46,"turns":3},{"damage":0,"enemies":"Writhing Mass","floor":47,"turns":2},{"damage":2,"enemies":"Awakened One","floor":50,"turns":10},{"damage":58,"enemies":"Shield and Spear","floor":54,"turns":2}],"seed_played":"-3378253334616434102","potions_obtained":[],"is_trial":false,"path_per_floor":["M","?","M","M","$","E","M","M","T","M","M","M","E","?","R","B",null,"M","$","M","?","?","R","E","R","T","R","M","?","M","E","R","B",null,"M","M","M","$","M","E","R","M","T","E","$","E","M","$","R","B",null,"R","$","E"],"character_chosen":"THE_SILENT","items_purchased":["Sling","Kunai","After Image","Calipers"],"campfire_rested":0,"item_purchase_floors":[5,19,38,48],"current_hp_per_floor":[61,61,61,61,61,47,33,33,33,29,29,29,29,29,29,25,59,54,54,54,54,48,48,31,31,31,31,22,70,69,61,61,17,57,55,44,38,38,35,35,35,35,35,22,22,22,22,22,22,20,58,58,58,0,0],"gold":42,"neow_bonus":"BOSS_RELIC","is_daily":false,"chose_seed":false,"campfire_upgraded":7,"win_rate":0.0,"timestamp":1613667712,"path_taken":["M","?","M","M","$","E","M","M","T","M","M","M","E","?","R","BOSS","M","$","M","?","?","R","E","R","T","R","M","?","M","E","R","BOSS","M","M","M","?","M","E","R","M","T","E","?","E","M","$","R","BOSS","R","$","E"],"items_purchased_type":["Relic","Relic","Card","Relic"],"build_version":"2020-12-22","purchased_purges":3,"victory":false,"max_hp_per_floor":[70,70,70,70,70,70,70,70,70,70,70,70,70,70,70,70,70,70,70,70,70,70,70,70,70,70,70,70,70,70,70,70,70,70,70,70,70,70,70,70,70,70,70,70,70,70,70,70,70,70,70,70,70,70,70],"card_choices":[{"not_picked":["Bane","Prepared"],"picked":"Poisoned Stab","floor":1},{"not_picked":["Outmaneuver","Endless Agony"],"picked":"Poisoned Stab","floor":3},{"not_picked":["Reflex","Endless Agony"],"picked":"Leg Sweep","floor":4},{"not_picked":["Flying Knee","Poisoned Stab"],"picked":"Acrobatics","floor":6},{"not_picked":["Unload","Expertise"],"picked":"Blade Dance","floor":7},{"not_picked":["Dagger Spray","Dagger Throw"],"picked":"Footwork","floor":8},{"not_picked":["All Out Attack","Terror"],"picked":"Blade Dance","floor":10},{"not_picked":["Prepared","Blade Dance"],"picked":"Deflect","floor":11},{"not_picked":["Tactician","Concentrate"],"picked":"Cloak And Dagger","floor":12},{"not_picked":["Die Die Die","Underhanded Strike"],"picked":"Cloak And Dagger","floor":13},{"not_picked":["Malaise","Tools of the Trade"],"picked":"Corpse Explosion","floor":16},{"not_picked":["Eviscerate","Slice"],"picked":"Flying Knee","floor":18},{"not_picked":["Flying Knee","Outmaneuver","Dagger Spray"],"picked":"SKIP","floor":20},{"not_picked":["Die Die Die","Dodge and Roll"],"picked":"Blur","floor":24},{"not_picked":["Dodge and Roll","Quick Slash+1","Deadly Poison+1"],"picked":"SKIP","floor":28},{"not_picked":["Endless Agony+1","Leg Sweep"],"picked":"Slice+1","floor":30},{"not_picked":["Eviscerate+1","All Out Attack+1"],"picked":"Backflip+1","floor":31},{"not_picked":["Glass Knife+1","Night Terror"],"picked":"Bullet Time","floor":33},{"not_picked":["Sucker Punch+1","Reflex+1"],"picked":"Slice+1","floor":35},{"not_picked":["Flying Knee+1","Calculated Gamble"],"picked":"Infinite Blades","floor":36},{"not_picked":["Acrobatics+1","Distraction"],"picked":"Slice+1","floor":37},{"not_picked":["Bouncing Flask","Dagger Throw+1"],"picked":"Accuracy+1","floor":39},{"not_picked":["Expertise","Noxious Fumes+1"],"picked":"Terror","floor":40},{"not_picked":["Quick Slash+1","Slice+1"],"picked":"Backstab+1","floor":42},{"not_picked":["Acrobatics","Calculated Gamble+1"],"picked":"Prepared+1","floor":44},{"not_picked":["Flechettes+1","Well Laid Plans+1"],"picked":"Finisher+1","floor":46},{"not_picked":["Heel Hook+1","Poisoned Stab+1","Flying Knee+1"],"picked":"SKIP","floor":47}],"player_experience":312708,"relics_obtained":[{"floor":6,"key":"Ornamental Fan"},{"floor":13,"key":"Vajra"},{"floor":24,"key":"Ancient Tea Set"},{"floor":26,"key":"Molten Egg 2"},{"floor":31,"key":"Tiny Chest"},{"floor":40,"key":"White Beast Statue"},{"floor":43,"key":"Bag of Marbles"},{"floor":44,"key":"MawBank"}],"event_choices":[{"damage_healed":0,"gold_gain":175,"player_choice":"AGREE","damage_taken":0,"max_hp_gain":0,"max_hp_loss":0,"event_name":"Liars Game","floor":2,"gold_loss":0,"cards_obtained":["Doubt"]},{"damage_healed":0,"gold_gain":0,"player_choice":"Take Wound","damage_taken":0,"relics_obtained":["Golden Idol"],"max_hp_gain":0,"max_hp_loss":0,"event_name":"Golden Idol","floor":14,"gold_loss":0,"cards_obtained":["Injury"]},{"damage_healed":0,"gold_gain":0,"player_choice":"Joined the Cult","damage_taken":6,"max_hp_gain":0,"max_hp_loss":0,"event_name":"Nest","floor":22,"gold_loss":0,"cards_obtained":["RitualDagger"]},{"cards_removed":["Blur"],"damage_healed":48,"gold_gain":0,"player_choice":"Offered Uncommon","damage_taken":0,"max_hp_gain":0,"max_hp_loss":0,"event_name":"Bonfire Elementals","floor":29,"gold_loss":0}],"is_beta":false,"boss_relics":[{"not_picked":["Astrolabe","Tiny House"],"picked":"Runic Pyramid"},{"not_picked":["Snecko Eye","Velvet Choker"],"picked":"WristBlade"}],"items_purged_floors":[5,19,38],"is_endless":false,"potions_floor_spawned":[3,7,8,10,20,28,30,31,36,39,40,42,44,46,47],"killed_by":"Shield and Spear","ascension_level":6}}