{"host":"eglukmwb6rueyn6u","time":1613659283,"event":{"mods":["AchievementEnabler","BaseMod","Colored Powertips","Highlight Path","Minty Spire (QoL Compilation)"],"gold_per_floor":[119,119,138,158,171,171,171,171,194,37,57,57,71,86,86,214,214,229,254,277,202,235,235,235],"floor_reached":23,"language":"ENG","playtime":1334,"items_purged":["Strike_R"],"score":235,"play_id":"95384b1a-b5ff-41bd-8f4c-4fbee10133c0","local_time":"20210218164123","is_ascension_mode":false,"campfire_choices":[{"data":"Heavy Blade","floor":6,"key":"SMITH"},{"data":"Dropkick","floor":8,"key":"SMITH"},{"data":"Clothesline","floor":12,"key":"SMITH"},{"data":"Shockwave","floor":15,"key":"SMITH"}],"circlet_count":0,"master_deck":["Strike_R","Strike_R","Strike_R","Strike_R","Defend_R","Defend_R","Defend_R","Defend_R","Bash","Heavy Blade+1","Rage","Dropkick+1","Anger","Clothesline+1","Shockwave+1","Berserk","Shrug It Off","Infernal Blade","Flex"],"relics":["Black Blood","Golden Idol","Ancient Tea Set","Vajra","Red Mask"],"acts_visited":["Exordium","TheCity"],"potions_floor_usage":[5,11,16,18,19,23],"damage_taken":[{"damage":0,"enemies":"Small Slimes","floor":1,"turns":5},{"damage":6,"enemies":"Cultist","floor":3,"turns":3},{"damage":5,"enemies":"2 Louse","floor":4,"turns":3},{"damage":3,"enemies":"Large Slime","floor":5,"turns":6},{"damage":3,"enemies":"Lots of Slimes","floor":11,"turns":3},{"damage":0,"enemies":"3 Louse","floor":13,"turns":3},{"damage":4,"enemies":"2 Fungi Beasts","floor":14,"turns":3},{"damage":0,"enemies":"Slime Boss","floor":16,"turns":5},{"damage":40,"enemies":"Spheric Guardian","floor":18,"turns":4},{"damage":25,"enemies":"Shell Parasite","floor":19,"turns":7},{"damage":12,"enemies":"Snecko","floor":20,"turns":4},{"damage":43,"enemies":"Masked Bandits","floor":22,"turns":5},{"damage":23,"enemies":"Book of Stabbing","floor":23,"turns":3}],"seed_played":"-5919122405398664997","potions_obtained":[{"floor":0,"key":"Weak Potion"},{"floor":0,"key":"CultistPotion"},{"floor":0,"key":"SpeedPotion"},{"floor":3,"key":"Explosive Potion"},{"floor":5,"key":"SteroidPotion"},{"floor":7,"key":"DistilledChaos"},{"floor":7,"key":"LiquidBronze"},{"floor":13,"key":"Fruit Juice"},{"floor":16,"key":"Fire Potion"},{"floor":18,"key":"BloodPotion"},{"floor":22,"key":"ElixirPotion"}],"is_trial":false,"path_per_floor":["M","?","M","M","M","R","?","R","T","$","M","R","M","M","R","B",null,"M","M","M","$","?","E"],"character_chosen":"IRONCLAD","items_purchased":["Vajra"],"campfire_rested":0,"item_purchase_floors":[10],"current_hp_per_floor":[80,60,60,61,64,64,64,64,64,64,67,67,73,75,75,80,80,52,44,44,44,13,0,0],"gold":235,"neow_bonus":"THREE_SMALL_POTIONS","is_daily":false,"chose_seed":false,"campfire_upgraded":4,"win_rate":0.0,"timestamp":1613659283,"path_taken":["M","?","M","M","M","R","?","R","T","$","M","R","M","?","R","BOSS","M","M","M","$","?","E"],"items_purchased_type":["Relic"],"build_version":"2020-12-22","purchased_purges":1,"victory":false,"max_hp_per_floor":[80,80,80,80,80,80,80,80,80,80,80,80,80,80,80,80,80,80,85,85,85,85,85,85],"card_choices":[{"not_picked":["Cleave","Pummel"],"picked":"Heavy Blade","floor":1},{"not_picked":["Clash","Pommel Strike"],"picked":"Rage","floor":3},{"not_picked":["Pommel Strike","Sever Soul"],"picked":"Dropkick","floor":4},{"not_picked":["Havoc","Bludgeon"],"picked":"Anger","floor":5},{"not_picked":["Entrench","Dark Embrace"],"picked":"Clothesline","floor":11},{"not_picked":["Fire Breathing","Twin Strike","Hemokinesis"],"picked":"SKIP","floor":13},{"not_picked":["Burning Pact","Iron Wave"],"picked":"Shockwave","floor":14},{"not_picked":["Juggernaut","Limit Break"],"picked":"Berserk","floor":16},{"not_picked":["Wild Strike","Havoc"],"picked":"Shrug It Off","floor":18},{"not_picked":["Headbutt","True Grit"],"picked":"Infernal Blade","floor":19},{"not_picked":["Sever Soul+1","Rampage","Armaments"],"picked":"SKIP","floor":20},{"not_picked":["Second Wind","Clothesline"],"picked":"Flex","floor":22}],"player_experience":94005,"relics_obtained":[{"floor":9,"key":"Ancient Tea Set"},{"floor":22,"key":"Red Mask"}],"event_choices":[{"damage_healed":0,"gold_gain":0,"player_choice":"Take Damage","damage_taken":20,"relics_obtained":["Golden Idol"],"max_hp_gain":0,"max_hp_loss":0,"event_name":"Golden Idol","floor":2,"gold_loss":0},{"damage_healed":0,"gold_gain":0,"player_choice":"Got Potions","damage_taken":0,"max_hp_gain":0,"max_hp_loss":0,"event_name":"Lab","floor":7,"gold_loss":0},{"damage_healed":0,"gold_gain":0,"player_choice":"Fought Bandits","damage_taken":0,"max_hp_gain":0,"max_hp_loss":0,"event_name":"Masked Bandits","floor":22,"gold_loss":0}],"is_beta":false,"boss_relics":[{"not_picked":["Ectoplasm","Cursed Key"],"picked":"Black Blood"}],"items_purged_floors":[21],"is_endless":false,"potions_floor_spawned":[3,4,5,13,16,18,22],"killed_by":"Book of Stabbing","ascension_level":0}}