{"host":"vti7ja5rr21myvc5","time":1613608989,"event":{"mods":["Abigail Mod","AchievementEnabler","BaseMod","Friendly Minions","GifTheSpireLib","Gold Saver","HololiveMod","Koishi","Minty Spire (QoL Compilation)","Replay The Spire","StSLib","The Wild Card","Uncapped","noobMod"],"gold_per_floor":[876,876,876,876,895,815,815,847,847,857,883,903,916,936,936,1091,1091,1101,1116,1165,1105,1118,1118,1154,1199,1199,892,923,923,969,989,989,1088,1088,1111,1111,1111,805,818,818,845,855,881,893,905,937,967,425,425,518,518,518,369,446,485],"floor_reached":56,"language":"ENG","playtime":3833,"items_purged":[],"score":1734,"play_id":"e958f59e-0d87-4848-8cf7-1d9c31a6ef38","local_time":"20210218014309","is_ascension_mode":true,"campfire_choices":[{"data":"Hololive_CallHoushouMarine","floor":7,"key":"SMITH"},{"floor":15,"key":"RECALL"},{"data":"Hololive_CallYuzukiChoco","floor":23,"key":"SMITH"},{"data":"Hololive_Spy","floor":32,"key":"SMITH"},{"data":"Hololive_CallNatsuiroMatsuri","floor":40,"key":"SMITH"},{"data":"Hololive_CallHimemoriLuna","floor":45,"key":"SMITH"},{"data":"Hololive_CallUsadaPekora","floor":52,"key":"SMITH"}],"circlet_count":0,"master_deck":["Hololive_Strike+1","Hololive_Strike","Hololive_Defend","Hololive_Defend","Hololive_ILoveYou+1","Hololive_CallDoris","Hololive_CallYuzukiChoco+1","Hololive_CallKiryuuCoco","Hololive_CallHoshimachiSuisei","Hololive_CallUruhaRushia","Hololive_CallAyundaRisu","Hololive_MaximGun+1","Hololive_CocoNews+1","Hololive_CallHoushouMarine+1","Hololive_Spy+1","Hololive_CallOmaruPolka","Hololive_CallHimemoriLuna+1","Hololive_CallAkaiHaato","Hololive_CallShirakamiFubuki","Hololive_DiamondStrike+1","Hololive_AWSL","Hololive_CallCivia+1","Hololive_CallUsadaPekora+1","Hololive_LuckPotion","Hololive_LuckPotion+1","Hololive_CallTokinoSora","Hololive_Breathe","Hololive_CallTokoyamiTowa","Hololive_DDD+1","Hololive_SummonFox+1","Hololive_CallNatsuiroMatsuri+1","Hololive_Spy+1","Hololive_CallUsadaPekora+1","Hololive_CallMinatoAqua+1","Hololive_StrengthChampion+1"],"relics":["Hololive_TheStar","ice","Mango","Golden Egg","Chameleon Ring","Painkiller Herb","Hololive_LightStick","Replay:Baseball","Ancient Tea Set","Ice Cream","Whetstone","Lee\u0027s Waffle","Replay:Kaleidoscope","Pondfish Scales","Sozu","ReplayTheSpireMod:Ring of Collecting","Bronze Scales","Blue Doll","Pocketwatch","MawBank","Guide Book","Replay:Bandana","Replay:Ringing Soul","TheAbacus","Calipers"],"acts_visited":["Exordium","TheCity","TheBeyond","TheEnding"],"potions_floor_usage":[12,30,41,55,55],"damage_taken":[{"damage":0,"enemies":"2 Louse","floor":1,"turns":3},{"damage":0,"enemies":"Jaw Worm","floor":5,"turns":2},{"damage":0,"enemies":"Replay:BlueRogue","floor":8,"turns":3},{"damage":0,"enemies":"Small Slimes","floor":10,"turns":3},{"damage":0,"enemies":"Gremlin Nob","floor":11,"turns":3},{"damage":1,"enemies":"Red Slaver","floor":12,"turns":3},{"damage":2,"enemies":"3 Louse","floor":13,"turns":3},{"damage":0,"enemies":"Large Slime","floor":14,"turns":4},{"damage":0,"enemies":"Fading Forest","floor":16,"turns":11},{"damage":0,"enemies":"Chosen","floor":18,"turns":3},{"damage":0,"enemies":"3 Byrds","floor":19,"turns":3},{"damage":0,"enemies":"Centurion and Healer","floor":22,"turns":3},{"damage":0,"enemies":"Replay:Snechameleon","floor":24,"turns":4},{"damage":0,"enemies":"Slavers","floor":28,"turns":4},{"damage":21,"enemies":"Gremlin Leader","floor":30,"turns":7},{"damage":0,"enemies":"Snake Plant","floor":31,"turns":2},{"damage":0,"enemies":"Automaton","floor":33,"turns":6},{"damage":0,"enemies":"3 Darklings","floor":35,"turns":4},{"damage":0,"enemies":"Orb Walker","floor":39,"turns":2},{"damage":0,"enemies":"R_Hoarder","floor":41,"turns":5},{"damage":0,"enemies":"Spire Growth","floor":42,"turns":3},{"damage":0,"enemies":"Writhing Mass","floor":46,"turns":3},{"damage":0,"enemies":"Jaw Worm Horde","floor":47,"turns":3},{"damage":0,"enemies":"Awakened One","floor":50,"turns":7},{"damage":0,"enemies":"Shield and Spear","floor":54,"turns":5},{"damage":79,"enemies":"The Heart","floor":55,"turns":10}],"seed_played":"9065969270884896245","potions_obtained":[{"floor":1,"key":"SpeedPotion"},{"floor":8,"key":"GamblersBrew"},{"floor":10,"key":"SpeedPotion"},{"floor":16,"key":"ColorlessPotion"},{"floor":33,"key":"SpeedPotion"}],"is_trial":false,"path_per_floor":["M","?","T","?","M","$","R","E","T","M","E","M","M","M","R","B",null,"?","?","?","?","?","T","E","T","T","T","E","T","E","?","T","B",null,"?","?","?","T","?","T","E","?","T","T","T","?","?","T","T","B",null,"T","T","E","B",null],"character_chosen":"Hololive_HololiveCharacter","items_purchased":["Hololive_CallHoushouMarine","Whetstone","Lee\u0027s Waffle","Bronze Scales","Blue Doll","Guide Book","Replay:Bandana","Replay:Ringing Soul","TheAbacus"],"campfire_rested":0,"item_purchase_floors":[6,27,27,38,38,48,48,48,53],"current_hp_per_floor":[35,35,35,35,35,35,35,49,49,49,49,48,46,46,46,46,49,50,51,39,39,40,40,41,41,41,60,61,61,41,42,42,43,64,65,65,65,65,66,66,67,68,68,68,68,69,70,70,70,71,71,71,71,75,70],"gold":485,"neow_bonus":"THREE_CARDS","is_daily":false,"chose_seed":false,"campfire_upgraded":6,"win_rate":0.0,"timestamp":1613608989,"path_taken":["M","?","?","?","M","$","R","E","T","M","E","?","M","M","R","BOSS","?","?","?","?","?","T","E","?","T","T","E","T","E","?","T","BOSS","?","?","?","T","?","T","E","?","T","T","T","?","?","T","T","BOSS","T","T","E","BOSS"],"items_purchased_type":["Card","Relic","Relic","Relic","Relic","Relic","Relic","Relic","Relic"],"build_version":"2020-12-22","purchased_purges":0,"victory":true,"max_hp_per_floor":[35,35,35,35,35,35,35,49,49,49,49,49,49,49,49,49,49,50,51,51,51,52,52,53,53,53,60,61,61,62,63,63,64,64,65,65,65,65,66,66,67,68,68,68,68,69,70,70,70,71,71,71,71,75,83],"card_choices":[{"not_picked":["Hololive_HuntDinosaur","Hololive_Drill"],"picked":"Hololive_CallUruhaRushia","floor":0},{"not_picked":["Hololive_Drill","Hololive_HuntDinosaur","Hololive_CallUruhaRushia"],"picked":"Hololive_CallAyundaRisu","floor":1},{"not_picked":["Hololive_OvertimeWork","Hololive_Drill","Hololive_HuntDinosaur"],"picked":"Hololive_CocoNews","floor":5},{"not_picked":["Hololive_HuntDinosaur","Hololive_Trident","Hololive_Rebound"],"picked":"Hololive_Spy","floor":8},{"not_picked":["Hololive_CallKiryuuCoco","Hololive_CallYozoraMel","Hololive_RevenueBasedLive"],"picked":"Hololive_CallOmaruPolka","floor":10},{"not_picked":["Hololive_OvertimeWork","Hololive_SoulCatcher","Hololive_StrengthChampion"],"picked":"Hololive_CallHimemoriLuna","floor":11},{"not_picked":["Hololive_Sequa","Hololive_LuckPotion","Hololive_CallNakiriAyame"],"picked":"Hololive_CallAkaiHaato","floor":12},{"not_picked":["Hololive_CallRoboco","Hololive_HuntDinosaur","Hololive_CallAkaiHaato"],"picked":"Hololive_CallShirakamiFubuki","floor":13},{"not_picked":["Hololive_Trident","Hololive_Sequa","Hololive_RevenueBasedLive"],"picked":"Hololive_DiamondStrike","floor":14},{"not_picked":["Hololive_Recruit","Hololive_Rebirth","Hololive_MaximGun"],"picked":"Hololive_AWSL","floor":16},{"not_picked":["Hololive_Trident","Hololive_Psychosis","Hololive_HuntDinosaur"],"picked":"Hololive_CallCivia","floor":18},{"not_picked":["Hololive_CallShiroganeNoel","Hololive_CallShirakamiFubuki","Hololive_Rebound+1"],"picked":"Hololive_CallUsadaPekora","floor":19},{"not_picked":["Hololive_StrengthChampion","Hololive_FlyingPonyTail","Hololive_HuntDinosaur"],"picked":"Hololive_LuckPotion","floor":20},{"not_picked":["Hololive_CallMoonaHoshinova","Hololive_Rebound+1","Hololive_Breathe"],"picked":"Hololive_LuckPotion+1","floor":22},{"not_picked":["Hololive_CallUsadaPekora","Hololive_CallCivia","Hololive_BeCareful"],"picked":"Hololive_CallTokinoSora","floor":24},{"not_picked":["Hololive_CocoNews+1","Hololive_StrengthChampion","Hololive_CallFriendA+1"],"picked":"Hololive_Breathe","floor":28},{"not_picked":["Hololive_Trident","Hololive_CocoNews+1","Hololive_OvertimeWork","Hololive_Psychosis"],"picked":"SKIP","floor":30},{"not_picked":["Hololive_OvertimeWork","Hololive_LuckPotion+1","Hololive_Drill"],"picked":"Hololive_CallTokoyamiTowa","floor":31},{"not_picked":["Hololive_OpenUp","Hololive_Thief","Hololive_BeCareful"],"picked":"Hololive_DDD","floor":33},{"not_picked":["Hololive_CallUruhaRushia+1","Hololive_CocoNews+1","Hololive_FlyingPonyTail"],"picked":"Hololive_SummonFox+1","floor":35},{"not_picked":["Hololive_HuntDinosaur","Hololive_LuckPotion+1","Hololive_Drill+1"],"picked":"Hololive_CallNatsuiroMatsuri","floor":39},{"not_picked":["Hololive_Drill","Hololive_CocoNews+1","Hololive_CallHoushouMarine"],"picked":"Hololive_Spy+1","floor":41},{"not_picked":["Hololive_Spy","Hololive_CallYukihanaLamy","Hololive_RevenueBasedLive"],"picked":"Hololive_CallUsadaPekora+1","floor":42},{"not_picked":["Hololive_HuntDinosaur+1","Hololive_BeCareful","Hololive_OvertimeWork","Hololive_Sequa+1"],"picked":"SKIP","floor":46},{"not_picked":["Hololive_CallYuzukiChoco","Hololive_RevenueBasedLive+1","Hololive_Breathe+1"],"picked":"Hololive_CallMinatoAqua+1","floor":47},{"not_picked":["Hololive_CocoNews+1","Hololive_Breathe","Hololive_Sequa"],"picked":"Hololive_StrengthChampion+1","floor":54}],"player_experience":376654,"relics_obtained":[{"floor":8,"key":"Mango"},{"floor":9,"key":"Golden Egg"},{"floor":11,"key":"Chameleon Ring"},{"floor":20,"key":"Hololive_LightStick"},{"floor":24,"key":"Replay:Baseball"},{"floor":25,"key":"Ancient Tea Set"},{"floor":26,"key":"Ice Cream"},{"floor":28,"key":"Replay:Kaleidoscope"},{"floor":30,"key":"Pondfish Scales"},{"floor":36,"key":"ReplayTheSpireMod:Ring of Collecting"},{"floor":41,"key":"Pocketwatch"},{"floor":43,"key":"MawBank"},{"floor":54,"key":"Calipers"}],"event_choices":[{"damage_healed":0,"gold_gain":0,"player_choice":"Ignored","damage_taken":0,"max_hp_gain":0,"max_hp_loss":0,"event_name":"Liars Game","floor":2,"gold_loss":0},{"damage_healed":0,"gold_gain":0,"cards_transformed":["Hololive_CallAmaneKanata"],"player_choice":"Transformed","damage_taken":0,"max_hp_gain":0,"max_hp_loss":0,"event_name":"Transmorgrifier","floor":4,"gold_loss":0,"cards_obtained":["Hololive_MaximGun"]},{"damage_healed":0,"gold_gain":0,"player_choice":"Ignored","damage_taken":0,"max_hp_gain":0,"max_hp_loss":0,"event_name":"Tomb of Lord Red Mask","floor":37,"gold_loss":0}],"is_beta":false,"boss_relics":[{"not_picked":["Ring of Chaos","Cursed Key"],"picked":"Painkiller Herb"},{"not_picked":["Replay:Ancient Bell","Replay:Drink Me"],"picked":"Sozu"}],"items_purged_floors":[],"is_endless":false,"potions_floor_spawned":[1,8,10,11,16,22,33,39,41],"ascension_level":1}}