{"host":"nhhqxetgwwd7qseb","time":1613639443,"event":{"mods":["ATMod(阿瑾Mod)","Act Like it!","BaseMod","Chen","Dota2Spire","Downfall","Energized Spire","Gensokyo","GungeonMod","Hallownest","Hermit","Koishi","LagranYue(拉格朗・月)","Marisa（F雨　魔理沙）","Minty Spire (QoL Compilation)","Quick Restart","Rare Cards Sparkle","Reimu（博丽灵梦）","Remilia（蕾米莉亚）","Replay The Spire","SOS（斯巴达之子）","StSLib","The Alterego","The Bladedancer","The Bug Knight","The Senshi","The Servant 0.9.4","TheWitcher","UnlockEverythingMod","WarShipGirlsR/战舰少女R mod","Warlord Emblem","Yakumo Yukari mod","Youmu（魂魄妖梦）","【功能Mod】混沌之环修复补丁","【功能Mod】聪明的最终Boss","【遗物卡牌】REMEMod"],"gold_per_floor":[117,127,207,207,226,226,111,126,153,182,182,35,54,69,69,165,165,183,198,208,228,228,258,258,288,288,288,305,320,339,355,369,369,369,468,468,468,468,468,214,228,228,228,228,228,239,252,252,252,264,264,264,264,264,264,290,290],"floor_reached":58,"language":"ZHS","playtime":2467,"items_purged":[],"score":1187,"play_id":"83e811a4-454b-4994-8948-ea9b7e63471e","local_time":"20210218171043","is_ascension_mode":false,"campfire_choices":[{"data":"WarlordEmblem:Frostmourne","floor":6,"key":"SMITH"},{"floor":11,"key":"RECALL"},{"data":"WarlordEmblem:HeartOfDeath","floor":24,"key":"SMITH"},{"data":"Dramatic Entrance","floor":27,"key":"SMITH"},{"floor":33,"key":"REST"},{"data":"Apotheosis","floor":42,"key":"SMITH"},{"floor":44,"key":"REST"},{"data":"WarlordEmblem:VoidStrike","floor":48,"key":"SMITH"},{"data":"WarlordEmblem:RealmStorm","floor":51,"key":"SMITH"},{"data":"WarlordEmblem:RuneDefend","floor":54,"key":"SMITH"}],"circlet_count":0,"master_deck":["WarlordEmblem:RuneStrike+1","WarlordEmblem:RuneStrike","WarlordEmblem:RuneStrike","WarlordEmblem:RuneStrike","WarlordEmblem:Defend_DK","WarlordEmblem:Defend_DK","WarlordEmblem:Defend_DK","WarlordEmblem:Defend_DK","WarlordEmblem:RuneDefend+1","WarlordEmblem:Frostmourne+1","WarlordEmblem:VoidStrike+1","WarlordEmblem:BlackCommand+1","WarlordEmblem:HeartOfDeath+1","WarlordEmblem:VoidStrike+1","WarlordEmblem:RealmStorm+1","Apotheosis+1","WarlordEmblem:HeartOfDeath+1","WarlordEmblem:BlackCommand+1","WarlordEmblem:FrozenChain+1","WarlordEmblem:BlackCommand+1"],"relics":["WarlordEmblem:RuneSword","WarlordEmblem:DKHelm","REME_ComplimentaryCards","AT_ATBox","NeowsBlessing","WarlordEmblem:DK_Ghoul","DemoMod:OrangeGuonStone","Dota2Spire:EchoSabre","ReplayFunnel","Guide Book","REME_LowDesire","Happy Flower","Replay:Bottled Eggs","Dota2Spire:ArcaneBoots","Peace Pipe","DemoMod:ResourcefulSack","DemoMod:PartiallyEatenCheese","DemoMod:RatBoots","energizedSpire:EnergizedDie","WarlordEmblem:Gargoyle","Mercury Hourglass","AT_BellDemon","AT_BellowingDragoncrestRing"],"acts_visited":["Gensokyo:Gensokyo","TheCity","TheCity","Gensokyo:Gensokyoest","TheEnding"],"potions_floor_usage":[16,16,35],"damage_taken":[{"damage":2,"enemies":"Gensokyo:Gryphon","floor":1,"turns":2},{"damage":0,"enemies":"Gensokyo:Python","floor":2,"turns":1},{"damage":0,"enemies":"Gensokyo:2_Kodama","floor":5,"turns":1},{"damage":5,"enemies":"Gensokyo:5_Fairies","floor":8,"turns":5},{"damage":0,"enemies":"Gensokyo:Cirno","floor":10,"turns":6},{"damage":0,"enemies":"Gensokyo:VengefulSpirit","floor":13,"turns":3},{"damage":0,"enemies":"Gensokyo:Kitsune","floor":14,"turns":3},{"damage":3,"enemies":"Gensokyo:Yukari","floor":16,"turns":8},{"damage":0,"enemies":"Chosen","floor":18,"turns":4},{"damage":3,"enemies":"Spheric Guardian","floor":19,"turns":4},{"damage":2,"enemies":"Chosen and Byrds","floor":20,"turns":4},{"damage":6,"enemies":"Snake Plant","floor":21,"turns":3},{"damage":0,"enemies":"Gremlin Leader","floor":23,"turns":4},{"damage":24,"enemies":"REME_1_Revenger","floor":25,"turns":4},{"damage":10,"enemies":"DemoMod:Veteran_shot_gun_kin_and_bullet_kin","floor":28,"turns":2},{"damage":0,"enemies":"DemoMod:2_Veteran_bullet_kins_and_red_shotgun_kin","floor":29,"turns":1},{"damage":0,"enemies":"DemoMod:Red_and_blue_shotgun_kin_with_gunsinger","floor":30,"turns":1},{"damage":6,"enemies":"DemoMod:2_Mousers","floor":31,"turns":3},{"damage":10,"enemies":"DemoMod:Veteran_shot_gun_kin_and_red_shotgun_kin_with_gunsinger","floor":32,"turns":1},{"damage":22,"enemies":"DemoMod:ResourcefulRat","floor":35,"turns":6},{"damage":0,"enemies":"Gensokyo:AncientGuardian","floor":37,"turns":4},{"damage":0,"enemies":"Gensokyo:3_Bats","floor":39,"turns":1},{"damage":0,"enemies":"Gensokyo:Rafflesia","floor":41,"turns":3},{"damage":0,"enemies":"Gensokyo:AtlasGolem","floor":46,"turns":3},{"damage":0,"enemies":"Gensokyo:4_Bats","floor":47,"turns":1},{"damage":0,"enemies":"Gensokyo:Doremy","floor":49,"turns":4},{"damage":0,"enemies":"Gensokyo:Sharpion","floor":50,"turns":3},{"damage":65,"enemies":"Gensokyo:Scarlet_Devils","floor":52,"turns":4},{"damage":0,"enemies":"Shield and Spear","floor":56,"turns":4},{"damage":3,"enemies":"The Heart","floor":57,"turns":5}],"seed_played":"3700098336714638324","potions_obtained":[{"floor":2,"key":"Dota2Spire:Clarity"},{"floor":8,"key":"ColorlessPotion"},{"floor":13,"key":"DemoMod:BlankPotion"},{"floor":19,"key":"ColorlessPotion"},{"floor":21,"key":"ZuzhouPotion:ReiMu"},{"floor":30,"key":"Fire Potion"},{"floor":35,"key":"AttackPotion"},{"floor":39,"key":"Dota2Spire:Clarity"}],"is_trial":false,"path_per_floor":["M","M","?","T","M","R","$","M","T","E","R","$","M","M","R","B",null,"M","M","M","M","?","E","R","E","T","R","M","M","M","M","M","R","B","B",null,"M","?","M","$","M","R","?","R","T","M","M","R","E","M","R","B",null,"R","$","E","B",null],"character_chosen":"DeathKnight","items_purchased":["DemoMod:GnawedKey","Guide Book","Mercury Hourglass"],"campfire_rested":2,"item_purchase_floors":[7,12,40],"current_hp_per_floor":[78,78,78,78,78,78,78,73,73,73,73,73,73,73,73,70,80,80,77,75,69,69,69,69,45,80,80,70,70,70,64,54,78,77,55,80,80,48,48,48,48,48,48,72,72,72,72,72,72,72,72,7,80,80,80,80,77],"gold":290,"neow_bonus":"THREE_ENEMY_KILL","is_daily":false,"chose_seed":false,"campfire_upgraded":7,"win_rate":0.0,"timestamp":1613639443,"path_taken":["M","?","?","?","?","R","?","M","T","E","R","$","?","M","R","BOSS","M","M","M","M","?","E","R","E","T","R","M","M","M","M","M","R","BOSS","BOSS","M","?","M","?","M","R","?","R","T","M","M","R","E","M","R","BOSS","R","$","E","BOSS"],"items_purchased_type":["Relic","Relic","Relic"],"build_version":"2020-12-22","purchased_purges":0,"victory":true,"max_hp_per_floor":[80,80,80,80,80,80,80,80,80,80,80,80,80,80,80,80,80,80,80,80,80,80,80,80,80,80,80,80,80,80,80,80,80,80,80,80,80,80,80,80,80,80,80,80,80,80,80,80,80,80,80,80,80,80,80,80,80],"card_choices":[{"not_picked":["WarlordEmblem:DarkSimulation","WarlordEmblem:NoLightShield","WarlordEmblem:FrozenDeath"],"picked":"SKIP","floor":1},{"not_picked":["WarlordEmblem:Withstand","WarlordEmblem:ForceDeflexion","WarlordEmblem:VoidDefend"],"picked":"SKIP","floor":2},{"not_picked":["WarlordEmblem:RuneRecover","WarlordEmblem:CurseStrike"],"picked":"WarlordEmblem:VoidStrike","floor":5},{"not_picked":["WarlordEmblem:DeathCoil","WarlordEmblem:BoneShield","WarlordEmblem:FrozenDeath"],"picked":"SKIP","floor":8},{"not_picked":["WarlordEmblem:BodyStrike","WarlordEmblem:FrozenWill","WarlordEmblem:BloodSacrifice"],"picked":"SKIP","floor":10},{"not_picked":["WarlordEmblem:Infect","WarlordEmblem:Potential","WarlordEmblem:VoidDefend"],"picked":"SKIP","floor":13},{"not_picked":["WarlordEmblem:FrozenWill","WarlordEmblem:WillOfTheNecropolis","WarlordEmblem:FrozenDeath"],"picked":"SKIP","floor":14},{"not_picked":["WarlordEmblem:RuneRecast","WarlordEmblem:BloodStrike","WarlordEmblem:WinterHorn","AT_FalsePromise"],"picked":"SKIP","floor":18},{"not_picked":["WarlordEmblem:FrostbiteStrike","WarlordEmblem:RuneDiffer","WarlordEmblem:DarkSimulation+1","Good Instincts"],"picked":"SKIP","floor":19},{"not_picked":["WarlordEmblem:LichBody","WarlordEmblem:RuneDiffer","REME_ShortnessOfBreath"],"picked":"WarlordEmblem:BlackCommand+1","floor":20},{"not_picked":["WarlordEmblem:RuneExplode","WarlordEmblem:RuneDiffer","WarlordEmblem:WinterHorn"],"picked":"Dramatic Entrance","floor":21},{"not_picked":["WarlordEmblem:FrozenDeath","WarlordEmblem:EvilPower","Secret Technique"],"picked":"WarlordEmblem:HeartOfDeath","floor":23},{"not_picked":["WarlordEmblem:ForceDeflexion","WarlordEmblem:DeathGateway","WarlordEmblem:DeathShake","Magnetism"],"picked":"SKIP","floor":25},{"not_picked":["WarlordEmblem:DeathContract","WarlordEmblem:RuneMelter","WarlordEmblem:SwordWave+1","Trip"],"picked":"SKIP","floor":28},{"not_picked":["WarlordEmblem:DeathShake+1","WarlordEmblem:RuneFocus","WarlordEmblem:CurseStrike","REME_ProfessionalPlagiarism"],"picked":"SKIP","floor":29},{"not_picked":["WarlordEmblem:LichBody","WarlordEmblem:VoidDefend","WarlordEmblem:DeathStrike","ReplayTheSpireMod:Brewmster"],"picked":"SKIP","floor":30},{"not_picked":["WarlordEmblem:RuneExplode","WarlordEmblem:DiseaseCloud","WarlordEmblem:EvilPower","Forethought+1"],"picked":"SKIP","floor":31},{"not_picked":["WarlordEmblem:DeathGateway","WarlordEmblem:RuneMelter","Sadistic Nature"],"picked":"WarlordEmblem:VoidStrike","floor":32},{"not_picked":["WarlordEmblem:Execute","WarlordEmblem:VoidStrike","Flash of Steel+1"],"picked":"WarlordEmblem:RealmStorm","floor":36},{"not_picked":["WarlordEmblem:Execute+1","WarlordEmblem:WinterHorn","WarlordEmblem:LichBody"],"picked":"Apotheosis","floor":37},{"not_picked":["WarlordEmblem:UltimateCold+1","WarlordEmblem:VoidStrike","WarlordEmblem:WinterHorn","DemoMod:Invincible"],"picked":"SKIP","floor":39},{"not_picked":["WarlordEmblem:DiseaseCloud+1","WarlordEmblem:BodyStrike+1","REME_PuzzleBox"],"picked":"WarlordEmblem:HeartOfDeath","floor":41},{"not_picked":["WarlordEmblem:VoidDefend+1","WarlordEmblem:Infect","Apotheosis"],"picked":"WarlordEmblem:BlackCommand+1","floor":46},{"not_picked":["WarlordEmblem:RuneFocus+1","WarlordEmblem:RealmStorm+1","WarlordEmblem:RuneExplode","REME_EyeOfCthun"],"picked":"SKIP","floor":47},{"not_picked":["WarlordEmblem:DeathCoil+1","WarlordEmblem:BloodSacrifice+1","The Bomb"],"picked":"WarlordEmblem:FrozenChain+1","floor":49},{"not_picked":["WarlordEmblem:Execute","WarlordEmblem:LichBody+1","REME_WheelOfFate"],"picked":"WarlordEmblem:BlackCommand+1","floor":50},{"not_picked":["WarlordEmblem:RuneBurn","WarlordEmblem:CurseStrike","WarlordEmblem:DeathStrike+1","AT_FamilyPortrait"],"picked":"SKIP","floor":56}],"player_experience":93504,"relics_obtained":[{"floor":4,"key":"DemoMod:OrangeGuonStone"},{"floor":9,"key":"Dota2Spire:EchoSabre"},{"floor":10,"key":"ReplayFunnel"},{"floor":17,"key":"Happy Flower"},{"floor":17,"key":"DemoMod:WeirdEgg"},{"floor":23,"key":"Dota2Spire:ArcaneBoots"},{"floor":25,"key":"Peace Pipe"},{"floor":36,"key":"DemoMod:ResourcefulSack"},{"floor":36,"key":"DemoMod:PartiallyEatenCheese"},{"floor":36,"key":"DemoMod:RatBoots"},{"floor":36,"key":"energizedSpire:EnergizedDie"},{"floor":49,"key":"AT_BellDemon"},{"floor":56,"key":"AT_BellowingDragoncrestRing"}],"event_choices":[{"damage_healed":0,"gold_gain":0,"player_choice":"Ignored","damage_taken":0,"max_hp_gain":0,"max_hp_loss":0,"event_name":"The Mausoleum","floor":22,"gold_loss":0}],"is_beta":false,"boss_relics":[{"not_picked":["Replay:Bronze Core","Ring of Chaos"],"picked":"REME_LowDesire"},{"not_picked":[]}],"items_purged_floors":[],"is_endless":false,"potions_floor_spawned":[2,8,13,14,19,21,29,30,35,37,39,46,56],"ascension_level":0}}