{"host":"wmojtwekh6s3tor5","time":1613670969,"event":{"mods":["BaseMod","Colored Map","Colored Powertips","DeckTracker","Highlight Path","Minty Spire (QoL Compilation)","Quick Restart","StSLib"],"gold_per_floor":[114,33,33,33,33,58,70,70,96,108,134,163,190,216,228,342,354,380,491,603,630,662,674,164,164,164,195,95,110,110,136,136,232,232,244,244,244,260,4,4,38,88,112,112,132,132,132,182,182,182,182],"floor_reached":50,"language":"ZHS","playtime":2706,"items_purged":["Strike_P","Strike_P","Writhe"],"score":740,"play_id":"857555ea-42be-4abd-9293-cc7794e9f9c9","local_time":"20210219015609","is_ascension_mode":true,"campfire_choices":[{"data":"Eruption","floor":8.0,"key":"SMITH"},{"data":"WheelKick","floor":15.0,"key":"SMITH"},{"data":"JustLucky","floor":23.0,"key":"SMITH"},{"floor":25.0,"key":"REST"},{"floor":32.0,"key":"REST"},{"data":"1","floor":40.0,"key":"LIFT"},{"floor":44,"key":"REST"},{"floor":49,"key":"REST"}],"circlet_count":0,"master_deck":["Strike_P","Defend_P","Defend_P","Defend_P","Defend_P+1","Eruption+1","Vigilance","Flash of Steel+1","WheelKick+1","DeusExMachina","CutThroughFate+1","JustLucky+1","FollowUp","Conclude+1","Prostrate+1","Flash of Steel"],"relics":["HolyWater","NeowsBlessing","InkBottle","Boot","MawBank","Juzu Bracelet","Happy Flower","HandDrill","Girya","Bag of Marbles","Pen Nib","Busted Crown","Pear","Gambling Chip","Oddly Smooth Stone","PreservedInsect"],"acts_visited":["Exordium","TheCity","TheBeyond"],"potions_floor_usage":[50],"damage_taken":[{"damage":0.0,"enemies":"2 Louse","floor":1.0,"turns":1.0},{"damage":0.0,"enemies":"3 Sentries","floor":6.0,"turns":1.0},{"damage":0.0,"enemies":"Jaw Worm","floor":7.0,"turns":1.0},{"damage":0.0,"enemies":"Cultist","floor":11.0,"turns":2.0},{"damage":5.0,"enemies":"2 Fungi Beasts","floor":12.0,"turns":3.0},{"damage":7.0,"enemies":"Lots of Slimes","floor":13.0,"turns":5.0},{"damage":2.0,"enemies":"Gremlin Gang","floor":14.0,"turns":4.0},{"damage":10.0,"enemies":"The Guardian","floor":16.0,"turns":10.0},{"damage":6.0,"enemies":"3 Byrds","floor":18.0,"turns":4.0},{"damage":8.0,"enemies":"Spheric Guardian","floor":21.0,"turns":4.0},{"damage":15.0,"enemies":"Snake Plant","floor":22.0,"turns":4.0},{"damage":31.0,"enemies":"Book of Stabbing","floor":27.0,"turns":6.0},{"damage":0.0,"enemies":"Shelled Parasite and Fungi","floor":29.0,"turns":2.0},{"damage":5.0,"enemies":"Gremlin Leader","floor":31.0,"turns":5.0},{"damage":45.0,"enemies":"Automaton","floor":33.0,"turns":8.0},{"damage":5.0,"enemies":"3 Darklings","floor":35.0,"turns":4.0},{"damage":0.0,"enemies":"Orb Walker","floor":38.0,"turns":3.0},{"damage":32.0,"enemies":"Nemesis","floor":41.0,"turns":3.0},{"damage":10,"enemies":"Mind Bloom Boss Battle","floor":42,"turns":9},{"damage":0,"enemies":"Spire Growth","floor":45,"turns":4},{"damage":87,"enemies":"Time Eater","floor":50,"turns":5}],"seed_played":"5722298404058170456","potions_obtained":[{"floor":6.0,"key":"Weak Potion"},{"floor":11.0,"key":"FairyPotion"},{"floor":12.0,"key":"GamblersBrew"},{"floor":14.0,"key":"Dexterity Potion"},{"floor":16.0,"key":"Explosive Potion"},{"floor":27.0,"key":"DuplicationPotion"},{"floor":29.0,"key":"BottledMiracle"},{"floor":33.0,"key":"SpeedPotion"},{"floor":35.0,"key":"Dexterity Potion"},{"floor":45,"key":"SteroidPotion"}],"is_trial":false,"path_per_floor":["M","$","?","$","T","E","M","R","T","?","M","M","M","M","R","B",null,"M","?","?","M","M","R","$","R","T","E","$","M","?","E","R","B",null,"M","?","?","M","$","R","E","?","T","R","M","?","$","T","R","B"],"character_chosen":"WATCHER","items_purchased":["Flash of Steel","Juzu Bracelet","Happy Flower","HandDrill","Flash of Steel","PowerPotion"],"campfire_rested":4,"item_purchase_floors":[2,24,24,24,39,39],"current_hp_per_floor":[65,65,51,51,51,51,51,51,51,51,51,46,39,37,37,27,61,55,55,55,47,32,32,32,53,53,22,22,22,22,17,38,21,59,54,72,72,72,72,72,50,40,40,64,64,64,64,64,82,0,0],"gold":182,"neow_bonus":"THREE_ENEMY_KILL","is_daily":false,"chose_seed":false,"campfire_upgraded":3,"win_rate":0.0,"timestamp":1613670969,"path_taken":["M","$","?","$","?","E","?","R","T","?","M","M","?","?","R","BOSS","M","?","?","?","?","R","$","R","T","E","$","M","?","E","R","BOSS","M","?","?","M","$","R","E","?","T","R","M","?","$","?","R","BOSS"],"items_purchased_type":["Card","Relic","Relic","Relic","Card","Potion"],"build_version":"2020-12-22","purchased_purges":3,"victory":false,"max_hp_per_floor":[72,72,72,72,72,72,72,72,72,72,72,72,72,72,72,72,72,72,72,72,72,72,72,72,72,72,72,72,72,72,72,72,72,72,72,72,72,72,72,72,82,82,82,82,82,82,82,82,82,82,82],"card_choices":[{"not_picked":["CrushJoints","Protect","FlyingSleeves"],"picked":"SKIP","floor":1.0},{"not_picked":["Protect","SpiritShield","CarveReality"],"picked":"SKIP","floor":6.0},{"not_picked":["Swivel","LikeWater"],"picked":"WheelKick","floor":7.0},{"not_picked":["Swivel","Protect","ThirdEye"],"picked":"SKIP","floor":11.0},{"not_picked":["Crescendo","Wallop","SashWhip"],"picked":"SKIP","floor":12.0},{"not_picked":["FlyingSleeves","ClearTheMind","Conclude"],"picked":"SKIP","floor":13.0},{"not_picked":["CutThroughFate","Worship","CarveReality"],"picked":"SKIP","floor":14.0},{"not_picked":["Establishment","Vault"],"picked":"DeusExMachina","floor":16.0},{"not_picked":["Protect","EmptyFist"],"picked":"CutThroughFate+1","floor":18.0},{"not_picked":["Evaluate","Halt"],"picked":"JustLucky","floor":21.0},{"not_picked":["Protect","JustLucky"],"picked":"FollowUp","floor":22.0},{"not_picked":["ReachHeaven","ThirdEye+1"],"picked":"Conclude+1","floor":27.0},{"not_picked":["SashWhip+1","CrushJoints","DevaForm"],"picked":"SKIP","floor":29.0},{"not_picked":["SashWhip+1","CrushJoints","DevaForm"],"picked":"SKIP","floor":29.0},{"not_picked":["Pray","BowlingBash"],"picked":"Prostrate+1","floor":31.0},{"not_picked":["JustLucky"],"picked":"SKIP","floor":35.0},{"not_picked":["Prostrate+1"],"picked":"SKIP","floor":38.0},{"not_picked":["MasterReality"],"picked":"SKIP","floor":41.0},{"not_picked":["Wallop"],"picked":"SKIP","floor":45}],"player_experience":677390,"relics_obtained":[{"floor":5.0,"key":"InkBottle"},{"floor":6.0,"key":"Boot"},{"floor":9.0,"key":"MawBank"},{"floor":26.0,"key":"Girya"},{"floor":27.0,"key":"Bag of Marbles"},{"floor":31.0,"key":"Pen Nib"},{"floor":41.0,"key":"Pear"},{"floor":42,"key":"Gambling Chip"},{"floor":43,"key":"Oddly Smooth Stone"},{"floor":48,"key":"PreservedInsect"}],"event_choices":[{"damage_healed":0.0,"max_hp_gain":0.0,"max_hp_loss":0.0,"gold_gain":0.0,"event_name":"Shining Light","player_choice":"Entered Light","floor":3.0,"gold_loss":0.0,"damage_taken":14.0,"cards_upgraded":["Flash of Steel","Defend_P"]},{"cards_removed":["Strike_P"],"damage_healed":0.0,"max_hp_gain":0.0,"max_hp_loss":0.0,"gold_gain":0.0,"event_name":"Purifier","player_choice":"Purged","floor":10.0,"gold_loss":0.0,"damage_taken":0.0},{"damage_healed":0.0,"max_hp_gain":0.0,"max_hp_loss":0.0,"gold_gain":99.0,"event_name":"Nest","player_choice":"Stole From Cult","floor":19.0,"gold_loss":0.0,"damage_taken":0.0},{"damage_healed":0.0,"max_hp_gain":0.0,"max_hp_loss":0.0,"gold_gain":100.0,"event_name":"Golden Shrine","player_choice":"Pray","floor":20.0,"gold_loss":0.0,"damage_taken":0.0},{"damage_healed":0.0,"max_hp_gain":0.0,"max_hp_loss":0.0,"gold_gain":0.0,"event_name":"Cursed Tome","player_choice":"Ignored","floor":30.0,"gold_loss":0.0,"damage_taken":0.0},{"damage_healed":18.0,"max_hp_gain":0.0,"max_hp_loss":0.0,"gold_gain":0.0,"event_name":"Winding Halls","player_choice":"Writhe","floor":36.0,"gold_loss":0.0,"damage_taken":0.0,"cards_obtained":["Writhe"]},{"damage_healed":0.0,"max_hp_gain":0.0,"max_hp_loss":0.0,"gold_gain":0.0,"event_name":"Mysterious Sphere","player_choice":"Ignored","floor":37.0,"gold_loss":0.0,"damage_taken":0.0},{"damage_healed":0,"gold_gain":0,"player_choice":"Fight","damage_taken":0,"max_hp_gain":0,"max_hp_loss":0,"event_name":"MindBloom","floor":42,"gold_loss":0},{"damage_healed":0,"gold_gain":0,"player_choice":"Memory 1","damage_taken":0,"max_hp_gain":0,"max_hp_loss":0,"event_name":"SensoryStone","floor":46,"gold_loss":0}],"is_beta":false,"boss_relics":[{"not_picked":["Runic Pyramid","Empty Cage"],"picked":"HolyWater"},{"not_picked":["Cursed Key","Black Star"],"picked":"Busted Crown"}],"items_purged_floors":[24,28,39],"is_endless":false,"potions_floor_spawned":[6,11,12,13,14,16,27,29,31,33,35,45],"killed_by":"Time Eater","ascension_level":6}}