{"host":"fbdlh90rovbiajun","time":1613626740,"event":{"mods":["AchievementEnabler","BaseMod","Colored Map","Keyboard Shortcuts","Minty Spire (QoL Compilation)","SuperFastMode"],"gold_per_floor":[113,131,149,39,39,39,39,59,59,59,77,77,152,170,170,274,274,287,275,374,374,374,374],"floor_reached":22,"language":"KOR","playtime":678,"items_purged":["Defend_P"],"score":176,"play_id":"ad74190b-6360-4e32-8b5f-28775d39dcf5","local_time":"20210218143900","is_ascension_mode":false,"campfire_choices":[{"data":"Eruption","floor":7,"key":"SMITH"},{"data":"MentalFortress","floor":10,"key":"SMITH"},{"data":"Halt","floor":12,"key":"SMITH"},{"floor":15,"key":"REST"}],"circlet_count":0,"master_deck":["Strike_P","Strike_P","Strike_P","Defend_P","Defend_P","Eruption+1","Vigilance","Halt+1","MentalFortress+1","LikeWater","Adaptation+1","MentalFortress+1"],"relics":["HolyWater","NeowsBlessing","Akabeko","Ginger"],"acts_visited":["Exordium","TheCity"],"potions_floor_usage":[16,16,22],"damage_taken":[{"damage":0,"enemies":"2 Louse","floor":1,"turns":1},{"damage":0,"enemies":"Small Slimes","floor":2,"turns":1},{"damage":0,"enemies":"Jaw Worm","floor":3,"turns":1},{"damage":29,"enemies":"Large Slime","floor":8,"turns":5},{"damage":8,"enemies":"Exordium Thugs","floor":11,"turns":6},{"damage":0,"enemies":"Gremlin Gang","floor":14,"turns":4},{"damage":23,"enemies":"Hexaghost","floor":16,"turns":7},{"damage":27,"enemies":"3 Byrds","floor":18,"turns":6},{"damage":13,"enemies":"2 Thieves","floor":19,"turns":4},{"damage":38,"enemies":"Centurion and Healer","floor":22,"turns":3}],"seed_played":"2809549143243390538","potions_obtained":[{"floor":1,"key":"SkillPotion"},{"floor":8,"key":"SteroidPotion"},{"floor":16,"key":"SmokeBomb"},{"floor":18,"key":"Block Potion"},{"floor":19,"key":"BottledMiracle"}],"is_trial":false,"path_per_floor":["M","M","M","$","?","?","R","M","T","R","M","R","?","M","R","B",null,"M","M","?","T","M"],"character_chosen":"WATCHER","items_purchased":["MentalFortress"],"campfire_rested":1,"item_purchase_floors":[4],"current_hp_per_floor":[72,72,72,72,65,65,65,36,36,36,28,28,17,17,38,15,72,45,32,32,32,0,0],"gold":374,"neow_bonus":"THREE_ENEMY_KILL","is_daily":false,"chose_seed":false,"campfire_upgraded":3,"win_rate":0.0,"timestamp":1613626740,"path_taken":["M","M","M","$","?","?","R","M","T","R","M","R","?","M","R","BOSS","M","M","?","?","M"],"items_purchased_type":["Card"],"build_version":"2020-12-22","purchased_purges":1,"victory":false,"max_hp_per_floor":[72,72,72,72,72,72,72,72,72,72,72,72,72,72,72,72,72,72,72,72,72,72,72],"card_choices":[{"not_picked":["Study","LikeWater","Nirvana"],"picked":"SKIP","floor":1},{"not_picked":["CutThroughFate","SashWhip","Collect"],"picked":"SKIP","floor":2},{"not_picked":["SashWhip","CutThroughFate"],"picked":"Halt","floor":3},{"not_picked":["ThirdEye","FollowUp","Halt"],"picked":"SKIP","floor":8},{"not_picked":["ThirdEye","FollowUp","Halt"],"picked":"SKIP","floor":8},{"not_picked":["Worship","Sanctity","Protect"],"picked":"SKIP","floor":11},{"not_picked":["Prostrate","JustLucky","Consecrate"],"picked":"SKIP","floor":14},{"not_picked":["Protect+1","ReachHeaven"],"picked":"Adaptation+1","floor":18},{"not_picked":["PathToVictory","DeceiveReality+1"],"picked":"MentalFortress+1","floor":19}],"player_experience":82140,"relics_obtained":[{"floor":9,"key":"Akabeko"},{"floor":21,"key":"Ginger"}],"event_choices":[{"cards_removed":["Defend_P"],"damage_healed":0,"gold_gain":0,"player_choice":"Card Removal","damage_taken":7,"max_hp_gain":0,"max_hp_loss":0,"event_name":"Golden Wing","floor":5,"gold_loss":0},{"damage_healed":0,"gold_gain":0,"cards_transformed":["Strike_P"],"player_choice":"Change","damage_taken":0,"max_hp_gain":0,"max_hp_loss":0,"event_name":"Living Wall","floor":6,"gold_loss":0,"cards_obtained":["LikeWater"]},{"damage_healed":0,"gold_gain":75,"player_choice":"Gather Gold","damage_taken":11,"max_hp_gain":0,"max_hp_loss":0,"event_name":"World of Goop","floor":13,"gold_loss":0},{"damage_healed":0,"gold_gain":99,"player_choice":"Stole From Cult","damage_taken":0,"max_hp_gain":0,"max_hp_loss":0,"event_name":"Nest","floor":20,"gold_loss":0}],"is_beta":false,"boss_relics":[{"not_picked":["Fusion Hammer","Sozu"],"picked":"HolyWater"}],"items_purged_floors":[4],"is_endless":false,"potions_floor_spawned":[1,8,16,18,19],"killed_by":"Centurion and Healer","ascension_level":0}}