{"host":"n91kx4xj3dn3811n","time":1613630344,"event":{"mods":["Act Like it!","BaseMod","Better Third Choice","CapriCore","Colored Powertips","Downfall","Highlight Path","Marisa£®ÏF”Í°°ƒß¿Ì…≥£©","Minty Spire (QoL Compilation)","MostiFishMod","Quick Restart","Reimu£®≤©¿ˆ¡È√Œ£©","Remilia£®¿Ÿ√◊¿Ú—«£©","Spicy Shops","StSLib","The Cursed","The Immortal","The Servant 0.9.4","Waifu the Spire","≤–¡Ù÷ÆŒÔ","ÛÙª÷∏ƒœ"],"gold_per_floor":[99,117,129,146,146,146,214,232,261,278,296,72,105,122,132,132,132,132],"floor_reached":16,"language":"ZHS","playtime":2159,"items_purged":[],"score":148,"play_id":"847f15a1-b1dd-4017-a66a-d1637697c10f","local_time":"20210218143904","is_ascension_mode":true,"campfire_choices":[{"data":"MostiFishMod:WinterMarkForm","floor":1,"key":"SMITH"}],"circlet_count":0,"master_deck":["hexamod:Strike","hexamod:Strike","hexamod:Strike","hexamod:Strike+1","hexamod:Defend","hexamod:Defend","hexamod:Defend","hexamod:Defend+1","hexamod:Sear","hexamod:Float+1","MostiFishMod:FrostNova","MostiFishMod:WinterMarkForm+1","hexamod:AdvancingGuard","hexamod:FirstSeal","hexamod:SpectersWail","hexamod:SoulSteal","hexamod:BacktrackSmack","hexamod:EmpoweredFlame","hexamod:Rewind","hexamod:FifthSeal","hexamod:SixthSeal","hexamod:ThirdSeal","hexamod:EtherealExpedition"],"relics":["hexamod:SpiritBrand","DaveBox","FrostBlade","OriginationStaff","Pear","Eternal Feather","Darkstone Periapt","Vajra"],"acts_visited":["Exordium"],"potions_floor_usage":[16,16],"damage_taken":[{"damage":0,"enemies":"2 Louse","floor":2,"turns":2},{"damage":10,"enemies":"Small Slimes","floor":3,"turns":2},{"damage":0,"enemies":"Cultist","floor":4,"turns":4},{"damage":16,"enemies":"Red Slaver","floor":8,"turns":3},{"damage":0,"enemies":"Lagavulin","floor":9,"turns":3},{"damage":30,"enemies":"Exordium Thugs","floor":10,"turns":4},{"damage":0,"enemies":"Gremlin Gang","floor":11,"turns":3},{"damage":0,"enemies":"downfall:FleeingMerchant","floor":12,"turns":5},{"damage":17,"enemies":"3 Sentries","floor":13,"turns":5},{"damage":4,"enemies":"2 Fungi Beasts","floor":14,"turns":3},{"damage":4,"enemies":"Blue Slaver","floor":15,"turns":3},{"damage":25,"enemies":"WA_ARCHETYPE_RETAIN","floor":16,"turns":6}],"seed_played":"-708606002162495464","potions_obtained":[{"floor":4,"key":"Slimebound:ThreeZeroPotion"},{"floor":9,"key":"PowerPotion"},{"floor":10,"key":"ZuzhouPotion:ReiMu"}],"is_trial":false,"path_per_floor":["R","M","M","M","?","?","T","M","E","M","M","$","E","M","M","B"],"character_chosen":"THE_SPIRIT","items_purchased":["Darkstone Periapt","hexamod:FifthSeal"],"campfire_rested":0,"item_purchase_floors":[12,12],"current_hp_per_floor":[49,49,39,46,46,46,56,40,47,24,31,31,21,17,13,0,0,0],"gold":132,"neow_bonus":"ONE_RARE_RELIC","is_daily":false,"chose_seed":false,"campfire_upgraded":1,"win_rate":0.0,"timestamp":1613630344,"path_taken":["R","M","M","M","?","?","T","M","E","?","M","?","E","M","M","BOSS"],"items_purchased_type":["Relic","Card"],"build_version":"2020-12-22","purchased_purges":0,"victory":false,"max_hp_per_floor":[70,70,70,70,70,70,80,80,80,80,80,80,80,80,80,80,80,80],"card_choices":[{"not_picked":["hexamod:BurningTouch","hexamod:ExtraCrispy"],"picked":"hexamod:AdvancingGuard","floor":2},{"not_picked":["hexamod:ThermalTransfer","hexamod:NightmareStrike"],"picked":"hexamod:FirstSeal","floor":3},{"not_picked":["hexamod:GhostShield","hexamod:NightmareStrike"],"picked":"hexamod:SpectersWail","floor":4},{"not_picked":["hexamod:FastForward","hexamod:AdvancingGuard"],"picked":"hexamod:SoulSteal","floor":8},{"not_picked":["hexamod:UnlimitedPower","hexamod:SkipABeat"],"picked":"hexamod:BacktrackSmack","floor":9},{"not_picked":["hexamod:Haunt","hexamod:GhostOfSpireFuture"],"picked":"hexamod:EmpoweredFlame","floor":10},{"not_picked":["hexamod:ExtraCrispy","hexamod:GhostLash"],"picked":"hexamod:Rewind","floor":11},{"not_picked":["hexamod:HeatCrush","hexamod:BacktrackSmack","hexamod:NightmareStrike"],"picked":"SKIP","floor":12},{"not_picked":["hexamod:SecondSeal","hexamod:FourthSeal"],"picked":"hexamod:SixthSeal","floor":13},{"not_picked":["hexamod:NightmareStrike","hexamod:UnlimitedPower","hexamod:ChargedBarrage"],"picked":"SKIP","floor":13},{"not_picked":["hexamod:SixthSeal","hexamod:FourthSeal"],"picked":"hexamod:ThirdSeal","floor":14},{"not_picked":["hexamod:ChargedBarrage","hexamod:ShieldOfDarkness","hexamod:AdvancingGuard"],"picked":"SKIP","floor":14},{"not_picked":["hexamod:FastForward","hexamod:HeatMetal"],"picked":"hexamod:EtherealExpedition","floor":15}],"player_experience":259739,"relics_obtained":[{"floor":7,"key":"Pear"},{"floor":9,"key":"Eternal Feather"},{"floor":13,"key":"Vajra"}],"event_choices":[{"damage_healed":0,"gold_gain":0,"player_choice":"Grow","damage_taken":0,"max_hp_gain":0,"max_hp_loss":0,"event_name":"Living Wall","floor":5,"gold_loss":0,"cards_upgraded":["hexamod:Float"]}],"is_beta":false,"boss_relics":[],"items_purged_floors":[],"is_endless":false,"potions_floor_spawned":[4,9,10,11],"killed_by":"WA_ARCHETYPE_RETAIN","ascension_level":1}}