{"host":"y0i0tbisecj7yjyn","time":1613625353,"event":{"mods":["2.2 Compatiblity","AchievementEnabler","AlwaysNeverKeys","BaseMod","Better Third Choice","BetterRewards","Colored Map","Colored Powertips","Curses Come First","Disable Question Mark Monsters","Displayed Cursed Tome","Highlight Path","Keyboard Shortcuts","Minty Spire (QoL Compilation)","Quick Restart","Random Character Button","Rare Cards Sparkle","Relic Stats","Reliquary","Smile Girya","StSLib","SuperFastMode","The Marked","Transform Curses","Weighted Paths"],"gold_per_floor":[112,112,128,93,93,120,140,173,173,188,188,188,219,230,230,333,333,351,362,277,288,288,288,322,333,333,333,333],"floor_reached":27,"language":"ENG","playtime":826,"items_purged":[],"score":334,"play_id":"0c001668-2ca3-423a-bdcd-3e842387dcf8","local_time":"20210217231553","is_ascension_mode":true,"campfire_choices":[{"floor":12,"key":"REST"},{"floor":15,"key":"REST"},{"floor":23,"key":"REST"}],"circlet_count":0,"master_deck":["Strike_B","Strike_B","Strike_B","Strike_B","Defend_B","Defend_B","Defend_B","Defend_B","Zap+1","Dualcast","Rebound","Cold Snap","Doom and Gloom","Lockon","Loop","Steam","Darkness","Rainbow","CurseOfTheBell","Beam Cell+1","Streamline+1","Chaos+1","Thunder Strike","Ball Lightning+1"],"relics":["Cracked Core","NeowsBlessing","Eternal Feather","Calipers","reliquary:LoveEmittingDiode","Calling Bell","Juzu Bracelet","Toxic Egg 2","CaptainsWheel","reliquary:NewFriend","Question Card","Bottled Lightning","reliquary:Sideboard"],"acts_visited":["Exordium","TheCity"],"potions_floor_usage":[1,8,13,16,21,21,24],"damage_taken":[{"damage":0,"enemies":"2 Louse","floor":1,"turns":1},{"damage":0,"enemies":"Cultist","floor":3,"turns":1},{"damage":0,"enemies":"3 Sentries","floor":6,"turns":1},{"damage":5,"enemies":"Jaw Worm","floor":7,"turns":3},{"damage":16,"enemies":"Gremlin Nob","floor":8,"turns":3},{"damage":14,"enemies":"Red Slaver","floor":10,"turns":2},{"damage":35,"enemies":"3 Sentries","floor":13,"turns":6},{"damage":9,"enemies":"Exordium Thugs","floor":14,"turns":3},{"damage":9,"enemies":"The Guardian","floor":16,"turns":8},{"damage":30,"enemies":"3 Byrds","floor":18,"turns":5},{"damage":10,"enemies":"Chosen","floor":19,"turns":4},{"damage":24,"enemies":"Centurion and Healer","floor":21,"turns":5},{"damage":40,"enemies":"Book of Stabbing","floor":24,"turns":6},{"damage":1,"enemies":"Snecko","floor":25,"turns":4},{"damage":5,"enemies":"Sentry and Sphere","floor":27,"turns":2}],"seed_played":"-4411148065363816169","potions_obtained":[{"floor":1,"key":"EntropicBrew"},{"floor":5,"key":"CultistPotion"},{"floor":13,"key":"FocusPotion"},{"floor":19,"key":"Swift Potion"},{"floor":21,"key":"Block Potion"},{"floor":24,"key":"Swift Potion"}],"is_trial":false,"path_per_floor":["M","?","M","?","?","E","M","E","T","M","$","R","E","M","R","B",null,"M","M","?","M","T","R","E","M","T","M"],"character_chosen":"DEFECT","items_purchased":[],"campfire_rested":3,"item_purchase_floors":[],"current_hp_per_floor":[75,75,75,75,75,75,70,54,54,40,40,71,36,27,58,49,75,45,35,35,11,11,45,5,4,4,0,0],"gold":333,"neow_bonus":"THREE_ENEMY_KILL","is_daily":false,"chose_seed":false,"campfire_upgraded":0,"win_rate":0.0,"timestamp":1613625353,"path_taken":["M","?","M","?","?","E","?","E","T","M","?","R","E","M","R","BOSS","M","M","?","M","?","R","E","M","T","M"],"items_purchased_type":[],"build_version":"2020-12-22","purchased_purges":0,"victory":false,"max_hp_per_floor":[75,75,75,75,75,75,75,75,75,75,75,75,75,75,75,75,75,75,75,75,75,75,75,75,75,75,75,75],"relic_stats":{"counters":[15,54],"Eternal Feather":30,"Juzu Bracelet":0,"Question Card":2,"obtain_stats":[{"Calipers":9,"reliquary:LoveEmittingDiode":13,"NeowsBlessing":0,"reliquary:Sideboard":26,"Eternal Feather":8,"Juzu Bracelet":17,"Question Card":22,"Calling Bell":17,"CaptainsWheel":17,"reliquary:NewFriend":20,"Bottled Lightning":24,"Toxic Egg 2":17,"Cracked Core":0},{"Calipers":5,"reliquary:LoveEmittingDiode":7,"NeowsBlessing":0,"reliquary:Sideboard":14,"Eternal Feather":5,"Juzu Bracelet":9,"Question Card":12,"Calling Bell":9,"CaptainsWheel":9,"reliquary:NewFriend":11,"Bottled Lightning":13,"Toxic Egg 2":9,"Cracked Core":0},{"Calipers":9,"reliquary:LoveEmittingDiode":17,"NeowsBlessing":0,"reliquary:Sideboard":52,"Eternal Feather":9,"Juzu Bracelet":28,"Question Card":42,"Calling Bell":28,"CaptainsWheel":28,"reliquary:NewFriend":37,"Bottled Lightning":48,"Toxic Egg 2":28,"Cracked Core":0}]},"card_choices":[{"not_picked":["Hello World","Leap"],"picked":"Rebound","floor":1},{"not_picked":["Redo","Hologram"],"picked":"Cold Snap","floor":3},{"not_picked":["Gash","Conserve Battery"],"picked":"Doom and Gloom","floor":6},{"not_picked":["Genetic Algorithm","Compile Driver"],"picked":"Lockon","floor":7},{"not_picked":["Steam","Reboot"],"picked":"Loop","floor":8},{"not_picked":["Compile Driver","Beam Cell","Hologram"],"picked":"SKIP","floor":10},{"not_picked":["Recycle","Tempest"],"picked":"Steam","floor":13},{"not_picked":["Beam Cell","Cold Snap"],"picked":"Darkness","floor":14},{"not_picked":["Thunder Strike","Seek"],"picked":"Rainbow","floor":16},{"not_picked":["Recycle+1","Capacitor"],"picked":"Beam Cell+1","floor":18},{"not_picked":["Beam Cell","Doom and Gloom+1"],"picked":"Streamline+1","floor":19},{"not_picked":["Turbo+1","Barrage"],"picked":"Chaos+1","floor":21},{"not_picked":["Cold Snap","Stack+1","Sweeping Beam"],"picked":"Thunder Strike","floor":24},{"not_picked":["Coolheaded+1","Sweeping Beam","BootSequence+1"],"picked":"Ball Lightning+1","floor":25}],"player_experience":476532,"relics_obtained":[{"floor":8,"key":"Eternal Feather"},{"floor":9,"key":"Calipers"},{"floor":13,"key":"reliquary:LoveEmittingDiode"},{"floor":17,"key":"Juzu Bracelet"},{"floor":17,"key":"Toxic Egg 2"},{"floor":17,"key":"CaptainsWheel"},{"floor":22,"key":"Question Card"},{"floor":24,"key":"Bottled Lightning"},{"floor":26,"key":"reliquary:Sideboard"}],"event_choices":[{"damage_healed":0,"gold_gain":0,"player_choice":"Upgraded","damage_taken":0,"max_hp_gain":0,"max_hp_loss":0,"event_name":"Upgrade Shrine","floor":2,"gold_loss":0,"cards_upgraded":["Zap"]},{"damage_healed":18,"gold_gain":0,"player_choice":"Healed","damage_taken":0,"max_hp_gain":0,"max_hp_loss":0,"event_name":"The Cleric","floor":4,"gold_loss":35},{"damage_healed":0,"gold_gain":0,"player_choice":"Got Potions","damage_taken":0,"max_hp_gain":0,"max_hp_loss":0,"event_name":"Lab","floor":5,"gold_loss":0},{"damage_healed":0,"gold_gain":0,"player_choice":"Obtained Relic","damage_taken":0,"relics_obtained":["reliquary:NewFriend"],"max_hp_gain":0,"max_hp_loss":0,"event_name":"Addict","floor":20,"gold_loss":85}],"is_beta":false,"boss_relics":[{"not_picked":["reliquary:Ember","SlaversCollar"],"picked":"Calling Bell"}],"items_purged_floors":[],"is_endless":false,"potions_floor_spawned":[1,3,13,19,21,24],"killed_by":"Sentry and Sphere","ascension_level":4}}