{"host":"o5lch9xvacbb0fa4","time":1613667489,"event":{"mods":["AchievementEnabler","Act Like it!","Aspiration","Bard","BaseMod","Better Altar","Better Match","Better Note","Better Sensory Stone","Better Skull","Better Third Choice","Better Vampires","BetterRewards","CCEM","Colored Map","Conspire","Downfall","GifTheSpireLib","Googly Eyes","GungeonMod","Halation","Hermit","Highlight Path","Hubris","Infinite Spire","Jedi Mod","Jorbs\u0027s Wanderer Trilogy","Marisa????????","Marked Mod","Mimic Mod","Minty Spire (QoL Compilation)","Permanent Neow","Relic Filter","Relic Sorter","Relic Stats","Replay The Spire","Shade Mod","Shop Mod","Small Relic Pack","StSLib","Stuff the Spire","The Blackbeard","The Runesmith","Unceasing Turn Reminder","everything is the same but u backflip on backflip","slay the spire mod where everything is the same but ironclad has a cowboy hat"],"gold_per_floor":[113,113,123,123,136,166,166,192,192,40,40,40,40,3,3,3,3,3,3,3,3,3,3,3,3,3,3,3,3,3,3,3,3,3,72,72,82,82,92,92,92,92,103,103,129,141,141,273,273,284,284,284],"floor_reached":53,"playtime":2394,"items_purged":[],"score":923,"play_id":"b07db1ce-109b-4ce5-bb83-391fafb01f42","local_time":"20210219005809","is_ascension_mode":true,"campfire_choices":[{"floor":7,"key":"REST"},{"floor":11,"key":"REST"},{"data":"Prepared","floor":15,"key":"SMITH"},{"data":"Blade Dance","floor":17,"key":"SMITH"},{"data":"Venomology","floor":25,"key":"SMITH"},{"data":"ReplayTheSpireMod:Shiv Toss","floor":29,"key":"SMITH"},{"data":"Dagger Spray","floor":32,"key":"SMITH"},{"data":"ReplayTheSpireMod:Scrap Shanks","floor":34,"key":"SMITH"},{"data":"StuffTheSpire:CelestialWarden","floor":42,"key":"SMITH"},{"data":"jedi:studyshivs","floor":44,"key":"SMITH"},{"data":"infinitespire:NeuralNetwork","floor":49,"key":"SMITH"},{"data":"jedi:studyshivs","floor":51,"key":"SMITH"}],"circlet_count":0,"master_deck":["Strike_G","Strike_G","Strike_G","Strike_G","Strike_G","Defend_G","Defend_G","Defend_G","Defend_G","Defend_G","Survivor","Neutralize","PiercingWail","Quick Slash","Prepared+1","ReplayTheSpireMod:Scrap Shanks+1","Blade Dance+1","Venomology+1","ReplayTheSpireMod:Shiv Toss+1","Flying Knee+1","Blade Dance+1","Dagger Throw","Dagger Spray+1","Insight","Die Die Die","hubris:SlightOfHand","Prepared+1","jedi:studyshivs+1","Acrobatics+1","Quick Slash","StuffTheSpire:CelestialWarden+1","jedi:studyshivs+1","Dodge and Roll+1","infinitespire:NeuralNetwork+1","CurseOfTheBell","Prepared+1"],"relics":["hubris:Backtick","StuffTheSpire:DarkSteelAnvil","relicPack:DSword","jedi:shrinkray","jedi:rubbersling","Onion Ring","halation:PrussianBluePaint","Oddly Smooth Stone","jedi:ominousloannote","StuffTheSpire:TintedRock","TungstenRod","HoveringKite","Paper Crane","Replay:Wax Seal","Replay:Grab Bag","aspiration:RandomNobGenerator","jedi:paperlyon","WristBlade","halation:PinkSoulGem","halation:PapillonHeart","StuffTheSpire:Experiment12","Calling Bell","Replay:Mystery Machine","Vampiric Spirits","hubris:Reverence","CCEMRelics:PorcelainBowl","DemoMod:GlassGuonStoneRelic"],"acts_visited":["Exordium","TheCity","TheBeyond"],"potions_floor_usage":[8,18,20,21,22,26,30,31,33,33,35,37,39,43,46,48,50,50,52,52],"damage_taken":[{"damage":0,"enemies":"Small Slimes","floor":1,"turns":5},{"damage":8,"enemies":"Jaw Worm","floor":3,"turns":5},{"damage":0,"enemies":"Cultist","floor":5,"turns":3},{"damage":12,"enemies":"Lagavulin","floor":6,"turns":7},{"damage":14,"enemies":"3 Sentries","floor":8,"turns":7},{"damage":1,"enemies":"conspire:2 RoseBushes","floor":16,"turns":4},{"damage":14,"enemies":"The Guardian","floor":18,"turns":8},{"damage":0,"enemies":"3 Byrds","floor":20,"turns":3},{"damage":0,"enemies":"Spheric Guardian","floor":21,"turns":3},{"damage":0,"enemies":"Centurion and Healer","floor":22,"turns":4},{"damage":4,"enemies":"conspire:HollyBat","floor":24,"turns":5},{"damage":9,"enemies":"conspire:Head Lice","floor":26,"turns":4},{"damage":0,"enemies":"Snake Plant","floor":28,"turns":4},{"damage":0,"enemies":"Gremlin Leader","floor":30,"turns":3},{"damage":0,"enemies":"Snake Plant","floor":31,"turns":3},{"damage":6,"enemies":"Snecko","floor":33,"turns":4},{"damage":21,"enemies":"Automaton","floor":35,"turns":5},{"damage":7,"enemies":"Orb Walker","floor":37,"turns":2},{"damage":1,"enemies":"3 Darklings","floor":39,"turns":2},{"damage":1,"enemies":"Maw","floor":43,"turns":4},{"damage":0,"enemies":"Sphere and 2 Shapes","floor":46,"turns":2},{"damage":0,"enemies":"Reptomancer","floor":48,"turns":3},{"damage":7,"enemies":"Writhing Mass","floor":50,"turns":2},{"damage":6,"enemies":"hubris:GrandSnecko","floor":52,"turns":5}],"seed_played":"-5297069711697841516","potions_obtained":[{"floor":1,"key":"LiquidBronze"},{"floor":6,"key":"Block Potion"},{"floor":8,"key":"Fire Potion"},{"floor":21,"key":"EssenceOfSteel"},{"floor":31,"key":"Milkshake"},{"floor":35,"key":"DemoMod:LeadSkinPotion"},{"floor":37,"key":"Dexterity Potion"},{"floor":39,"key":"Adrenaline Potion"},{"floor":50,"key":"Regen Potion"}],"is_trial":false,"path_per_floor":["M","?","M","?","M","E","R","E","T","$","R","PTL","PTL","$","R","M","R","B",null,"M","M","M","?","M","R","E","?","MIM","R","E","M","R","M","R","B",null,"M","?","M","?","?","R","M","R","T","M","AVR","E","R","M","R","B",null],"character_chosen":"THE_SILENT","items_purchased":["Oddly Smooth Stone","jedi:ominousloannote","StuffTheSpire:TintedRock","TungstenRod"],"campfire_rested":2,"item_purchase_floors":[10,14,14,14],"current_hp_per_floor":[70,35,27,22,22,10,31,17,17,17,38,38,38,38,38,37,37,23,70,70,70,70,70,66,66,57,57,57,57,57,57,57,51,51,30,70,63,63,62,62,62,62,61,61,61,61,61,66,66,59,59,66],"gold":284,"neow_bonus":"BOSS_RELIC","is_daily":false,"chose_seed":false,"campfire_upgraded":10,"win_rate":0.0,"timestamp":1613667489,"path_taken":["M","?","M","?","M","E","R","E","T","$","R","PTL","PTL","$","R","M","R","BOSS","M","M","M","?","?","R","E","?","MIM","R","E","?","R","M","R","BOSS","M","?","M","?","?","R","M","R","T","?","AVR","E","R","M","R","BOSS"],"items_purchased_type":["Relic","Relic","Relic","Relic"],"build_version":"2020-12-13","purchased_purges":0,"victory":true,"max_hp_per_floor":[70,70,70,70,70,70,70,70,70,70,70,70,70,70,70,70,70,70,70,70,70,70,70,70,70,70,70,70,70,70,70,70,70,70,70,70,70,70,70,66,66,66,66,66,66,66,66,66,66,66,66,66],"relic_stats":{"counters":[24,97],"HoveringKite":[39],"obtain_stats":[{"halation:PapillonHeart":40,"CCEMRelics:PorcelainBowl":48,"relicPack:DSword":2,"Vampiric Spirits":47,"HoveringKite":19,"DemoMod:GlassGuonStoneRelic":1,"Replay:Mystery Machine":47,"jedi:shrinkray":4,"StuffTheSpire:Experiment12":45,"hubris:Backtick":0,"WristBlade":36,"halation:PrussianBluePaint":9,"jedi:paperlyon":36,"jedi:cryingmask":26,"Replay:Wax Seal":30,"Ring of the Snake":0,"StuffTheSpire:TintedRock":14,"Replay:Grab Bag":36,"Oddly Smooth Stone":10,"aspiration:RandomNobGenerator":36,"Paper Crane":28,"Calling Bell":47,"jedi:ominousloannote":14,"jedi:rubbersling":6,"StuffTheSpire:DarkSteelAnvil":0,"Onion Ring":8,"halation:PinkSoulGem":38,"TungstenRod":14,"hubris:Reverence":47},{"halation:PapillonHeart":19,"CCEMRelics:PorcelainBowl":22,"relicPack:DSword":1,"Vampiric Spirits":21,"HoveringKite":7,"DemoMod:GlassGuonStoneRelic":1,"Replay:Mystery Machine":21,"jedi:shrinkray":2,"StuffTheSpire:Experiment12":20,"hubris:Backtick":0,"WristBlade":17,"halation:PrussianBluePaint":5,"jedi:paperlyon":17,"jedi:cryingmask":12,"Replay:Wax Seal":14,"Ring of the Snake":0,"StuffTheSpire:TintedRock":5,"Replay:Grab Bag":17,"Oddly Smooth Stone":5,"aspiration:RandomNobGenerator":17,"Paper Crane":13,"Calling Bell":21,"jedi:ominousloannote":5,"jedi:rubbersling":4,"StuffTheSpire:DarkSteelAnvil":0,"Onion Ring":5,"halation:PinkSoulGem":18,"TungstenRod":5,"hubris:Reverence":21},{"halation:PapillonHeart":81,"CCEMRelics:PorcelainBowl":90,"relicPack:DSword":5,"Vampiric Spirits":87,"HoveringKite":39,"DemoMod:GlassGuonStoneRelic":5,"Replay:Mystery Machine":87,"jedi:shrinkray":10,"StuffTheSpire:Experiment12":85,"hubris:Backtick":0,"WristBlade":77,"halation:PrussianBluePaint":27,"jedi:paperlyon":77,"jedi:cryingmask":58,"Replay:Wax Seal":65,"Ring of the Snake":0,"StuffTheSpire:TintedRock":27,"Replay:Grab Bag":77,"Oddly Smooth Stone":27,"aspiration:RandomNobGenerator":77,"Paper Crane":62,"Calling Bell":87,"jedi:ominousloannote":27,"jedi:rubbersling":20,"StuffTheSpire:DarkSteelAnvil":0,"Onion Ring":27,"halation:PinkSoulGem":79,"TungstenRod":27,"hubris:Reverence":87}],"TungstenRod":25},"card_choices":[{"not_picked":["All Out Attack","Replay:Poison Smokescreen"],"picked":"PiercingWail","floor":1},{"not_picked":["Fluid Movement","PiercingWail"],"picked":"Quick Slash","floor":3},{"not_picked":["ReplayTheSpireMod:Speed Training","Bane","StuffTheSpire:Incantation"],"picked":"SKIP","floor":5},{"not_picked":["StuffTheSpire:Python","PiercingWail"],"picked":"Prepared","floor":6},{"not_picked":["Doppelganger","hubris:SlightOfHand"],"picked":"ReplayTheSpireMod:Scrap Shanks","floor":8},{"not_picked":["hubris:SlightOfHand","Dash"],"picked":"Blade Dance","floor":16},{"not_picked":["infinitespire:Neurotoxin","Atom Bomb"],"picked":"Venomology","floor":18},{"not_picked":["Underhanded Strike","Crippling Poison+1"],"picked":"ReplayTheSpireMod:Shiv Toss","floor":20},{"not_picked":["StuffTheSpire:BrimstoneBlast+1","StuffTheSpire:ClusterCrunch"],"picked":"Flying Knee+1","floor":21},{"not_picked":["hubris:TrickCloak","Poisoned Stab+1","StuffTheSpire:BrimstoneBlast"],"picked":"SKIP","floor":22},{"not_picked":["StuffTheSpire:ClusterCrunch","StuffTheSpire:Injection"],"picked":"Dagger Throw","floor":24},{"not_picked":["Dagger Throw","Masterful Stab"],"picked":"Dagger Spray","floor":26},{"not_picked":["Prepared","Caltrops"],"picked":"Die Die Die","floor":28},{"not_picked":["Quick Slash","StuffTheSpire:MirrorStance"],"picked":"hubris:SlightOfHand","floor":30},{"not_picked":["Deflect","Dodge and Roll"],"picked":"Prepared+1","floor":31},{"not_picked":["jedi:collectorvenom","Sucker Punch","hubris:TrickCloak"],"picked":"SKIP","floor":33},{"not_picked":["Malaise","Tools of the Trade"],"picked":"jedi:studyshivs","floor":35},{"not_picked":["Backstab+1","Flechettes+1"],"picked":"Acrobatics+1","floor":37},{"not_picked":["Deadly Poison","Backflip"],"picked":"Quick Slash","floor":39},{"not_picked":["StuffTheSpire:Perfection","StuffTheSpire:Rapture"],"picked":"StuffTheSpire:CelestialWarden","floor":41},{"not_picked":["Dagger Throw","Deflect+1"],"picked":"jedi:studyshivs","floor":43},{"not_picked":["Blur","Doppelganger"],"picked":"Dodge and Roll+1","floor":46},{"not_picked":["Escape Plan","Slice+1"],"picked":"Prepared+1","floor":48},{"not_picked":["Predator+1","Escape Plan","jedi:pocketpoison"],"picked":"SKIP","floor":50}],"player_experience":55596,"relics_obtained":[{"floor":6,"key":"jedi:rubbersling"},{"floor":8,"key":"Onion Ring"},{"floor":9,"key":"halation:PrussianBluePaint"},{"floor":26,"key":"jedi:cryingmask"},{"floor":28,"key":"Paper Crane"},{"floor":30,"key":"Replay:Wax Seal"},{"floor":45,"key":"StuffTheSpire:Experiment12"},{"floor":47,"key":"Replay:Mystery Machine"},{"floor":47,"key":"Vampiric Spirits"},{"floor":47,"key":"hubris:Reverence"},{"floor":48,"key":"CCEMRelics:PorcelainBowl"}],"event_choices":[{"damage_healed":0,"gold_gain":0,"player_choice":"Relic ","damage_taken":5,"max_hp_gain":0,"max_hp_loss":0,"event_name":"betterThird:BetterScrap","floor":4,"gold_loss":0,"cards_obtained":["Fiend Fire"]},{"damage_healed":0,"gold_gain":0,"player_choice":"Copied","damage_taken":0,"max_hp_gain":0,"max_hp_loss":0,"event_name":"Duplicator","floor":23,"gold_loss":0,"cards_obtained":["Blade Dance"]},{"damage_healed":0,"gold_gain":0,"player_choice":"Insight","damage_taken":0,"max_hp_gain":0,"max_hp_loss":0,"event_name":"betterThird:BetterWriting","floor":27,"gold_loss":0,"cards_obtained":["Insight"]}],"is_beta":false,"boss_relics":[{"not_picked":["ReplayTheSpireMod:SealedPack","halation:ForbiddenBikini"],"picked":"HoveringKite"},{"not_picked":["aspiration:RunicSpoon","CCEMRelics:GreenEgg"],"picked":"Replay:Grab Bag"},{"not_picked":["Fusion Hammer","jedi:battlestandard"],"picked":"aspiration:RandomNobGenerator"},{"not_picked":["StuffTheSpire:RunicConfusion","StuffTheSpire:ModemDavis"],"picked":"jedi:paperlyon"},{"not_picked":["aspiration:WatcherSkillbook","halation:Risk"],"picked":"WristBlade"}],"items_purged_floors":[],"is_endless":false,"potions_floor_spawned":[1,6,8,21,24,31,35,37,39,46,50],"ascension_level":1}}