{"host":"hqhp2gyqzjx7w974","time":1613675063,"event":{"mods":["BaseMod","Colored Map","Hermit","Highlight Path","Marisa????????","Minty Spire (QoL Compilation)","Permanent Neow","Relic Stats","Replay The Spire","StSLib","The Bug Knight","The Servant 0.9.4"],"gold_per_floor":[109,126,301,317,267,293,293,115,142,142,175,175,209,227,227,324,324,336,356,369,369,8,34,34,34],"floor_reached":24,"language":"ENG","playtime":1134,"items_purged":[],"score":224,"play_id":"edc27b20-95ec-4c6f-83dd-5dec67bc7d25","local_time":"20210218090423","is_ascension_mode":false,"campfire_choices":[{"data":"HollowMod:HornetsHelp","floor":7,"key":"SMITH"},{"data":"HollowMod:NewGlowingWomb","floor":10,"key":"SMITH"},{"floor":12,"key":"REST"},{"data":"HollowMod:HeavyBlow","floor":15,"key":"SMITH"}],"circlet_count":0,"master_deck":["HollowMod:NailStrikeStart","HollowMod:NailStrikeStart","HollowMod:NailStrikeStart","HollowMod:NailStrikeStart","HollowMod:QuickDashStart","HollowMod:QuickDashStart","HollowMod:QuickDashStart","HollowMod:QuickDashStart","HollowMod:FocusHealStart","HollowMod:PogoStrike","HollowMod:HornetsHelp+1","HollowMod:FallenFury","HollowMod:HuntersJournal","HollowMod:DashSlash","HollowMod:NewGlowingWomb+1","HollowMod:PerfectDash","HollowMod:DesolateDive","HollowMod:HeavyBlow+1","HollowMod:ZotesMagnificence","HollowMod:HowlingWraiths+1","HollowMod:HornetsHelp"],"relics":["HollowMod:VesselMask","HollowMod:KingsBrand","HollowMod:PaleOreRelic","FossilizedHelix","Calipers","Painkiller Herb","Replay:Baseball","ClockworkSouvenir","Ginger"],"acts_visited":["Exordium","TheCity"],"potions_floor_usage":[13,16],"damage_taken":[{"damage":1,"enemies":"Cultist","floor":1,"turns":4},{"damage":0,"enemies":"2 Louse","floor":2,"turns":3},{"damage":3,"enemies":"Jaw Worm","floor":4,"turns":4},{"damage":28,"enemies":"Gremlin Nob","floor":6,"turns":5},{"damage":2,"enemies":"3 Sentries","floor":13,"turns":7},{"damage":2,"enemies":"2 Fungi Beasts","floor":14,"turns":4},{"damage":26,"enemies":"Fading Forest","floor":16,"turns":11},{"damage":3,"enemies":"Shell Parasite","floor":18,"turns":4},{"damage":0,"enemies":"Chosen","floor":19,"turns":3},{"damage":0,"enemies":"Snecko","floor":20,"turns":3},{"damage":7,"enemies":"Replay:Snechameleon","floor":23,"turns":7}],"seed_played":"-7945228074285255012","potions_obtained":[{"floor":4,"key":"Strength Potion"},{"floor":13,"key":"Flashbang"},{"floor":19,"key":"GamblersBrew"}],"is_trial":false,"path_per_floor":["M","M","?","M","?","E","R","$","T","R","?","R","E","M","R","B",null,"?","?","?","?","T","E","T"],"character_chosen":"THE_BUGKNIGHT","items_purchased":["HollowMod:NewGlowingWomb","HollowMod:PerfectDash","HollowMod:DesolateDive","Replay:Baseball","ClockworkSouvenir","HollowMod:HornetsHelp"],"campfire_rested":1,"item_purchase_floors":[8,8,8,22,22,22],"current_hp_per_floor":[68,68,68,65,65,37,37,37,37,37,20,40,44,48,48,46,68,65,65,65,53,53,46,46,46],"gold":34,"neow_bonus":"THREE_RARE_CARDS","is_daily":false,"chose_seed":false,"campfire_upgraded":3,"win_rate":0.0,"timestamp":1613675063,"path_taken":["M","M","?","M","?","E","R","$","T","R","?","R","E","M","R","BOSS","?","?","?","?","T","E","T"],"items_purchased_type":["Card","Card","Card","Relic","Relic","Card"],"build_version":"2020-12-22","purchased_purges":0,"victory":false,"max_hp_per_floor":[68,68,68,68,68,68,68,68,68,68,68,68,68,68,68,68,68,68,68,68,73,73,73,73,73],"relic_stats":{"counters":[11,55],"Ginger":[0],"obtain_stats":[{"Replay:Baseball":22,"Calipers":13,"HollowMod:VesselMask":0,"Painkiller Herb":17,"HollowMod:PaleOreRelic":9,"Ginger":23,"HollowMod:KingsBrand":6,"FossilizedHelix":11,"ClockworkSouvenir":22},{"Replay:Baseball":10,"Calipers":5,"HollowMod:VesselMask":0,"Painkiller Herb":7,"HollowMod:PaleOreRelic":4,"Ginger":11,"HollowMod:KingsBrand":4,"FossilizedHelix":4,"ClockworkSouvenir":10},{"Replay:Baseball":48,"Calipers":23,"HollowMod:VesselMask":0,"Painkiller Herb":38,"HollowMod:PaleOreRelic":16,"Ginger":55,"HollowMod:KingsBrand":16,"FossilizedHelix":16,"ClockworkSouvenir":48}]},"card_choices":[{"not_picked":["HollowMod:Weaversong","HollowMod:ElderbugsWisdom"],"picked":"HollowMod:HornetsHelp","floor":0},{"not_picked":["HollowMod:SiblingsSouls","HollowMod:NewLittleFool"],"picked":"HollowMod:FallenFury","floor":1},{"not_picked":["HollowMod:CloakDash","HollowMod:SharpenedNail"],"picked":"HollowMod:HuntersJournal","floor":2},{"not_picked":["HollowMod:SoulStrike","HollowMod:SoulSplash"],"picked":"HollowMod:DashSlash","floor":4},{"not_picked":["HollowMod:CloakDash","HollowMod:VengefulVoid","HollowMod:DashSlash"],"picked":"SKIP","floor":6},{"not_picked":["HollowMod:MonarchWings","HollowMod:SiblingsShadow"],"picked":"HollowMod:HeavyBlow","floor":11},{"not_picked":["HollowMod:NewLittleFool","HollowMod:CloakDash","HollowMod:FastStrike"],"picked":"SKIP","floor":13},{"not_picked":["HollowMod:CloakDash","HollowMod:DreamGate","HollowMod:CycloneSlash"],"picked":"SKIP","floor":14},{"not_picked":["HollowMod:Weaversong","HollowMod:VoidDash"],"picked":"HollowMod:ZotesMagnificence","floor":16},{"not_picked":["HollowMod:SoulEater","HollowMod:GoodIntentions"],"picked":"HollowMod:HowlingWraiths+1","floor":18},{"not_picked":["HollowMod:SoulVessel","HollowMod:TaintedHusks","HollowMod:NewLittleFool+1"],"picked":"SKIP","floor":19},{"not_picked":["HollowMod:MawleksShell","HollowMod:HowlingWraiths","HollowMod:InfectedCysts"],"picked":"SKIP","floor":20},{"not_picked":["HollowMod:ChannelNail","HollowMod:DescendingDark","HollowMod:GrimmsGift"],"picked":"SKIP","floor":23}],"player_experience":9549,"relics_obtained":[{"floor":6,"key":"HollowMod:KingsBrand"},{"floor":9,"key":"HollowMod:PaleOreRelic"},{"floor":11,"key":"FossilizedHelix"},{"floor":13,"key":"Calipers"},{"floor":23,"key":"Ginger"}],"event_choices":[{"damage_healed":0,"gold_gain":175,"player_choice":"AGREE","damage_taken":0,"max_hp_gain":0,"max_hp_loss":0,"event_name":"Liars Game","floor":3,"gold_loss":0,"cards_obtained":["Doubt"]},{"cards_removed":["Doubt"],"damage_healed":0,"gold_gain":0,"player_choice":"Card Removal","damage_taken":0,"max_hp_gain":0,"max_hp_loss":0,"event_name":"The Cleric","floor":5,"gold_loss":50},{"damage_healed":0,"gold_gain":0,"player_choice":"Shed Blood","damage_taken":17,"max_hp_gain":5,"max_hp_loss":0,"event_name":"Forgotten Altar","floor":21,"gold_loss":0}],"is_beta":false,"boss_relics":[{"not_picked":["Replay:Drink Me","Empty Cage"],"picked":"Painkiller Herb"}],"items_purged_floors":[],"is_endless":false,"potions_floor_spawned":[4,13,19],"ascension_level":0}}