{"host":"k4hb7medsm45vqxu","time":1613615177,"event":{"mods":["AchievementEnabler","Act Like it!","Arknights","BaseMod","BetterRewards","Colored Map","Colored Powertips","DeckTracker","Downfall","Friendly Minions","Highlight Path","Marisa????????","Minty Spire (QoL Compilation)","Permanent Neow","READ ME - Guardian Mod","Rare Cards Sparkle","Replay The Spire","Shop Mod","StSLib","SuperFastMode","The Death Knight","The Forsaken","Together in Spire","Waifu the Spire","Yuyuko"],"gold_per_floor":[99,119,139,150,150,13,13,13,43,28,28,13,26,43,54,154,154,154,164,176,1,21,38,38,58,75,75,108,108,2,2,12,12,12,12],"floor_reached":33,"language":"ENG","playtime":2935,"items_purged":["Slimebound:SplotMire"],"score":296,"play_id":"31f6cd85-b92b-4738-9af5-ed417a35a599","local_time":"20210217202617","is_ascension_mode":false,"campfire_choices":[{"data":"Slimebound:Split","floor":1,"key":"SMITH"},{"data":"Slimebound:AcidTongue","floor":8,"key":"SMITH"},{"data":"Slimebound:Equalize","floor":8,"key":"SMITH"},{"data":"Slimebound:GoopSpray","floor":11,"key":"SMITH"},{"data":"Slimebound:Grow","floor":11,"key":"SMITH"},{"data":"Slimebound:Teamwork","floor":18,"key":"SMITH"},{"data":"Slimebound:ProtectTheBoss","floor":18,"key":"SMITH"},{"floor":27,"key":"REST"}],"circlet_count":0,"master_deck":["Slimebound:Strike_Slimebound","Slimebound:Strike_Slimebound","Slimebound:Strike_Slimebound","Slimebound:Tackle","Slimebound:Defend_Slimebound","Slimebound:Defend_Slimebound","Slimebound:Defend_Slimebound","Slimebound:Defend_Slimebound","Slimebound:Split+1","Slimebound:CorrosiveSpit","Slimebound:OneTwoCombo","Slimebound:AcidTongue+1","Slimebound:Equalize+1","Slimebound:Repurpose","Slimebound:Split+1","Slimebound:GoopSpray+1","Slimebound:RollThrough","Slimebound:SplitBruiser","Slimebound:Grow+1","Slimebound:PressTheAttack","Slimebound:ProtectTheBoss+1","Slimebound:Equalize","Slimebound:SlimeBarrage","Slimebound:Teamwork+1","Slimebound:SpikyOuterGoop+1","Slimebound:SlimeSpikes","Slimebound:ForwardTackle","Slimebound:RainOfGoop","Slimebound:LevelUp","Slimebound:Schlurp+1","Slimebound:LeechingTouch","Slimebound:HauntingLick+1","Slimebound:Schlurp+1","Slimebound:AcidTongue","Writhe","Slimebound:FinishingTackle","Replay:SS_fish_1","Slimebound:SlimeBarrage"],"relics":["Slimebound:AbsorbEndCombat","Replay:Arrowhead","White Beast Statue","SacredBark","Bronze Scales","theForsaken:ScaryMask","Pear"],"acts_visited":["Exordium","TheCity"],"potions_floor_usage":[10,16,16,20,21,22,22,25,25,26,28,30,32,33],"damage_taken":[{"damage":5,"enemies":"ats:Genji","floor":2,"turns":4},{"damage":5,"enemies":"Jaw Worm","floor":3,"turns":4},{"damage":4,"enemies":"Small Slimes","floor":4,"turns":5},{"damage":0,"enemies":"downfall:FleeingMerchant","floor":6,"turns":4},{"damage":11,"enemies":"Lagavulin","floor":9,"turns":6},{"damage":2,"enemies":"downfall:FleeingMerchant","floor":10,"turns":4},{"damage":17,"enemies":"downfall:FleeingMerchant","floor":12,"turns":4},{"damage":10,"enemies":"2 Fungi Beasts","floor":13,"turns":4},{"damage":17,"enemies":"Blue Slaver","floor":14,"turns":5},{"damage":3,"enemies":"Large Slime","floor":15,"turns":4},{"damage":16,"enemies":"SI_SHIV_ARCHETYPE","floor":16,"turns":10},{"damage":12,"enemies":"Shell Parasite","floor":19,"turns":7},{"damage":20,"enemies":"Chosen","floor":20,"turns":5},{"damage":0,"enemies":"downfall:FleeingMerchant","floor":21,"turns":4},{"damage":12,"enemies":"Snake Plant","floor":22,"turns":2},{"damage":50,"enemies":"Chosen and Byrds","floor":23,"turns":10},{"damage":14,"enemies":"Snecko","floor":25,"turns":3},{"damage":22,"enemies":"Snake Plant","floor":26,"turns":4},{"damage":49,"enemies":"Replay:Snechameleon","floor":28,"turns":7},{"damage":3,"enemies":"downfall:FleeingMerchant","floor":30,"turns":4},{"damage":12,"enemies":"Centurion and Healer","floor":32,"turns":6},{"damage":62,"enemies":"WA_ARCHETYPE_CALM","floor":33,"turns":8}],"seed_played":"-4145961507893610768","potions_obtained":[{"floor":3,"key":"Dexterity Potion"},{"floor":9,"key":"Adrenaline Potion"},{"floor":10,"key":"Doom Potion"},{"floor":12,"key":"Weak Potion"},{"floor":13,"key":"Energy Potion"},{"floor":15,"key":"Flashbang"},{"floor":16,"key":"SteroidPotion"},{"floor":19,"key":"PowerPotion"},{"floor":20,"key":"LifebloodPotion"},{"floor":21,"key":"FearPotion"},{"floor":22,"key":"Slimebound:ThreeZeroPotion"},{"floor":23,"key":"AttackPotion"},{"floor":25,"key":"AttackPotion"},{"floor":26,"key":"Venom Potion"},{"floor":28,"key":"Explosive Potion"},{"floor":30,"key":"bronze:BurnAndBuffPotion"},{"floor":32,"key":"Venom Potion"}],"is_trial":false,"path_per_floor":["R","M","M","M","?","$","T","R","E","$","R","$","M","M","M","B",null,"R","M","M","$","M","M","T","M","M","R","E","?","$","?","M","B"],"character_chosen":"SLIMEBOUND","items_purchased":["Slimebound:RollThrough","Slimebound:RainOfGoop","Slimebound:LevelUp","Replay:SS_fish_1"],"campfire_rested":1,"item_purchase_floors":[6,21,21,30],"current_hp_per_floor":[65,65,63,65,65,65,65,65,65,65,65,52,56,47,56,55,65,65,65,48,64,61,29,29,27,23,42,21,31,34,34,50,0,0,0],"gold":12,"neow_bonus":"ONE_RANDOM_RARE_CARD","is_daily":false,"chose_seed":false,"campfire_upgraded":7,"win_rate":0.0,"timestamp":1613615177,"path_taken":["R","M","M","M","?","$","T","R","E","?","R","?","M","?","M","BOSS","R","M","M","$","M","M","T","M","M","R","E","?","$","?","M","BOSS"],"items_purchased_type":["Card","Card","Card","Card"],"build_version":"2020-12-22","purchased_purges":1,"victory":false,"max_hp_per_floor":[65,65,65,65,65,65,65,65,65,65,65,65,65,65,65,65,65,65,65,65,65,65,65,65,65,65,65,65,75,75,75,75,75,75,75],"card_choices":[{"not_picked":["Slimebound:LivingWall","Slimebound:HauntingLick"],"picked":"Slimebound:AcidTongue","floor":2},{"not_picked":["Slimebound:SamplingLick","Slimebound:SlimeSpikes"],"picked":"Slimebound:Equalize","floor":3},{"not_picked":["Slimebound:SlimeBrawl","Slimebound:SplitBruiser"],"picked":"Slimebound:Repurpose","floor":4},{"not_picked":["Slimebound:ItLooksTasty","Slimebound:ProtectTheBoss"],"picked":"Slimebound:GoopSpray","floor":6},{"not_picked":["Slimebound:LivingWall","Slimebound:Repurpose"],"picked":"Slimebound:SplitBruiser","floor":9},{"not_picked":["Slimebound:SlimeBrawl","Slimebound:SplitBruiser"],"picked":"Slimebound:Grow","floor":10},{"not_picked":["Slimebound:SlimeSpikes","Slimebound:Dissolve"],"picked":"Slimebound:PressTheAttack","floor":12},{"not_picked":["Slimebound:LivingWall","Slimebound:SplitBruiser"],"picked":"Slimebound:ProtectTheBoss","floor":13},{"not_picked":["Slimebound:FlameTackle","Slimebound:SlimeBrawl"],"picked":"Slimebound:Equalize","floor":14},{"not_picked":["Slimebound:HauntingLick","Slimebound:SplitMire"],"picked":"Slimebound:SlimeBarrage","floor":15},{"not_picked":["Slimebound:WasteNot","Slimebound:FirmFortitude"],"picked":"Slimebound:Teamwork","floor":16},{"not_picked":["Slimebound:LivingWall","Slimebound:Schlurp"],"picked":"Slimebound:SpikyOuterGoop+1","floor":19},{"not_picked":["Slimebound:SplitMire","Slimebound:SpikyOuterGoop"],"picked":"Slimebound:SlimeSpikes","floor":20},{"not_picked":["Slimebound:LeechEnergy","Slimebound:Prepare"],"picked":"Slimebound:ForwardTackle","floor":21},{"not_picked":["Slimebound:RollThrough","Slimebound:LivingWall"],"picked":"Slimebound:Schlurp+1","floor":22},{"not_picked":["Slimebound:LevelUp","Slimebound:RainOfGoop"],"picked":"Slimebound:LeechingTouch","floor":23},{"not_picked":["Slimebound:RallyTheTroops","Slimebound:SlimeBarrage"],"picked":"Slimebound:HauntingLick+1","floor":25},{"not_picked":["Slimebound:HauntingLick+1","Slimebound:Nibble+1"],"picked":"Slimebound:Schlurp+1","floor":26},{"not_picked":["Slimebound:SplitAcid","Slimebound:PressTheAttack+1"],"picked":"Slimebound:AcidTongue","floor":28},{"not_picked":["Slimebound:SplitBruiser+1","Slimebound:GoopSpray"],"picked":"Slimebound:FinishingTackle","floor":30},{"not_picked":["Slimebound:GrowthPunch","Slimebound:SplitAcid"],"picked":"Slimebound:SlimeBarrage","floor":32}],"player_experience":8266,"relics_obtained":[{"floor":7,"key":"Replay:Arrowhead"},{"floor":9,"key":"White Beast Statue"},{"floor":24,"key":"Bronze Scales"},{"floor":28,"key":"theForsaken:ScaryMask"}],"event_choices":[{"damage_healed":0,"gold_gain":0,"player_choice":"Ignored","damage_taken":0,"max_hp_gain":0,"max_hp_loss":0,"event_name":"Vampires","floor":31,"gold_loss":0}],"is_beta":false,"boss_relics":[{"not_picked":["Philosopher\u0027s Stone","Coffee Dripper"],"picked":"SacredBark"}],"items_purged_floors":[6],"is_endless":false,"potions_floor_spawned":[3,9,10,12,13,14,15,16,19,20,21,22,23,25,26,28,30,32],"killed_by":"WA_ARCHETYPE_CALM","ascension_level":0}}