{"host":"fuszjwm6fqgjjp4d","time":1613623206,"event":{"mods":["BaseMod","Colored Map","Minty Spire (QoL Compilation)","Permanent Neow","Relic Sorter","Relic Stats","StSLib"],"gold_per_floor":[111,111,111,111,261,261,275,309,384,384,407,431,431,455,455,549,549,570,570,588,478,24,24,44,77,126,165,179,179,192,192,192,192,192],"floor_reached":33,"language":"ENG","playtime":567,"items_purged":[],"score":720,"play_id":"09b0e727-0f60-4101-8c85-d6343da0d9a0","local_time":"20210217224006","is_ascension_mode":true,"campfire_choices":[{"data":"ReachHeaven","floor":6,"key":"SMITH"},{"data":"EmptyFist","floor":10,"key":"SMITH"},{"data":"Conclude","floor":13,"key":"SMITH"},{"data":"TalkToTheHand","floor":15,"key":"SMITH"},{"floor":23,"key":"REST"},{"data":"Judgement","floor":29,"key":"SMITH"},{"floor":32,"key":"REST"}],"circlet_count":0,"master_deck":["AscendersBane","Strike_P","Strike_P+1","Strike_P","Strike_P","Defend_P","Defend_P","Defend_P","Defend_P","Eruption+1","Vigilance+1","Brilliance+1","ReachHeaven+1","EmptyFist+1","Conclude+1","TalkToTheHand+1","Judgement+1","CutThroughFate","Prostrate","CutThroughFate+1"],"relics":["PureWater","Golden Idol","Kunai","TeardropLocket","Sozu","Enchiridion","Gremlin Horn","Anchor","Tiny Chest","Lantern","PreservedInsect"],"acts_visited":["Exordium","TheCity"],"potions_floor_usage":[7,8,25],"damage_taken":[{"damage":0,"enemies":"Cultist","floor":1,"turns":2},{"damage":0,"enemies":"Small Slimes","floor":7,"turns":1},{"damage":25,"enemies":"3 Sentries","floor":8,"turns":4},{"damage":0,"enemies":"2 Louse","floor":11,"turns":3},{"damage":0,"enemies":"Exordium Thugs","floor":12,"turns":2},{"damage":3,"enemies":"Blue Slaver","floor":14,"turns":2},{"damage":0,"enemies":"Slime Boss","floor":16,"turns":5},{"damage":10,"enemies":"Shell Parasite","floor":18,"turns":5},{"damage":0,"enemies":"Spheric Guardian","floor":20,"turns":1},{"damage":1,"enemies":"Centurion and Healer","floor":24,"turns":4},{"damage":9,"enemies":"Slavers","floor":25,"turns":3},{"damage":0,"enemies":"Book of Stabbing","floor":27,"turns":3},{"damage":0,"enemies":"Chosen and Byrds","floor":28,"turns":4},{"damage":10,"enemies":"Snake Plant","floor":30,"turns":2},{"damage":43,"enemies":"Automaton","floor":33,"turns":4}],"seed_played":"-3659634297216583901","potions_obtained":[{"floor":1,"key":"SteroidPotion"},{"floor":7,"key":"Regen Potion"},{"floor":11,"key":"Dexterity Potion"}],"is_trial":false,"path_per_floor":["M","?","?","?","?","R","M","E","T","R","M","M","R","M","R","B",null,"M","?","M","?","$","R","M","E","T","E","M","R","M","?","R","B"],"character_chosen":"WATCHER","items_purchased":["Gremlin Horn","Anchor"],"campfire_rested":2,"item_purchase_floors":[22,22],"current_hp_per_floor":[61,41,41,41,41,41,41,28,28,28,28,28,28,25,25,25,53,43,22,22,22,22,40,39,30,30,30,30,30,20,20,38,0,0],"gold":192,"neow_bonus":"ONE_RANDOM_RARE_CARD","is_daily":false,"chose_seed":false,"campfire_upgraded":5,"win_rate":0.0,"timestamp":1613623206,"path_taken":["M","?","?","?","?","R","M","E","T","R","M","M","R","?","R","BOSS","M","?","M","?","$","R","M","E","T","E","M","R","?","?","R","BOSS"],"items_purchased_type":["Relic","Relic"],"build_version":"2020-12-22","purchased_purges":0,"victory":false,"max_hp_per_floor":[68,68,68,62,62,62,62,62,62,62,62,62,62,62,62,62,62,62,62,62,62,62,62,62,62,62,62,62,62,62,62,62,62,62],"relic_stats":{"Sozu":4,"Gremlin Horn":[6,6],"counters":[15,45],"Golden Idol":77,"Tiny Chest":0,"PreservedInsect":0,"Kunai":[25],"obtain_stats":[{"Sozu":17,"Anchor":22,"Lantern":26,"Gremlin Horn":22,"Golden Idol":4,"Enchiridion":19,"Tiny Chest":25,"PreservedInsect":27,"Kunai":8,"TeardropLocket":9,"PureWater":0},{"Sozu":7,"Anchor":9,"Lantern":11,"Gremlin Horn":9,"Golden Idol":1,"Enchiridion":8,"Tiny Chest":11,"PreservedInsect":12,"Kunai":3,"TeardropLocket":3,"PureWater":0},{"Sozu":19,"Anchor":25,"Lantern":32,"Gremlin Horn":25,"Golden Idol":2,"Enchiridion":24,"Tiny Chest":32,"PreservedInsect":35,"Kunai":7,"TeardropLocket":7,"PureWater":0}]},"card_choices":[{"not_picked":["Pray","Swivel"],"picked":"ReachHeaven","floor":1},{"not_picked":["Consecrate","Swivel"],"picked":"EmptyFist","floor":7},{"not_picked":["Crescendo","SashWhip","Consecrate"],"picked":"SKIP","floor":8},{"not_picked":["SignatureMove","ReachHeaven"],"picked":"Conclude","floor":11},{"not_picked":["DeusExMachina","Wireheading","Nirvana"],"picked":"SKIP","floor":12},{"not_picked":["ReachHeaven","CutThroughFate"],"picked":"TalkToTheHand","floor":14},{"not_picked":["Ragnarok","Brilliance"],"picked":"Judgement","floor":16},{"not_picked":["Nirvana","JustLucky+1"],"picked":"CutThroughFate","floor":18},{"not_picked":["Perseverance","MentalFortress"],"picked":"Prostrate","floor":20},{"not_picked":["SignatureMove","FlyingSleeves","Evaluate"],"picked":"SKIP","floor":24},{"not_picked":["Crescendo+1","WreathOfFlame"],"picked":"CutThroughFate+1","floor":25},{"not_picked":["ThirdEye","Vengeance","Consecrate"],"picked":"SKIP","floor":27},{"not_picked":["BowlingBash","PathToVictory","Crescendo"],"picked":"SKIP","floor":28},{"not_picked":["Nirvana+1","Crescendo","CutThroughFate"],"picked":"SKIP","floor":30}],"player_experience":1494855,"relics_obtained":[{"floor":8,"key":"Kunai"},{"floor":9,"key":"TeardropLocket"},{"floor":19,"key":"Enchiridion"},{"floor":25,"key":"Tiny Chest"},{"floor":26,"key":"Lantern"},{"floor":27,"key":"PreservedInsect"}],"event_choices":[{"damage_healed":0,"gold_gain":0,"player_choice":"Entered Light","damage_taken":20,"max_hp_gain":0,"max_hp_loss":0,"event_name":"Shining Light","floor":2,"gold_loss":0,"cards_upgraded":["Vigilance","Strike_P"]},{"damage_healed":0,"gold_gain":0,"player_choice":"Grow","damage_taken":0,"max_hp_gain":0,"max_hp_loss":0,"event_name":"Living Wall","floor":3,"gold_loss":0,"cards_upgraded":["Eruption"]},{"damage_healed":0,"gold_gain":0,"player_choice":"Lose Max HP","damage_taken":0,"relics_obtained":["Golden Idol"],"max_hp_gain":0,"max_hp_loss":6,"event_name":"Golden Idol","floor":4,"gold_loss":0},{"damage_healed":0,"gold_gain":150,"player_choice":"AGREE","damage_taken":0,"max_hp_gain":0,"max_hp_loss":0,"event_name":"Liars Game","floor":5,"gold_loss":0,"cards_obtained":["Doubt"]},{"damage_healed":0,"gold_gain":0,"player_choice":"Obtained Book","damage_taken":21,"max_hp_gain":0,"max_hp_loss":0,"event_name":"Cursed Tome","floor":19,"gold_loss":0},{"cards_removed":["Doubt"],"damage_healed":0,"gold_gain":0,"player_choice":"Upgrade and Remove","damage_taken":0,"max_hp_gain":0,"max_hp_loss":0,"event_name":"Designer","floor":21,"gold_loss":110,"cards_upgraded":["Brilliance"]},{"damage_healed":0,"gold_gain":0,"player_choice":"Ignored","damage_taken":0,"max_hp_gain":0,"max_hp_loss":0,"event_name":"The Mausoleum","floor":31,"gold_loss":0}],"is_beta":false,"boss_relics":[{"not_picked":["Philosopher\u0027s Stone","Cursed Key"],"picked":"Sozu"}],"items_purged_floors":[],"is_endless":false,"potions_floor_spawned":[1,7,11,18,24,25,28],"killed_by":"Automaton","ascension_level":20}}