{"host":"7ue15d6wz1o7m0ar","time":1613669834,"event":{"mods":["BaseMod","Hermit","Minty Spire (QoL Compilation)","Replay The Spire","StSLib"],"gold_per_floor":[117,292,307,382,395,395,423,423,447,460,460,488,500,515,515,515,515],"floor_reached":16,"language":"ENG","playtime":1234,"items_purged":[],"score":118,"play_id":"34cc1059-6a31-436e-b1af-877e7e2ae04a","local_time":"20210218113714","is_ascension_mode":true,"campfire_choices":[{"data":"Cloak And Dagger","floor":6,"key":"SMITH"},{"floor":8,"key":"REST"},{"floor":15,"key":"REST"}],"circlet_count":0,"master_deck":["Strike_G","Strike_G","Strike_G","Strike_G","Strike_G","Defend_G","Defend_G","Defend_G","Defend_G","Defend_G","Survivor","Neutralize","Endless Agony","Doubt","Flying Knee","Cloak And Dagger+1","Blade Dance","Pot Of Greed","Pot Of Greed","Blade Dance","Outmaneuver","Slice","Storm of Steel"],"relics":["NeowsBlessing","Blue Doll","Grinning Jar","Sizzling Blood","MealTicket"],"acts_visited":["Exordium"],"potions_floor_usage":[7,16],"damage_taken":[{"damage":0,"enemies":"Small Slimes","floor":1,"turns":1},{"damage":0,"enemies":"Jaw Worm","floor":3,"turns":1},{"damage":0,"enemies":"2 Louse","floor":5,"turns":1},{"damage":37,"enemies":"Gremlin Nob","floor":7,"turns":6},{"damage":11,"enemies":"Exordium Thugs","floor":10,"turns":6},{"damage":13,"enemies":"3 Sentries","floor":12,"turns":7},{"damage":2,"enemies":"Looter","floor":13,"turns":3},{"damage":0,"enemies":"Blue Slaver","floor":14,"turns":3},{"damage":58,"enemies":"The Guardian","floor":16,"turns":15}],"seed_played":"1418951875437768215","potions_obtained":[{"floor":1,"key":"SpeedPotion"},{"floor":3,"key":"SkillPotion"}],"is_trial":false,"path_per_floor":["M","?","M","?","M","R","E","R","T","M","?","E","M","M","R","B"],"character_chosen":"THE_SILENT","items_purchased":[],"campfire_rested":2,"item_purchase_floors":[],"current_hp_per_floor":[70,70,70,59,59,59,22,43,43,32,36,27,29,33,55,0,0],"gold":515,"neow_bonus":"THREE_ENEMY_KILL","is_daily":false,"chose_seed":false,"campfire_upgraded":1,"win_rate":0.0,"timestamp":1613669834,"path_taken":["M","?","M","?","M","R","E","R","T","M","?","E","M","M","R","BOSS"],"items_purchased_type":[],"build_version":"2020-12-22","purchased_purges":0,"victory":false,"max_hp_per_floor":[70,70,70,70,70,70,70,70,70,70,74,74,74,74,74,74,74],"card_choices":[{"not_picked":["Heel Hook","Eviscerate"],"picked":"Endless Agony","floor":1},{"not_picked":["Poisoned Stab","Quick Slash"],"picked":"Flying Knee","floor":3},{"not_picked":["Predator","Outmaneuver"],"picked":"Cloak And Dagger","floor":5},{"not_picked":["Bane","Burst"],"picked":"Blade Dance","floor":7},{"not_picked":["All Out Attack","Bane"],"picked":"Blade Dance","floor":10},{"not_picked":["Dash","Dodge and Roll"],"picked":"Outmaneuver","floor":12},{"not_picked":["Deadly Poison","Dodge and Roll"],"picked":"Slice","floor":13},{"not_picked":["PiercingWail","Quick Slash"],"picked":"Storm of Steel","floor":14}],"player_experience":493223,"relics_obtained":[{"floor":7,"key":"Blue Doll"},{"floor":9,"key":"Grinning Jar"},{"floor":12,"key":"MealTicket"}],"event_choices":[{"damage_healed":0,"gold_gain":175,"player_choice":"AGREE","damage_taken":0,"max_hp_gain":0,"max_hp_loss":0,"event_name":"Liars Game","floor":2,"gold_loss":0,"cards_obtained":["Doubt"]},{"damage_healed":0,"gold_gain":75,"player_choice":"Gather Gold","damage_taken":11,"max_hp_gain":0,"max_hp_loss":0,"event_name":"World of Goop","floor":4,"gold_loss":0}],"is_beta":false,"boss_relics":[],"items_purged_floors":[],"is_endless":false,"potions_floor_spawned":[1,3],"killed_by":"The Guardian","ascension_level":1}}