{"host":"0fupymmp6wdjyqoi","time":1613673119,"event":{"mods":["BaseMod","Bestiary","Clockwork Mod","Conspire","Downfall","GifTheSpireLib","Hubris","Infinite Spire","Minty Spire (QoL Compilation)","Replay The Spire","StSLib","The Construct","The Senshi"],"gold_per_floor":[113,113,131,56,66,94,94,117,117,117,152,7,7,34,34,147,147,177,177,215,243,243,243,443,474,474,153,153,182,198,198],"floor_reached":30,"language":"ENG","playtime":2278,"items_purged":["Pain","Defend_R"],"score":232,"play_id":"63fe7a51-c831-4759-a904-4912e8886af0","local_time":"20210218193159","is_ascension_mode":false,"campfire_choices":[{"data":"Armaments","floor":7,"key":"SMITH"},{"data":"Armaments","floor":13,"key":"SMITH"},{"data":"Sword Boomerang","floor":15,"key":"SMITH"},{"data":"Demonic Infusion","floor":23,"key":"SMITH"}],"circlet_count":0,"master_deck":["Strike_R","Strike_R","Strike_R","Strike_R","Strike_R","Defend_R","Defend_R","Defend_R","Bash","Double Tap+1","Armaments+1","Flex","Cleave","Armaments+1","Uppercut+1","ReplayTheSpireMod:Private Reserves","Clash","Inflame","Sword Boomerang+1","Demonic Infusion+1","Run Through","RitualDagger","ReplayTheSpireMod:Limb From Limb+1","Sword Boomerang","Headbutt","Inflame","Anger"],"relics":["Burning Blood","WarpedTongs","Replay:Bandana","ReplayTheSpireMod:TigerMarble","Guide Book","hubris:SphereOfDissonance","conspire:TreasureMap","Ring of Hypnosis"],"acts_visited":["Exordium","TheCity"],"potions_floor_usage":[16,16,25],"damage_taken":[{"damage":0,"enemies":"Small Slimes","floor":1,"turns":3},{"damage":6,"enemies":"Cultist","floor":3,"turns":5},{"damage":3,"enemies":"2 Louse","floor":5,"turns":3},{"damage":36,"enemies":"Lagavulin","floor":6,"turns":8},{"damage":12,"enemies":"Exordium Thugs","floor":8,"turns":5},{"damage":7,"enemies":"3 Louse","floor":11,"turns":2},{"damage":0,"enemies":"2 Fungi Beasts","floor":14,"turns":2},{"damage":29,"enemies":"Hexaghost","floor":16,"turns":8},{"damage":0,"enemies":"Spheric Guardian","floor":18,"turns":4},{"damage":10,"enemies":"Chosen","floor":20,"turns":3},{"damage":20,"enemies":"Snake Plant","floor":21,"turns":3},{"damage":43,"enemies":"Sentry and Sphere","floor":25,"turns":6},{"damage":14,"enemies":"3 Cultists","floor":29,"turns":5},{"damage":23,"enemies":"Shelled Parasite and Fungi","floor":30,"turns":4}],"seed_played":"-3856038623313567687","potions_obtained":[{"floor":3,"key":"Swift Potion"},{"floor":5,"key":"EntropicBrew"}],"is_trial":false,"path_per_floor":["M","?","M","$","M","E","R","M","T","?","M","$","R","M","R","B",null,"M","?","M","M","?","R","?","M","T","$","?","M","M"],"character_chosen":"IRONCLAD","items_purchased":["Guide Book","conspire:TreasureMap","Inflame"],"campfire_rested":0,"item_purchase_floors":[12,27,27],"current_hp_per_floor":[72,72,72,72,72,42,42,36,36,36,35,35,35,41,41,18,72,72,66,62,48,48,48,48,29,29,29,29,21,0,0],"gold":198,"neow_bonus":"THREE_RARE_CARDS","is_daily":false,"chose_seed":false,"campfire_upgraded":4,"win_rate":0.0,"timestamp":1613673119,"path_taken":["M","?","M","$","?","E","R","M","T","?","?","?","R","M","R","BOSS","M","?","M","M","?","R","?","M","T","$","?","?","M"],"items_purchased_type":["Relic","Relic","Card"],"build_version":"2020-12-22","purchased_purges":2,"victory":false,"max_hp_per_floor":[72,72,72,72,72,72,72,72,72,72,72,72,72,72,72,72,72,72,72,72,72,72,72,72,72,72,72,72,72,72,72],"card_choices":[{"not_picked":["Limit Break","Berserk"],"picked":"Double Tap","floor":0},{"not_picked":["Hemokinesis","ReplayTheSpireMod:Corrosion Curse"],"picked":"Armaments","floor":1},{"not_picked":["Infernal Blade","Twin Strike"],"picked":"Flex","floor":3},{"not_picked":["Shrug It Off","Flame Barrier"],"picked":"Cleave","floor":5},{"not_picked":["Dark Embrace","Replay:Undeath\u0027s Touch"],"picked":"Armaments","floor":6},{"not_picked":["Run Through","True Grit"],"picked":"Uppercut","floor":8},{"not_picked":["Heavy Blade","ReplayTheSpireMod:Strike From Hell"],"picked":"Inflame","floor":11},{"not_picked":["Rupture","Clothesline"],"picked":"Sword Boomerang","floor":14},{"not_picked":["Demon Form","Barricade"],"picked":"Demonic Infusion","floor":16},{"not_picked":["Flame Barrier","ReplayTheSpireMod:Strike From Hell"],"picked":"Run Through","floor":18},{"not_picked":["Rampage","hubris:ReadiedAction"],"picked":"ReplayTheSpireMod:Limb From Limb+1","floor":20},{"not_picked":["ReplayReversal","True Grit","Life Link"],"picked":"SKIP","floor":21},{"not_picked":["Perfected Strike","hubris:CleavingFinish+1"],"picked":"Sword Boomerang","floor":24},{"not_picked":["Run Through+1","Pommel Strike"],"picked":"Headbutt","floor":25},{"not_picked":["Shrug It Off","Ghostly Armor"],"picked":"Anger","floor":29}],"player_experience":30913,"relics_obtained":[{"floor":6,"key":"Replay:Bandana"},{"floor":9,"key":"ReplayTheSpireMod:TigerMarble"},{"floor":26,"key":"hubris:SphereOfDissonance"},{"floor":28,"key":"Ring of Hypnosis"}],"event_choices":[{"damage_healed":0,"gold_gain":0,"player_choice":"Rummage","damage_taken":0,"relics_obtained":["WarpedTongs"],"max_hp_gain":0,"max_hp_loss":0,"event_name":"Accursed Blacksmith","floor":2,"gold_loss":0,"cards_obtained":["Pain"]},{"damage_healed":0,"gold_gain":0,"player_choice":"2 cards matched","damage_taken":0,"max_hp_gain":0,"max_hp_loss":0,"event_name":"Match and Keep!","floor":10,"gold_loss":0,"cards_obtained":["ReplayTheSpireMod:Private Reserves","Clash"]},{"damage_healed":0,"gold_gain":0,"player_choice":"Joined the Cult","damage_taken":6,"max_hp_gain":0,"max_hp_loss":0,"event_name":"Nest","floor":19,"gold_loss":0,"cards_obtained":["RitualDagger"]},{"damage_healed":0,"gold_gain":0,"player_choice":"Ignored","damage_taken":0,"max_hp_gain":0,"max_hp_loss":0,"event_name":"Ghosts","floor":22,"gold_loss":0}],"is_beta":false,"boss_relics":[{"not_picked":["Ectoplasm","Runic Pyramid","Velvet Choker"]}],"items_purged_floors":[4,27],"is_endless":false,"potions_floor_spawned":[3,5,16,18,21],"killed_by":"Shelled Parasite and Fungi","ascension_level":0}}