{"host":"gaqyve1328ta0etl","time":1613641955,"event":{"mods":["BaseMod","Colored Map","Colored Powertips","Duelist Mod","Googly Eyes","Hero for Fun","Minty Spire (QoL Compilation)","Shop Mod","StSLib","SuperFastMode","The Hierophant","The Runesmith"],"gold_per_floor":[145,163,61,78,58,58,22,47,98,110,110,122,148,162,162,239,239,254,303,286,386,401,401,166,182,209,209,220,220,220,235,235,309,309,321,47,0,25,25,25,54,54,81,81,98,149,160,160,160],"floor_reached":48,"language":"ENG","playtime":1885,"items_purged":["theDuelist:Sparks","theDuelist:Sparks","theDuelist:CastleWalls"],"score":799,"play_id":"78d41477-ce40-4508-9f01-eab699fb6608","local_time":"20210218015235","is_ascension_mode":true,"campfire_choices":[{"data":"theDuelist:ElectromagneticShield","floor":6,"key":"SMITH"},{"floor":11,"key":"REST"},{"floor":15,"key":"REST"},{"floor":23,"key":"REST"},{"data":"theDuelist:AmuletAmbition","floor":27,"key":"SMITH"},{"data":"theDuelist:AmuletAmbition+1","floor":29,"key":"SMITH"},{"data":"theDuelist:AmuletAmbition+2","floor":30,"key":"SMITH"},{"data":"theDuelist:AmuletAmbition+3","floor":32,"key":"SMITH"},{"data":"theDuelist:AmuletAmbition+4","floor":40,"key":"SMITH"},{"floor":42,"key":"REST"}],"circlet_count":0,"master_deck":["AscendersBane","theDuelist:BeaverWarrior","theDuelist:BeaverWarrior","theDuelist:CastleWalls","theDuelist:FinalFlame","theDuelist:GiantSoldier","theDuelist:GiantSoldier","theDuelist:FeatherShot+1","theDuelist:Eva","theDuelist:ElectromagneticShield+1","theDuelist:RainbowNeos","theDuelist:PineappleBlast","theDuelist:Electrowhip","theDuelist:FrontierWiseman","theDuelist:RainbowNeos+1","theDuelist:MillenniumShield","theDuelist:AmuletAmbition+5","theDuelist:HappyLover","theDuelist:SpiritHarp+1","theDuelist:HappyLover+1","theDuelist:RainbowKuriboh+1","theDuelist:GraniteLoyalist","theDuelist:Electrowhip","theDuelist:FluteKuriboh","theDuelist:FluteKuriboh","theDuelist:SpiralSpearStrike","theDuelist:InstantFusion"],"relics":["theDuelist:MillenniumPuzzle","theDuelist:CardPoolRelic","theDuelist:CardPoolBasicRelic","theDuelist:BoosterPackPoolRelic","theDuelist:CardPoolAddRelic","theDuelist:CardPoolMinusRelic","theDuelist:CardPoolSaveRelic","theDuelist:CardPoolOptionsRelic","Akabeko","MealTicket","theDuelist:MillenniumRing","Sozu","theDuelist:BoosterExtraAllRaresRelic","WingedGreaves","theDuelist:BoosterPackMonsterEgg","Nunchaku","Whetstone","Red Mask","Potion Belt","Red Skull","FossilizedHelix","Magic Flower","Girya"],"acts_visited":["Exordium","TheCity","TheBeyond"],"potions_floor_usage":[8,10,13,25],"damage_taken":[{"damage":2,"enemies":"Small Slimes","floor":1,"turns":3},{"damage":8,"enemies":"Cultist","floor":2,"turns":5},{"damage":0,"enemies":"Jaw Worm","floor":4,"turns":5},{"damage":16,"enemies":"Gremlin Nob","floor":8,"turns":5},{"damage":0,"enemies":"Gremlin Gang","floor":10,"turns":3},{"damage":11,"enemies":"Looter","floor":12,"turns":3},{"damage":14,"enemies":"3 Sentries","floor":13,"turns":6},{"damage":0,"enemies":"Large Slime","floor":14,"turns":5},{"damage":6,"enemies":"Hexaghost","floor":16,"turns":10},{"damage":11,"enemies":"3 Byrds","floor":18,"turns":4},{"damage":4,"enemies":"3 Byrds","floor":19,"turns":16},{"damage":10,"enemies":"2 Thieves","floor":20,"turns":4},{"damage":0,"enemies":"3 Cultists","floor":22,"turns":5},{"damage":2,"enemies":"Centurion and Healer","floor":25,"turns":9},{"damage":0,"enemies":"Shelled Parasite and Fungi","floor":28,"turns":5},{"damage":0,"enemies":"Cultist and Chosen","floor":31,"turns":5},{"damage":44,"enemies":"Automaton","floor":33,"turns":10},{"damage":10,"enemies":"3 Darklings","floor":35,"turns":4},{"damage":20,"enemies":"Giant Head","floor":41,"turns":10},{"damage":15,"enemies":"3 Shapes","floor":45,"turns":5},{"damage":50,"enemies":"3 Shapes","floor":46,"turns":9},{"damage":0,"enemies":"Maw","floor":47,"turns":8},{"damage":8,"enemies":"Writhing Mass","floor":48,"turns":5}],"seed_played":"2892837344057874286","potions_obtained":[{"floor":4,"key":"theDuelist:DebuffArmorPotion"},{"floor":5,"key":"theDuelist:OrbBottle"},{"floor":8,"key":"Weak Potion"},{"floor":12,"key":"theDuelist:BurningPotionB"}],"is_trial":false,"path_per_floor":["M","M","$","M","?","R","$","E","T","M","R","M","E","M","R","B",null,"M","?","M","?","M","R","$","M","T","R","M","R","R","M","R","B",null,"M","$","?","?","?","R","E","R","T","$","M","?","M","M"],"character_chosen":"THE_DUELIST","items_purchased":["theDuelist:RainbowNeos","theDuelist:Electrowhip","theDuelist:GraniteLoyalist","theDuelist:Electrowhip","Whetstone"],"campfire_rested":4,"item_purchase_floors":[3,7,24,24,36],"current_hp_per_floor":[61,53,53,53,53,53,53,37,37,37,58,47,33,33,54,48,65,54,50,40,40,40,61,70,68,68,68,68,68,68,68,68,24,59,49,64,64,64,64,64,44,65,65,70,55,5,5,0,0],"gold":160,"neow_bonus":"ONE_RANDOM_RARE_CARD","is_daily":false,"chose_seed":false,"campfire_upgraded":6,"win_rate":0.0,"timestamp":1613641955,"path_taken":["M","M","$","M","?","R","$","E","T","?","R","M","E","M","R","BOSS","M","?","?","?","?","R","$","M","T","R","M","R","R","M","R","BOSS","M","$","?","?","?","R","E","R","T","$","M","?","M","M"],"items_purchased_type":["Card","Card","Card","Card","Relic"],"build_version":"2020-12-22","purchased_purges":3,"victory":false,"max_hp_per_floor":[70,70,70,70,70,70,70,70,70,70,70,70,70,70,70,70,70,70,70,70,70,70,70,70,70,70,70,70,70,70,70,70,70,70,70,70,70,70,70,70,70,70,70,70,70,70,70,70,70],"card_choices":[{"not_picked":["theDuelist:RainbowNeos","theDuelist:SwordDeepSeated","theDuelist:SpellShatteringArrow","theDuelist:ChaosSeed"],"picked":"theDuelist:Eva","floor":1},{"not_picked":["theDuelist:WhiteHowling","theDuelist:ImperialOrder","theDuelist:MiraculousDescent"],"picked":"theDuelist:ElectromagneticShield","floor":2},{"not_picked":["theDuelist:Graverobber","theDuelist:Reinforcements","theDuelist:CrystalRaigeki","theDuelist:MiraculousDescent"],"picked":"theDuelist:PineappleBlast","floor":4},{"not_picked":["theDuelist:BlackPendant","theDuelist:Tuningware","theDuelist:PreventRat","theDuelist:PotDichotomy"],"picked":"theDuelist:FrontierWiseman","floor":8},{"not_picked":["theDuelist:CombinationAttack","theDuelist:Eva","theDuelist:SpiritHarp","theDuelist:BattleFootballer"],"picked":"theDuelist:RainbowNeos","floor":10},{"not_picked":["theDuelist:SangaEarth","theDuelist:BattleFootballer","theDuelist:BerserkerCrush","theDuelist:SwordsRevealing"],"picked":"theDuelist:MillenniumShield","floor":12},{"not_picked":["theDuelist:VendreadCharge","theDuelist:BreakDraw","theDuelist:DarkBurningMagic","theDuelist:AfterGenocide"],"picked":"theDuelist:AmuletAmbition","floor":13},{"not_picked":["theDuelist:UnderworldCannon","theDuelist:AfterGenocide","theDuelist:Eva","theDuelist:DarkFactory","theDuelist:SangaEarth"],"picked":"SKIP","floor":14},{"not_picked":["theDuelist:RainbowNeos","theDuelist:KamionTimelord","theDuelist:Eva","theDuelist:RainbowKuriboh"],"picked":"theDuelist:HappyLover","floor":16},{"not_picked":["theDuelist:CombinationAttack+1","theDuelist:EgoBoost","theDuelist:DarkBurningAttack","theDuelist:BattleFootballer"],"picked":"theDuelist:SpiritHarp+1","floor":18},{"not_picked":["theDuelist:RainbowNeos+1","theDuelist:KamionTimelord","theDuelist:Eva","theDuelist:RainbowOverdragon"],"picked":"theDuelist:HappyLover+1","floor":19},{"not_picked":["theDuelist:DoubleTool","theDuelist:BigFire","theDuelist:Invigoration","theDuelist:EgoBoost","theDuelist:PotDuality+1"],"picked":"SKIP","floor":20},{"not_picked":["theDuelist:RainbowNeos+1","theDuelist:HappyLover+1","theDuelist:Eva+1","theDuelist:RainbowOverdragon+1"],"picked":"theDuelist:RainbowKuriboh+1","floor":22},{"not_picked":["theDuelist:DoubleTool+1","theDuelist:CoreBlaster","theDuelist:ScrapFactory","theDuelist:DeltaAttacker"],"picked":"theDuelist:FluteKuriboh","floor":25},{"not_picked":["theDuelist:CoreBlaster","theDuelist:RainbowNeos+1","theDuelist:PowerKaishin","theDuelist:SpiritHarp+1"],"picked":"theDuelist:FluteKuriboh","floor":28},{"not_picked":["theDuelist:InfernoFireBlast","theDuelist:Mathematician+1"],"picked":"theDuelist:SpiralSpearStrike","floor":31},{"not_picked":["theDuelist:YamiForm","theDuelist:PineappleBlast+1","theDuelist:MillenniumShield+1","theDuelist:KamionTimelord+1"],"picked":"theDuelist:InstantFusion","floor":33},{"not_picked":["theDuelist:DoubleTool","theDuelist:DeltaAttacker","theDuelist:GravityAxe+1","theDuelist:Electrowhip","theDuelist:GiantTrunade+1"],"picked":"SKIP","floor":35},{"not_picked":["theDuelist:LightningDarts","theDuelist:LightningRodLord+1","theDuelist:BigEye+1","theDuelist:Terraforming+1","theDuelist:PurplePainOni+1"],"picked":"SKIP","floor":41},{"not_picked":["theDuelist:RainbowNeos+1","theDuelist:Eva+1","theDuelist:WormApocalypse+1","theDuelist:Downbeat","theDuelist:Invigoration+1"],"picked":"SKIP","floor":45},{"not_picked":["theDuelist:SpellShatteringArrow","theDuelist:Eva+1","theDuelist:RainbowNeos+1","theDuelist:ScrapFactory","theDuelist:DoubleTool"],"picked":"SKIP","floor":47}],"player_experience":2214084,"relics_obtained":[{"floor":8,"key":"Akabeko"},{"floor":9,"key":"MealTicket"},{"floor":13,"key":"theDuelist:MillenniumRing"},{"floor":19,"key":"theDuelist:BoosterExtraAllRaresRelic"},{"floor":19,"key":"WingedGreaves"},{"floor":19,"key":"theDuelist:BoosterPackMonsterEgg"},{"floor":26,"key":"Nunchaku"},{"floor":41,"key":"Potion Belt"},{"floor":43,"key":"Red Skull"},{"floor":46,"key":"FossilizedHelix"},{"floor":46,"key":"Magic Flower"},{"floor":46,"key":"Girya"}],"event_choices":[{"damage_healed":0,"gold_gain":0,"player_choice":"Bought 1 Potion","damage_taken":0,"max_hp_gain":0,"max_hp_loss":0,"event_name":"The Woman in Blue","floor":5,"gold_loss":0},{"damage_healed":0,"gold_gain":0,"player_choice":"Fight","duelist":true,"damage_taken":0,"max_hp_gain":0,"max_hp_loss":0,"event_name":"Battle City","floor":19,"gold_loss":0},{"damage_healed":0,"gold_gain":100,"player_choice":"Pray","damage_taken":0,"max_hp_gain":0,"max_hp_loss":0,"event_name":"Golden Shrine","floor":21,"gold_loss":0},{"damage_healed":0,"gold_gain":0,"player_choice":"Paid","damage_taken":0,"relics_obtained":["Red Mask"],"max_hp_gain":0,"max_hp_loss":0,"event_name":"Tomb of Lord Red Mask","floor":37,"gold_loss":47},{"damage_healed":0,"gold_gain":0,"player_choice":"Sold Scrap Factory for 25 Gold.","duelist":true,"damage_taken":0,"max_hp_gain":0,"max_hp_loss":0,"event_name":"Card Trader","floor":38,"gold_loss":0},{"damage_healed":0,"gold_gain":0,"player_choice":"Leave","duelist":true,"damage_taken":0,"max_hp_gain":0,"max_hp_loss":0,"event_name":"Millennium Items","floor":39,"gold_loss":0},{"damage_healed":0,"gold_gain":0,"player_choice":"Fight","duelist":true,"damage_taken":0,"max_hp_gain":0,"max_hp_loss":0,"event_name":"Battle City","floor":46,"gold_loss":0}],"is_beta":false,"boss_relics":[{"not_picked":["Runesmith:UraniumAnvil","Philosopher\u0027s Stone"],"picked":"Sozu"},{"not_picked":["Runic Dome","theDuelist:HauntedRelic","Coffee Dripper"]}],"items_purged_floors":[3,24,36],"is_endless":false,"potions_floor_spawned":[4,8,12,18,19,22,25,31,35,46,47],"killed_by":"Writhing Mass","ascension_level":14}}