{"host":"377oeawl5pe6e56d","time":1613634340,"event":{"mods":["BaseMod","Downfall","Jorbs\u0027s Wanderer Trilogy","Marisa????????","Minty Spire (QoL Compilation)","Shop Mod","StSLib","The Hierophant"],"gold_per_floor":[117,117,133,133,144,171,186,186,210,224,275,275,67,89,89,94,94],"floor_reached":16,"language":"ENG","playtime":3241,"items_purged":[],"score":104,"play_id":"fc246897-b9ff-4726-ad40-953a359e559a","local_time":"20210217234540","is_ascension_mode":false,"campfire_choices":[{"floor":8,"key":"REST"},{"floor":12,"key":"REST"},{"data":"stsjorbsmod:FreshAdventure","floor":15,"key":"SMITH"}],"circlet_count":0,"master_deck":["stsjorbsmod:ForbiddenGrimoire+1","stsjorbsmod:Strike_Wanderer","stsjorbsmod:Strike_Wanderer","stsjorbsmod:Strike_Wanderer","stsjorbsmod:Defend_Wanderer+1","stsjorbsmod:Defend_Wanderer","stsjorbsmod:Defend_Wanderer","stsjorbsmod:Defend_Wanderer","stsjorbsmod:FreshAdventure+1","stsjorbsmod:EyeOfTheStorm","stsjorbsmod:BlackTentacles","stsjorbsmod:Rest","stsjorbsmod:WanderingMind+1","stsjorbsmod:ChainLightning","stsjorbsmod:TinyHut","stsjorbsmod:Hurt","stsjorbsmod:OldPocket","stsjorbsmod:Firebolt","stsjorbsmod:Aid","stsjorbsmod:ChatteringStrike"],"relics":["stsjorbsmod:GrimoireRelic","NeowsBlessing","stsjorbsmod:BottledMemoryRelic","Smiling Mask","MerchantsRug"],"acts_visited":["Exordium"],"potions_floor_usage":[10,16],"damage_taken":[{"damage":0,"enemies":"Cultist","floor":1,"turns":1},{"damage":0,"enemies":"Jaw Worm","floor":3,"turns":1},{"damage":0,"enemies":"2 Louse","floor":5,"turns":1},{"damage":31,"enemies":"Lagavulin","floor":6,"turns":7},{"damage":7,"enemies":"2 Fungi Beasts","floor":7,"turns":3},{"damage":13,"enemies":"Exordium Thugs","floor":10,"turns":4},{"damage":9,"enemies":"Lots of Slimes","floor":11,"turns":2},{"damage":21,"enemies":"Exordium Wildlife","floor":14,"turns":7},{"damage":47,"enemies":"Hexaghost","floor":16,"turns":10}],"seed_played":"8097572404630736439","potions_obtained":[{"floor":1,"key":"Regen Potion"},{"floor":6,"key":"SkillPotion"},{"floor":11,"key":"SteroidPotion"}],"is_trial":false,"path_per_floor":["M","?","M","?","M","E","M","R","T","M","M","R","$","M","R","B"],"character_chosen":"WANDERER","items_purchased":["MerchantsRug","stsjorbsmod:Aid"],"campfire_rested":2,"item_purchase_floors":[13,13],"current_hp_per_floor":[68,68,68,68,68,37,31,51,51,48,40,60,60,40,40,0,0],"gold":94,"neow_bonus":"THREE_ENEMY_KILL","is_daily":false,"chose_seed":false,"campfire_upgraded":1,"win_rate":0.0,"timestamp":1613634340,"path_taken":["M","?","M","?","?","E","?","R","T","M","M","R","$","M","R","BOSS"],"items_purchased_type":["Relic","Card"],"build_version":"2020-12-22","purchased_purges":0,"victory":false,"max_hp_per_floor":[68,68,68,68,68,68,68,68,68,68,68,68,68,68,68,68,68],"card_choices":[{"not_picked":["stsjorbsmod:MistyStep","stsjorbsmod:Hibernate"],"picked":"stsjorbsmod:BlackTentacles","floor":1},{"not_picked":["stsjorbsmod:Hibernate","stsjorbsmod:Channel"],"picked":"stsjorbsmod:WanderingMind","floor":3},{"not_picked":["stsjorbsmod:MistyStep","stsjorbsmod:Index"],"picked":"stsjorbsmod:ChainLightning","floor":5},{"not_picked":["stsjorbsmod:GatherPower","stsjorbsmod:Patron"],"picked":"stsjorbsmod:TinyHut","floor":6},{"not_picked":["stsjorbsmod:Index","stsjorbsmod:Hibernate"],"picked":"stsjorbsmod:Hurt","floor":7},{"not_picked":["stsjorbsmod:Prepare","stsjorbsmod:WanderingMind","stsjorbsmod:OldPocket"],"picked":"SKIP","floor":10},{"not_picked":["stsjorbsmod:Prepare","stsjorbsmod:WanderingMind"],"picked":"stsjorbsmod:OldPocket","floor":10},{"not_picked":["stsjorbsmod:ChainLightning","stsjorbsmod:DoubleCheck"],"picked":"stsjorbsmod:Firebolt","floor":11},{"not_picked":["stsjorbsmod:Materialize","stsjorbsmod:Hurt"],"picked":"stsjorbsmod:ChatteringStrike","floor":14}],"player_experience":152846,"relics_obtained":[{"floor":6,"key":"stsjorbsmod:BottledMemoryRelic"},{"floor":9,"key":"Smiling Mask"}],"event_choices":[{"damage_healed":0,"gold_gain":0,"cards_transformed":["stsjorbsmod:Strike_Wanderer"],"player_choice":"Change","damage_taken":0,"max_hp_gain":0,"max_hp_loss":0,"event_name":"Living Wall","floor":2,"gold_loss":0,"cards_obtained":["stsjorbsmod:Rest"]},{"damage_healed":0,"gold_gain":0,"player_choice":"Upgraded","damage_taken":0,"max_hp_gain":0,"max_hp_loss":0,"event_name":"Upgrade Shrine","floor":4,"gold_loss":0,"cards_upgraded":["stsjorbsmod:WanderingMind"]}],"is_beta":false,"boss_relics":[],"items_purged_floors":[],"is_endless":false,"potions_floor_spawned":[1,6,11],"killed_by":"Hexaghost","ascension_level":0}}