{"host":"iudiqz5bwex5meyb","time":1613676310,"event":{"mods":["AchievementEnabler","BaseMod","Block Reminder","Colored Map","Minty Spire (QoL Compilation)","StSLib","ojb\u0027s Better Paths Mod","ojb\u0027s Info Mod"],"gold_per_floor":[118,43,43,58,77,102,102,141,216,216,244,244,244],"floor_reached":12,"language":"ENG","playtime":1254,"items_purged":["Defend_G"],"score":105,"play_id":"531bd96e-613b-4970-9dd2-38dcff1f41ca","local_time":"20210218132510","is_ascension_mode":true,"campfire_choices":[{"data":"Neutralize","floor":7,"key":"SMITH"},{"floor":10,"key":"DIG"}],"circlet_count":0,"master_deck":["Strike_G","Strike_G","Strike_G","Strike_G","Strike_G","Defend_G","Defend_G","Defend_G","Defend_G","Survivor","Neutralize+1","Backflip","Acrobatics","Leg Sweep","Deflect","Dodge and Roll","Prepared"],"relics":["HoveringKite","Golden Idol","Shovel","Singing Bowl","Oddly Smooth Stone","Odd Mushroom"],"acts_visited":["Exordium"],"potions_floor_usage":[8,12],"damage_taken":[{"damage":2,"enemies":"Jaw Worm","floor":1,"turns":6},{"damage":2,"enemies":"Small Slimes","floor":4,"turns":5},{"damage":0,"enemies":"2 Louse","floor":5,"turns":3},{"damage":0,"enemies":"Blue Slaver","floor":6,"turns":7},{"damage":26,"enemies":"3 Sentries","floor":8,"turns":16},{"damage":2,"enemies":"The Mushroom Lair","floor":11,"turns":11},{"damage":16,"enemies":"Lagavulin","floor":12,"turns":13}],"seed_played":"-2370725176231435093","potions_obtained":[{"floor":5,"key":"Energy Potion"},{"floor":6,"key":"SkillPotion"}],"is_trial":false,"path_per_floor":["M","$","?","M","M","M","R","E","T","R","?","E"],"character_chosen":"THE_SILENT","items_purchased":[],"campfire_rested":0,"item_purchase_floors":[],"current_hp_per_floor":[61,61,44,42,42,42,42,16,16,16,14,0,0],"gold":244,"neow_bonus":"BOSS_RELIC","is_daily":false,"chose_seed":false,"campfire_upgraded":1,"win_rate":0.0,"timestamp":1613676310,"path_taken":["M","$","?","M","M","M","R","E","T","R","?","E"],"items_purchased_type":[],"build_version":"2020-12-22","purchased_purges":1,"victory":false,"max_hp_per_floor":[70,70,70,70,70,70,70,70,70,70,70,70,70],"card_choices":[{"not_picked":["Deadly Poison","PiercingWail"],"picked":"Backflip","floor":1},{"not_picked":["Escape Plan","Well Laid Plans"],"picked":"Acrobatics","floor":4},{"not_picked":["Skewer","Catalyst"],"picked":"Leg Sweep","floor":5},{"not_picked":["Catalyst","Underhanded Strike"],"picked":"Deflect","floor":6},{"not_picked":["Predator","Endless Agony"],"picked":"Dodge and Roll","floor":8},{"not_picked":["Backflip","Night Terror"],"picked":"Prepared","floor":11}],"player_experience":317759,"relics_obtained":[{"floor":8,"key":"Shovel"},{"floor":9,"key":"Singing Bowl"},{"floor":10,"key":"Oddly Smooth Stone"},{"floor":11,"key":"Odd Mushroom"}],"event_choices":[{"damage_healed":0,"gold_gain":0,"player_choice":"Take Damage","damage_taken":17,"relics_obtained":["Golden Idol"],"max_hp_gain":0,"max_hp_loss":0,"event_name":"Golden Idol","floor":3,"gold_loss":0},{"damage_healed":0,"gold_gain":0,"player_choice":"Fought Mushrooms","damage_taken":0,"max_hp_gain":0,"max_hp_loss":0,"event_name":"Mushrooms","floor":11,"gold_loss":0}],"is_beta":false,"boss_relics":[],"items_purged_floors":[2],"is_endless":false,"potions_floor_spawned":[5,6],"killed_by":"Lagavulin","ascension_level":7}}