{"host":"Varadho","time":1613675655,"event":{"mods":["BaseMod","Colored Map","Colored Powertips","Downfall","Googly Eyes","Minty Spire (QoL Compilation)","Quick Restart","Replay The Spire","StSLib","everything is the same but u backflip on backflip","slay the spire mod where everything is the same but ironclad has a cowboy hat"],"gold_per_floor":[99,116,134,134,151,166,166,166,199,215,48,48,48,48,68,164,164,64,79,89,74,87,87,87,87,87,99,99,109,9,34,51,152,152,152,210,210,263,316,342,342,396,396,411,311,325,325,325,337,337,337,337],"floor_reached":50,"language":"ENG","playtime":2986,"items_purged":["downfall:Malfunctioning"],"score":501,"play_id":"5b44f3b0-aadb-492f-905b-93fd567b1f30","local_time":"20210218201415","is_ascension_mode":false,"campfire_choices":[{"data":"bronze:Replicate","floor":1,"key":"SMITH"},{"data":"bronze:Overheat","floor":8,"key":"SMITH"},{"data":"bronze:Virus","floor":12,"key":"SMITH"},{"floor":18,"key":"RECALL"},{"data":"bronze:Boost","floor":23,"key":"SMITH"},{"data":"bronze:Flail","floor":25,"key":"SMITH"},{"data":"bronze:WhirlingStrike","floor":30,"key":"SMITH"},{"data":"bronze:Mutator","floor":35,"key":"SMITH"},{"floor":45,"key":"REST"},{"data":"bronze:Repair","floor":47,"key":"SMITH"}],"circlet_count":0,"master_deck":["bronze:Strike","bronze:Strike","bronze:Strike","bronze:Defend","bronze:Defend","bronze:Defend","bronze:Defend","bronze:Replicate+1","bronze:Goto","bronze:Shield","bronze:Fortify+1","bronze:Frontload","bronze:Branch","bronze:Overheat+1","bronze:Philosophize","bronze:FineTuning","bronze:Virus+1","bronze:WhirlingStrike+1","bronze:AlphaBuild","bronze:Flail+1","bronze:FineTuning+1","bronze:Boost+1","bronze:Allocate+1","bronze:Branch","bronze:Repulsor+1","bronze:ClassDefault+1","bronze:DelayedGuard","bronze:Mutator+1","bronze:Return+1","bronze:Repair","bronze:Repair+1","bronze:ForceShield","bronze:Shield","bronze:Iterate+1","bronze:FineTuning+1","bronze:Fortify+1"],"relics":["bronze:BronzeCore","Simple Rune","Replay:Bottled Eggs","Replay:WaspNest","NlothsMask","Sozu","downfall:HeartBlessingGreen","downfall:KnowingSkull","downfall:HeartBlessingRed","Honey Jar","Pocketwatch","Anchor","Ring of Chaos","Ring of Fangs","downfall:HeartBlessingBlue"],"acts_visited":["Exordium","TheCity","TheBeyond"],"potions_floor_usage":[16,16,40],"damage_taken":[{"damage":1,"enemies":"Cultist","floor":2,"turns":3},{"damage":3,"enemies":"Jaw Worm","floor":3,"turns":4},{"damage":0,"enemies":"2 Louse","floor":5,"turns":3},{"damage":8,"enemies":"Gremlin Gang","floor":6,"turns":4},{"damage":1,"enemies":"3 Sentries","floor":9,"turns":8},{"damage":1,"enemies":"2 Fungi Beasts","floor":10,"turns":3},{"damage":0,"enemies":"downfall:FleeingMerchant","floor":11,"turns":4},{"damage":0,"enemies":"Large Slime","floor":15,"turns":6},{"damage":4,"enemies":"IC_STATUS_ARCHETYPE","floor":16,"turns":6},{"damage":0,"enemies":"3 Byrds","floor":19,"turns":4},{"damage":0,"enemies":"Shell Parasite","floor":20,"turns":5},{"damage":0,"enemies":"downfall:FleeingMerchant","floor":21,"turns":4},{"damage":0,"enemies":"Centurion and Healer","floor":22,"turns":4},{"damage":0,"enemies":"Snake Plant","floor":27,"turns":5},{"damage":0,"enemies":"Shelled Parasite and Fungi","floor":29,"turns":3},{"damage":14,"enemies":"downfall:FleeingMerchant","floor":31,"turns":4},{"damage":6,"enemies":"Chosen and Byrds","floor":32,"turns":4},{"damage":13,"enemies":"WA_ARCHETYPE_CALM","floor":33,"turns":8},{"damage":14,"enemies":"3 Shapes","floor":36,"turns":2},{"damage":5,"enemies":"Orb Walker","floor":38,"turns":3},{"damage":28,"enemies":"2 Orb Walkers","floor":39,"turns":6},{"damage":14,"enemies":"Giant Head","floor":40,"turns":7},{"damage":3,"enemies":"Transient","floor":42,"turns":5},{"damage":22,"enemies":"Writhing Mass","floor":44,"turns":7},{"damage":16,"enemies":"Jaw Worm Horde","floor":46,"turns":4},{"damage":16,"enemies":"Maw","floor":49,"turns":6},{"damage":85,"enemies":"SI_POISON_ARCHETYPE","floor":50,"turns":7}],"seed_played":"-1122291284012054862","potions_obtained":[{"floor":2,"key":"FearPotion"},{"floor":9,"key":"Adrenaline Potion"},{"floor":10,"key":"Guardian:BlockOnCardUsePotion"}],"is_trial":false,"path_per_floor":["R","M","M","?","M","M","T","R","E","M","$","R","T","?","M","B",null,"R","M","M","$","M","R","T","R","?","M","?","M","R","$","M","B",null,"R","M","?","M","?","E","T","M","?","M","R","M","R","?","M","B"],"character_chosen":"THE_AUTOMATON","items_purchased":["bronze:CloningBeam"],"campfire_rested":1,"item_purchase_floors":[11],"current_hp_per_floor":[70,69,66,66,66,58,58,58,57,56,56,56,56,56,56,52,70,70,70,70,70,70,70,70,70,70,70,63,63,63,49,43,34,70,70,56,56,51,30,30,30,41,41,33,67,58,58,58,59,0,0,0],"gold":337,"neow_bonus":"TRANSFORM_CARD","is_daily":false,"chose_seed":false,"campfire_upgraded":8,"win_rate":0.0,"timestamp":1613675655,"path_taken":["R","M","M","?","M","M","T","R","E","M","$","R","?","?","M","BOSS","R","M","?","$","M","R","T","R","?","M","?","?","R","$","M","BOSS","R","M","?","M","?","E","T","M","?","M","R","M","R","?","M","BOSS"],"items_purchased_type":["Card"],"build_version":"2020-12-18","purchased_purges":1,"victory":false,"max_hp_per_floor":[70,70,70,70,70,70,70,70,70,70,70,70,70,70,70,70,70,70,70,70,70,70,70,70,70,70,70,70,70,70,70,70,70,70,70,70,70,70,70,70,70,70,70,70,80,80,80,77,77,77,77,77],"card_choices":[{"not_picked":["bronze:OilSpill","bronze:Iterate"],"picked":"bronze:Fortify","floor":2},{"not_picked":["bronze:FineTuning","bronze:CutThrough"],"picked":"bronze:Frontload","floor":3},{"not_picked":["bronze:FineTuning","bronze:Shield"],"picked":"bronze:Branch","floor":5},{"not_picked":["bronze:BitShift","bronze:OilSpill"],"picked":"bronze:Overheat","floor":6},{"not_picked":["bronze:BugBarrage","bronze:DelayedGuard"],"picked":"bronze:Philosophize","floor":9},{"not_picked":["bronze:WildBeam","bronze:BuggyMess"],"picked":"bronze:FineTuning","floor":10},{"not_picked":["bronze:Frontload","bronze:DarkDash"],"picked":"bronze:Virus","floor":11},{"not_picked":["bronze:WildBeam","bronze:Deprecate"],"picked":"bronze:WhirlingStrike","floor":15},{"not_picked":["bronze:FindAndReplace","bronze:CleanCode"],"picked":"bronze:AlphaBuild","floor":16},{"not_picked":["bronze:ClassDefault","bronze:Shell"],"picked":"bronze:Flail","floor":19},{"not_picked":["bronze:Deprecate","bronze:Invalidate"],"picked":"bronze:FineTuning+1","floor":20},{"not_picked":["bronze:BugBarrage","bronze:Overheat+1"],"picked":"bronze:Boost","floor":21},{"not_picked":["bronze:MaxOutput","bronze:Philosophize"],"picked":"bronze:Allocate+1","floor":22},{"not_picked":["bronze:Deprecate+1","bronze:WildBeam"],"picked":"bronze:Branch","floor":27},{"not_picked":["bronze:Deprecate+1","bronze:Overheat"],"picked":"bronze:Repulsor+1","floor":29},{"not_picked":["bronze:Invalidate+1","bronze:WildBeam+1"],"picked":"bronze:ClassDefault+1","floor":31},{"not_picked":["bronze:MaxOutput","bronze:Repulsor+1"],"picked":"bronze:DelayedGuard","floor":32},{"not_picked":["bronze:RecursiveStrike","bronze:BurnOut"],"picked":"bronze:Mutator","floor":33},{"not_picked":["bronze:Shell","bronze:WhirlingStrike+1","bronze:WildBeam+1"],"picked":"bronze:Return+1","floor":36},{"not_picked":["bronze:Shield","bronze:DelayedSlice","bronze:WildBeam+1"],"picked":"bronze:Repair","floor":38},{"not_picked":["bronze:Iterate+1","bronze:Overheat","bronze:BronzeArmor+1"],"picked":"bronze:Repair","floor":39},{"not_picked":["bronze:Backtrace+1","bronze:Boost+1","bronze:Optimize+1"],"picked":"bronze:ForceShield","floor":40},{"not_picked":["bronze:Deprecate+1","bronze:CutThrough","bronze:Boost"],"picked":"bronze:Shield","floor":42},{"not_picked":["bronze:Shield","bronze:FineTuning+1","bronze:BronzeArmor"],"picked":"bronze:Iterate+1","floor":44},{"not_picked":["bronze:OilSpill+1","bronze:Frontload+1","bronze:ItsAFeature+1"],"picked":"bronze:FineTuning+1","floor":46},{"not_picked":["bronze:BugBarrage","bronze:MaxOutput+1","bronze:BitShift+1"],"picked":"bronze:Fortify+1","floor":49}],"player_experience":629391,"relics_obtained":[{"floor":7,"key":"Simple Rune"},{"floor":9,"key":"Replay:Bottled Eggs"},{"floor":13,"key":"Replay:WaspNest"},{"floor":39,"key":"Pocketwatch"},{"floor":40,"key":"Anchor"},{"floor":43,"key":"Ring of Chaos"},{"floor":43,"key":"Ring of Fangs"}],"event_choices":[{"damage_healed":0,"gold_gain":0,"player_choice":"Trade","damage_taken":0,"relics_obtained":["NlothsMask"],"max_hp_gain":0,"max_hp_loss":0,"event_name":"FaceTrader","floor":14,"gold_loss":0},{"damage_healed":0,"gold_gain":0,"player_choice":"Ignored","damage_taken":0,"max_hp_gain":0,"max_hp_loss":0,"event_name":"Ghosts","floor":26,"gold_loss":0},{"cards_removed":["bronze:CloningBeam"],"damage_healed":0,"gold_gain":0,"player_choice":"Removed Attack","damage_taken":0,"max_hp_gain":0,"max_hp_loss":0,"event_name":"Falling","floor":37,"gold_loss":0},{"damage_healed":0,"gold_gain":0,"player_choice":"Fight","damage_taken":0,"max_hp_gain":0,"max_hp_loss":0,"event_name":"Mysterious Sphere","floor":39,"gold_loss":0}],"is_beta":true,"boss_relics":[{"not_picked":["Replay:Wanted Poster","Busted Crown"],"picked":"Sozu"},{"not_picked":["Replay:Ancient Bell","Coffee Dripper"],"picked":"Honey Jar"}],"items_purged_floors":[11],"is_endless":false,"potions_floor_spawned":[2,9,10,20,27,32,40,42,46,49],"killed_by":"SI_POISON_ARCHETYPE","ascension_level":0}}