{"host":"d52brwsy6af8zvaq","time":1613626888,"event":{"mods":["AchievementEnabler","BaseMod","Bestiary","Highlight Path","Minty Spire (QoL Compilation)","Quick Restart","Relic Stats","ojb\u0027s Better Paths Mod"],"gold_per_floor":[119,43,54,69,69,95,95,95,95,95,109,149,173,189,189,285,285,303,318,318,318,337,368,368,368,368],"floor_reached":25,"language":"ENG","playtime":751,"items_purged":[],"score":466,"play_id":"a02d4506-27c8-403c-bbcf-c221ca4c3091","local_time":"20210217224128","is_ascension_mode":true,"campfire_choices":[{"floor":8.0,"key":"REST"},{"data":"Defragment","floor":10.0,"key":"SMITH"},{"floor":15.0,"key":"REST"},{"floor":24,"key":"REST"}],"circlet_count":0,"master_deck":["AscendersBane","Strike_B","Strike_B","Defend_B","Defend_B+1","Defend_B","Defend_B","Zap+1","Dualcast","Cold Snap","Defragment+1","Barrage","Static Discharge","Beam Cell","Go for the Eyes","Electrodynamics","Sweeping Beam+1"],"relics":["Cracked Core","Oddly Smooth Stone","Golden Idol","StrikeDummy","Ice Cream","Empty Cage","Unceasing Top"],"acts_visited":["Exordium","TheCity"],"potions_floor_usage":[25],"damage_taken":[{"damage":0.0,"enemies":"Small Slimes","floor":1.0,"turns":3.0},{"damage":4.0,"enemies":"Jaw Worm","floor":3.0,"turns":4.0},{"damage":0.0,"enemies":"2 Louse","floor":4.0,"turns":3.0},{"damage":25.0,"enemies":"Lagavulin","floor":6.0,"turns":8.0},{"damage":12.0,"enemies":"Lots of Slimes","floor":11.0,"turns":4.0},{"damage":7.0,"enemies":"Gremlin Nob","floor":12.0,"turns":3.0},{"damage":7.0,"enemies":"3 Louse","floor":13.0,"turns":2.0},{"damage":9.0,"enemies":"Large Slime","floor":14.0,"turns":5.0},{"damage":4.0,"enemies":"Slime Boss","floor":16.0,"turns":8.0},{"damage":3.0,"enemies":"3 Byrds","floor":18.0,"turns":2.0},{"damage":25.0,"enemies":"Shell Parasite","floor":19.0,"turns":5.0},{"damage":21,"enemies":"Snake Plant","floor":22,"turns":4},{"damage":19,"enemies":"Gremlin Leader","floor":23,"turns":5},{"damage":53,"enemies":"Book of Stabbing","floor":25,"turns":4}],"seed_played":"7315406120685206882","potions_obtained":[{"floor":4.0,"key":"SteroidPotion"},{"floor":6.0,"key":"Dexterity Potion"},{"floor":14.0,"key":"FocusPotion"},{"floor":16.0,"key":"AttackPotion"}],"is_trial":false,"path_per_floor":["M","$","M","M","?","E","?","R","T","R","M","E","M","M","R","B",null,"M","M","?","?","M","E","R","E"],"character_chosen":"DEFECT","items_purchased":["Defragment"],"campfire_rested":3,"item_purchase_floors":[2],"current_hp_per_floor":[71,71,67,67,44,19,19,40,40,40,28,21,14,5,26,22,59,56,31,31,71,50,31,52,0,0],"gold":368,"neow_bonus":"TEN_PERCENT_HP_BONUS","is_daily":false,"chose_seed":false,"campfire_upgraded":1,"win_rate":0.0,"timestamp":1613626888,"path_taken":["M","$","M","M","?","E","?","R","T","R","M","E","M","M","R","BOSS","M","M","?","?","?","E","R","E"],"items_purchased_type":["Card"],"build_version":"2020-12-22","purchased_purges":0,"victory":false,"max_hp_per_floor":[78,78,78,78,78,78,71,71,71,71,71,71,71,71,71,71,71,71,71,71,71,71,71,71,71,71],"relic_stats":{"counters":[14,60],"Golden Idol":58,"obtain_stats":[{"Ice Cream":12,"Golden Idol":7,"Oddly Smooth Stone":6,"Cracked Core":0,"StrikeDummy":9,"Empty Cage":17,"Unceasing Top":23},{"Ice Cream":6,"Golden Idol":4,"Oddly Smooth Stone":4,"Cracked Core":0,"StrikeDummy":4,"Empty Cage":9,"Unceasing Top":13},{"Ice Cream":25,"Golden Idol":18,"Oddly Smooth Stone":18,"Cracked Core":0,"StrikeDummy":18,"Empty Cage":40,"Unceasing Top":56}],"Unceasing Top":[0]},"card_choices":[{"not_picked":["Steam","Redo"],"picked":"Cold Snap","floor":1.0},{"not_picked":["Cold Snap","Chaos"],"picked":"Barrage","floor":3.0},{"not_picked":["Hologram","Cold Snap","Chaos"],"picked":"SKIP","floor":4.0},{"not_picked":["Hologram","Cold Snap","Chaos"],"picked":"SKIP","floor":4.0},{"not_picked":["Rip and Tear","Consume","Fission"],"picked":"SKIP","floor":6.0},{"not_picked":["Undo","Chaos"],"picked":"Static Discharge","floor":11.0},{"not_picked":["Recycle","Aggregate"],"picked":"Beam Cell","floor":12.0},{"not_picked":["Melter","Rebound"],"picked":"Defragment","floor":13.0},{"not_picked":["Consume","Chill"],"picked":"Go for the Eyes","floor":14.0},{"not_picked":["Meteor Strike","All For One"],"picked":"Electrodynamics","floor":16.0},{"not_picked":["Rebound","Stack+1"],"picked":"Sweeping Beam+1","floor":18.0},{"not_picked":["Gash","Sunder","Hyperbeam"],"picked":"SKIP","floor":19.0},{"not_picked":["Compile Driver","Redo","Go for the Eyes"],"picked":"SKIP","floor":22},{"not_picked":["Scrape","Lockon","Hologram"],"picked":"SKIP","floor":23},{"not_picked":["Scrape","Lockon","Hologram"],"picked":"SKIP","floor":23}],"player_experience":2306045,"relics_obtained":[{"floor":6.0,"key":"Oddly Smooth Stone"},{"floor":9.0,"key":"StrikeDummy"},{"floor":12.0,"key":"Ice Cream"},{"floor":23,"key":"Unceasing Top"}],"event_choices":[{"damage_healed":0.0,"max_hp_gain":0.0,"max_hp_loss":0.0,"gold_gain":0.0,"event_name":"Shining Light","player_choice":"Entered Light","floor":5.0,"gold_loss":0.0,"damage_taken":23.0,"cards_upgraded":["Defend_B","Zap"]},{"damage_healed":0.0,"max_hp_gain":0.0,"max_hp_loss":7.0,"gold_gain":0.0,"event_name":"Golden Idol","player_choice":"Lose Max HP","floor":7.0,"gold_loss":0.0,"damage_taken":0.0,"relics_obtained":["Golden Idol"]},{"damage_healed":0.0,"max_hp_gain":0.0,"max_hp_loss":0.0,"gold_gain":0.0,"event_name":"The Mausoleum","player_choice":"Ignored","floor":20.0,"gold_loss":0.0,"damage_taken":0.0},{"cards_removed":["Defragment"],"damage_healed":40,"gold_gain":0,"player_choice":"Offered Uncommon","damage_taken":0,"max_hp_gain":0,"max_hp_loss":0,"event_name":"Bonfire Elementals","floor":21,"gold_loss":0}],"is_beta":false,"boss_relics":[{"not_picked":["Tiny House","Snecko Eye"],"picked":"Empty Cage"}],"items_purged_floors":[],"is_endless":false,"potions_floor_spawned":[4,6,14,16,23],"killed_by":"Book of Stabbing","ascension_level":20}}