{"host":"za1qviwhp34x909e","time":1613636972,"event":{"mods":["Act Like it!","BaseMod","Colored Map","Colored Powertips","Downfall","Highlight Path","Hubris","Koishi","Marisa????????","Minty Spire (QoL Compilation)","Quick Restart","Remilia??????","Replay The Spire","StSLib","The Servant 0.9.4"],"gold_per_floor":[114,114,149,164,164,205,205,245,245,270,270,325,325,325,325,335,335],"floor_reached":16,"language":"ENG","playtime":703,"items_purged":[],"score":130,"play_id":"d3081827-c853-40dc-9566-03b78c487788","local_time":"20210218022932","is_ascension_mode":true,"campfire_choices":[{"data":"MasterSpark","floor":7,"key":"SMITH"},{"data":"IllusionStar","floor":11,"key":"SMITH"},{"data":"EarthLightRay","floor":15,"key":"SMITH"}],"circlet_count":0,"master_deck":["Strike_MRS","Defend_MRS","Defend_MRS","Defend_MRS","Defend_MRS","MasterSpark+1","UpSweep","WitchOfGreed","LuminesStrike","PowerUp","WitchLeyline","ManaRampage","IllusionStar+1","EarthLightRay+1","MaximisePower"],"relics":["MiniHakkero","Akabeko","Replay:Bandana","Singing Bowl","Bottled Lightning"],"acts_visited":["Exordium"],"potions_floor_usage":[6,8,12,12],"damage_taken":[{"damage":2,"enemies":"Jaw Worm","floor":1,"turns":3},{"damage":0,"enemies":"2 Louse","floor":3,"turns":4},{"damage":0,"enemies":"Cultist","floor":4,"turns":3},{"damage":35,"enemies":"Lagavulin","floor":6,"turns":6},{"damage":12,"enemies":"Replay:BlueRogue","floor":8,"turns":4},{"damage":6,"enemies":"Looter","floor":10,"turns":2},{"damage":14,"enemies":"Lagavulin","floor":12,"turns":4},{"damage":10,"enemies":"The Guardian","floor":16,"turns":2}],"seed_played":"-2762321283580248472","potions_obtained":[{"floor":3,"key":"Explosive Potion"},{"floor":3,"key":"Swift Potion"},{"floor":6,"key":"Regen Potion"},{"floor":8,"key":"EssenceOfSteel"},{"floor":10,"key":"Explosive Potion"}],"is_trial":false,"path_per_floor":["M","?","M","M","?","E","R","E","T","M","R","E","?","?","R","B"],"character_chosen":"MARISA","items_purchased":[],"campfire_rested":0,"item_purchase_floors":[],"current_hp_per_floor":[80,73,73,73,73,38,38,38,38,32,32,18,18,10,10,0,0],"gold":335,"neow_bonus":"TEN_PERCENT_HP_BONUS","is_daily":false,"chose_seed":false,"campfire_upgraded":3,"win_rate":0.0,"timestamp":1613636972,"path_taken":["M","?","M","M","?","E","R","E","T","?","R","E","?","?","R","BOSS"],"items_purchased_type":[],"build_version":"2020-12-22","purchased_purges":0,"victory":false,"max_hp_per_floor":[82,82,82,82,82,82,82,82,82,82,82,82,82,82,82,82,82],"card_choices":[{"not_picked":["OneTimeOff","DC"],"picked":"WitchOfGreed","floor":1},{"not_picked":["DarkSpark","Acceleration"],"picked":"LuminesStrike","floor":3},{"not_picked":["LuminesStrike","WitchOfGreed"],"picked":"PowerUp","floor":4},{"not_picked":["WitchOfGreed","AsteroidBelt"],"picked":"WitchLeyline","floor":6},{"not_picked":["GravityBeat","WitchOfGreed"],"picked":"ManaRampage","floor":8},{"not_picked":["SuperPerseids","DC"],"picked":"IllusionStar","floor":10},{"not_picked":["UnstableBomb","WitchOfGreed"],"picked":"EarthLightRay","floor":12}],"player_experience":779586,"relics_obtained":[{"floor":6,"key":"Akabeko"},{"floor":8,"key":"Replay:Bandana"},{"floor":9,"key":"Singing Bowl"},{"floor":12,"key":"Bottled Lightning"}],"event_choices":[{"cards_removed":["Strike_MRS"],"damage_healed":0,"gold_gain":0,"player_choice":"Card Removal","damage_taken":7,"max_hp_gain":0,"max_hp_loss":0,"event_name":"Golden Wing","floor":2,"gold_loss":0},{"cards_removed":["Strike_MRS"],"damage_healed":0,"gold_gain":0,"player_choice":"Purged","damage_taken":0,"max_hp_gain":0,"max_hp_loss":0,"event_name":"Purifier","floor":5,"gold_loss":0},{"damage_healed":0,"gold_gain":0,"cards_transformed":["Strike_MRS"],"player_choice":"Change","damage_taken":0,"max_hp_gain":0,"max_hp_loss":0,"event_name":"Living Wall","floor":13,"gold_loss":0,"cards_obtained":["MaximisePower"]},{"damage_healed":0,"gold_gain":0,"player_choice":"Damaged","damage_taken":8,"max_hp_gain":0,"max_hp_loss":0,"event_name":"Wheel of Change","floor":14,"gold_loss":0}],"is_beta":false,"boss_relics":[],"items_purged_floors":[],"is_endless":false,"potions_floor_spawned":[3,6,10],"killed_by":"The Guardian","ascension_level":2}}