{"host":"tq99ucv8ezzqzioe","time":1613661994,"event":{"mods":["BaseMod","Colored Map","Downfall","Highlight Path","Minty Spire (QoL Compilation)","StSLib"],"gold_per_floor":[114,64,64,64,18,18,35,45,45,45,71,84,9,26,26,121,121,140,140,155,155,155],"floor_reached":21,"language":"ENG","playtime":777,"items_purged":["Strike_P"],"score":251,"play_id":"36b138c0-f72c-44b2-ae22-266da69fea94","local_time":"20210218102634","is_ascension_mode":true,"campfire_choices":[{"floor":6,"key":"RECALL"},{"floor":10,"key":"REST"},{"data":"Eruption","floor":15,"key":"SMITH"}],"circlet_count":0,"master_deck":["Strike_P","Strike_P","Strike_P","Defend_P","Defend_P","Defend_P","Eruption+1","Vigilance","Wallop","CutThroughFate","FollowUp","ForeignInfluence","Weave","BowlingBash+1","BowlingBash+1","Wireheading","Alpha","TalkToTheHand+1"],"relics":["PureWater","CaptainsWheel","Molten Egg 2","MealTicket","Black Star"],"acts_visited":["Exordium","TheCity"],"potions_floor_usage":[11,11],"damage_taken":[{"damage":0,"enemies":"Jaw Worm","floor":1,"turns":3},{"damage":3,"enemies":"2 Louse","floor":7,"turns":3},{"damage":1,"enemies":"Cultist","floor":8,"turns":3},{"damage":21,"enemies":"Lagavulin","floor":11,"turns":6},{"damage":0,"enemies":"2 Fungi Beasts","floor":12,"turns":2},{"damage":8,"enemies":"Exordium Thugs","floor":14,"turns":4},{"damage":22,"enemies":"The Guardian","floor":16,"turns":8},{"damage":25,"enemies":"Chosen","floor":18,"turns":5},{"damage":9,"enemies":"3 Byrds","floor":20,"turns":4},{"damage":23,"enemies":"Centurion and Healer","floor":21,"turns":2}],"seed_played":"8195187784297820430","potions_obtained":[{"floor":1,"key":"Block Potion"},{"floor":8,"key":"Swift Potion"},{"floor":18,"key":"Energy Potion"},{"floor":20,"key":"CultistPotion"}],"is_trial":false,"path_per_floor":["M","$","?","?","$","R","M","M","T","R","E","M","$","M","R","B",null,"M","?","M","M"],"character_chosen":"WATCHER","items_purchased":["CutThroughFate","FollowUp"],"campfire_rested":1,"item_purchase_floors":[2,5],"current_hp_per_floor":[47,47,47,40,40,40,37,36,36,57,36,36,51,43,43,21,59,34,28,19,0,0],"gold":155,"neow_bonus":"ONE_RARE_RELIC","is_daily":false,"chose_seed":false,"campfire_upgraded":1,"win_rate":0.0,"timestamp":1613661994,"path_taken":["M","$","?","?","?","R","M","M","T","R","E","M","$","M","R","BOSS","M","?","M","?"],"items_purchased_type":["Card","Card"],"build_version":"2020-12-22","purchased_purges":1,"victory":false,"max_hp_per_floor":[72,72,72,72,72,72,72,72,72,72,72,72,72,72,72,72,72,72,72,72,72,72],"card_choices":[{"not_picked":["MentalFortress","EmptyBody"],"picked":"Wallop","floor":1},{"not_picked":["Prostrate","Crescendo"],"picked":"ForeignInfluence","floor":7},{"not_picked":["InnerPeace","Sanctity"],"picked":"Weave","floor":8},{"not_picked":["ClearTheMind","JustLucky+1"],"picked":"BowlingBash+1","floor":11},{"not_picked":["Meditate","FlurryOfBlows+1"],"picked":"BowlingBash+1","floor":12},{"not_picked":["SashWhip+1","WaveOfTheHand"],"picked":"Wireheading","floor":14},{"not_picked":["Blasphemy","Brilliance+1"],"picked":"Alpha","floor":16},{"not_picked":["FlyingSleeves+1","SandsOfTime+1"],"picked":"TalkToTheHand+1","floor":18},{"not_picked":["Prostrate","Halt+1","Evaluate"],"picked":"SKIP","floor":20}],"player_experience":1011891,"relics_obtained":[{"floor":9,"key":"Molten Egg 2"},{"floor":11,"key":"MealTicket"}],"event_choices":[{"damage_healed":0,"gold_gain":0,"player_choice":"Ignored","damage_taken":0,"max_hp_gain":0,"max_hp_loss":0,"event_name":"Liars Game","floor":3,"gold_loss":0},{"cards_removed":["Defend_P"],"damage_healed":0,"gold_gain":0,"player_choice":"Card Removal","damage_taken":7,"max_hp_gain":0,"max_hp_loss":0,"event_name":"Golden Wing","floor":4,"gold_loss":0},{"damage_healed":0,"gold_gain":0,"player_choice":"","damage_taken":6,"max_hp_gain":0,"max_hp_loss":0,"event_name":"Knowing Skull","floor":19,"potions_obtained":[],"gold_loss":0,"cards_obtained":[]}],"is_beta":false,"boss_relics":[{"not_picked":["SlaversCollar","Calling Bell"],"picked":"Black Star"}],"items_purged_floors":[13],"is_endless":false,"potions_floor_spawned":[1,8,18,20],"killed_by":"Centurion and Healer","ascension_level":8}}