{"host":"j8x383u4ey4fpdv7","time":1613629454,"event":{"mods":["Act Like it!","BaseMod","BetterRewards","CapriCore","Colored Map","Colored Powertips","Hubris","Infinite Spire","Minty Spire (QoL Compilation)","Rare Cards Sparkle","Replay The Spire","Spicy Shops","StSLib","The Marked","Yuri Mod"],"gold_per_floor":[118,135,148,148,159,192,12,27,27,27,40,40,53,69,69,69,69],"floor_reached":16,"language":"ENG","playtime":762,"items_purged":[],"score":106,"play_id":"16894190-10f2-4e1e-a1b6-4895f9f7b9a8","local_time":"20210217222414","is_ascension_mode":false,"campfire_choices":[{"floor":10,"key":"REST"},{"floor":15,"key":"RECALL"}],"circlet_count":0,"master_deck":["theMarked:Strike","theMarked:Strike","theMarked:Strike","theMarked:Strike","theMarked:Strike","theMarked:Defend","theMarked:Defend","theMarked:Defend","theMarked:Defend","theMarked:SoldierOfQuellstein","theMarked:MysticalArsenal+1","theMarked:CreepingChasm","theMarked:StartUp","theMarked:SwordAndMagic","theMarked:Indomitable","theMarked:Heritage+1","theMarked:OneWithTheBlade","theMarked:ComboAttacks","theMarked:TakeCover","theMarked:EmpowerWeapon"],"relics":["theMarked:ArtifactOfAir","NeowsBlessing","Mercury Hourglass","Golden Idol"],"acts_visited":["Exordium"],"potions_floor_usage":[16,16,16],"damage_taken":[{"damage":0,"enemies":"Small Slimes","floor":1,"turns":1},{"damage":0,"enemies":"infinitespire:Voidling","floor":2,"turns":1},{"damage":0,"enemies":"Jaw Worm","floor":3,"turns":1},{"damage":20,"enemies":"Large Slime","floor":5,"turns":9},{"damage":22,"enemies":"Gremlin Nob","floor":6,"turns":4},{"damage":9,"enemies":"Blue Slaver","floor":8,"turns":3},{"damage":0,"enemies":"Exordium Wildlife","floor":11,"turns":2},{"damage":15,"enemies":"Looter","floor":13,"turns":3},{"damage":9,"enemies":"Blue Slaver","floor":14,"turns":3},{"damage":20,"enemies":"The Guardian","floor":16,"turns":9}],"seed_played":"2587002603118779162","potions_obtained":[{"floor":1,"key":"BlessingOfTheForge"},{"floor":2,"key":"PowerPotion"},{"floor":8,"key":"Weak Potion"}],"is_trial":false,"path_per_floor":["M","M","M","?","M","E","$","M","T","R","M","?","M","M","R_BF","B"],"character_chosen":"THE_DEFAULT","items_purchased":["theMarked:Heritage+1"],"campfire_rested":1,"item_purchase_floors":[7],"current_hp_per_floor":[72,72,72,72,52,30,30,21,21,42,42,42,27,18,18,0,0],"gold":69,"neow_bonus":"THREE_ENEMY_KILL","is_daily":false,"chose_seed":false,"campfire_upgraded":0,"win_rate":0.0,"timestamp":1613629454,"path_taken":["M","M","M","?","M","E","$","?","T","R","M","?","M","M","R_BF","BOSS"],"items_purchased_type":["Card"],"build_version":"2020-12-22","purchased_purges":0,"victory":false,"max_hp_per_floor":[72,72,72,72,72,72,72,72,72,72,72,67,67,67,67,67,67],"card_choices":[{"not_picked":["theMarked:EmpowerWeapon","theMarked:TakeCover"],"picked":"theMarked:MysticalArsenal","floor":1},{"not_picked":["theMarked:ShockingTouch","theMarked:RepellingDischarge"],"picked":"theMarked:CreepingChasm","floor":2},{"not_picked":["theMarked:ChainLightning","theMarked:Convert"],"picked":"theMarked:StartUp","floor":3},{"not_picked":["theMarked:HeightenedSenses","theMarked:Overthink"],"picked":"theMarked:SwordAndMagic","floor":5},{"not_picked":["theMarked:GodGivenPower","theMarked:ChainLightning"],"picked":"theMarked:Indomitable","floor":6},{"not_picked":["theMarked:ResourceFulStrike","theMarked:Snap"],"picked":"theMarked:OneWithTheBlade","floor":8},{"not_picked":["theMarked:EmpowerWeapon","theMarked:Friction"],"picked":"theMarked:ComboAttacks","floor":11},{"not_picked":["theMarked:TheMission","theMarked:Frustration"],"picked":"theMarked:TakeCover","floor":13},{"not_picked":["theMarked:ChainLightning","theMarked:SwordAndMagic"],"picked":"theMarked:EmpowerWeapon","floor":14}],"player_experience":58145,"relics_obtained":[{"floor":6,"key":"Mercury Hourglass"}],"event_choices":[{"damage_healed":0,"gold_gain":0,"player_choice":"Upgraded","damage_taken":0,"max_hp_gain":0,"max_hp_loss":0,"event_name":"Upgrade Shrine","floor":4,"gold_loss":0,"cards_upgraded":["theMarked:MysticalArsenal"]},{"damage_healed":0,"gold_gain":0,"player_choice":"Lose Max HP","damage_taken":0,"relics_obtained":["Golden Idol"],"max_hp_gain":0,"max_hp_loss":5,"event_name":"Golden Idol","floor":12,"gold_loss":0}],"is_beta":false,"boss_relics":[],"items_purged_floors":[],"is_endless":false,"potions_floor_spawned":[1,2,8,13],"killed_by":"The Guardian","ascension_level":0}}