{"host":"0mhttqdumuceah7q","time":1613652941,"event":{"mods":["AchievementEnabler","BaseMod","Colored Map","DeckTracker","Minty Spire (QoL Compilation)","Permanent Neow"],"gold_per_floor":[109,119,135,151,151,182,182,214,290,290,300,35,65,81,81,176,176,194,294,313,331,348,348,348],"floor_reached":23,"language":"KOR","playtime":966,"items_purged":[],"score":247,"play_id":"e5060ad5-8b0f-431d-8699-229056236313","local_time":"20210218215541","is_ascension_mode":true,"campfire_choices":[{"data":"Corruption","floor":7,"key":"SMITH"},{"floor":10,"key":"REST"},{"data":"Rage","floor":15,"key":"SMITH"}],"circlet_count":0,"master_deck":["Strike_R","Strike_R","Strike_R","Strike_R","Defend_R","Defend_R","Defend_R","Bash","Dropkick","Rage+1","Perfected Strike","Blind","Corruption+1","Inflame","Inflame","Havoc","Dual Wield","Havoc","Limit Break","Cleave+1","Wild Strike+1","Barricade+1","Shrug It Off","Headbutt","Heavy Blade","Pommel Strike"],"relics":["Burning Blood","PreservedInsect","Omamori","CaptainsWheel","Bottled Tornado","Membership Card","MealTicket","Oddly Smooth Stone","Astrolabe"],"acts_visited":["Exordium","TheCity"],"potions_floor_usage":[14,16,20,20,21,22],"damage_taken":[{"damage":11,"enemies":"Jaw Worm","floor":1,"turns":4},{"damage":6,"enemies":"Cultist","floor":2,"turns":4},{"damage":12,"enemies":"Small Slimes","floor":3,"turns":3},{"damage":41,"enemies":"Exordium Thugs","floor":4,"turns":6},{"damage":13,"enemies":"Gremlin Nob","floor":6,"turns":3},{"damage":19,"enemies":"Lagavulin","floor":8,"turns":6},{"damage":11,"enemies":"Blue Slaver","floor":11,"turns":4},{"damage":10,"enemies":"3 Sentries","floor":13,"turns":5},{"damage":10,"enemies":"Red Slaver","floor":14,"turns":2},{"damage":12,"enemies":"Hexaghost","floor":16,"turns":6},{"damage":12,"enemies":"Spheric Guardian","floor":18,"turns":5},{"damage":6,"enemies":"3 Byrds","floor":20,"turns":3},{"damage":32,"enemies":"Centurion and Healer","floor":21,"turns":6},{"damage":28,"enemies":"Shelled Parasite and Fungi","floor":22,"turns":5},{"damage":57,"enemies":"Gremlin Leader","floor":23,"turns":4}],"seed_played":"-384253506486728886","potions_obtained":[{"floor":3,"key":"Explosive Potion"},{"floor":4,"key":"GamblersBrew"},{"floor":6,"key":"FairyPotion"},{"floor":8,"key":"PowerPotion"},{"floor":16,"key":"DistilledChaos"},{"floor":18,"key":"LiquidBronze"},{"floor":20,"key":"Explosive Potion"},{"floor":21,"key":"PowerPotion"}],"is_trial":false,"path_per_floor":["M","M","M","M","?","E","R","E","T","R","M","$","E","M","R","B",null,"M","?","M","M","M","E"],"character_chosen":"IRONCLAD","items_purchased":["Membership Card","MealTicket","Inflame","Havoc"],"campfire_rested":1,"item_purchase_floors":[12,12,12,12],"current_hp_per_floor":[75,75,69,34,34,27,27,14,14,38,33,33,29,25,25,19,80,74,74,74,48,26,0,0],"gold":348,"neow_bonus":"RANDOM_COMMON_RELIC","is_daily":false,"chose_seed":false,"campfire_upgraded":2,"win_rate":0.0,"timestamp":1613652941,"path_taken":["M","M","M","M","?","E","R","E","T","R","M","?","E","M","R","BOSS","M","?","M","?","M","E"],"items_purchased_type":["Relic","Relic","Card","Card"],"build_version":"2020-12-22","purchased_purges":0,"victory":false,"max_hp_per_floor":[80,80,80,80,80,80,80,80,80,80,80,80,80,80,80,80,80,80,80,80,80,80,80,80],"card_choices":[{"not_picked":["Havoc","Thunderclap"],"picked":"Wild Strike","floor":1},{"not_picked":["Uppercut","Thunderclap"],"picked":"Dropkick","floor":2},{"not_picked":["Dark Embrace","Heavy Blade"],"picked":"Rage","floor":3},{"not_picked":["Clash","Warcry"],"picked":"Perfected Strike","floor":4},{"not_picked":["Flex","Searing Blow"],"picked":"Corruption","floor":6},{"not_picked":["Ghostly Armor","Body Slam","Metallicize"],"picked":"SKIP","floor":8},{"not_picked":["Clothesline","Body Slam"],"picked":"Inflame","floor":11},{"not_picked":["Twin Strike","Anger"],"picked":"Dual Wield","floor":13},{"not_picked":["Rampage","Wild Strike"],"picked":"Havoc","floor":14},{"not_picked":["Bludgeon","Immolate"],"picked":"Limit Break","floor":16},{"not_picked":["Headbutt","Flex"],"picked":"Shrug It Off","floor":18},{"not_picked":["Searing Blow","Spot Weakness"],"picked":"Headbutt","floor":20},{"not_picked":["Blood for Blood+1","Havoc"],"picked":"Heavy Blade","floor":21},{"not_picked":["Warcry","Bloodletting+1"],"picked":"Pommel Strike","floor":22}],"player_experience":119300,"relics_obtained":[{"floor":6,"key":"Omamori"},{"floor":8,"key":"CaptainsWheel"},{"floor":9,"key":"Bottled Tornado"},{"floor":13,"key":"Oddly Smooth Stone"}],"event_choices":[{"damage_healed":0,"gold_gain":0,"player_choice":"1 cards matched","damage_taken":0,"max_hp_gain":0,"max_hp_loss":0,"event_name":"Match and Keep!","floor":5,"gold_loss":0,"cards_obtained":["Blind"]},{"damage_healed":0,"gold_gain":100,"player_choice":"Pray","damage_taken":0,"max_hp_gain":0,"max_hp_loss":0,"event_name":"Golden Shrine","floor":19,"gold_loss":0}],"is_beta":false,"boss_relics":[{"not_picked":["Busted Crown","Runic Dome"],"picked":"Astrolabe"}],"items_purged_floors":[],"is_endless":false,"potions_floor_spawned":[3,4,6,8,16,18,20,21],"killed_by":"Gremlin Leader","ascension_level":3}}