{"host":"y6zg4wwu39otf01a","time":1613671815,"event":{"mods":["Act Like it!","Aspiration","BaseMod","Better Altar","Better Match","Better Note","Better Sensory Stone","Better Skull","Better Third Choice","Challenge The Spire","Colored Map","Colored Powertips","Conspire","GifTheSpireLib","Glutton Mod","Halation","Hermit","Highlight Path","Hubris","Infinite Spire","Mimic Mod","Minty Spire (QoL Compilation)","Quick Restart","Random Character Button","Rare Cards Sparkle","Reliquary","Replay The Spire","Retaliation","Ruina","Spicy Shops","StSLib","Stuff the Spire","The Blue Laboratory","The Construct","The Jungle"],"gold_per_floor":[117,117,117,117,137,172,172,190,270,38,56,73,73,99,99,198,198,212,227,256,256,275,275,275],"floor_reached":23,"language":"ENG","playtime":1437,"items_purged":[],"score":191,"play_id":"01129a7d-1bb3-4873-ae03-b4a5f2ca9296","local_time":"20210218121015","is_ascension_mode":false,"campfire_choices":[{"floor":7,"key":"REST"},{"data":"construct:ModeShift","floor":15,"key":"SMITH"}],"circlet_count":0,"master_deck":["construct:Strike_Gold","construct:Strike_Gold","construct:Strike_Gold","construct:Strike_Gold","construct:Strike_Gold","construct:Defend_Gold","construct:Defend_Gold+1","construct:Defend_Gold+1","construct:Defend_Gold","construct:Defend_Gold","construct:AttackMode","construct:DefenseMode","Regret","construct:ScrapCannon","Rip and Tear+1","infinitespire:Collect","construct:ShiftStrike","construct:ChargeShot","construct:VentSteam+1","construct:ShiftStrike","construct:CriticalHit","construct:ModeShift+1","construct:Bunker","construct:Boost"],"relics":["construct:Cogwheel","StuffTheSpire:Nightcore","Mango","War Paint","infinitespire:Beetle Shell","reliquary:Vitrine","halation:TrafficLight","Odd Mushroom","conspire:SlowCooker","Iron Hammer","ReplayTheSpireMod:Ninjato"],"acts_visited":["Exordium","Exordium"],"potions_floor_usage":[14,16,22],"damage_taken":[{"damage":2,"enemies":"2 Louse","floor":1,"turns":2},{"damage":5,"enemies":"Jaw Worm","floor":5,"turns":2},{"damage":24,"enemies":"Lagavulin","floor":6,"turns":5},{"damage":0,"enemies":"Cultist","floor":8,"turns":2},{"damage":5,"enemies":"3 Louse","floor":11,"turns":2},{"damage":0,"enemies":"Large Slime","floor":12,"turns":2},{"damage":9,"enemies":"The Mushroom Lair","floor":14,"turns":2},{"damage":19,"enemies":"Fading Forest","floor":16,"turns":11},{"damage":24,"enemies":"ruina:2_Scarecrows","floor":18,"turns":4},{"damage":22,"enemies":"ruina:Nosferatu","floor":19,"turns":3},{"damage":7,"enemies":"conspire:MimicChest","floor":20,"turns":4},{"damage":36,"enemies":"ruina:KnightOfDespair","floor":22,"turns":4},{"damage":16,"enemies":"ruina:ServantOfWrath","floor":23,"turns":3}],"seed_played":"8229892993674336689","potions_obtained":[{"floor":11,"key":"Explosive Potion"},{"floor":14,"key":"Weak Potion"},{"floor":20,"key":"Venom Potion"}],"is_trial":false,"path_per_floor":["M","?","?","?","M","E","R","M","T","$","M","M","?","?","R","B",null,"M","M","?","?","M","E"],"character_chosen":"THE_CONSTRUCT_MOD","items_purchased":["halation:TrafficLight","construct:ShiftStrike"],"campfire_rested":1,"item_purchase_floors":[10,10],"current_hp_per_floor":[83,97,77,54,49,25,54,54,54,54,49,49,49,40,40,31,99,75,53,46,46,10,0,0],"gold":275,"neow_bonus":"ONE_RARE_RELIC","is_daily":false,"chose_seed":false,"campfire_upgraded":1,"win_rate":0.0,"timestamp":1613671815,"path_taken":["M","?","?","?","M","E","R","M","T","?","?","M","?","?","R","BOSS","M","M","?","?","M","E"],"items_purchased_type":["Relic","Card"],"build_version":"2020-12-22","purchased_purges":0,"victory":false,"max_hp_per_floor":[85,99,99,99,99,99,99,99,99,99,99,99,99,99,99,99,99,99,99,99,99,99,99,99],"card_choices":[{"not_picked":["construct:Tumble","construct:ShiftGuard"],"picked":"construct:ScrapCannon","floor":1},{"not_picked":["ReplayTheSpireMod:??????????????????????","ReplayTheSpireMod:Echoes of Time"],"picked":"infinitespire:Collect","floor":4},{"not_picked":["construct:PowerUp","construct:SuppressiveFire"],"picked":"construct:ShiftStrike","floor":5},{"not_picked":["construct:Overcharge","construct:Failsafe"],"picked":"construct:ChargeShot","floor":6},{"not_picked":["construct:ScrapCannon","construct:Versatility"],"picked":"construct:VentSteam","floor":8},{"not_picked":["construct:Versatility","construct:MetalShell"],"picked":"construct:CriticalHit","floor":11},{"not_picked":["construct:HeavyBolt","construct:SyphonStrike","construct:Versatility"],"picked":"SKIP","floor":12},{"not_picked":["construct:SaveState","construct:Reinforce"],"picked":"construct:ModeShift","floor":14},{"not_picked":["construct:SpinDrive","construct:Multistage"],"picked":"construct:Bunker","floor":16},{"not_picked":["construct:ModeShift+1","construct:HeavyBolt","construct:Analyze+1"],"picked":"SKIP","floor":18},{"not_picked":["construct:ShiftStrike","construct:UnbalancingBlast"],"picked":"construct:Boost","floor":19},{"not_picked":["construct:CriticalHit","construct:SweepLaser","construct:OmegaCannon"],"picked":"SKIP","floor":22}],"player_experience":891022,"relics_obtained":[{"floor":6,"key":"infinitespire:Beetle Shell"},{"floor":9,"key":"reliquary:Vitrine"},{"floor":14,"key":"Odd Mushroom"},{"floor":20,"key":"Iron Hammer"}],"event_choices":[{"damage_healed":0,"gold_gain":0,"player_choice":"Grow","damage_taken":0,"max_hp_gain":0,"max_hp_loss":0,"event_name":"Living Wall","floor":13,"gold_loss":0,"cards_upgraded":["construct:VentSteam"]},{"damage_healed":0,"gold_gain":0,"player_choice":"Fought Mushrooms","damage_taken":0,"max_hp_gain":0,"max_hp_loss":0,"event_name":"Mushrooms","floor":14,"gold_loss":0}],"is_beta":false,"boss_relics":[{"not_picked":["Replay:Cursed D8","halation:PlatinumPhoenix"],"picked":"conspire:SlowCooker"}],"items_purged_floors":[],"is_endless":false,"potions_floor_spawned":[11,14,20],"killed_by":"ruina:ServantOfWrath","ascension_level":0}}