{"host":"cfv8orgc8997ql4r","time":1613688648,"event":{"mods":["AchievementEnabler","BaseMod","DeckTracker","Keyboard Shortcuts","Minty Spire (QoL Compilation)"],"gold_per_floor":[113,160,235,235,86,118,118,151,151,180,248,322,339,354,354,459,459,479,103,113,133,151,181,181,212,212,278,301,363,406,468,225,225,328,328,339,350,146,212,222,222,252,302,302,331,343,361,464,489,489,489],"floor_reached":52,"language":"KOR","playtime":1500,"items_purged":["Defend_G","Strike_G","Defend_G","Backflip"],"score":1224,"play_id":"3f15b3af-e1cc-4e44-a5a8-86bc9ccb8fcc","local_time":"20210219075048","is_ascension_mode":true,"campfire_choices":[{"data":"Deadly Poison","floor":7,"key":"SMITH"},{"floor":15,"key":"REST"},{"floor":24,"key":"REST"},{"floor":33,"key":"REST"},{"data":"Accuracy","floor":41,"key":"SMITH"},{"floor":50,"key":"REST"}],"circlet_count":0,"master_deck":["Strike_G+1","Strike_G","Strike_G+1","Strike_G","Defend_G","Defend_G","Defend_G","Survivor","Neutralize","Dagger Spray","Cloak And Dagger","Blade Dance","Envenom","Blade Dance","Accuracy+1","Finisher+1","Infinite Blades","Prepared","Adrenaline","Cloak And Dagger","Burst","Bullet Time","PiercingWail","Blade Dance"],"relics":["Ring of the Snake","NeowsBlessing","Tiny Chest","SsserpentHead","Shuriken","Snake Skull","Ninja Scroll","Pear","Oddly Smooth Stone","Black Star","Blood Vial","Mummified Hand","Lantern","Bag of Marbles","MealTicket","MawBank","Whetstone","Dream Catcher","Orichalcum","Runic Pyramid","Unceasing Top","Bottled Tornado","Ornamental Fan","Eternal Feather","Meat on the Bone","Paper Crane","Vajra","Bottled Flame","Toy Ornithopter"],"acts_visited":["Exordium","TheCity","TheBeyond"],"potions_floor_usage":[10,21,22,23,34,51,51,51],"damage_taken":[{"damage":0,"enemies":"Cultist","floor":1,"turns":1},{"damage":0,"enemies":"Gremlin Nob","floor":6,"turns":1},{"damage":0,"enemies":"Lagavulin","floor":8,"turns":1},{"damage":17,"enemies":"3 Sentries","floor":10,"turns":5},{"damage":0,"enemies":"Jaw Worm","floor":11,"turns":1},{"damage":0,"enemies":"Small Slimes","floor":13,"turns":2},{"damage":11,"enemies":"Exordium Wildlife","floor":14,"turns":2},{"damage":21,"enemies":"The Guardian","floor":16,"turns":9},{"damage":11,"enemies":"2 Thieves","floor":18,"turns":4},{"damage":0,"enemies":"3 Byrds","floor":20,"turns":3},{"damage":17,"enemies":"Cultist and Chosen","floor":21,"turns":5},{"damage":2,"enemies":"3 Cultists","floor":22,"turns":5},{"damage":38,"enemies":"Slavers","floor":23,"turns":4},{"damage":14,"enemies":"Book of Stabbing","floor":25,"turns":2},{"damage":0,"enemies":"Centurion and Healer","floor":28,"turns":3},{"damage":13,"enemies":"Slavers","floor":30,"turns":3},{"damage":59,"enemies":"Collector","floor":34,"turns":5},{"damage":0,"enemies":"3 Shapes","floor":36,"turns":1},{"damage":5,"enemies":"3 Darklings","floor":37,"turns":2},{"damage":0,"enemies":"Spire Growth","floor":39,"turns":2},{"damage":0,"enemies":"Transient","floor":40,"turns":5},{"damage":0,"enemies":"Nemesis","floor":42,"turns":3},{"damage":5,"enemies":"Giant Head","floor":45,"turns":4},{"damage":0,"enemies":"Writhing Mass","floor":46,"turns":1},{"damage":5,"enemies":"4 Shapes","floor":47,"turns":4},{"damage":26,"enemies":"Reptomancer","floor":49,"turns":3},{"damage":13,"enemies":"Donu and Deca","floor":51,"turns":4}],"seed_played":"7946628211060253417","potions_obtained":[{"floor":6,"key":"Explosive Potion"},{"floor":8,"key":"Energy Potion"},{"floor":14,"key":"Poison Potion"},{"floor":20,"key":"Regen Potion"},{"floor":22,"key":"Regen Potion"},{"floor":25,"key":"Fire Potion"},{"floor":34,"key":"FairyPotion"},{"floor":37,"key":"SpeedPotion"},{"floor":46,"key":"EntropicBrew"},{"floor":49,"key":"CunningPotion"}],"is_trial":false,"path_per_floor":["M","T","?","?","$","E","R","E","T","E","M","T","M","M","R","B",null,"M","$","M","M","M","E","R","E","T","T","M","?","E","?","$","R","B",null,"M","M","$","M","M","R","E","T","T","E","M","M","T","E","R","B",null],"character_chosen":"THE_SILENT","items_purchased":["Bouncing Flask","Blade Dance","Accuracy","Blood Vial","Adrenaline","Cloak And Dagger","PiercingWail"],"campfire_rested":4,"item_purchase_floors":[5,19,19,19,32,32,38],"current_hp_per_floor":[63,63,52,52,52,52,52,52,52,45,45,45,45,34,58,37,69,58,58,60,50,50,28,52,40,40,40,42,42,31,31,46,70,13,63,65,62,77,79,80,80,80,80,80,75,77,74,74,50,80,79],"gold":489,"neow_bonus":"THREE_ENEMY_KILL","is_daily":false,"chose_seed":false,"campfire_upgraded":2,"win_rate":0.0,"timestamp":1613688648,"path_taken":["M","?","?","?","$","E","R","E","T","E","?","?","M","M","R","BOSS","M","$","M","M","M","E","R","E","T","T","M","?","E","?","$","R","BOSS","M","M","$","?","M","R","E","?","T","E","M","M","?","E","R","BOSS"],"items_purchased_type":["Card","Card","Card","Relic","Card","Card","Card"],"build_version":"2020-12-22","purchased_purges":4,"victory":true,"max_hp_per_floor":[70,70,70,70,70,70,70,70,70,80,80,80,80,80,80,80,80,80,80,80,80,80,80,80,80,80,80,80,80,80,80,80,80,80,80,80,80,80,80,80,80,80,80,80,80,80,80,80,80,80,80],"card_choices":[{"not_picked":["Riddle With Holes","Infinite Blades"],"picked":"Deadly Poison","floor":1},{"not_picked":["Finisher","Flying Knee","Slice"],"picked":"SKIP","floor":6},{"not_picked":["Skewer","Flechettes"],"picked":"Dagger Spray","floor":8},{"not_picked":["Flying Knee","Infinite Blades"],"picked":"Cloak And Dagger","floor":10},{"not_picked":["Deflect","Dagger Spray"],"picked":"Blade Dance","floor":11},{"not_picked":["Deflect","Outmaneuver"],"picked":"Backflip","floor":13},{"not_picked":["Unload","Dodge and Roll","Outmaneuver"],"picked":"SKIP","floor":14},{"not_picked":["Tools of the Trade","Night Terror"],"picked":"Envenom","floor":16},{"not_picked":["Dagger Spray","Calculated Gamble","Distraction"],"picked":"SKIP","floor":18},{"not_picked":["Quick Slash","Slice","Dagger Spray"],"picked":"SKIP","floor":20},{"not_picked":["Leg Sweep","Sucker Punch","Bane"],"picked":"SKIP","floor":21},{"not_picked":["Quick Slash","Setup"],"picked":"Finisher+1","floor":22},{"not_picked":["Calculated Gamble","Dagger Throw+1","Dagger Spray"],"picked":"SKIP","floor":23},{"not_picked":["Calculated Gamble","Dagger Throw","Masterful Stab"],"picked":"SKIP","floor":25},{"not_picked":["Dagger Throw","Calculated Gamble"],"picked":"Infinite Blades","floor":28},{"not_picked":["Poisoned Stab","Deadly Poison","Sucker Punch+1"],"picked":"SKIP","floor":30},{"not_picked":["Dagger Spray+1","Prepared+1"],"picked":"Burst","floor":33},{"not_picked":["Malaise","Die Die Die"],"picked":"Bullet Time","floor":34},{"not_picked":["Outmaneuver+1","Prepared","Crippling Poison"],"picked":"SKIP","floor":36},{"not_picked":["Dagger Throw","Sucker Punch+1","Dodge and Roll"],"picked":"SKIP","floor":37},{"not_picked":["Leg Sweep","Well Laid Plans+1","Riddle With Holes+1"],"picked":"SKIP","floor":39},{"not_picked":["Eviscerate+1","Poisoned Stab","Deflect"],"picked":"SKIP","floor":40},{"not_picked":["Choke+1","Heel Hook"],"picked":"Blade Dance","floor":42},{"not_picked":["Bouncing Flask","Masterful Stab","Slice"],"picked":"SKIP","floor":45},{"not_picked":["Bane+1","Endless Agony+1","Deflect+1"],"picked":"SKIP","floor":46},{"not_picked":["Distraction+1","Choke","Malaise"],"picked":"SKIP","floor":47},{"not_picked":["PiercingWail","Backflip","Bane"],"picked":"SKIP","floor":49}],"player_experience":199562,"relics_obtained":[{"floor":2,"key":"Tiny Chest"},{"floor":6,"key":"Shuriken"},{"floor":8,"key":"Snake Skull"},{"floor":9,"key":"Ninja Scroll"},{"floor":10,"key":"Pear"},{"floor":12,"key":"Oddly Smooth Stone"},{"floor":23,"key":"Mummified Hand"},{"floor":23,"key":"Lantern"},{"floor":25,"key":"Bag of Marbles"},{"floor":25,"key":"MealTicket"},{"floor":26,"key":"MawBank"},{"floor":27,"key":"Whetstone"},{"floor":30,"key":"Dream Catcher"},{"floor":30,"key":"Orichalcum"},{"floor":42,"key":"Unceasing Top"},{"floor":42,"key":"Bottled Tornado"},{"floor":43,"key":"Ornamental Fan"},{"floor":44,"key":"Eternal Feather"},{"floor":45,"key":"Meat on the Bone"},{"floor":45,"key":"Paper Crane"},{"floor":48,"key":"Vajra"},{"floor":49,"key":"Bottled Flame"},{"floor":49,"key":"Toy Ornithopter"}],"event_choices":[{"damage_healed":0,"gold_gain":75,"player_choice":"Gather Gold","damage_taken":11,"max_hp_gain":0,"max_hp_loss":0,"event_name":"World of Goop","floor":3,"gold_loss":0},{"damage_healed":0,"gold_gain":0,"player_choice":"Trade","damage_taken":0,"relics_obtained":["SsserpentHead"],"max_hp_gain":0,"max_hp_loss":0,"event_name":"FaceTrader","floor":4,"gold_loss":0},{"cards_removed":["Bouncing Flask"],"damage_healed":0,"gold_gain":0,"player_choice":"Elegance","damage_taken":0,"max_hp_gain":0,"max_hp_loss":0,"event_name":"Back to Basics","floor":29,"gold_loss":0},{"damage_healed":0,"gold_gain":0,"cards_transformed":["Deadly Poison"],"player_choice":"Transformed","damage_taken":0,"max_hp_gain":0,"max_hp_loss":0,"event_name":"Transmorgrifier","floor":31,"gold_loss":0,"cards_obtained":["Prepared"]}],"is_beta":false,"boss_relics":[{"not_picked":["Ectoplasm","Empty Cage"],"picked":"Black Star"},{"not_picked":["Runic Dome","Cursed Key"],"picked":"Runic Pyramid"}],"items_purged_floors":[5,19,32,38],"is_endless":false,"potions_floor_spawned":[6,8,14,20,22,25,34,37,46,49],"ascension_level":6}}