{"host":"tzwikg9s6mkzv6w0","time":1613642562,"event":{"mods":["BaseMod","Good Game Mod","Minty Spire (QoL Compilation)","Spicy Shops","StSLib"],"gold_per_floor":[119,44,56,56,131,162,181,81,81,81,114,138,138,138,138],"floor_reached":14,"language":"ZHS","playtime":570,"items_purged":["Strike_G","Strike_G"],"score":242,"play_id":"f2a93301-e57c-47f6-8e54-482aac9bd53d","local_time":"20210218180242","is_ascension_mode":true,"campfire_choices":[{"data":"Prepared","floor":10.0,"key":"SMITH"},{"floor":13.0,"key":"REST"}],"circlet_count":0,"master_deck":["AscendersBane","Strike_G","Strike_G","Strike_G","Defend_G","Defend_G","Defend_G","Defend_G","Defend_G","Survivor","Neutralize","Seek","Reflex","Prepared+1","Accuracy","Phantasmal Killer","Accuracy"],"relics":["Ring of the Snake","REME:ComplimentaryCards","NeowsBlessing","CaptainsWheel","Lizard Tail","Shuriken","Odd Mushroom"],"acts_visited":["Exordium"],"potions_floor_usage":[14],"damage_taken":[{"damage":0.0,"enemies":"Cultist","floor":1.0,"turns":1.0},{"damage":0.0,"enemies":"Jaw Worm","floor":3.0,"turns":1.0},{"damage":0.0,"enemies":"Lagavulin","floor":6.0,"turns":1.0},{"damage":3.0,"enemies":"2 Louse","floor":7.0,"turns":4.0},{"damage":43.0,"enemies":"3 Sentries","floor":11.0,"turns":22.0},{"damage":32.0,"enemies":"The Mushroom Lair","floor":12.0,"turns":6.0},{"damage":46,"enemies":"Lagavulin","floor":14,"turns":9}],"seed_played":"-3467737670234437261","potions_obtained":[{"floor":6.0,"key":"FearPotion"},{"floor":11.0,"key":"FearPotion"},{"floor":12.0,"key":"Fire Potion"}],"is_trial":false,"path_per_floor":["M","$","M","?","?","E","M","$","T","R","E","?","R","E"],"character_chosen":"THE_SILENT","items_purchased":[],"campfire_rested":1,"item_purchase_floors":[],"current_hp_per_floor":[59,59,59,59,48,48,45,45,45,45,2,13,32,0,0],"gold":138,"neow_bonus":"THREE_ENEMY_KILL","is_daily":false,"chose_seed":false,"campfire_upgraded":1,"win_rate":0.0,"timestamp":1613642562,"path_taken":["M","$","?","?","?","E","M","?","T","R","E","?","R","E"],"items_purchased_type":[],"build_version":"2020-12-22","purchased_purges":2,"victory":false,"max_hp_per_floor":[66,66,66,66,66,66,66,66,66,66,66,66,66,66,66],"card_choices":[{"not_picked":["Predator","Dagger Throw"],"picked":"Reflex","floor":1.0},{"not_picked":["Riddle With Holes","Footwork","PiercingWail"],"picked":"SKIP","floor":3.0},{"not_picked":["Deadly Poison","Poisoned Stab"],"picked":"Prepared","floor":6.0},{"not_picked":["Flying Knee","Underhanded Strike"],"picked":"Accuracy","floor":7.0},{"not_picked":["Reflex","Skewer"],"picked":"Phantasmal Killer","floor":11.0},{"not_picked":["Bane","Flying Knee"],"picked":"Accuracy","floor":12.0}],"player_experience":142191,"relics_obtained":[{"floor":6.0,"key":"CaptainsWheel"},{"floor":9.0,"key":"Lizard Tail"},{"floor":11.0,"key":"Shuriken"},{"floor":12.0,"key":"Odd Mushroom"}],"event_choices":[{"damage_healed":0.0,"max_hp_gain":0.0,"max_hp_loss":0.0,"gold_gain":0.0,"event_name":"Liars Game","player_choice":"Ignored","floor":4.0,"gold_loss":0.0,"damage_taken":0.0},{"damage_healed":0.0,"max_hp_gain":0.0,"max_hp_loss":0.0,"gold_gain":75.0,"event_name":"World of Goop","player_choice":"Gather Gold","floor":5.0,"gold_loss":0.0,"damage_taken":11.0},{"damage_healed":0.0,"max_hp_gain":0.0,"max_hp_loss":0.0,"gold_gain":0.0,"event_name":"Mushrooms","player_choice":"Fought Mushrooms","floor":12.0,"gold_loss":0.0,"damage_taken":0.0}],"is_beta":false,"boss_relics":[],"items_purged_floors":[2,8],"is_endless":false,"potions_floor_spawned":[6,11,12],"killed_by":"Lagavulin","ascension_level":20}}