{"host":"99l0i25nwwr6z99u","time":1613608801,"event":{"mods":["Act Like it!","BaseMod","Colored Map","Colored Powertips","Googly Eyes","Minty Spire (QoL Compilation)","Quick Restart","StSLib"],"gold_per_floor":[119,129,145,162,142,142,167,167,167,167,179,194,223,240,240,240,240],"floor_reached":16,"language":"ENG","playtime":564,"items_purged":[],"score":278,"play_id":"795a0697-d39a-4fd3-ba10-60391cd23f79","local_time":"20210217194001","is_ascension_mode":true,"campfire_choices":[{"data":"CrushJoints","floor":6,"key":"SMITH"},{"data":"Crescendo","floor":8,"key":"SMITH"},{"data":"Eruption","floor":10,"key":"SMITH"},{"data":"MasterReality","floor":15,"key":"SMITH"}],"circlet_count":0,"master_deck":["AscendersBane","Strike_P","Strike_P","Strike_P","Defend_P","Defend_P","Defend_P","Defend_P","Eruption+1","Vigilance","Crescendo+1","Protect","CrushJoints+1","EmptyFist","FlyingSleeves","MasterReality+1","ReachHeaven","WaveOfTheHand","Study","InnerPeace"],"relics":["PureWater","MealTicket","Pantograph","TeardropLocket"],"acts_visited":["Exordium"],"potions_floor_usage":[3,14],"damage_taken":[{"damage":0,"enemies":"Cultist","floor":1,"turns":4},{"damage":3,"enemies":"Small Slimes","floor":2,"turns":5},{"damage":2,"enemies":"Jaw Worm","floor":3,"turns":3},{"damage":0,"enemies":"Large Slime","floor":4,"turns":4},{"damage":28,"enemies":"3 Sentries","floor":7,"turns":8},{"damage":0,"enemies":"3 Louse","floor":11,"turns":2},{"damage":6,"enemies":"Exordium Wildlife","floor":12,"turns":4},{"damage":0,"enemies":"Lagavulin","floor":13,"turns":4},{"damage":1,"enemies":"Blue Slaver","floor":14,"turns":4},{"damage":61,"enemies":"Slime Boss","floor":16,"turns":9}],"seed_played":"3344474342116262176","potions_obtained":[{"floor":1,"key":"SpeedPotion"},{"floor":4,"key":"Ancient Potion"},{"floor":5,"key":"BottledMiracle"},{"floor":7,"key":"Block Potion"},{"floor":11,"key":"SmokeBomb"}],"is_trial":false,"path_per_floor":["M","M","M","M","?","R","E","R","T","R","M","M","E","M","R","B"],"character_chosen":"WATCHER","items_purchased":[],"campfire_rested":0,"item_purchase_floors":[],"current_hp_per_floor":[61,58,56,56,56,56,28,28,28,28,28,22,22,21,21,0,0],"gold":240,"neow_bonus":"TRANSFORM_CARD","is_daily":false,"chose_seed":false,"campfire_upgraded":4,"win_rate":0.0,"timestamp":1613608801,"path_taken":["M","M","M","M","?","R","E","R","T","R","M","M","E","M","R","BOSS"],"items_purchased_type":[],"build_version":"2020-12-22","purchased_purges":0,"victory":false,"max_hp_per_floor":[68,68,68,68,68,68,68,68,68,68,68,68,68,68,68,68,68],"card_choices":[{"not_picked":["Nirvana","Collect"],"picked":"Protect","floor":1},{"not_picked":["Sanctity","Indignation"],"picked":"CrushJoints","floor":2},{"not_picked":["EmptyBody","FlurryOfBlows"],"picked":"EmptyFist","floor":3},{"not_picked":["JustLucky","Prostrate"],"picked":"FlyingSleeves","floor":4},{"not_picked":["Omniscience","Tantrum"],"picked":"MasterReality","floor":7},{"not_picked":["PathToVictory","WaveOfTheHand"],"picked":"ReachHeaven","floor":11},{"not_picked":["FlyingSleeves","Halt"],"picked":"WaveOfTheHand","floor":12},{"not_picked":["EmptyFist","CrushJoints"],"picked":"Study","floor":13},{"not_picked":["Fasting2","SashWhip"],"picked":"InnerPeace","floor":14}],"player_experience":786939,"relics_obtained":[{"floor":7,"key":"MealTicket"},{"floor":9,"key":"Pantograph"},{"floor":13,"key":"TeardropLocket"}],"event_choices":[{"damage_healed":0,"gold_gain":0,"player_choice":"Bought 1 Potion","damage_taken":0,"max_hp_gain":0,"max_hp_loss":0,"event_name":"The Woman in Blue","floor":5,"gold_loss":0}],"is_beta":false,"boss_relics":[],"items_purged_floors":[],"is_endless":false,"potions_floor_spawned":[1,4,7,11],"killed_by":"Slime Boss","ascension_level":20}}