{"host":"ooetke516h53yqww","time":1613614497,"event":{"mods":["100% Spire Juice","2.2 Compatiblity","Abigail Mod","Act Like it!","Astrologer","Bartender","BaseMod","Beaked The Cultist","Better Match","Better Third Choice","Conspire","Elementarium","Friendly Minions","Hallownest","Hermit","HololiveMod","Hubris","Infinite Spire","Kiyohime????","Lobotomy","LobotomyExtend","Mari Mod (Legacy)","Mari\u0027s V1 Patch","Menagerie","Minty Spire (QoL Compilation)","Morshu Shopkeeper","Prisma Mod","Random Character Button","Reliquary","Replay The Spire","Robot Space Explorer","Ruina","Spicy Shops","StSLib","Td1madao Mod","The Alterego","The Bug Knight","The Marked","The Poker Player","The Senshi","TheSwordswoman","Uncapped","WarShipGirlsR/????R mod","Yakumo Yukari mod","Yohane!"],"gold_per_floor":[117,131,151,170,22,49,49,49,49],"floor_reached":8,"language":"ENG","playtime":233,"items_purged":[],"score":67,"play_id":"2b873f17-6449-4e71-800c-633b4869c026","local_time":"20210217211457","is_ascension_mode":true,"campfire_choices":[{"data":"astrologer:CosmicExpanse","floor":7,"key":"SMITH"}],"circlet_count":0,"master_deck":["astrologer:Strike","astrologer:Strike","astrologer:Strike","astrologer:Strike","astrologer:Defend","astrologer:Defend","astrologer:Defend","astrologer:Defend","astrologer:NorthStar","astrologer:TheFool","astrologer:Prismatic","astrologer:CosmicExpanse+1","astrologer:Quincunx","astrologer:Opposition","astrologer:Opposition"],"relics":["astrologer:SkyMirror","HollowMod:PaleOreRelic","LetterFromLob","Anchor","WingedGreaves"],"acts_visited":["Exordium"],"potions_floor_usage":[6,6],"damage_taken":[{"damage":7,"enemies":"2 Louse","floor":1,"turns":3},{"damage":7,"enemies":"Small Slimes","floor":2,"turns":4},{"damage":0,"enemies":"Jaw Worm","floor":3,"turns":2},{"damage":0,"enemies":"3 Louse","floor":4,"turns":3},{"damage":32,"enemies":"Lagavulin","floor":6,"turns":6},{"damage":32,"enemies":"Gremlin Nob","floor":8,"turns":3}],"seed_played":"94256883973721739","potions_obtained":[{"floor":1,"key":"Fire Potion"},{"floor":3,"key":"Energy Potion"}],"is_trial":false,"path_per_floor":["M","M","M","M","$","E","R","E"],"character_chosen":"ASTROLOGER","items_purchased":["Anchor"],"campfire_rested":0,"item_purchase_floors":[5],"current_hp_per_floor":[63,56,56,56,56,24,24,0,0],"gold":49,"neow_bonus":"RANDOM_COMMON_RELIC","is_daily":false,"chose_seed":false,"campfire_upgraded":1,"win_rate":0.0,"timestamp":1613614497,"path_taken":["M","M","M","M","$","E","R","E"],"items_purchased_type":["Relic"],"build_version":"2020-12-22","purchased_purges":0,"victory":false,"max_hp_per_floor":[70,70,70,70,70,70,70,70,70],"card_choices":[{"not_picked":["astrologer:Radiance","astrologer:LonelyStar"],"picked":"astrologer:Prismatic","floor":1},{"not_picked":["astrologer:Stardust","astrologer:ReadTheStars"],"picked":"astrologer:CosmicExpanse","floor":2},{"not_picked":["astrologer:Conjunction","astrologer:SpaceDust"],"picked":"astrologer:Quincunx","floor":3},{"not_picked":["astrologer:Moonlight","astrologer:Radiance"],"picked":"astrologer:Opposition","floor":4},{"not_picked":["astrologer:Quincunx","astrologer:Justice"],"picked":"astrologer:Opposition","floor":6}],"player_experience":1561031,"relics_obtained":[{"floor":1,"key":"LetterFromLob"},{"floor":6,"key":"WingedGreaves"}],"event_choices":[],"is_beta":false,"boss_relics":[],"items_purged_floors":[],"is_endless":false,"potions_floor_spawned":[1,3],"killed_by":"Gremlin Nob","ascension_level":3}}