{"host":"aapp7ew3jk5k1bvd","time":1613639180,"event":{"mods":["AchievementEnabler","BaseMod","Colored Map","Custom Start","Keyboard Shortcuts","Minty Spire (QoL Compilation)","Permanent Neow","Quick Restart","StSLib","SuperFastMode"],"gold_per_floor":[116,129,129,144,154,170,192,192,192,209,225,225,64,75,75,75,75],"floor_reached":16,"language":"KOR","playtime":454,"items_purged":["Strike_B"],"score":173,"play_id":"ed3dbc38-be2d-4e80-bea8-519f9125bc02","local_time":"20210218180620","is_ascension_mode":true,"campfire_choices":[{"data":"Fusion","floor":8,"key":"SMITH"},{"floor":12,"key":"REST"},{"data":"Defragment","floor":15,"key":"SMITH"}],"circlet_count":0,"master_deck":["AscendersBane","Strike_B","Defend_B","Defend_B","Defend_B","Zap","Dualcast","Loop","Coolheaded","Conserve Battery","Cold Snap","Coolheaded","Fusion+1","Loop","Defragment+1","Cold Snap"],"relics":["Cracked Core","Odd Mushroom","Matryoshka"],"acts_visited":["Exordium"],"potions_floor_usage":[7,7],"damage_taken":[{"damage":0,"enemies":"2 Louse","floor":1,"turns":2},{"damage":8,"enemies":"Jaw Worm","floor":2,"turns":5},{"damage":1,"enemies":"Small Slimes","floor":4,"turns":4},{"damage":3,"enemies":"Blue Slaver","floor":5,"turns":5},{"damage":0,"enemies":"2 Fungi Beasts","floor":6,"turns":5},{"damage":11,"enemies":"The Mushroom Lair","floor":7,"turns":4},{"damage":7,"enemies":"Exordium Thugs","floor":10,"turns":5},{"damage":3,"enemies":"Exordium Wildlife","floor":11,"turns":5},{"damage":0,"enemies":"2 Fungi Beasts","floor":14,"turns":5},{"damage":43,"enemies":"Slime Boss","floor":16,"turns":10}],"seed_played":"-6957820893390443910","potions_obtained":[{"floor":1,"key":"FearPotion"},{"floor":4,"key":"LiquidMemories"},{"floor":5,"key":"Explosive Potion"}],"is_trial":false,"path_per_floor":["M","M","?","M","M","M","?","R","T","M","M","R","$","M","R","B"],"character_chosen":"DEFECT","items_purchased":["Defragment"],"campfire_rested":1,"item_purchase_floors":[13],"current_hp_per_floor":[64,56,49,48,45,45,34,34,34,27,24,43,43,43,43,0,0],"gold":75,"neow_bonus":"REMOVE_TWO","is_daily":false,"chose_seed":false,"campfire_upgraded":2,"win_rate":0.0,"timestamp":1613639180,"path_taken":["M","M","?","M","M","M","?","R","T","M","M","R","$","M","R","BOSS"],"items_purchased_type":["Card"],"build_version":"2020-12-22","purchased_purges":1,"victory":false,"max_hp_per_floor":[64,64,64,64,64,64,64,64,64,64,64,64,64,64,64,64,64],"card_choices":[{"not_picked":["Sunder","Reinforced Body"],"picked":"Loop","floor":1},{"not_picked":["FTL","Steam"],"picked":"Coolheaded","floor":2},{"not_picked":["Turbo","Stack"],"picked":"Conserve Battery","floor":4},{"not_picked":["Streamline","Hello World"],"picked":"Cold Snap","floor":5},{"not_picked":["FTL","Stack"],"picked":"Coolheaded","floor":6},{"not_picked":["Reprogram","Static Discharge"],"picked":"Fusion","floor":7},{"not_picked":["Stack","Leap","Hello World"],"picked":"SKIP","floor":10},{"not_picked":["Redo","Steam"],"picked":"Loop","floor":11},{"not_picked":["Buffer","FTL"],"picked":"Cold Snap","floor":14}],"player_experience":1017643,"relics_obtained":[{"floor":7,"key":"Odd Mushroom"},{"floor":9,"key":"Matryoshka"}],"event_choices":[{"cards_removed":["Defend_B"],"damage_healed":0,"gold_gain":0,"player_choice":"Card Removal","damage_taken":7,"max_hp_gain":0,"max_hp_loss":0,"event_name":"Golden Wing","floor":3,"gold_loss":0},{"damage_healed":0,"gold_gain":0,"player_choice":"Fought Mushrooms","damage_taken":0,"max_hp_gain":0,"max_hp_loss":0,"event_name":"Mushrooms","floor":7,"gold_loss":0}],"is_beta":false,"boss_relics":[],"items_purged_floors":[13],"is_endless":false,"potions_floor_spawned":[1,4,5],"killed_by":"Slime Boss","ascension_level":16}}