{"host":"onfdonezo2qmaex3","time":1613675422,"event":{"mods":["2.2 Compatiblity","AchievementEnabler","Act Like it!","Aspiration","BaseMod","Colored Powertips","Downfall","Friendly Minions","Gensokyo","Hallownest","Hermit","Highlight Path","Jorbs\u0027s Wanderer Trilogy","Marisa????????","Marked Mod","Minty Spire (QoL Compilation)","Quick Restart","Reliquary","Shop Mod","StSLib","The Disciple","The Hayseed","The Hierophant","The Marked","The Runesmith"],"gold_per_floor":[115,115,115,115,129,129,129,129],"floor_reached":7,"language":"ENG","playtime":347,"items_purged":[],"score":39,"play_id":"8a29befc-77ef-4b8b-9301-b211b9b4c35f","local_time":"20210218201022","is_ascension_mode":false,"campfire_choices":[{"data":"hermit:GhostlyPresence","floor":6,"key":"SMITH"}],"circlet_count":0,"master_deck":["hermit:Strike_Hermit","hermit:Strike_Hermit","hermit:Strike_Hermit","hermit:Strike_Hermit","hermit:Defend_Hermit","hermit:Defend_Hermit","hermit:Defend_Hermit","hermit:Defend_Hermit","hermit:Snapshot","hermit:Covet","Pain","hermit:GhostlyPresence+1"],"relics":["hermit:Momento","Gensokyo:OccultBall","Gensokyo:LunaticRedEyes"],"acts_visited":["Gensokyo:Gensokyo"],"potions_floor_usage":[],"damage_taken":[{"damage":11,"enemies":"Gensokyo:Python","floor":1,"turns":3},{"damage":0,"enemies":"Gensokyo:2_Kodama","floor":5,"turns":3},{"damage":50,"enemies":"Gensokyo:Mamizou","floor":7,"turns":10}],"seed_played":"7365900208780619967","potions_obtained":[{"floor":5,"key":"Fire Potion"}],"is_trial":false,"path_per_floor":["M","?","?","?","M","R","E"],"character_chosen":"HERMIT","items_purchased":[],"campfire_rested":0,"item_purchase_floors":[],"current_hp_per_floor":[71,71,71,71,71,71,21,21],"gold":129,"neow_bonus":"TEN_PERCENT_HP_BONUS","is_daily":false,"chose_seed":false,"campfire_upgraded":1,"win_rate":0.0,"timestamp":1613675422,"path_taken":["M","?","?","?","M","R","E"],"items_purchased_type":[],"build_version":"2020-12-22","purchased_purges":0,"victory":false,"max_hp_per_floor":[82,82,82,82,82,82,82,82],"card_choices":[{"not_picked":["hermit:Desperado","hermit:BodyArmor","hermit:BigShot"],"picked":"SKIP","floor":1},{"not_picked":["hermit:Vantage","hermit:LowProfile"],"picked":"hermit:GhostlyPresence","floor":2},{"not_picked":["hermit:TrackingShot","hermit:Showdown"],"picked":"hermit:GhostlyPresence","floor":5}],"player_experience":201088,"relics_obtained":[],"event_choices":[],"is_beta":false,"boss_relics":[],"items_purged_floors":[],"is_endless":false,"potions_floor_spawned":[5],"killed_by":"Gensokyo:Mamizou","ascension_level":0}}