{"host":"4xlu242lhh766u2u","time":1613645510,"event":{"mods":["AchievementEnabler","BaseMod","BetterRewards","Colored Map","Colored Powertips","Downfall","Minty Spire (QoL Compilation)","Replay The Spire","Shop Mod","StSLib","everything is the same but u backflip on backflip"],"gold_per_floor":[111,386,400,415,428,428,428,441,493,493,110,126,126,151,151,272,272,286,37,37,37,52,52,66,66,66],"floor_reached":25,"language":"ENG","playtime":1440,"items_purged":["Regret","downfall:Aged"],"score":339,"play_id":"373abb6a-769e-487b-9311-de2e5d04e3ef","local_time":"20210218115150","is_ascension_mode":true,"campfire_choices":[{"floor":7,"key":"REST"},{"floor":13,"key":"REST"},{"data":"Terror","floor":15,"key":"SMITH"},{"floor":23,"key":"REST"}],"circlet_count":0,"master_deck":["Strike_G","Strike_G+1","Strike_G+1","Defend_G+1","Defend_G","Defend_G+1","Survivor","Neutralize","Accuracy","Infinite Blades","Slice","Riddle With Holes","Acrobatics","Dagger Spray","Slice","Poisoned Stab","Outmaneuver","Injury","Quick Slash","Terror+1","Outmaneuver","Replay:BasicMightCard","Slice","Infinite Blades","Flying Knee","Phantasmal Killer","Amnesia","Outmaneuver+1","Necronomicurse","ReplayTheSpireMod:Speed Training+1","Sucker Punch+1"],"relics":["Ring of the Snake","Lantern","Membership Card","Potion Belt","Tiny Chest","Golden Idol","Whetstone","Bronze Scales","Simple Rune","Eternal Feather","Kintsugi","Chemical X","Shuriken","Necronomicon"],"acts_visited":["Exordium","TheCity"],"potions_floor_usage":[8,12,16,22,25],"damage_taken":[{"damage":1,"enemies":"2 Louse","floor":1,"turns":2},{"damage":9,"enemies":"Cultist","floor":3,"turns":3},{"damage":4,"enemies":"Jaw Worm","floor":4,"turns":3},{"damage":17,"enemies":"2 Fungi Beasts","floor":5,"turns":3},{"damage":20,"enemies":"Exordium Wildlife","floor":8,"turns":6},{"damage":0,"enemies":"3 Louse","floor":12,"turns":3},{"damage":0,"enemies":"Large Slime","floor":14,"turns":4},{"damage":42,"enemies":"Fading Forest","floor":16,"turns":11},{"damage":41,"enemies":"2 Thieves","floor":18,"turns":3},{"damage":11,"enemies":"Spheric Guardian","floor":22,"turns":3},{"damage":16,"enemies":"Chosen and Byrds","floor":24,"turns":4},{"damage":41,"enemies":"Slavers","floor":25,"turns":3}],"seed_played":"-6255245452193782471","potions_obtained":[{"floor":3,"key":"Guardian:BlockOnCardUsePotion"},{"floor":12,"key":"CunningPotion"},{"floor":16,"key":"Regen Potion"},{"floor":18,"key":"Guardian:BlockOnCardUsePotion"}],"is_trial":false,"path_per_floor":["M","?","M","M","M","?","R","M","T","T","$","M","R","M","R","B",null,"M","$","?","?","M","R","M","E"],"character_chosen":"THE_SILENT","items_purchased":["Accuracy","Lantern","Membership Card","Infinite Blades","Potion Belt","Tiny Chest","Slice","Riddle With Holes","Acrobatics","Simple Rune","Eternal Feather","Terror","Outmaneuver","Replay:BasicMightCard","Slice","Block Potion","Chemical X","Shuriken"],"campfire_rested":3,"item_purchase_floors":[0,0,0,0,0,0,0,0,0,11,11,11,11,11,11,11,19,19],"current_hp_per_floor":[34,34,25,21,4,4,25,5,5,5,5,5,41,41,56,14,70,29,29,29,13,11,50,34,0,0],"gold":66,"neow_bonus":"","is_daily":false,"chose_seed":false,"campfire_upgraded":1,"win_rate":0.0,"timestamp":1613645510,"path_taken":["M","?","M","?","M","?","R","M","T","?","$","M","R","M","R","BOSS","M","$","?","?","M","R","M","E"],"items_purchased_type":["Card","Relic","Relic","Card","Relic","Relic","Card","Card","Card","Relic","Relic","Card","Card","Card","Card","Potion","Relic","Relic"],"build_version":"2020-12-22","purchased_purges":2,"victory":false,"max_hp_per_floor":[70,70,70,70,70,70,70,70,70,70,70,70,70,70,70,70,70,70,70,70,70,70,70,70,70,70],"card_choices":[{"not_picked":["Dagger Throw","Underhanded Strike","Dodge and Roll"],"picked":"SKIP","floor":1},{"not_picked":["Calculated Gamble","Acrobatics"],"picked":"Slice","floor":3},{"not_picked":["ReplayTheSpireMod:Exploit Weakness","Masterful Stab"],"picked":"Poisoned Stab","floor":4},{"not_picked":["Dash","Sucker Punch"],"picked":"Outmaneuver","floor":5},{"not_picked":["Deadly Poison","Tactician"],"picked":"Quick Slash","floor":8},{"not_picked":["Sneak Up","Noxious Fumes"],"picked":"Infinite Blades","floor":12},{"not_picked":["Predator","PiercingWail"],"picked":"Flying Knee","floor":14},{"not_picked":["Tools of the Trade","ReplayTheSpireMod:Necrosis"],"picked":"Phantasmal Killer","floor":16},{"not_picked":["Deflect","Dodge and Roll"],"picked":"Outmaneuver+1","floor":18},{"not_picked":["Replay:Poison Smokescreen","ReplayTheSpireMod:Exploit Weakness"],"picked":"ReplayTheSpireMod:Speed Training+1","floor":22},{"not_picked":["ReplayTheSpireMod:Tripwire","Underhanded Strike"],"picked":"Sucker Punch+1","floor":24}],"player_experience":38792,"relics_obtained":[{"floor":9,"key":"Whetstone"},{"floor":10,"key":"Bronze Scales"},{"floor":21,"key":"Necronomicon"}],"event_choices":[{"damage_healed":0,"gold_gain":275,"player_choice":"Desecrate","damage_taken":0,"max_hp_gain":0,"max_hp_loss":0,"event_name":"Golden Shrine","floor":2,"gold_loss":0,"cards_obtained":["Regret"]},{"damage_healed":0,"gold_gain":0,"player_choice":"Take Wound","damage_taken":0,"relics_obtained":["Golden Idol"],"max_hp_gain":0,"max_hp_loss":0,"event_name":"Golden Idol","floor":6,"gold_loss":0,"cards_obtained":["Injury"]},{"damage_healed":0,"gold_gain":0,"player_choice":"Ignored","damage_taken":0,"max_hp_gain":0,"max_hp_loss":0,"event_name":"Vampires","floor":20,"gold_loss":0},{"damage_healed":0,"gold_gain":0,"player_choice":"Obtained Book","damage_taken":16,"max_hp_gain":0,"max_hp_loss":0,"event_name":"Cursed Tome","floor":21,"gold_loss":0}],"is_beta":false,"boss_relics":[{"not_picked":["Honey Jar","Tiny House"],"picked":"Kintsugi"}],"items_purged_floors":[11,19],"is_endless":false,"potions_floor_spawned":[3,12,16,18],"killed_by":"Slavers","ascension_level":3}}