{"host":"3682eftnl9d0atod","time":1613618932,"event":{"mods":["100% Spire Juice","Abigail Mod","AchievementEnabler","Act Like it!","Aspiration","Astrologer","Bard","Bartender","BaseMod","Better Altar","Better Match","Better Skull","CCEM2","CapriCore","CatGirl Mod","Chen","Clockwork Mod","Conspire","Decade(???)","Downfall","Energized Spire","Fireblade Mod","Friendly Minions","FruityMod","Gensokyo","GifTheSpireLib","Glutton Mod","Gremlin Mod","GungeonMod","Halation","Hallownest","Hermit","HexUI Lib","Hubris","Infinite Spire","Ironclad Rager","Jedi Mod","Jorbs\u0027s Wanderer Trilogy","KinomotoSakuraMod(????)","Koishi","KomeijiMod","LagranYue(???·?)","Lobotomy","LobotomyExtend","Luminous","Mad Scientist","Magineer Mod","Magitek Elite","Mari Mod (Legacy)","Mari\u0027s V1 Patch","Marisa????????","Melee Mod","Minty Spire (QoL Compilation)","MostiFishMod","Nova Terra(??·??)","Pale of the Ancients","Quarter Circle Forward PUNCH!","RRrroohrrRGHHhhh!!","Railgun Mod","Random Character Button","Reimu??????","Retaliation","Robot Space Explorer","Ruin Mod","RumiaBox-????????","SCP261 Mod","SIMod","Slumbering Mod","Spikes Relics","StSLib","Stuff the Spire","The Administrix","The Blackbeard","The Bladedancer","The Bug Knight","The Clintock","The Construct","The Cursed","The Druid","The Florist","The Forsaken","The Gatherer","The Hierophant","The Immortal","The Judge","The Juggle","The Jungle","The Kombatant","The Mystic","The Poker Player","The Problem Sleuth","The Runesmith","The Sage","The Saiyan","The Senshi","The Showman","The Spell Scribe","The Trickster","The Valiant","The Vixen","The Wild Card","TheBandit","TheFirefly","TheHero","Trackpad","Virulent Crown","Wandering Minibosses","WarShipGirlsR/????R mod","Warlord Emblem","Yakumo Yukari mod","Yuri Mod","Yuyuko","thorton"],"gold_per_floor":[115,125,140,153,168,168,182,182,142,31,31,31],"floor_reached":4,"language":"ENG","playtime":826,"items_purged":[],"score":32,"play_id":"052da4be-4c18-4716-b6bc-ad7f6fa0cb0d","local_time":"20210217222852","is_ascension_mode":false,"campfire_choices":[{"floor":6,"key":"RECALL"}],"circlet_count":0,"master_deck":["theSleuth:Strike","theSleuth:Strike","theSleuth:Strike","theSleuth:Strike","theSleuth:Defend","theSleuth:Defend","theSleuth:Defend","theSleuth:KeyHandgun","theSleuth:TakeInventory","theSleuth:Diplomacy","theSleuth:CandyMech","theSleuth:TruffleShuffle","theSleuth:PezUzi","theSleuth:FlaskOfWhiskey","theSleuth:Leer","theSleuth:CharismaBlast","theSleuth:Deprogram","theSleuth:HeartStab","theSleuth:HandCannon"],"relics":["theSleuth:Typewriter","DaveBox","LagranYue:RandomDrawCardRelic","SynthV:TestCard","MagicBullet_r","SynthV:TestCard","LetterFromLob"],"acts_visited":["Exordium"],"potions_floor_usage":[],"damage_taken":[{"damage":0,"enemies":"Cultist","floor":1,"turns":4},{"damage":2,"enemies":"2 Louse","floor":2,"turns":3},{"damage":0,"enemies":"Jaw Worm","floor":3,"turns":4},{"damage":7,"enemies":"Red Slaver","floor":4,"turns":4},{"damage":2,"enemies":"3 Louse","floor":5,"turns":3},{"damage":0,"enemies":"Small Slimes","floor":1,"turns":1},{"damage":47,"enemies":"hubris:Merchant","floor":4,"turns":7}],"seed_played":"-5480330703905315577","potions_obtained":[{"floor":1,"key":"Guardian:BlockOnCardUsePotion"},{"floor":4,"key":"ZuzhouPotion:ReiMu"},{"floor":3,"key":"theSleuth:Depotion"},{"floor":3,"key":"AttackPotion"}],"is_trial":false,"path_per_floor":["M","M","M","M","M","R","M","M","?","?","$"],"character_chosen":"THE_sleuth","items_purchased":["theSleuth:HeartStab","theSleuth:HandCannon"],"campfire_rested":0,"item_purchase_floors":[4,4],"current_hp_per_floor":[73,71,71,64,62,62,73,73,73,26,26,26],"gold":31,"neow_bonus":"ONE_RANDOM_RARE_CARD","is_daily":false,"chose_seed":false,"campfire_upgraded":0,"win_rate":0.0,"timestamp":1613618932,"path_taken":["M","M","M","M","M","R","M","M","?","?","$"],"items_purchased_type":["Card","Card"],"build_version":"2020-12-22","purchased_purges":0,"victory":false,"max_hp_per_floor":[73,73,73,73,73,73,73,73,73,73,73,73],"card_choices":[{"not_picked":["theSleuth:SnoopDoggBust","theSleuth:WilsonBust"],"picked":"theSleuth:TruffleShuffle","floor":1},{"not_picked":["theSleuth:Distill","theSleuth:CandyCorn","theSleuth:WilsonBust","theSleuth:CharismaBlast"],"picked":"theSleuth:PezUzi","floor":2},{"not_picked":["theSleuth:Pepperminthryl","theSleuth:Tootshotgun","theSleuth:KingpinBust","theSleuth:CandyCorn"],"picked":"theSleuth:FlaskOfWhiskey","floor":3},{"not_picked":["theSleuth:Taze","theSleuth:HitTheMattresses","theSleuth:RetainReturn","theSleuth:FoolPlate"],"picked":"theSleuth:Leer","floor":4},{"not_picked":["theSleuth:Joust","theSleuth:Tootshotgun","theSleuth:Ogle","theSleuth:WilsonBust"],"picked":"theSleuth:VictoryPose","floor":5},{"not_picked":["theSleuth:Ignore","theSleuth:BiteHardly","theSleuth:Fortify","theSleuth:Pepperminthryl"],"picked":"theSleuth:CharismaBlast","floor":1}],"player_experience":8934,"relics_obtained":[{"floor":1,"key":"SynthV:TestCard"},{"floor":1,"key":"LetterFromLob"},{"floor":1,"key":"SynthV:TestCard"},{"floor":1,"key":"LetterFromLob"}],"event_choices":[{"damage_healed":0,"gold_gain":0,"cards_transformed":["theSleuth:VictoryPose"],"player_choice":"Transformed","damage_taken":0,"max_hp_gain":0,"max_hp_loss":0,"event_name":"Transmorgrifier","floor":2,"gold_loss":0,"cards_obtained":["theSleuth:Deprogram"]},{"damage_healed":0,"gold_gain":0,"player_choice":"Bought 3 Potions","damage_taken":0,"max_hp_gain":0,"max_hp_loss":0,"event_name":"The Woman in Blue","floor":3,"gold_loss":0}],"is_beta":false,"boss_relics":[],"items_purged_floors":[],"is_endless":false,"potions_floor_spawned":[1,4],"killed_by":"hubris:Merchant","ascension_level":0}}