{"host":"Sylvester","time":1613638660,"event":{"mods":["AchievementEnabler","BaseMod","Filter the Spire","Lobotomy","Minty Spire (QoL Compilation)","Replay The Spire","StSLib"],"gold_per_floor":[110,136,154,43,53,82,94,94,94],"floor_reached":8,"language":"ENG","playtime":261,"items_purged":[],"score":116,"play_id":"a3c3c268-08b1-4f73-913b-df9fd084c52c","local_time":"20210218005740","is_ascension_mode":true,"campfire_choices":[],"circlet_count":0,"master_deck":["AscendersBane","Strike_P","Strike_P","Strike_P","Strike_P","Defend_P","Defend_P","Defend_P","Defend_P","Eruption","Vigilance","Replay:BluntJabs","SandsOfTime","Protect","FlurryOfBlows","FearNoEvil","Replay:BluntJabs"],"relics":["Replay:Bronze Core","Turnip","Prayer Wheel"],"acts_visited":["Exordium"],"potions_floor_usage":[6,7],"damage_taken":[{"damage":0,"enemies":"Jaw Worm","floor":1,"turns":3},{"damage":7,"enemies":"Cultist","floor":3,"turns":3},{"damage":3,"enemies":"2 Louse","floor":5,"turns":2},{"damage":15,"enemies":"3 Sentries","floor":6,"turns":6},{"damage":0,"enemies":"Blue Slaver","floor":7,"turns":2},{"damage":56,"enemies":"Gremlin Nob","floor":8,"turns":4}],"seed_played":"-1535367390098667712","potions_obtained":[{"floor":5,"key":"FearPotion"},{"floor":6,"key":"SteroidPotion"}],"is_trial":false,"path_per_floor":["M","?","M","$","M","E","M","E"],"character_chosen":"WATCHER","items_purchased":["FlurryOfBlows","AttackPotion"],"campfire_rested":0,"item_purchase_floors":[4,4],"current_hp_per_floor":[61,61,54,54,51,36,36,0,0],"gold":94,"neow_bonus":"BOSS_RELIC","is_daily":false,"chose_seed":false,"campfire_upgraded":0,"win_rate":0.0,"timestamp":1613638660,"path_taken":["M","?","M","$","M","E","M","E"],"items_purchased_type":["Card","Potion"],"build_version":"2020-11-17","purchased_purges":0,"victory":false,"max_hp_per_floor":[68,68,68,68,68,68,68,68,68],"card_choices":[{"not_picked":["ClearTheMind","Replay:Vibes"],"picked":"Replay:BluntJabs","floor":1},{"not_picked":["Nirvana","CrushJoints"],"picked":"SandsOfTime","floor":2},{"not_picked":["Replay:BluntJabs","Replay:AtTheReady"],"picked":"Protect","floor":3},{"not_picked":["ClearTheMind","Replay:DivineShield","WreathOfFlame"],"picked":"SKIP","floor":5},{"not_picked":["Protect","JustLucky","Wireheading"],"picked":"SKIP","floor":6},{"not_picked":["Protect","Replay:Cycle"],"picked":"FearNoEvil","floor":7},{"not_picked":["Sanctity","Protect"],"picked":"Replay:BluntJabs","floor":7}],"player_experience":280115,"relics_obtained":[{"floor":2,"key":"Turnip"},{"floor":6,"key":"Prayer Wheel"}],"event_choices":[],"is_beta":true,"boss_relics":[],"items_purged_floors":[],"is_endless":false,"potions_floor_spawned":[5,6],"killed_by":"Gremlin Nob","ascension_level":20}}