{"host":"61r95uy0hn86b9iu","time":1613618105,"event":{"mods":["AchievementEnabler","BaseMod","Better Vampires","BetterRewards","Colored Powertips","Hubris","Minty Spire (QoL Compilation)","Shop Mod","StSLib"],"gold_per_floor":[114,114,34,47,64,64,81,81,81,101,23,58,76,104,104,175,175,189,220,220,220,235,235,248,267,267,267,283,283,283,70,70,147,147,165,25,25,38,54,54,71,71,71,293,293,305,331,342,342,342,342],"floor_reached":50,"language":"ENG","playtime":1905,"items_purged":["Apotheosis+1","Strike_B","Defend_B"],"score":1529,"play_id":"1a095296-0da4-4f77-b39b-9ec0787d61e6","local_time":"20210217211505","is_ascension_mode":true,"campfire_choices":[{"floor":6.0,"key":"REST"},{"floor":8.0,"key":"REST"},{"floor":15.0,"key":"REST"},{"floor":23.0,"key":"REST"},{"floor":27.0,"key":"REST"},{"floor":30.0,"key":"RECALL"},{"data":"Defragment","floor":32.0,"key":"SMITH"},{"floor":40.0,"key":"REST"},{"floor":42.0,"key":"REST"},{"floor":45.0,"key":"REST"},{"floor":49.0,"key":"REST"}],"circlet_count":0,"master_deck":["AscendersBane","Apotheosis+1","Strike_B","Strike_B","Defend_B","Defend_B","Defend_B","Zap","Dualcast","hubris:Ukulele","Defragment+1","Sunder","Auto Shields","Static Discharge","Core Surge","Conserve Battery","Creative AI","Reinforced Body+1","Coolheaded+1","Seek","Glacier+1","Rainbow+1","Echo Form","Doom and Gloom+1","Melter+1","Double Energy+1"],"relics":["Cracked Core","Pantograph","FossilizedHelix","Thread and Needle","hubris:SphereOfDissonance","Bottled Flame","SacredBark","Red Mask","Enchiridion","Toxic Egg 2","Membership Card","Fusion Hammer","hubris:BottledRain","Omamori"],"acts_visited":["Exordium","TheCity","TheBeyond"],"potions_floor_usage":[50],"damage_taken":[{"damage":0.0,"enemies":"Small Slimes","floor":1.0,"turns":3.0},{"damage":0.0,"enemies":"2 Louse","floor":4.0,"turns":1.0},{"damage":0.0,"enemies":"Jaw Worm","floor":5.0,"turns":2.0},{"damage":6.0,"enemies":"3 Louse","floor":7.0,"turns":4.0},{"damage":10.0,"enemies":"Exordium Thugs","floor":10.0,"turns":4.0},{"damage":0.0,"enemies":"3 Sentries","floor":12.0,"turns":5.0},{"damage":0.0,"enemies":"Exordium Wildlife","floor":13.0,"turns":3.0},{"damage":0.0,"enemies":"Lagavulin","floor":14.0,"turns":5.0},{"damage":0.0,"enemies":"The Guardian","floor":16.0,"turns":9.0},{"damage":0.0,"enemies":"Chosen","floor":18.0,"turns":5.0},{"damage":25.0,"enemies":"Masked Bandits","floor":19.0,"turns":4.0},{"damage":3.0,"enemies":"Shell Parasite","floor":22.0,"turns":4.0},{"damage":4.0,"enemies":"3 Cultists","floor":24.0,"turns":5.0},{"damage":6.0,"enemies":"Centurion and Healer","floor":25.0,"turns":5.0},{"damage":0.0,"enemies":"Chosen and Byrds","floor":28.0,"turns":10.0},{"damage":0.0,"enemies":"Automaton","floor":33.0,"turns":10.0},{"damage":0.0,"enemies":"3 Shapes","floor":35.0,"turns":4.0},{"damage":20.0,"enemies":"3 Darklings","floor":38.0,"turns":6.0},{"damage":14.0,"enemies":"Maw","floor":39.0,"turns":8.0},{"damage":0.0,"enemies":"4 Shapes","floor":41.0,"turns":7.0},{"damage":17.0,"enemies":"3 Darklings","floor":46.0,"turns":7.0},{"damage":43.0,"enemies":"Reptomancer","floor":47.0,"turns":8.0},{"damage":0.0,"enemies":"Transient","floor":48.0,"turns":6.0},{"damage":69,"enemies":"Donu and Deca","floor":50,"turns":10}],"seed_played":"5524277522641759529","potions_obtained":[{"floor":5.0,"key":"PotionOfCapacity"},{"floor":13.0,"key":"FearPotion"},{"floor":14.0,"key":"Swift Potion"},{"floor":16.0,"key":"Strength Potion"},{"floor":19.0,"key":"Strength Potion"},{"floor":22.0,"key":"DistilledChaos"},{"floor":25.0,"key":"BlessingOfTheForge"},{"floor":38.0,"key":"BlessingOfTheForge"},{"floor":48.0,"key":"Weak Potion"}],"is_trial":false,"path_per_floor":["M","?","$","M","M","R","M","R","T","M","$","E","M","E","R","B",null,"M","?","?","?","M","R","M","M","T","R","M","?","R","$","R","B",null,"M","$","?","M","M","R","M","R","T","?","R","M","E","M","R","B"],"character_chosen":"DEFECT","items_purchased":["Pantograph","FossilizedHelix","Defragment","Static Discharge","Membership Card","Echo Form"],"campfire_rested":9,"item_purchase_floors":[0,0,3,11,31,36],"current_hp_per_floor":[31,31,31,31,31,52,46,67,67,57,57,57,57,57,71,71,71,71,46,46,25,22,43,39,33,33,54,54,54,54,54,54,71,71,71,71,71,51,37,58,58,71,71,71,71,54,11,11,32,0,0],"gold":342,"neow_bonus":"","is_daily":false,"chose_seed":false,"campfire_upgraded":1,"win_rate":0.0,"timestamp":1613618105,"path_taken":["M","?","$","M","M","R","M","R","T","M","$","E","M","E","R","BOSS","M","?","?","?","?","R","M","M","T","R","M","?","R","$","R","BOSS","M","$","?","M","M","R","M","R","T","?","R","M","E","M","R","BOSS"],"items_purchased_type":["Relic","Relic","Card","Card","Relic","Card"],"build_version":"2020-12-22","purchased_purges":3,"victory":false,"max_hp_per_floor":[71,71,71,71,71,71,71,71,71,71,71,71,71,71,71,71,71,71,71,71,71,71,71,71,71,71,71,71,71,71,71,71,71,71,71,71,71,71,71,71,71,71,71,71,71,71,71,71,71,71,71],"card_choices":[{"not_picked":["Tempest","Sweeping Beam"],"picked":"hubris:Ukulele","floor":1.0},{"not_picked":["Barrage","Streamline"],"picked":"Sunder","floor":4.0},{"not_picked":["Streamline","Sweeping Beam","BootSequence"],"picked":"SKIP","floor":5.0},{"not_picked":["Aggregate","Recycle"],"picked":"Auto Shields","floor":7.0},{"not_picked":["Beam Cell","Sweeping Beam","Auto Shields"],"picked":"SKIP","floor":10.0},{"not_picked":["Lockon","Hello World","Reinforced Body"],"picked":"SKIP","floor":12.0},{"not_picked":["Sweeping Beam","Cold Snap"],"picked":"Core Surge","floor":13.0},{"not_picked":["BootSequence","Turbo"],"picked":"Conserve Battery","floor":14.0},{"not_picked":["Core Surge","Thunder Strike"],"picked":"Creative AI","floor":16.0},{"not_picked":["Gash","Steam"],"picked":"Reinforced Body+1","floor":18.0},{"not_picked":["Rebound","Compile Driver"],"picked":"Coolheaded+1","floor":19.0},{"not_picked":["Conserve Battery","Redo+1","Cold Snap"],"picked":"SKIP","floor":22.0},{"not_picked":["Cold Snap","Compile Driver","Beam Cell"],"picked":"SKIP","floor":24.0},{"not_picked":["Self Repair","Beam Cell+1"],"picked":"Seek","floor":25.0},{"not_picked":["Steam+1","Sweeping Beam"],"picked":"Glacier+1","floor":28.0},{"not_picked":["Creative AI","hubris:DoWhile+1"],"picked":"Rainbow+1","floor":33.0},{"not_picked":["Scrape","Ball Lightning","Static Discharge"],"picked":"SKIP","floor":35.0},{"not_picked":["Hologram+1","Go for the Eyes"],"picked":"Doom and Gloom+1","floor":38.0},{"not_picked":["Conserve Battery+1","Cold Snap"],"picked":"Melter+1","floor":39.0},{"not_picked":["Conserve Battery+1","Reprogram+1","Undo+1"],"picked":"SKIP","floor":41.0},{"not_picked":["Redo+1","Reinforced Body+1"],"picked":"Double Energy+1","floor":46.0},{"not_picked":["White Noise+1","Gash","Heatsinks"],"picked":"SKIP","floor":47.0},{"not_picked":["Go for the Eyes","Stack+1","Self Repair"],"picked":"SKIP","floor":48.0}],"player_experience":3369685,"relics_obtained":[{"floor":12.0,"key":"hubris:SphereOfDissonance"},{"floor":14.0,"key":"Bottled Flame"},{"floor":19.0,"key":"Red Mask"},{"floor":21.0,"key":"Enchiridion"},{"floor":26.0,"key":"Toxic Egg 2"},{"floor":43.0,"key":"hubris:BottledRain"},{"floor":47.0,"key":"Omamori"}],"event_choices":[{"damage_healed":0.0,"max_hp_gain":0.0,"max_hp_loss":0.0,"gold_gain":0.0,"event_name":"Shining Light","player_choice":"Ignored","floor":2.0,"gold_loss":0.0,"damage_taken":0.0},{"damage_healed":0.0,"max_hp_gain":0.0,"max_hp_loss":0.0,"gold_gain":0.0,"event_name":"Masked Bandits","player_choice":"Fought Bandits","floor":19.0,"gold_loss":0.0,"damage_taken":0.0},{"cards_removed":["Strike_B"],"damage_healed":0.0,"max_hp_gain":0.0,"max_hp_loss":0.0,"gold_gain":0.0,"event_name":"Back to Basics","player_choice":"Elegance","floor":20.0,"gold_loss":0.0,"damage_taken":0.0},{"damage_healed":0.0,"max_hp_gain":0.0,"max_hp_loss":0.0,"gold_gain":0.0,"event_name":"Cursed Tome","player_choice":"Obtained Book","floor":21.0,"gold_loss":0.0,"damage_taken":21.0},{"damage_healed":0.0,"max_hp_gain":0.0,"max_hp_loss":0.0,"gold_gain":0.0,"event_name":"Vampires","player_choice":"Ignored","floor":29.0,"gold_loss":0.0,"damage_taken":0.0},{"damage_healed":0.0,"max_hp_gain":0.0,"max_hp_loss":0.0,"gold_gain":222.0,"event_name":"Tomb of Lord Red Mask","player_choice":"Wore Mask","floor":44.0,"gold_loss":0.0,"damage_taken":0.0}],"is_beta":false,"boss_relics":[{"not_picked":["Black Star","hubris:HollowSoul"],"picked":"SacredBark"},{"not_picked":["Empty Cage","Coffee Dripper"],"picked":"Fusion Hammer"}],"items_purged_floors":[0,31,36],"is_endless":false,"potions_floor_spawned":[5,13,14,16,19,22,25,38,48],"killed_by":"Donu and Deca","ascension_level":19}}