{"host":"61scwtj8sjvayefi","time":1613685264,"event":{"mods":["2.2 Compatiblity","Act Like it!","BaseMod","Conspire","Downfall","Gensokyo","Hermit","Koishi","Marisa????????","Minty Spire (QoL Compilation)","Remilia??????","Replay The Spire","StSLib","The Bug Knight","The Hierophant","The Mystic","The Senshi","The Servant 0.9.4"],"gold_per_floor":[112,1,13,13,33,33,33],"floor_reached":6,"language":"ENG","playtime":553,"items_purged":["Defend_G"],"score":36,"play_id":"a1309740-5e2f-48e4-8cc2-286d76ebe1bd","local_time":"20210218155424","is_ascension_mode":false,"campfire_choices":[],"circlet_count":0,"master_deck":["Strike_G","Strike_G","Strike_G","Strike_G","Strike_G","Defend_G","Defend_G","Defend_G","Defend_G","Survivor","Neutralize","Backflip","Dash","Riddle With Holes","Calculated Gamble"],"relics":["Ring of the Snake","Replay:Multitool"],"acts_visited":["Exordium"],"potions_floor_usage":[6,6],"damage_taken":[{"damage":7,"enemies":"Jaw Worm","floor":1,"turns":6},{"damage":4,"enemies":"conspire:RoseBush","floor":3,"turns":3},{"damage":0,"enemies":"Cultist","floor":5,"turns":3},{"damage":10,"enemies":"3 Sentries","floor":6,"turns":6}],"seed_played":"3943843345882739059","potions_obtained":[{"floor":0,"key":"EssenceOfSteel"},{"floor":0,"key":"PowerPotion"},{"floor":0,"key":"LifebloodPotion"}],"is_trial":false,"path_per_floor":["M","$","M","?","M","E"],"character_chosen":"THE_SILENT","items_purchased":["Dash"],"campfire_rested":0,"item_purchase_floors":[2],"current_hp_per_floor":[63,63,59,47,47,37,37],"gold":33,"neow_bonus":"THREE_SMALL_POTIONS","is_daily":false,"chose_seed":false,"campfire_upgraded":0,"win_rate":0.0,"timestamp":1613685264,"path_taken":["M","$","M","?","M","E"],"items_purchased_type":["Card"],"build_version":"2020-12-22","purchased_purges":1,"victory":false,"max_hp_per_floor":[70,70,70,70,70,70,70],"card_choices":[{"not_picked":["Poisoned Stab","Deflect"],"picked":"Backflip","floor":1},{"not_picked":["Reflex","A Thousand Cuts"],"picked":"Riddle With Holes","floor":3},{"not_picked":["Leg Sweep","Deadly Poison"],"picked":"Calculated Gamble","floor":5}],"player_experience":96252,"relics_obtained":[],"event_choices":[{"damage_healed":0,"gold_gain":0,"player_choice":"Success","damage_taken":12,"relics_obtained":["Replay:Multitool"],"max_hp_gain":0,"max_hp_loss":0,"event_name":"Scrap Ooze","floor":4,"gold_loss":0}],"is_beta":false,"boss_relics":[],"items_purged_floors":[2],"is_endless":false,"potions_floor_spawned":[3,5],"killed_by":"3 Sentries","ascension_level":0}}