{"host":"y4mx56vxqys6xwyn","time":1613689998,"event":{"mods":["BaseMod","Hermit","Minty Spire (QoL Compilation)","StSLib","The Bug Knight"],"gold_per_floor":[113,113,113,126,52,52,127,127,152,167,202,242,18,49,49,172,172,186,71,71,95,95,95,95],"floor_reached":23,"language":"ENG","playtime":1628,"items_purged":[],"score":195,"play_id":"1bef16e0-8185-4f73-a1a5-eb1331452f7d","local_time":"20210218171318","is_ascension_mode":false,"campfire_choices":[{"data":"A Thousand Cuts","floor":6,"key":"SMITH"},{"floor":8,"key":"REST"},{"floor":15,"key":"REST"}],"circlet_count":0,"master_deck":["Strike_G","Strike_G","Strike_G","Strike_G","Defend_G","Defend_G","Defend_G","Defend_G","Survivor","Neutralize","A Thousand Cuts+1","Cloak And Dagger","Footwork","Slice","Finisher","Accuracy","Doppelganger","Footwork","Infinite Blades","Corpse Explosion","Blade Dance+1","Terror","Cloak And Dagger","RitualDagger","Prepared","Defend_G"],"relics":["Ring of the Snake","Golden Idol","Dream Catcher","Odd Mushroom","Letter Opener","Orrery","Omamori","Black Star"],"acts_visited":["Exordium","TheCity"],"potions_floor_usage":[14,18],"damage_taken":[{"damage":6,"enemies":"2 Louse","floor":1,"turns":4},{"damage":3,"enemies":"Small Slimes","floor":4,"turns":4},{"damage":0,"enemies":"Jaw Worm","floor":10,"turns":5},{"damage":11,"enemies":"The Mushroom Lair","floor":11,"turns":7},{"damage":8,"enemies":"3 Sentries","floor":12,"turns":7},{"damage":6,"enemies":"Lagavulin","floor":14,"turns":7},{"damage":16,"enemies":"The Guardian","floor":16,"turns":11},{"damage":19,"enemies":"Chosen","floor":18,"turns":7},{"damage":14,"enemies":"Shell Parasite","floor":21,"turns":5},{"damage":36,"enemies":"Slavers","floor":23,"turns":2}],"seed_played":"-1174296574141202563","potions_obtained":[{"floor":4,"key":"Block Potion"},{"floor":11,"key":"DistilledChaos"},{"floor":14,"key":"GamblersBrew"}],"is_trial":false,"path_per_floor":["M","?","?","M","$","R","?","R","T","M","?","E","$","E","R","B",null,"M","$","?","M","?","E"],"character_chosen":"THE_SILENT","items_purchased":["Footwork","Accuracy","Orrery","Terror","Cloak And Dagger"],"campfire_rested":2,"item_purchase_floors":[5,13,13,19,19],"current_hp_per_floor":[64,47,40,37,37,37,26,47,47,47,36,28,28,22,43,27,70,51,51,45,31,31,0,0],"gold":95,"neow_bonus":"TRANSFORM_TWO_CARDS","is_daily":false,"chose_seed":false,"campfire_upgraded":1,"win_rate":0.0,"timestamp":1613689998,"path_taken":["M","?","?","M","$","R","?","R","T","M","?","E","$","E","R","BOSS","M","$","?","M","?","E"],"items_purchased_type":["Card","Card","Relic","Card","Card"],"build_version":"2020-12-22","purchased_purges":0,"victory":false,"max_hp_per_floor":[70,70,70,70,70,70,70,70,70,70,70,70,70,70,70,70,70,70,70,70,70,70,70,70],"card_choices":[{"not_picked":["Expertise","Reflex","Poisoned Stab"],"picked":"SKIP","floor":1},{"not_picked":["Distraction","Tactician"],"picked":"Cloak And Dagger","floor":4},{"not_picked":["All Out Attack","Heel Hook","Dagger Throw"],"picked":"SKIP","floor":10},{"not_picked":["Leg Sweep","Outmaneuver"],"picked":"Slice","floor":11},{"not_picked":["Poisoned Stab","Backflip"],"picked":"Finisher","floor":12},{"not_picked":["Outmaneuver","Deadly Poison"],"picked":"Doppelganger","floor":13},{"not_picked":["Tactician","Finisher"],"picked":"Footwork","floor":14},{"not_picked":["Calculated Gamble","Slice"],"picked":"Infinite Blades","floor":15},{"not_picked":["Storm of Steel","After Image"],"picked":"Corpse Explosion","floor":16},{"not_picked":["Dodge and Roll","Prepared"],"picked":"Blade Dance+1","floor":18},{"not_picked":["Dagger Spray","Flying Knee"],"picked":"Prepared","floor":21}],"player_experience":79692,"relics_obtained":[{"floor":9,"key":"Dream Catcher"},{"floor":11,"key":"Odd Mushroom"},{"floor":12,"key":"Letter Opener"},{"floor":14,"key":"Omamori"}],"event_choices":[{"damage_healed":0,"gold_gain":0,"player_choice":"Take Damage","damage_taken":17,"relics_obtained":["Golden Idol"],"max_hp_gain":0,"max_hp_loss":0,"event_name":"Golden Idol","floor":2,"gold_loss":0},{"cards_removed":["Normality"],"damage_healed":0,"gold_gain":0,"player_choice":"Card Removal","damage_taken":7,"max_hp_gain":0,"max_hp_loss":0,"event_name":"Golden Wing","floor":3,"gold_loss":0},{"damage_healed":0,"gold_gain":75,"player_choice":"Gather Gold","damage_taken":11,"max_hp_gain":0,"max_hp_loss":0,"event_name":"World of Goop","floor":7,"gold_loss":0},{"damage_healed":0,"gold_gain":0,"player_choice":"Fought Mushrooms","damage_taken":0,"max_hp_gain":0,"max_hp_loss":0,"event_name":"Mushrooms","floor":11,"gold_loss":0},{"damage_healed":0,"gold_gain":0,"player_choice":"Joined the Cult","damage_taken":6,"max_hp_gain":0,"max_hp_loss":0,"event_name":"Nest","floor":20,"gold_loss":0,"cards_obtained":["RitualDagger"]},{"cards_removed":["Tools of the Trade"],"damage_healed":0,"gold_gain":0,"player_choice":"Took Card","damage_taken":0,"max_hp_gain":0,"max_hp_loss":0,"event_name":"NoteForYourself","floor":22,"gold_loss":0,"cards_obtained":["Defend_G"]}],"is_beta":false,"boss_relics":[{"not_picked":["SacredBark","Busted Crown"],"picked":"Black Star"}],"items_purged_floors":[],"is_endless":false,"potions_floor_spawned":[4,11,14],"killed_by":"Slavers","ascension_level":0}}