{"host":"z42sc0n2dozsmk72","time":1613646104,"event":{"mods":["AchievementEnabler","BaseMod","Better Third Choice","Colored Map","Curses Come First","Highlight Path","Minty Spire (QoL Compilation)","Permanent Neow","Quick Restart","Relic Stats","Shop Mod","StSLib","egg","slay the spire mod where everything is the same but ironclad has a cowboy hat"],"gold_per_floor":[119,130,54,54,72,103,103,103,103,116,147,1,1,1,1,129,129,154,154,174,12,31,64,64,79,79,95,95,133,133,232,232,356,356,375,395,408,408,408,446,458,494,533,545,581,633,708,734,746,758,770,782,3,37,37],"floor_reached":56,"language":"ENG","playtime":3885,"items_purged":["Strike_G","Survivor"],"score":1387,"play_id":"2154192e-2057-4af9-8c0d-04f0f369e14b","local_time":"20210219000143","is_ascension_mode":true,"campfire_choices":[{"data":"Envenom","floor":8.0,"key":"SMITH"},{"floor":15.0,"key":"REST"},{"data":"Noxious Fumes","floor":24.0,"key":"SMITH"},{"data":"Strike_G","floor":28.0,"key":"PURGE"},{"data":"Catalyst","floor":30.0,"key":"SMITH"},{"data":"Accuracy","floor":32.0,"key":"SMITH"},{"data":"Well Laid Plans","floor":41,"key":"SMITH"},{"floor":44,"key":"RECALL"},{"data":"Strike_G","floor":49,"key":"PURGE"},{"data":"Caltrops","floor":52,"key":"SMITH"}],"circlet_count":0,"master_deck":["Defend_G","Defend_G","Defend_G","Defend_G","Defend_G","Neutralize","Blade Dance","Poisoned Stab+1","Noxious Fumes+1","Well Laid Plans+1","Envenom+1","Blade Dance","Dash+1","Corpse Explosion","Ghostly","Ghostly","Ghostly","Ghostly","Ghostly","Blade Dance+1","Accuracy+1","Caltrops+1","Escape Plan+1","Catalyst+1","Poisoned Stab+1","Dodge and Roll+1","Backflip","Noxious Fumes"],"relics":["Ring of the Snake","Vajra","Golden Idol","Dream Catcher","Kunai","Odd Mushroom","Snake Skull","Busted Crown","Peace Pipe","Strawberry","Ginger","Empty Cage","MawBank","Eternal Feather","StoneCalendar","Anchor","Whetstone","Frozen Eye","MerchantsRug","War Paint"],"acts_visited":["TheCity","TheBeyond","TheEnding"],"potions_floor_usage":[37,40,47,50,55,55,55],"damage_taken":[{"damage":0.0,"enemies":"Cultist","floor":1.0,"turns":3.0},{"damage":3.0,"enemies":"Small Slimes","floor":2.0,"turns":3.0},{"damage":6.0,"enemies":"2 Louse","floor":5.0,"turns":2.0},{"damage":17.0,"enemies":"Gremlin Nob","floor":6.0,"turns":4.0},{"damage":3.0,"enemies":"Looter","floor":10.0,"turns":3.0},{"damage":12.0,"enemies":"The Mushroom Lair","floor":11.0,"turns":4.0},{"damage":15.0,"enemies":"The Guardian","floor":16.0,"turns":9.0},{"damage":9.0,"enemies":"Chosen","floor":18.0,"turns":4.0},{"damage":1.0,"enemies":"Spheric Guardian","floor":20.0,"turns":5.0},{"damage":2.0,"enemies":"Cultist and Chosen","floor":22.0,"turns":7.0},{"damage":3.0,"enemies":"Slavers","floor":23.0,"turns":3.0},{"damage":2.0,"enemies":"Shelled Parasite and Fungi","floor":25.0,"turns":5.0},{"damage":0.0,"enemies":"Centurion and Healer","floor":27.0,"turns":5.0},{"damage":3.0,"enemies":"Book of Stabbing","floor":29.0,"turns":5.0},{"damage":2.0,"enemies":"Automaton","floor":33.0,"turns":9.0},{"damage":1.0,"enemies":"3 Shapes","floor":35.0,"turns":4.0},{"damage":2.0,"enemies":"Orb Walker","floor":36.0,"turns":3.0},{"damage":1,"enemies":"Writhing Mass","floor":37,"turns":6},{"damage":1,"enemies":"Giant Head","floor":40,"turns":6},{"damage":0,"enemies":"Transient","floor":42,"turns":5},{"damage":0,"enemies":"Jaw Worm Horde","floor":45,"turns":4},{"damage":27,"enemies":"Reptomancer","floor":46,"turns":7},{"damage":0,"enemies":"Mind Bloom Boss Battle","floor":47,"turns":5},{"damage":0,"enemies":"Writhing Mass","floor":48,"turns":6},{"damage":12,"enemies":"Awakened One","floor":50,"turns":12},{"damage":4,"enemies":"Shield and Spear","floor":54,"turns":5},{"damage":24,"enemies":"The Heart","floor":55,"turns":8}],"seed_played":"-3752577798648481727","potions_obtained":[{"floor":5.0,"key":"Swift Potion"},{"floor":10.0,"key":"ColorlessPotion"},{"floor":16.0,"key":"Fruit Juice"},{"floor":20.0,"key":"Swift Potion"},{"floor":23.0,"key":"Fire Potion"},{"floor":25.0,"key":"ColorlessPotion"},{"floor":36.0,"key":"Poison Potion"},{"floor":37,"key":"BlessingOfTheForge"},{"floor":46,"key":"Fruit Juice"},{"floor":47,"key":"AttackPotion"}],"is_trial":false,"path_per_floor":["M","M","$","?","M","E","?","R","T","M","?","$","?","$","R","B",null,"M","?","M","$","M","E","R","M","T","M","R","E","R","?","R","B",null,"M","M","M","?","?","E","R","M","T","R","M","E","?","M","R","B",null,"R","$","E","B",null],"character_chosen":"THE_SILENT","items_purchased":["Noxious Fumes","Snake Skull","Blade Dance","Accuracy","Noxious Fumes","Anchor","Whetstone","Frozen Eye","Poison Potion","MerchantsRug"],"campfire_rested":1,"item_purchase_floors":[3,12,21,21,53,53,53,53,53,53],"current_hp_per_floor":[70,67,67,50,44,27,27,27,27,24,12,12,12,12,33,18,70,61,35,34,34,32,29,29,32,39,39,39,36,36,36,36,34,47,46,44,43,43,43,42,42,42,42,42,42,15,20,20,35,23,50,50,50,46,22],"gold":37,"neow_bonus":"RANDOM_COMMON_RELIC","is_daily":false,"chose_seed":false,"campfire_upgraded":6,"win_rate":0.0,"timestamp":1613646103,"path_taken":["M","M","$","?","M","E","?","R","T","M","?","$","?","?","R","BOSS","M","?","M","$","M","E","R","M","T","M","R","E","R","?","R","BOSS","M","M","M","?","?","E","R","M","T","R","M","E","?","M","R","BOSS","R","$","E","BOSS"],"items_purchased_type":["Card","Relic","Card","Card","Card","Relic","Relic","Relic","Potion","Relic"],"build_version":"2020-12-22","purchased_purges":2,"victory":true,"max_hp_per_floor":[70,70,70,70,70,70,70,70,70,70,70,70,70,70,70,70,70,70,35,35,35,35,35,35,40,47,47,47,47,47,47,47,47,47,47,47,47,45,45,45,45,45,45,45,45,45,50,50,50,50,50,50,50,50,50],"relic_stats":{"counters":[25,136],"Golden Idol":213,"Eternal Feather":15,"StoneCalendar":[104],"Snake Skull":[314],"Ginger":[7],"Whetstone":["Poisoned Stab","Dash"],"War Paint":["Blade Dance","Escape Plan"],"MawBank":156,"Peace Pipe":2,"Dream Catcher":1,"Busted Crown":38,"Kunai":[84],"obtain_stats":[{"MerchantsRug":53,"Golden Idol":0,"Vajra":0,"Eternal Feather":46,"StoneCalendar":47,"Snake Skull":12,"Ginger":29,"Whetstone":53,"Odd Mushroom":11,"War Paint":54,"Empty Cage":34,"MawBank":40,"Peace Pipe":23,"Frozen Eye":53,"Dream Catcher":6,"Anchor":53,"Busted Crown":17,"Strawberry":26,"Kunai":9,"Ring of the Snake":0},{"MerchantsRug":23,"Golden Idol":0,"Vajra":0,"Eternal Feather":20,"StoneCalendar":21,"Snake Skull":4,"Ginger":12,"Whetstone":23,"Odd Mushroom":4,"War Paint":24,"Empty Cage":13,"MawBank":17,"Peace Pipe":9,"Frozen Eye":23,"Dream Catcher":2,"Anchor":23,"Busted Crown":5,"Strawberry":10,"Kunai":2,"Ring of the Snake":0},{"MerchantsRug":123,"Golden Idol":0,"Vajra":0,"Eternal Feather":100,"StoneCalendar":105,"Snake Skull":13,"Ginger":56,"Whetstone":123,"Odd Mushroom":13,"War Paint":128,"Empty Cage":65,"MawBank":84,"Peace Pipe":41,"Frozen Eye":123,"Dream Catcher":6,"Anchor":123,"Busted Crown":22,"Strawberry":46,"Kunai":6,"Ring of the Snake":0}],"Ring of the Snake":[50]},"card_choices":[{"not_picked":["Deflect","Dagger Throw"],"picked":"Blade Dance","floor":1.0},{"not_picked":["Prepared","Flying Knee"],"picked":"Poisoned Stab","floor":2.0},{"not_picked":["Bane","Sucker Punch"],"picked":"Well Laid Plans","floor":5.0},{"not_picked":["Storm of Steel","Flechettes"],"picked":"Envenom","floor":6.0},{"not_picked":["Predator","PiercingWail"],"picked":"Blade Dance","floor":10.0},{"not_picked":["Dagger Spray","Blur"],"picked":"Dash","floor":15.0},{"not_picked":["Storm of Steel","A Thousand Cuts"],"picked":"Corpse Explosion","floor":16.0},{"not_picked":["Setup"],"picked":"SKIP","floor":18.0},{"not_picked":["Underhanded Strike"],"picked":"SKIP","floor":20.0},{"not_picked":["Outmaneuver+1"],"picked":"SKIP","floor":22.0},{"not_picked":[],"picked":"Caltrops","floor":23.0},{"not_picked":["PiercingWail"],"picked":"SKIP","floor":25.0},{"not_picked":[],"picked":"Escape Plan","floor":27.0},{"not_picked":[],"picked":"Catalyst","floor":29.0},{"not_picked":[],"picked":"Poisoned Stab+1","floor":35.0},{"not_picked":["Reflex+1"],"picked":"SKIP","floor":36.0},{"not_picked":["Caltrops"],"picked":"SKIP","floor":37},{"not_picked":["Predator"],"picked":"SKIP","floor":40},{"not_picked":[],"picked":"Dodge and Roll+1","floor":42},{"not_picked":["Bane"],"picked":"SKIP","floor":45},{"not_picked":[],"picked":"Backflip","floor":46},{"not_picked":["Predator+1"],"picked":"SKIP","floor":48},{"not_picked":["Reflex"],"picked":"SKIP","floor":54}],"player_experience":969307,"relics_obtained":[{"floor":6.0,"key":"Dream Catcher"},{"floor":9.0,"key":"Kunai"},{"floor":11.0,"key":"Odd Mushroom"},{"floor":23.0,"key":"Peace Pipe"},{"floor":26.0,"key":"Strawberry"},{"floor":29.0,"key":"Ginger"},{"floor":40,"key":"MawBank"},{"floor":46,"key":"Eternal Feather"},{"floor":47,"key":"StoneCalendar"},{"floor":54,"key":"War Paint"}],"event_choices":[{"damage_healed":0.0,"max_hp_gain":0.0,"max_hp_loss":0.0,"gold_gain":0.0,"event_name":"Golden Idol","player_choice":"Take Damage","floor":4.0,"gold_loss":0.0,"damage_taken":17.0,"relics_obtained":["Golden Idol"]},{"damage_healed":0.0,"max_hp_gain":0.0,"max_hp_loss":0.0,"gold_gain":0.0,"event_name":"Dead Adventurer","player_choice":"Searched \u00270\u0027 times","floor":7.0,"gold_loss":0.0,"damage_taken":0.0},{"damage_healed":0.0,"max_hp_gain":0.0,"max_hp_loss":0.0,"gold_gain":0.0,"event_name":"Mushrooms","player_choice":"Fought Mushrooms","floor":11.0,"gold_loss":0.0,"damage_taken":0.0},{"damage_healed":0.0,"max_hp_gain":0.0,"max_hp_loss":0.0,"gold_gain":0.0,"event_name":"betterThird:BetterScrap","player_choice":"LEAVE","floor":13.0,"gold_loss":0.0,"damage_taken":0.0,"cards_obtained":["Core Surge"]},{"damage_healed":0.0,"max_hp_gain":0.0,"max_hp_loss":35.0,"gold_gain":0.0,"event_name":"Ghosts","player_choice":"Became a Ghost","floor":19.0,"gold_loss":0.0,"damage_taken":0.0,"cards_obtained":["Ghostly","Ghostly","Ghostly","Ghostly","Ghostly"]},{"damage_healed":0.0,"max_hp_gain":0.0,"max_hp_loss":0.0,"gold_gain":99.0,"event_name":"betterThird:BetterNest","player_choice":"Steal","floor":31.0,"gold_loss":0.0,"damage_taken":0.0},{"damage_healed":0,"gold_gain":0,"player_choice":"Max HP","damage_taken":0,"max_hp_gain":0,"max_hp_loss":2,"event_name":"Winding Halls","floor":38,"gold_loss":0},{"damage_healed":0,"gold_gain":0,"player_choice":"Memory 1","damage_taken":0,"max_hp_gain":0,"max_hp_loss":0,"event_name":"SensoryStone","floor":39,"gold_loss":0},{"damage_healed":0,"gold_gain":0,"player_choice":"Fight","damage_taken":0,"max_hp_gain":0,"max_hp_loss":0,"event_name":"MindBloom","floor":47,"gold_loss":0}],"is_beta":false,"boss_relics":[{"not_picked":["Runic Dome","Philosopher\u0027s Stone"],"picked":"Busted Crown"},{"not_picked":["Snecko Eye","Fusion Hammer"],"picked":"Empty Cage"}],"items_purged_floors":[21,53],"is_endless":false,"potions_floor_spawned":[5,10,16,20,23,25,36,37,46,47],"ascension_level":3}}