{"host":"ufhw4cf0hh51lveu","time":1613647360,"event":{"mods":["BaseMod","DeckTracker","Lobotomy","Minty Spire (QoL Compilation)","SuperFastMode"],"gold_per_floor":[117,117,131,55,55,55,73,73,96,96,109,109,125,139,139,139,139],"floor_reached":16,"language":"KOR","playtime":471,"items_purged":[],"score":92,"play_id":"d386fea4-5be9-48fe-88bd-03b4225507bd","local_time":"20210218202240","is_ascension_mode":false,"campfire_choices":[{"data":"Pommel Strike","floor":6,"key":"SMITH"},{"data":"Flex","floor":12,"key":"SMITH"},{"floor":15,"key":"REST"}],"circlet_count":0,"master_deck":["Strike_R","Strike_R","Strike_R","Strike_R","Strike_R","Defend_R","Defend_R","Defend_R","Defend_R","Bash","Wellcheers","Pommel Strike+1","ShyLook","Twin Strike","Twin Strike","Thunderclap","Porccubus","Carnage","Injury","MeatLantern","Flex+1","FairyFestival","Flex","DreamingCurrent","Flex"],"relics":["Burning Blood","CogitoBucket","Pen Nib","Art of War","Golden Idol","FleshIdol"],"acts_visited":["Exordium"],"potions_floor_usage":[16,16],"damage_taken":[{"damage":10,"enemies":"Small Slimes","floor":1,"turns":6},{"damage":4,"enemies":"Jaw Worm","floor":3,"turns":5},{"damage":2,"enemies":"2 Louse","floor":7,"turns":2},{"damage":17,"enemies":"Gremlin Gang","floor":11,"turns":6},{"damage":3,"enemies":"2 Fungi Beasts","floor":13,"turns":3},{"damage":58,"enemies":"Looter","floor":14,"turns":3},{"damage":83,"enemies":"Slime Boss","floor":16,"turns":4}],"seed_played":"-8272032248571197588","potions_obtained":[{"floor":7,"key":"CultistPotion"},{"floor":11,"key":"Strength Potion"},{"floor":14,"key":"CultistPotion"}],"is_trial":false,"path_per_floor":["M","?","M","$","?","R","M","?","T","?","M","R","M","M","R","B"],"character_chosen":"IRONCLAD","items_purchased":["Twin Strike","Thunderclap"],"campfire_rested":1,"item_purchase_floors":[4,4],"current_hp_per_floor":[76,76,80,80,80,80,80,80,80,80,72,72,78,28,52,0,0],"gold":139,"neow_bonus":"","is_daily":false,"chose_seed":false,"campfire_upgraded":2,"win_rate":0.0,"timestamp":1613647360,"path_taken":["M","?","M","$","?","R","M","?","T","?","M","R","M","M","R","BOSS"],"items_purchased_type":["Card","Card"],"build_version":"2020-12-22","purchased_purges":0,"victory":false,"max_hp_per_floor":[80,80,80,80,80,80,80,80,80,80,80,80,80,80,80,80,80],"card_choices":[{"not_picked":["Funeral","SpiderBud"],"picked":"Wellcheers","floor":1},{"not_picked":["Body Slam","Seeing Red"],"picked":"Pommel Strike","floor":1},{"not_picked":["Bloodbath","OSAHOGD"],"picked":"ShyLook","floor":3},{"not_picked":["Evolve","Cleave"],"picked":"Twin Strike","floor":3},{"not_picked":["FairyFestival","PunishingBird"],"picked":"Porccubus","floor":7},{"not_picked":["Bloodletting","Entrench"],"picked":"Carnage","floor":7},{"not_picked":["HeroicMonk","HappyTeddy"],"picked":"MeatLantern","floor":11},{"not_picked":["Battle Trance","True Grit"],"picked":"Flex","floor":11},{"not_picked":["MHz","Funeral"],"picked":"FairyFestival","floor":13},{"not_picked":["Exhume","Warcry"],"picked":"Flex","floor":13},{"not_picked":["FieryBird","SpiderBud"],"picked":"DreamingCurrent","floor":14},{"not_picked":["Dropkick","Blood for Blood"],"picked":"Flex","floor":14}],"player_experience":53562,"relics_obtained":[{"floor":9,"key":"Art of War"}],"event_choices":[{"damage_healed":0,"gold_gain":0,"player_choice":"Ignored","damage_taken":0,"max_hp_gain":0,"max_hp_loss":0,"event_name":"Shining Light","floor":2,"gold_loss":0},{"damage_healed":0,"gold_gain":0,"player_choice":"Box","damage_taken":0,"relics_obtained":["Pen Nib"],"max_hp_gain":0,"max_hp_loss":0,"event_name":"Big Fish","floor":5,"gold_loss":0,"cards_obtained":["Regret"]},{"cards_removed":["Regret"],"damage_healed":0,"gold_gain":0,"player_choice":"Forget","damage_taken":0,"max_hp_gain":0,"max_hp_loss":0,"event_name":"Living Wall","floor":8,"gold_loss":0},{"damage_healed":0,"gold_gain":0,"player_choice":"Take Wound","damage_taken":0,"relics_obtained":["Golden Idol"],"max_hp_gain":0,"max_hp_loss":0,"event_name":"Golden Idol","floor":10,"gold_loss":0,"cards_obtained":["Injury"]}],"is_beta":false,"boss_relics":[],"items_purged_floors":[],"is_endless":false,"potions_floor_spawned":[7,11,14],"killed_by":"Slime Boss","ascension_level":0}}