{"host":"vrsxkkch9ccrec7k","time":1613628830,"event":{"mods":["Act Like it!","BaseMod","Bestiary","Better Altar","Better Match","Better Note","Better Sensory Stone","Better Skull","Better Third Choice","Better Vampires","Downfall","Minty Spire (QoL Compilation)","Permanent Neow","Relic Stats","Spicy Shops","StSLib"],"gold_per_floor":[0,14,32,32,42,42,42,55,65,85,85,70,70,83,101,206,206,206,198,198,225,64,97,97,126,126,137,137,137,164,164,184,295,295,295,306,326,338,143,243,243,263,291,307,16,46,46,58,78,78],"floor_reached":51,"language":"ENG","playtime":4465,"items_purged":["hexamod:Strike"],"score":1304,"play_id":"ef9a8276-b623-4087-800f-95a13c2550f2","local_time":"20210218011350","is_ascension_mode":true,"campfire_choices":[{"data":"hexamod:ForkedFlame","floor":1.0,"key":"SMITH"},{"data":"hexamod:Float","floor":6.0,"key":"SMITH"},{"data":"hexamod:FlameSwitch","floor":11.0,"key":"SMITH"},{"data":"hexamod:AdvancingGuard","floor":13.0,"key":"SMITH"},{"data":"hexamod:GiftsFromTheDead","floor":18.0,"key":"SMITH"},{"data":"hexamod:NightmareGuise","floor":26.0,"key":"SMITH"},{"data":"hexamod:GiftsFromTheDead","floor":35.0,"key":"SMITH"},{"floor":47.0,"key":"REST"}],"circlet_count":0,"master_deck":["AscendersBane","hexamod:Defend","hexamod:Defend+1","hexamod:Defend+1","hexamod:Defend+1","hexamod:Sear+1","hexamod:Float+1","hexamod:ForkedFlame+1","hexamod:PhantomFireball","hexamod:BacktrackSmack+1","hexamod:TimeWarp+1","hexamod:SpectersWail+1","hexamod:FlameSwitch+1","hexamod:NightmareGuise+1","hexamod:AdvancingGuard+1","hexamod:RainOfEmbers+1","hexamod:GiftsFromTheDead+1","hexamod:ApocalypseNow+1","hexamod:Hexaguard+1","hexamod:FlamesFromBeyond","hexamod:UnleashSpirits+1","hexamod:Rewind+1","hexamod:GhostOfSpirePast","hexamod:GhostOfSpireFuture+1","hexamod:RetreatToShadows","hexamod:GiftsFromTheDead+1","hexamod:PhantomCloak","hexamod:SixthSeal","hexamod:PhantomCloak","hexamod:PowerFromBeyond+1"],"relics":["hexamod:SpiritBrand","Molten Egg 2","Odd Mushroom","SlaversCollar","Lee\u0027s Waffle","Meat on the Bone","White Beast Statue","Bottled Lightning","downfall:RedIOU","hexamod:TheBrokenSeal","Cursed Key","bronze:BronzeIdol","Slimebound:StickyStick","Nunchaku","Pantograph","Mummified Hand","Slimebound:PreparedRelic"],"acts_visited":["Exordium","TheCity","TheBeyond"],"potions_floor_usage":[],"damage_taken":[{"damage":0.0,"enemies":"Jaw Worm","floor":2.0,"turns":3.0},{"damage":3.0,"enemies":"Small Slimes","floor":3.0,"turns":2.0},{"damage":0.0,"enemies":"Cultist","floor":5.0,"turns":3.0},{"damage":14.0,"enemies":"Exordium Thugs","floor":8.0,"turns":4.0},{"damage":6.0,"enemies":"downfall:LooterAlt","floor":9.0,"turns":2.0},{"damage":0.0,"enemies":"The Mushroom Lair","floor":10.0,"turns":2.0},{"damage":0.0,"enemies":"downfall:FleeingMerchant","floor":12.0,"turns":4.0},{"damage":3.0,"enemies":"3 Louse","floor":14.0,"turns":2.0},{"damage":0.0,"enemies":"Lots of Slimes","floor":15.0,"turns":3.0},{"damage":32.0,"enemies":"WA_ARCHETYPE_RETAIN","floor":16.0,"turns":8.0},{"damage":10.0,"enemies":"3 Byrds","floor":21.0,"turns":5.0},{"damage":0.0,"enemies":"downfall:FleeingMerchant","floor":22.0,"turns":4.0},{"damage":18.0,"enemies":"Book of Stabbing","floor":23.0,"turns":5.0},{"damage":31.0,"enemies":"Slavers","floor":25.0,"turns":6.0},{"damage":0.0,"enemies":"Chosen","floor":27.0,"turns":4.0},{"damage":6.0,"enemies":"Book of Stabbing","floor":30.0,"turns":4.0},{"damage":12.0,"enemies":"Centurion and Healer","floor":32.0,"turns":6.0},{"damage":17.0,"enemies":"IC_MUSHROOM_ARCHETYPE","floor":33.0,"turns":8.0},{"damage":0.0,"enemies":"3 Shapes","floor":36.0,"turns":3.0},{"damage":9.0,"enemies":"3 Darklings","floor":37.0,"turns":5.0},{"damage":40.0,"enemies":"Transient","floor":38.0,"turns":5.0},{"damage":0.0,"enemies":"downfall:FleeingMerchant","floor":39.0,"turns":4.0},{"damage":9.0,"enemies":"Maw","floor":42.0,"turns":5.0},{"damage":47.0,"enemies":"Reptomancer","floor":43.0,"turns":6.0},{"damage":11.0,"enemies":"4 Shapes","floor":44.0,"turns":6.0},{"damage":0.0,"enemies":"Nemesis","floor":46.0,"turns":3.0},{"damage":6,"enemies":"Writhing Mass","floor":48,"turns":4},{"damage":0,"enemies":"Maw","floor":49,"turns":5},{"damage":6,"enemies":"DF_ARCHETYPE_ORBS","floor":50,"turns":10}],"seed_played":"-2284154784988034302","potions_obtained":[{"floor":8.0,"key":"DistilledChaos"},{"floor":9.0,"key":"LiquidBronze"},{"floor":10.0,"key":"PowerPotion"},{"floor":16.0,"key":"BlessingOfTheForge"},{"floor":20.0,"key":"CultistPotion"},{"floor":23.0,"key":"Ancient Potion"},{"floor":25.0,"key":"LiquidBronze"},{"floor":27.0,"key":"FearPotion"},{"floor":27.0,"key":"EssenceOfSteel"},{"floor":30.0,"key":"sneckomod:MuddlingPotion"},{"floor":30.0,"key":"PowerPotion"},{"floor":32.0,"key":"Regen Potion"},{"floor":33.0,"key":"champ:CounterPotion"},{"floor":36.0,"key":"sneckomod:MuddlingPotion"},{"floor":37.0,"key":"Ancient Potion"},{"floor":42.0,"key":"sneckomod:MuddlingPotion"},{"floor":43.0,"key":"Block Potion"},{"floor":44.0,"key":"SpeedPotion"},{"floor":46.0,"key":"FairyPotion"}],"is_trial":false,"path_per_floor":["R","M","M","?","M","R","T","M","M","?","R","$","R","M","M","B",null,"R","?","?","M","$","E","T","E","R","M","?","?","E","?","M","B",null,"R","M","M","M","$","?","T","M","E","M","$","E","R","M","M","B",null],"character_chosen":"THE_SPIRIT","items_purchased":["Lee\u0027s Waffle","bronze:BronzeIdol","Slimebound:StickyStick","Nunchaku","Mummified Hand","hexamod:PhantomCloak"],"campfire_rested":1,"item_purchase_floors":[22,39,39,39,45,45],"current_hp_per_floor":[63,63,60,65,65,65,65,51,45,45,45,45,45,42,42,10,59,59,52,52,42,82,71,71,59,59,66,66,66,67,67,55,92,92,92,92,83,55,55,55,55,58,23,24,24,36,63,57,57,76],"gold":78,"neow_bonus":"TRANSFORM_TWO_CARDS","is_daily":false,"chose_seed":false,"campfire_upgraded":7,"win_rate":0.0,"timestamp":1613628830,"path_taken":["R","M","M","?","M","R","T","M","M","?","R","$","R","M","M","BOSS","R","?","?","M","$","E","T","E","R","M","?","?","E","?","M","BOSS","R","M","M","M","$","?","T","M","E","?","$","E","R","M","M","BOSS"],"items_purchased_type":["Relic","Relic","Relic","Relic","Relic","Card"],"build_version":"2020-12-22","purchased_purges":1,"victory":true,"max_hp_per_floor":[70,70,70,75,75,75,75,75,75,75,75,75,75,75,75,75,75,75,75,75,75,82,82,82,82,82,82,82,82,82,82,82,92,92,92,92,92,92,92,92,92,92,92,92,92,92,92,92,92,92],"relic_stats":{"Lee\u0027s Waffle":33,"Nunchaku":[6],"counters":[29,131],"Mummified Hand":[18],"Pantograph":25,"Cursed Key":0,"obtain_stats":[{"Lee\u0027s Waffle":22,"sneckomod:BlankCard":23,"hexamod:TheBrokenSeal":33,"Odd Mushroom":10,"Cursed Key":34,"White Beast Statue":25,"bronze:BronzeIdol":39,"SlaversCollar":17,"Nunchaku":39,"Slimebound:StickyStick":39,"Mummified Hand":45,"Pantograph":43,"Molten Egg 2":7,"downfall:RedIOU":31,"Slimebound:PreparedRelic":46,"Bottled Lightning":30,"hexamod:SpiritBrand":0,"Meat on the Bone":24},{"Lee\u0027s Waffle":12,"sneckomod:BlankCard":13,"hexamod:TheBrokenSeal":18,"Odd Mushroom":6,"Cursed Key":18,"White Beast Statue":14,"bronze:BronzeIdol":22,"SlaversCollar":10,"Nunchaku":22,"Slimebound:StickyStick":22,"Mummified Hand":25,"Pantograph":24,"Molten Egg 2":3,"downfall:RedIOU":16,"Slimebound:PreparedRelic":26,"Bottled Lightning":16,"hexamod:SpiritBrand":0,"Meat on the Bone":13},{"Lee\u0027s Waffle":42,"sneckomod:BlankCard":47,"hexamod:TheBrokenSeal":73,"Odd Mushroom":16,"Cursed Key":75,"White Beast Statue":53,"bronze:BronzeIdol":92,"SlaversCollar":33,"Nunchaku":92,"Slimebound:StickyStick":92,"Mummified Hand":109,"Pantograph":103,"Molten Egg 2":8,"downfall:RedIOU":61,"Slimebound:PreparedRelic":112,"Bottled Lightning":61,"hexamod:SpiritBrand":0,"Meat on the Bone":47}],"Meat on the Bone":72},"card_choices":[{"not_picked":["hexamod:GhostShield","hexamod:Hexaguard"],"picked":"hexamod:BacktrackSmack","floor":2.0},{"not_picked":["hexamod:RadiantFlame","hexamod:HeatMetal"],"picked":"hexamod:ThirdSeal","floor":3.0},{"not_picked":["hexamod:BurningTouch","hexamod:FlamesFromBeyond"],"picked":"hexamod:TimeWarp","floor":5.0},{"not_picked":["hexamod:ThermalTransfer+1","hexamod:HeatMetal+1"],"picked":"hexamod:SpectersWail+1","floor":8.0},{"not_picked":["hexamod:FlamesFromBeyond","hexamod:PhantomCloak","hexamod:EtherealExpedition"],"picked":"SKIP","floor":8.0},{"not_picked":["hexamod:BurningTouch","hexamod:GhostLash+1"],"picked":"hexamod:FlameSwitch","floor":9.0},{"not_picked":["hexamod:BacktrackSmack+1","hexamod:SuperheatedStrike+1","hexamod:HeatCrush+1"],"picked":"SKIP","floor":9.0},{"not_picked":["hexamod:GhostflameBarrier","hexamod:FlamesFromBeyond"],"picked":"hexamod:NightmareGuise","floor":10.0},{"not_picked":["hexamod:InspiringFlames","hexamod:ThirdSeal"],"picked":"hexamod:AdvancingGuard","floor":12.0},{"not_picked":["hexamod:Incineration+1","hexamod:HeatMetal+1","hexamod:PhantomFireball+1"],"picked":"SKIP","floor":12.0},{"not_picked":["hexamod:FastForward","hexamod:ShieldOfDarkness"],"picked":"hexamod:RainOfEmbers+1","floor":14.0},{"not_picked":["hexamod:GhostShield","hexamod:NightmareGuise","hexamod:GhostflameBarrier"],"picked":"SKIP","floor":14.0},{"not_picked":["hexamod:GhostLash+1","hexamod:Hexaguard"],"picked":"hexamod:GiftsFromTheDead","floor":15.0},{"not_picked":["hexamod:AdvancingGuard","hexamod:ShieldOfDarkness","hexamod:SpectersWail+1"],"picked":"SKIP","floor":15.0},{"not_picked":["hexamod:VolcanoVisage","hexamod:SearingWound"],"picked":"hexamod:FifthSeal","floor":16.0},{"not_picked":["hexamod:TimeOfNeed","hexamod:GhostflameInferno"],"picked":"hexamod:ApocalypseNow","floor":16.0},{"not_picked":["hexamod:Firestarter+1","hexamod:FastForward"],"picked":"hexamod:Hexaguard","floor":21.0},{"not_picked":["hexamod:GhostShield","hexamod:ShieldOfDarkness","hexamod:BacktrackSmack+1"],"picked":"SKIP","floor":21.0},{"not_picked":["hexamod:SkipABeat","hexamod:SuperheatedStrike+1"],"picked":"hexamod:FlamesFromBeyond","floor":22.0},{"not_picked":["hexamod:InspiringFlames","hexamod:SpectralAdrenaline","hexamod:Again"],"picked":"SKIP","floor":22.0},{"not_picked":["hexamod:PhantomCloak","hexamod:HauntingEcho+1"],"picked":"hexamod:UnleashSpirits+1","floor":23.0},{"not_picked":["hexamod:FirstSeal","hexamod:SecondSeal"],"picked":"hexamod:SixthSeal","floor":25.0},{"not_picked":["hexamod:SpectralSpark+1","hexamod:Haunt"],"picked":"hexamod:Rewind+1","floor":25.0},{"not_picked":["hexamod:BacktrackSmack+1","hexamod:GhostShield","hexamod:ChargedBarrage"],"picked":"SKIP","floor":25.0},{"not_picked":["hexamod:ThirdSeal","hexamod:HauntingEcho+1"],"picked":"hexamod:GhostOfSpirePast","floor":27.0},{"not_picked":["hexamod:DynamicBlow+1","hexamod:Hexaguard+1","hexamod:StepThrough+1"],"picked":"SKIP","floor":27.0},{"not_picked":["hexamod:RetreatToShadows+1","hexamod:FourthSeal"],"picked":"hexamod:GhostOfSpireFuture+1","floor":30.0},{"not_picked":["hexamod:PowerFromBeyond","hexamod:SoulSteal","hexamod:GhostOfSpirePresent"],"picked":"SKIP","floor":30.0},{"not_picked":["hexamod:SkipABeat","hexamod:InspiringFlames+1"],"picked":"hexamod:RetreatToShadows","floor":32.0},{"not_picked":["hexamod:SecondSeal","hexamod:GhostLash+1","hexamod:BacktrackSmack+1"],"picked":"SKIP","floor":32.0},{"not_picked":["hexamod:UnleashSpirits+1","hexamod:UnlimitedPower"],"picked":"hexamod:GiftsFromTheDead","floor":33.0},{"not_picked":["hexamod:ThermalTransfer+1","hexamod:BurningTouch+1"],"picked":"hexamod:PhantomCloak","floor":36.0},{"not_picked":["hexamod:RadiantFlame+1","hexamod:GhostLash+1","hexamod:HauntingEcho+1"],"picked":"SKIP","floor":37.0},{"not_picked":["hexamod:Haunt","hexamod:HauntingEcho+1","hexamod:AdvancingGuard+1"],"picked":"SKIP","floor":38.0},{"not_picked":["hexamod:Firestarter+1","hexamod:HeatMetal+1","hexamod:ThermalTransfer+1"],"picked":"SKIP","floor":39.0},{"not_picked":["hexamod:SpectralAdrenaline","hexamod:ShieldOfDarkness+1"],"picked":"hexamod:SixthSeal","floor":42.0},{"not_picked":["hexamod:SuperheatedStrike+1","hexamod:StepThrough+1","hexamod:RainOfEmbers+1"],"picked":"SKIP","floor":43.0},{"not_picked":["hexamod:SpectralAdrenaline","hexamod:ThermalTransfer+1","hexamod:HeatMetal+1"],"picked":"SKIP","floor":44.0},{"not_picked":["hexamod:SpectralAdrenaline","hexamod:ThermalTransfer+1","hexamod:HeatMetal+1"],"picked":"SKIP","floor":44.0},{"not_picked":["hexamod:FastForward","hexamod:GhostShield"],"picked":"hexamod:PowerFromBeyond+1","floor":46.0},{"not_picked":["hexamod:NightmareStrike+1","hexamod:WildfireWeapon","hexamod:FlamesFromBeyond"],"picked":"SKIP","floor":48},{"not_picked":["hexamod:BacktrackSmack+1","hexamod:Again","hexamod:AdvancingGuard"],"picked":"SKIP","floor":49}],"player_experience":1958249,"relics_obtained":[{"floor":7.0,"key":"Molten Egg 2"},{"floor":10.0,"key":"Odd Mushroom"},{"floor":23.0,"key":"sneckomod:BlankCard"},{"floor":24.0,"key":"Meat on the Bone"},{"floor":25.0,"key":"White Beast Statue"},{"floor":30.0,"key":"Bottled Lightning"},{"floor":43.0,"key":"Pantograph"},{"floor":46.0,"key":"Slimebound:PreparedRelic"}],"event_choices":[{"damage_healed":0.0,"max_hp_gain":5.0,"max_hp_loss":0.0,"gold_gain":0.0,"event_name":"Big Fish","player_choice":"Donut","floor":4.0,"gold_loss":0.0,"damage_taken":0.0},{"damage_healed":0.0,"max_hp_gain":0.0,"max_hp_loss":0.0,"gold_gain":0.0,"event_name":"Mushrooms","player_choice":"Fought Mushrooms","floor":10.0,"gold_loss":0.0,"damage_taken":0.0}],"is_beta":false,"boss_relics":[{"not_picked":["Fusion Hammer","Sozu"],"picked":"SlaversCollar"},{"not_picked":["hexamod:IceCube","Tiny House"],"picked":"Cursed Key"}],"items_purged_floors":[39],"is_endless":false,"potions_floor_spawned":[8,9,10,16,21,25,27,30,32,33,36,37,38,39,42,43,44,46,48,49],"ascension_level":11}}