{"host":"lxihx0b6awoz2w1j","time":1613662299,"event":{"mods":["BaseMod","Better Third Choice","BetterRewards","CapriCore","Colored Powertips","Conspire","Downfall","Fox Events","Hubris","Infinite Spire","Melee Mod","Minty Spire (QoL Compilation)","Permanent Neow","Quick Restart","Relic Stats","Reliquary","Replay The Spire","Spicy Shops","StSLib","The Alterego","The Blue Laboratory","The Death Knight","The Forsaken","The Jungle","Waifu the Spire"],"gold_per_floor":[111,131,145,161,13,13,13,13,13,25,58,77,77,90,90,192,192,205,283,270,285,285,285],"floor_reached":22,"language":"ENG","playtime":1333,"items_purged":[],"score":190,"play_id":"dda79751-b99b-44b9-b7a5-d6790bcd4427","local_time":"20210218163139","is_ascension_mode":false,"campfire_choices":[{"floor":6.0,"key":"REST"},{"data":"DeathKnight:GargoyleSkin","floor":8.0,"key":"SMITH"},{"data":"DeathKnight:BludPresence","floor":13.0,"key":"SMITH"},{"floor":15.0,"key":"REST"}],"circlet_count":0,"master_deck":["DeathKnight:Strike_DeathKnight","DeathKnight:Strike_DeathKnight","DeathKnight:Strike_DeathKnight","DeathKnight:Strike_DeathKnight","DeathKnight:Defend_DeathKnight","DeathKnight:Defend_DeathKnight","DeathKnight:Defend_DeathKnight","DeathKnight:Defend_DeathKnight","DeathKnight:Defend_DeathKnight","DeathKnight:RuneTap","DeathKnight:RuneStrike","DeathKnight:DancingRuneblade","DeathKnight:PathOfFrost","DeathKnight:ThirstingStrike","DeathKnight:HartStrike","DeathKnight:IcyTouch","DeathKnight:BloodBoil","DeathKnight:GargoyleSkin+1","DeathKnight:BloodStrike","DeathKnight:BloodPact","Sweeping Beam","DeathKnight:BludPresence+1","DeathKnight:UnholyFrenzy","DeathKnight:RuneShock","DeathKnight:IceboundArmor","DeathKnight:Razorice","DeathKnight:FoulBulwark","DeathKnight:FrosPresence+1","DeathKnight:DeathCoil"],"relics":["DeathKnight:BrokenRuneblade","Membership Card","Pocketwatch","Ice Cream","ReplayTheSpireMod:Shallot","Gremlin Horn","conspire:SpecialSausage","reliquary:PrincelyHelmet"],"acts_visited":["Exordium","TheCity"],"potions_floor_usage":[],"damage_taken":[{"damage":0.0,"enemies":"Cultist","floor":1.0,"turns":3.0},{"damage":11.0,"enemies":"Jaw Worm","floor":2.0,"turns":2.0},{"damage":0.0,"enemies":"2 Louse","floor":3.0,"turns":2.0},{"damage":14.0,"enemies":"Gremlin Gang","floor":4.0,"turns":4.0},{"damage":1.0,"enemies":"Blue Slaver","floor":10.0,"turns":4.0},{"damage":18.0,"enemies":"Gremlin Nob","floor":11.0,"turns":4.0},{"damage":0.0,"enemies":"Large Slime","floor":12.0,"turns":6.0},{"damage":3.0,"enemies":"Gremlin Gang","floor":14.0,"turns":4.0},{"damage":28.0,"enemies":"Hexaghost","floor":16.0,"turns":10.0},{"damage":0.0,"enemies":"Chosen","floor":18.0,"turns":3.0},{"damage":0.0,"enemies":"2 Thieves","floor":20.0,"turns":4.0},{"damage":0.0,"enemies":"Snake Plant","floor":21.0,"turns":3.0},{"damage":18,"enemies":"Chosen and Byrds","floor":22,"turns":6}],"seed_played":"-6613058773976515456","potions_obtained":[{"floor":3.0,"key":"Reflective Coating"},{"floor":10.0,"key":"BlessingOfTheForge"},{"floor":14.0,"key":"blueLaboratory:FruitPunch"}],"is_trial":false,"path_per_floor":["M","M","M","M","$","R","?","R","T","M","E","M","R","M","R","B",null,"M","T","M","M","M"],"character_chosen":"DEATH_KNIGHT","items_purchased":["Membership Card","DeathKnight:DancingRuneblade","DeathKnight:PathOfFrost","DeathKnight:ThirstingStrike","DeathKnight:HartStrike","Ice Cream","ReplayTheSpireMod:Shallot","DeathKnight:GargoyleSkin","DeathKnight:BloodStrike","DeathKnight:BloodPact"],"campfire_rested":2,"item_purchase_floors":[0,0,0,0,0,5,5,5,5,5],"current_hp_per_floor":[67,56,56,42,42,64,64,64,64,63,45,45,45,42,64,36,75,75,75,75,75,57,57],"gold":285,"neow_bonus":"","is_daily":false,"chose_seed":false,"campfire_upgraded":2,"win_rate":0.0,"timestamp":1613662299,"path_taken":["M","M","M","M","?","R","?","R","T","?","E","M","R","M","R","BOSS","M","?","M","M","M"],"items_purchased_type":["Relic","Card","Card","Card","Card","Relic","Relic","Card","Card","Card"],"build_version":"2020-12-22","purchased_purges":0,"victory":false,"max_hp_per_floor":[75,75,75,75,75,75,75,75,75,75,75,75,75,75,75,75,75,75,75,75,75,75,75],"relic_stats":{"Gremlin Horn":[6,6],"counters":[13,55],"obtain_stats":[{"Ice Cream":5,"ReplayTheSpireMod:Shallot":5,"Gremlin Horn":9,"reliquary:PrincelyHelmet":19,"conspire:SpecialSausage":17,"Membership Card":0,"DeathKnight:BrokenRuneblade":0,"Pocketwatch":0},{"Ice Cream":4,"ReplayTheSpireMod:Shallot":4,"Gremlin Horn":4,"reliquary:PrincelyHelmet":10,"conspire:SpecialSausage":9,"Membership Card":0,"DeathKnight:BrokenRuneblade":0,"Pocketwatch":0},{"Ice Cream":11,"ReplayTheSpireMod:Shallot":11,"Gremlin Horn":11,"reliquary:PrincelyHelmet":42,"conspire:SpecialSausage":39,"Membership Card":0,"DeathKnight:BrokenRuneblade":0,"Pocketwatch":0}],"Pocketwatch":[81]},"card_choices":[{"not_picked":["DeathKnight:ShatteringStrikes","DeathKnight:ThirstingStrike"],"picked":"DeathKnight:IcyTouch","floor":1.0},{"not_picked":["DeathKnight:MutagenicPlague","DeathKnight:DeathGrip","DeathKnight:UnholyPresence"],"picked":"SKIP","floor":2.0},{"not_picked":["DeathKnight:BoneShield","DeathKnight:FrosPresence"],"picked":"DeathKnight:Hysteria","floor":3.0},{"not_picked":["DeathKnight:Ossuary","DeathKnight:DreadStrike"],"picked":"DeathKnight:BloodBoil","floor":4.0},{"not_picked":["DeathKnight:MindFreeze","DeathKnight:FesteringStrike"],"picked":"DeathKnight:BludPresence","floor":10.0},{"not_picked":["DeathKnight:Hysteria","DeathKnight:FoulBulwark"],"picked":"DeathKnight:UnholyFrenzy","floor":11.0},{"not_picked":["DeathKnight:Parry","DeathKnight:BloodEchoes"],"picked":"DeathKnight:RuneShock","floor":12.0},{"not_picked":["DeathKnight:Razorice","DeathKnight:Obliterate"],"picked":"DeathKnight:IceboundArmor","floor":14.0},{"not_picked":["DeathKnight:Outbreak","DeathKnight:Defile"],"picked":"DeathKnight:Razorice","floor":16.0},{"not_picked":["DeathKnight:Parry","DeathKnight:UnholyFrenzy+1"],"picked":"DeathKnight:FoulBulwark","floor":18.0},{"not_picked":["DeathKnight:Pestilence+1","DeathKnight:ThirstingStrike+1"],"picked":"DeathKnight:FrosPresence+1","floor":20.0},{"not_picked":["DeathKnight:Pestilence","DeathKnight:FrosPresence"],"picked":"DeathKnight:DeathCoil","floor":21.0}],"player_experience":611216,"relics_obtained":[{"floor":9.0,"key":"Gremlin Horn"},{"floor":19.0,"key":"reliquary:PrincelyHelmet"}],"event_choices":[{"cards_removed":["DeathKnight:Hysteria"],"damage_healed":0.0,"max_hp_gain":0.0,"max_hp_loss":0.0,"gold_gain":0.0,"event_name":"NoteForYourself","player_choice":"Took Card","floor":7.0,"gold_loss":0.0,"damage_taken":0.0,"cards_obtained":["Sweeping Beam"]}],"is_beta":false,"boss_relics":[{"not_picked":["Pandora\u0027s Box","reliquary:KinkedSpring"],"picked":"conspire:SpecialSausage"}],"items_purged_floors":[],"is_endless":false,"potions_floor_spawned":[3,10,11,14,16,18],"killed_by":"Chosen and Byrds","ascension_level":0}}