{"host":"ue7jlgf7uv134an9","time":1613652566,"event":{"mods":["BaseMod","Better Third Choice","Colored Map","Defuse TimeMaze Blight","Minty Spire (QoL Compilation)","Quick Restart","Rare Cards Sparkle","Relic Stats","StSLib","UnlockEverythingMod"],"gold_per_floor":[110,128,143,160,180,211,211,227,250,84,84,84,84,96,96,197,197,217,217,117,132,146,146,175,175,256,282,282,298,309,328,328,425,425,440,440,100,114,114,145,145,157,157,177,177,189,208,57,57,57],"floor_reached":51,"language":"ENG","playtime":1707,"items_purged":["Strike_G","Strike_G","Strike_G+1"],"score":763,"play_id":"4fb8ea8b-e63a-478d-946b-c00bbf0c80d0","local_time":"20210218074926","is_ascension_mode":false,"campfire_choices":[{"floor":7.0,"key":"REST"},{"data":"Cloak And Dagger","floor":11.0,"key":"SMITH"},{"data":"Well Laid Plans","floor":15.0,"key":"SMITH"},{"data":"Accuracy","floor":23.0,"key":"SMITH"},{"data":"Glass Knife","floor":25.0,"key":"SMITH"},{"data":"All Out Attack","floor":32,"key":"SMITH"},{"data":"Blade Dance","floor":41,"key":"SMITH"},{"data":"Blur","floor":45,"key":"SMITH"},{"data":"Neutralize","floor":49,"key":"SMITH"}],"circlet_count":0,"master_deck":["Strike_G+1","Strike_G+1","Defend_G+1","Defend_G+1","Defend_G+1","Defend_G+1","Defend_G+1","Survivor","Neutralize+1","Blade Dance+1","Deadly Poison","Cloak And Dagger+1","All Out Attack+1","Blur+1","Accuracy+1","PiercingWail+1","Well Laid Plans+1","Apotheosis+1","Blade Dance+1","Glass Knife+1","Deflect+1","Cloak And Dagger+1","Backflip+1","Blur+1","Dagger Spray+1","Deflect+1","Cloak And Dagger+1","Phantasmal Killer+1","Escape Plan+1","Backflip+1","Accuracy+1","Burst+1","Cloak And Dagger+1","Phantasmal Killer+1","Leg Sweep+1"],"relics":["Ring of the Snake","Toxic Egg 2","Pen Nib","Sozu","Tiny Chest","Matryoshka","Red Mask","Cursed Key","Bag of Preparation","Bag of Marbles","Orrery"],"acts_visited":["Exordium","TheCity","TheBeyond"],"potions_floor_usage":[50],"damage_taken":[{"damage":0.0,"enemies":"Cultist","floor":1.0,"turns":4.0},{"damage":0.0,"enemies":"Jaw Worm","floor":2.0,"turns":5.0},{"damage":0.0,"enemies":"2 Louse","floor":3.0,"turns":2.0},{"damage":2.0,"enemies":"Looter","floor":4.0,"turns":3.0},{"damage":2.0,"enemies":"Gremlin Gang","floor":5.0,"turns":2.0},{"damage":29.0,"enemies":"Lagavulin","floor":6.0,"turns":7.0},{"damage":0.0,"enemies":"3 Louse","floor":8.0,"turns":2.0},{"damage":2.0,"enemies":"Gremlin Nob","floor":12.0,"turns":3.0},{"damage":0.0,"enemies":"Lots of Slimes","floor":14.0,"turns":2.0},{"damage":8.0,"enemies":"The Guardian","floor":16.0,"turns":9.0},{"damage":0.0,"enemies":"3 Byrds","floor":18.0,"turns":3.0},{"damage":0.0,"enemies":"2 Thieves","floor":21.0,"turns":4.0},{"damage":0.0,"enemies":"Centurion and Healer","floor":22.0,"turns":5.0},{"damage":7.0,"enemies":"Slavers","floor":24.0,"turns":5.0},{"damage":0,"enemies":"Masked Bandits","floor":27,"turns":2},{"damage":5,"enemies":"Chosen and Byrds","floor":29,"turns":6},{"damage":0,"enemies":"Snake Plant","floor":30,"turns":4},{"damage":0,"enemies":"Centurion and Healer","floor":31,"turns":3},{"damage":24,"enemies":"Automaton","floor":33,"turns":9},{"damage":0,"enemies":"3 Shapes","floor":35,"turns":4},{"damage":0,"enemies":"Orb Walker","floor":38,"turns":3},{"damage":2,"enemies":"Nemesis","floor":40,"turns":5},{"damage":0,"enemies":"4 Shapes","floor":42,"turns":2},{"damage":0,"enemies":"Maw","floor":44,"turns":6},{"damage":7,"enemies":"Writhing Mass","floor":46,"turns":5},{"damage":0,"enemies":"Spire Growth","floor":47,"turns":2},{"damage":27,"enemies":"Donu and Deca","floor":50,"turns":9}],"seed_played":"-5866717787289910127","potions_obtained":[{"floor":0.0,"key":"CunningPotion"},{"floor":0.0,"key":"FairyPotion"},{"floor":0.0,"key":"Energy Potion"},{"floor":1.0,"key":"Explosive Potion"},{"floor":5.0,"key":"SmokeBomb"},{"floor":14.0,"key":"FearPotion"}],"is_trial":false,"path_per_floor":["M","M","M","M","M","E","R","M","T","$","R","E","?","M","R","B",null,"M","?","$","M","M","R","E","R","T","?","?","M","M","M","R","B",null,"M","?","$","M","T","E","R","M","T","M","R","M","M","$","R","B",null],"character_chosen":"THE_SILENT","items_purchased":["PiercingWail+1","Well Laid Plans","Bag of Preparation","Escape Plan+1","Orrery"],"campfire_rested":1,"item_purchase_floors":[10,10,37,37,48],"current_hp_per_floor":[70,70,70,68,66,37,58,58,58,58,58,56,56,56,56,48,70,70,70,70,70,70,70,63,63,63,63,63,58,58,58,58,34,70,70,70,70,70,70,68,68,68,68,68,68,61,61,61,61,34],"gold":57,"neow_bonus":"THREE_SMALL_POTIONS","is_daily":false,"chose_seed":false,"campfire_upgraded":8,"win_rate":0.0,"timestamp":1613652566,"path_taken":["M","?","M","M","?","E","R","M","T","$","R","E","?","M","R","BOSS","M","?","$","?","M","R","E","R","T","?","?","M","M","M","R","BOSS","M","?","$","M","?","E","R","M","T","M","R","?","M","$","R","BOSS"],"items_purchased_type":["Card","Card","Relic","Card","Relic"],"build_version":"2020-12-22","purchased_purges":3,"victory":true,"max_hp_per_floor":[70,70,70,70,70,70,70,70,70,70,70,70,70,70,70,70,70,70,70,70,70,70,70,70,70,70,70,70,70,70,70,70,70,70,70,70,70,70,70,70,70,70,70,70,70,70,70,70,70,70],"relic_stats":{"Sozu":8,"counters":[27,116],"Tiny Chest":1,"Pen Nib":[33],"Bag of Preparation":[14],"Cursed Key":0,"obtain_stats":[{"Sozu":17,"Matryoshka":26,"Orrery":48,"Tiny Chest":24,"Pen Nib":9,"Red Mask":27,"Bag of Preparation":37,"Bag of Marbles":40,"Toxic Egg 2":6,"Cursed Key":34,"Ring of the Snake":0},{"Sozu":10,"Matryoshka":14,"Orrery":26,"Tiny Chest":14,"Pen Nib":7,"Red Mask":15,"Bag of Preparation":20,"Bag of Marbles":22,"Toxic Egg 2":6,"Cursed Key":19,"Ring of the Snake":0},{"Sozu":39,"Matryoshka":56,"Orrery":107,"Tiny Chest":56,"Pen Nib":25,"Red Mask":58,"Bag of Preparation":84,"Bag of Marbles":92,"Toxic Egg 2":23,"Cursed Key":80,"Ring of the Snake":0}],"Ring of the Snake":[54]},"card_choices":[{"not_picked":["Acrobatics","Flechettes"],"picked":"Blade Dance","floor":1.0},{"not_picked":["Underhanded Strike","Malaise"],"picked":"Deadly Poison","floor":2.0},{"not_picked":["Backflip","Masterful Stab"],"picked":"Cloak And Dagger","floor":3.0},{"not_picked":["Poisoned Stab","Backflip"],"picked":"All Out Attack","floor":4.0},{"not_picked":["Backflip","Endless Agony"],"picked":"Blur","floor":5.0},{"not_picked":["Poisoned Stab","Well Laid Plans"],"picked":"Accuracy","floor":6.0},{"not_picked":["Quick Slash","Tools of the Trade","Dagger Throw"],"picked":"SKIP","floor":8.0},{"not_picked":["Slice","Reflex+1"],"picked":"Blade Dance+1","floor":14.0},{"not_picked":["Tools of the Trade","Storm of Steel+1"],"picked":"Glass Knife","floor":16.0},{"not_picked":["Bouncing Flask+1","Sucker Punch"],"picked":"Deflect+1","floor":18.0},{"not_picked":["Poisoned Stab","All Out Attack"],"picked":"Backflip+1","floor":21.0},{"not_picked":["Dodge and Roll+1","Poisoned Stab"],"picked":"Blur+1","floor":22.0},{"not_picked":["Deadly Poison+1","Skewer"],"picked":"Dagger Spray+1","floor":24.0},{"not_picked":["Deadly Poison+1","Expertise+1"],"picked":"Deflect+1","floor":29},{"not_picked":["Infinite Blades","Poisoned Stab"],"picked":"Cloak And Dagger+1","floor":30},{"not_picked":["Bouncing Flask+1","Dagger Throw+1","Envenom"],"picked":"SKIP","floor":31},{"not_picked":["Wraith Form v2","Night Terror+1"],"picked":"Phantasmal Killer+1","floor":33},{"not_picked":["Deadly Poison+1","Outmaneuver+1","Flechettes"],"picked":"SKIP","floor":35},{"not_picked":["Expertise+1","Bane+1"],"picked":"Backflip+1","floor":38},{"not_picked":["Bouncing Flask+1","Flying Knee+1","Dagger Throw+1"],"picked":"SKIP","floor":40},{"not_picked":["Outmaneuver+1","Deflect+1","Acrobatics+1"],"picked":"SKIP","floor":42},{"not_picked":["Underhanded Strike+1","Prepared+1"],"picked":"Accuracy+1","floor":44},{"not_picked":["Flying Knee","Poisoned Stab"],"picked":"Burst+1","floor":46},{"not_picked":["Bane","Choke","Accuracy"],"picked":"SKIP","floor":47},{"not_picked":["Dagger Spray+1","Slice+1"],"picked":"Cloak And Dagger+1","floor":48},{"not_picked":["Poisoned Stab+1","Accuracy+1"],"picked":"Phantasmal Killer+1","floor":48},{"not_picked":["Poisoned Stab","PiercingWail+1"],"picked":"Leg Sweep+1","floor":48}],"player_experience":89987,"relics_obtained":[{"floor":6.0,"key":"Toxic Egg 2"},{"floor":9.0,"key":"Pen Nib"},{"floor":24.0,"key":"Tiny Chest"},{"floor":26.0,"key":"Matryoshka"},{"floor":27,"key":"Red Mask"},{"floor":40,"key":"Bag of Marbles"}],"event_choices":[{"damage_healed":56.0,"max_hp_gain":0.0,"max_hp_loss":70.0,"gold_gain":0.0,"event_name":"betterThird:BetterShining","player_choice":"Embrace","floor":13.0,"gold_loss":0.0,"damage_taken":0.0},{"damage_healed":0.0,"max_hp_gain":0.0,"max_hp_loss":0.0,"gold_gain":0.0,"event_name":"Duplicator","player_choice":"Copied","floor":19.0,"gold_loss":0.0,"damage_taken":0.0,"cards_obtained":["Cloak And Dagger"]},{"damage_healed":0,"gold_gain":0,"player_choice":"Fought Bandits","damage_taken":0,"max_hp_gain":0,"max_hp_loss":0,"event_name":"Masked Bandits","floor":27,"gold_loss":0},{"damage_healed":0,"gold_gain":0,"player_choice":"Simplicity","damage_taken":0,"max_hp_gain":0,"max_hp_loss":8,"event_name":"betterThird:BetterWriting","floor":28,"gold_loss":0},{"damage_healed":0,"gold_gain":0,"player_choice":"Ignored","damage_taken":0,"max_hp_gain":0,"max_hp_loss":0,"event_name":"Tomb of Lord Red Mask","floor":36,"gold_loss":0}],"is_beta":false,"boss_relics":[{"not_picked":["SacredBark","HoveringKite"],"picked":"Sozu"},{"not_picked":["Calling Bell","Snecko Eye"],"picked":"Cursed Key"}],"items_purged_floors":[10,20,37],"is_endless":false,"potions_floor_spawned":[1,3,5,12,14,21,24,29,31,40,42,46,47],"ascension_level":0}}