{"host":"xkmvu47k9fdstweo","time":1613614562,"event":{"mods":["BaseMod","Colored Map","Conspire","Hubris","Minty Spire (QoL Compilation)","Quick Restart","Shop Mod","StSLib"],"gold_per_floor":[110,110,110,110,210,210,237,237,237,264,264,274,289,300,300,400,400,410,410,410,146,161,192,203,203,203,203,47,47,77,87,87,87,87],"floor_reached":33,"language":"ENG","playtime":932,"items_purged":[],"score":494,"play_id":"d09144da-33c8-4a94-b08a-f7b84e722fb2","local_time":"20210217211602","is_ascension_mode":true,"campfire_choices":[{"data":"Cold Snap","floor":6.0,"key":"SMITH"},{"data":"Dualcast","floor":8.0,"key":"SMITH"},{"data":"Gash","floor":11.0,"key":"SMITH"},{"data":"Echo Form","floor":15.0,"key":"SMITH"},{"floor":25.0,"key":"REST"},{"data":"hubris:DuctTapeCard","floor":27.0,"key":"SMITH"},{"floor":32,"key":"REST"}],"circlet_count":0,"master_deck":["Strike_B","Strike_B","Strike_B","Strike_B","Defend_B","Defend_B","Defend_B","Zap+1","Dualcast+1","Cold Snap+1","Storm","Gash+1","All For One","Ball Lightning","Echo Form+1","Seek","Compile Driver","Chill","Creative AI","Gash","FTL","Coolheaded","White Noise+1","hubris:DuctTapeCard","Sweeping Beam+1"],"relics":["Cracked Core","NeowsBlessing","TungstenRod","hubris:MedicalManual","Du-Vu Doll","Inserter","hubris:Towel","hubris:CuriousFeather","hubris:DuctTape","Omamori","MutagenicStrength","Pantograph"],"acts_visited":["Exordium","TheCity"],"potions_floor_usage":[31],"damage_taken":[{"damage":0.0,"enemies":"Jaw Worm","floor":1.0,"turns":1.0},{"damage":0.0,"enemies":"3 Sentries","floor":7.0,"turns":1.0},{"damage":0.0,"enemies":"Gremlin Nob","floor":10.0,"turns":1.0},{"damage":4.0,"enemies":"Small Slimes","floor":12.0,"turns":3.0},{"damage":0.0,"enemies":"2 Louse","floor":13.0,"turns":2.0},{"damage":7.0,"enemies":"Gremlin Gang","floor":14.0,"turns":3.0},{"damage":35.0,"enemies":"Hexaghost","floor":16.0,"turns":10.0},{"damage":22.0,"enemies":"Chosen","floor":18.0,"turns":5.0},{"damage":0.0,"enemies":"3 Byrds","floor":22.0,"turns":6.0},{"damage":7.0,"enemies":"conspire:Head Lice","floor":23.0,"turns":7.0},{"damage":34.0,"enemies":"Snecko","floor":24.0,"turns":7.0},{"damage":42.0,"enemies":"Slavers","floor":30.0,"turns":7.0},{"damage":0,"enemies":"Sentry and Sphere","floor":31,"turns":6},{"damage":56,"enemies":"Automaton","floor":33,"turns":6}],"seed_played":"-3890416573427362472","potions_obtained":[{"floor":14.0,"key":"Swift Potion"},{"floor":18.0,"key":"Fire Potion"},{"floor":30.0,"key":"GamblersBrew"}],"is_trial":false,"path_per_floor":["M","?","?","?","?","R","E","R","T","E","R","M","M","M","R","B",null,"M","?","?","$","M","E","M","R","T","R","$","?","E","M","R","B"],"character_chosen":"DEFECT","items_purchased":["Chill","Creative AI","Conserve Battery","Omamori"],"campfire_rested":2,"item_purchase_floors":[21,21,21,28],"current_hp_per_floor":[68,68,68,68,68,68,68,68,68,68,68,64,64,57,57,22,62,40,65,65,65,65,58,24,46,46,46,46,46,4,4,26,0,0],"gold":87,"neow_bonus":"THREE_ENEMY_KILL","is_daily":false,"chose_seed":false,"campfire_upgraded":5,"win_rate":0.0,"timestamp":1613614562,"path_taken":["M","?","?","?","?","R","E","R","T","E","R","M","M","?","R","BOSS","M","?","?","?","?","E","M","R","T","R","$","?","E","M","R","BOSS"],"items_purchased_type":["Card","Card","Card","Relic"],"build_version":"2020-12-22","purchased_purges":0,"victory":false,"max_hp_per_floor":[75,75,75,75,75,75,75,75,75,75,75,75,75,75,75,75,75,75,75,75,75,75,75,75,75,75,75,75,75,75,75,75,75,75],"card_choices":[{"not_picked":["Redo","Steam"],"picked":"Cold Snap","floor":1.0},{"not_picked":["Heatsinks","Steam"],"picked":"Storm","floor":7.0},{"not_picked":["Steam Power","Sweeping Beam"],"picked":"Gash","floor":10.0},{"not_picked":["Genetic Algorithm","Hologram"],"picked":"All For One","floor":12.0},{"not_picked":["Beam Cell","Turbo"],"picked":"Ball Lightning","floor":13.0},{"not_picked":["Turbo","Gash"],"picked":"Echo Form","floor":14.0},{"not_picked":["Hyperbeam","Meteor Strike"],"picked":"Seek","floor":16.0},{"not_picked":["Ball Lightning","Redo"],"picked":"Compile Driver","floor":18.0},{"not_picked":["Darkness+1","hubris:Ukulele"],"picked":"Gash","floor":22.0},{"not_picked":["Beam Cell+1","Compile Driver"],"picked":"FTL","floor":23.0},{"not_picked":["Beam Cell","Ball Lightning"],"picked":"Coolheaded","floor":24.0},{"not_picked":["Sweeping Beam+1","Multi-Cast"],"picked":"White Noise+1","floor":30.0},{"not_picked":["Steam Power","FTL"],"picked":"Sweeping Beam+1","floor":31}],"player_experience":322211,"relics_obtained":[{"floor":7.0,"key":"TungstenRod"},{"floor":9.0,"key":"hubris:MedicalManual"},{"floor":10.0,"key":"Du-Vu Doll"},{"floor":23.0,"key":"hubris:CuriousFeather"},{"floor":26.0,"key":"hubris:DuctTape"},{"floor":30.0,"key":"Pantograph"}],"event_choices":[{"damage_healed":0.0,"max_hp_gain":0.0,"max_hp_loss":0.0,"gold_gain":0.0,"event_name":"Liars Game","player_choice":"Ignored","floor":2.0,"gold_loss":0.0,"damage_taken":0.0},{"damage_healed":0.0,"max_hp_gain":0.0,"max_hp_loss":0.0,"gold_gain":0.0,"event_name":"Living Wall","player_choice":"Grow","floor":4.0,"gold_loss":0.0,"damage_taken":0.0,"cards_upgraded":["Zap"]},{"damage_healed":0.0,"max_hp_gain":0.0,"max_hp_loss":0.0,"gold_gain":100.0,"event_name":"Golden Shrine","player_choice":"Pray","floor":5.0,"gold_loss":0.0,"damage_taken":0.0},{"damage_healed":25.0,"max_hp_gain":0.0,"max_hp_loss":0.0,"gold_gain":0.0,"event_name":"The Library","player_choice":"Heal","floor":19.0,"gold_loss":0.0,"damage_taken":0.0},{"damage_healed":0.0,"max_hp_gain":0.0,"max_hp_loss":0.0,"gold_gain":0.0,"event_name":"Drug Dealer","player_choice":"Inject Mutagens","floor":29.0,"gold_loss":0.0,"damage_taken":0.0,"relics_obtained":["MutagenicStrength"]}],"is_beta":false,"boss_relics":[{"not_picked":["hubris:BlackHole","SlaversCollar"],"picked":"Inserter"}],"items_purged_floors":[],"is_endless":false,"potions_floor_spawned":[14,18,30],"killed_by":"Automaton","ascension_level":9}}