{"host":"cpfinhn7bq57frv3","time":1613633503,"event":{"mods":["BaseMod","Minty Spire (QoL Compilation)","Quick Restart"],"gold_per_floor":[111,121,121,131,147,173,183,183,183,183,215,226,226,250,250,351,351,369,400,411,167,167,167,17,37,61,72,72,107,207,207,207],"floor_reached":31,"language":"KOR","playtime":1294,"items_purged":["Strike_R","Strike_R"],"score":305,"play_id":"192b29cf-5be5-4bfb-9855-2f91fefa4549","local_time":"20210218163143","is_ascension_mode":true,"campfire_choices":[{"data":"The Bomb","floor":8.0,"key":"SMITH"},{"data":"Seeing Red","floor":10.0,"key":"SMITH"},{"floor":13.0,"key":"REST"},{"data":"Entrench","floor":15.0,"key":"SMITH"},{"floor":23.0,"key":"REST"}],"circlet_count":0,"master_deck":["Strike_R","Strike_R","Defend_R","Defend_R","Defend_R","Defend_R","Bash","The Bomb+1","Iron Wave","Entrench+1","Dark Embrace","Seeing Red+1","Evolve","Headbutt","Offering","Combust","Master of Strategy","True Grit","Sentinel","Dual Wield"],"relics":["Black Blood","Letter Opener","Gremlin Horn","Regal Pillow","Red Mask","Strawberry","Bottled Tornado","TungstenRod","Singing Bowl"],"acts_visited":["Exordium","TheCity"],"potions_floor_usage":[31],"damage_taken":[{"damage":12.0,"enemies":"Small Slimes","floor":1.0,"turns":3.0},{"damage":0.0,"enemies":"Cultist","floor":2.0,"turns":3.0},{"damage":0.0,"enemies":"2 Louse","floor":4.0,"turns":4.0},{"damage":7.0,"enemies":"Looter","floor":5.0,"turns":3.0},{"damage":25.0,"enemies":"Lagavulin","floor":6.0,"turns":7.0},{"damage":18.0,"enemies":"Exordium Thugs","floor":7.0,"turns":5.0},{"damage":15.0,"enemies":"3 Sentries","floor":11.0,"turns":4.0},{"damage":6.0,"enemies":"Blue Slaver","floor":12.0,"turns":4.0},{"damage":37.0,"enemies":"The Guardian","floor":16.0,"turns":8.0},{"damage":16.0,"enemies":"Spheric Guardian","floor":18.0,"turns":4.0},{"damage":27.0,"enemies":"Masked Bandits","floor":19.0,"turns":4.0},{"damage":51.0,"enemies":"Shell Parasite","floor":20.0,"turns":6.0},{"damage":35.0,"enemies":"Shelled Parasite and Fungi","floor":25.0,"turns":4.0},{"damage":7.0,"enemies":"3 Cultists","floor":27.0,"turns":3.0},{"damage":23.0,"enemies":"Slavers","floor":29.0,"turns":3.0},{"damage":9.0,"enemies":"Colosseum Slavers","floor":30.0,"turns":4.0},{"damage":39.0,"enemies":"Colosseum Nobs","floor":30.0,"turns":4.0},{"damage":29,"enemies":"Snecko","floor":31,"turns":3}],"seed_played":"-2948806818076858555","potions_obtained":[{"floor":2.0,"key":"GamblersBrew"},{"floor":11.0,"key":"Energy Potion"},{"floor":16.0,"key":"Fire Potion"},{"floor":20.0,"key":"SteroidPotion"},{"floor":22.0,"key":"Block Potion"},{"floor":22.0,"key":"LiquidMemories"},{"floor":27.0,"key":"EssenceOfSteel"},{"floor":29.0,"key":"ColorlessPotion"}],"is_trial":false,"path_per_floor":["M","M","?","M","M","E","M","R","T","R","E","M","R","T","R","B",null,"M","?","M","$","?","R","$","M","T","M","$","E","?","M"],"character_chosen":"IRONCLAD","items_purchased":["Master of Strategy","True Grit"],"campfire_rested":2,"item_purchase_floors":[21,24],"current_hp_per_floor":[50,56,56,62,61,42,30,30,30,30,21,21,45,45,45,14,80,76,61,22,22,22,61,61,38,45,50,50,39,17,0,0],"gold":207,"neow_bonus":"RANDOM_COLORLESS_2","is_daily":false,"chose_seed":false,"campfire_upgraded":3,"win_rate":0.0,"timestamp":1613633503,"path_taken":["M","M","?","?","M","E","M","R","T","R","E","M","R","?","R","BOSS","M","?","M","$","?","R","$","?","T","M","?","E","?","M"],"items_purchased_type":["Card","Card"],"build_version":"2020-12-22","purchased_purges":2,"victory":false,"max_hp_per_floor":[80,80,80,80,80,80,80,80,80,80,80,80,80,80,80,80,80,80,80,80,80,80,80,80,80,87,87,87,87,89,89,89],"card_choices":[{"not_picked":["Chrysalis","Apotheosis"],"picked":"The Bomb","floor":0.0},{"not_picked":["Body Slam","Flex"],"picked":"Iron Wave","floor":1.0},{"not_picked":["Carnage","Pummel"],"picked":"Entrench","floor":2.0},{"not_picked":["Reckless Charge","Clothesline"],"picked":"Dark Embrace","floor":4.0},{"not_picked":["Heavy Blade","Inflame"],"picked":"Seeing Red","floor":5.0},{"not_picked":["Anger","Hemokinesis"],"picked":"Evolve","floor":6.0},{"not_picked":["Pommel Strike","Immolate"],"picked":"Headbutt","floor":7.0},{"not_picked":["Dropkick","Fiend Fire","Iron Wave"],"picked":"SKIP","floor":11.0},{"not_picked":["Anger","Havoc","Pommel Strike"],"picked":"SKIP","floor":12.0},{"not_picked":["Juggernaut","Reaper"],"picked":"Offering","floor":16.0},{"not_picked":["Perfected Strike+1","Thunderclap"],"picked":"Combust","floor":18.0},{"not_picked":["Searing Blow","Iron Wave","Flex"],"picked":"SKIP","floor":20.0},{"not_picked":["Wild Strike","Clash","Thunderclap"],"picked":"SKIP","floor":25.0},{"not_picked":["Warcry","Blood for Blood+1"],"picked":"Sentinel","floor":27.0},{"not_picked":["Warcry","Heavy Blade"],"picked":"Dual Wield","floor":29.0},{"not_picked":["Clothesline","Evolve","Double Tap"],"picked":"Singing Bowl","floor":30.0}],"player_experience":41547,"relics_obtained":[{"floor":6.0,"key":"Letter Opener"},{"floor":11.0,"key":"Gremlin Horn"},{"floor":14.0,"key":"Regal Pillow"},{"floor":19.0,"key":"Red Mask"},{"floor":26.0,"key":"Strawberry"},{"floor":29.0,"key":"Bottled Tornado"},{"floor":30.0,"key":"TungstenRod"},{"floor":30.0,"key":"Singing Bowl"}],"event_choices":[{"cards_removed":["Strike_R"],"damage_healed":0.0,"max_hp_gain":0.0,"max_hp_loss":0.0,"gold_gain":0.0,"event_name":"Purifier","player_choice":"Purged","floor":3.0,"gold_loss":0.0,"damage_taken":0.0},{"damage_healed":0.0,"max_hp_gain":0.0,"max_hp_loss":0.0,"gold_gain":0.0,"event_name":"Masked Bandits","player_choice":"Fought Bandits","floor":19.0,"gold_loss":0.0,"damage_taken":0.0},{"damage_healed":0.0,"max_hp_gain":0.0,"max_hp_loss":0.0,"gold_gain":0.0,"event_name":"Lab","player_choice":"Got Potions","floor":22.0,"gold_loss":0.0,"damage_taken":0.0},{"damage_healed":0.0,"max_hp_gain":0.0,"max_hp_loss":0.0,"gold_gain":0.0,"event_name":"Colosseum","player_choice":"Fight","floor":30.0,"gold_loss":0.0,"damage_taken":0.0},{"damage_healed":0.0,"max_hp_gain":0.0,"max_hp_loss":0.0,"gold_gain":0.0,"event_name":"Colosseum","player_choice":"Fought Nobs","floor":30.0,"gold_loss":0.0,"damage_taken":0.0}],"is_beta":false,"boss_relics":[{"not_picked":["Black Star","Cursed Key"],"picked":"Black Blood"}],"items_purged_floors":[21,24],"is_endless":false,"potions_floor_spawned":[2,11,16,20,27,29,30],"killed_by":"Snecko","ascension_level":3}}