{"host":"qc1sjgtdjonvdsd8","time":1613675152,"event":{"mods":["BaseMod","Colored Map","Colored Powertips","Curses Come First","Minty Spire (QoL Compilation)","StSLib"],"gold_per_floor":[116,116,131,151,151,151,176,196,222,222,233,233,233,262,262,262,262],"floor_reached":16,"language":"ENG","playtime":871,"items_purged":[],"score":132,"play_id":"8dd8710e-7f28-4ed3-82da-85f3973ffc9d","local_time":"20210218110552","is_ascension_mode":true,"campfire_choices":[{"data":"Cleave","floor":6,"key":"SMITH"},{"data":"Inflame","floor":10,"key":"SMITH"},{"data":"Impervious","floor":13,"key":"SMITH"},{"floor":15,"key":"REST"}],"circlet_count":0,"master_deck":["Strike_R","Strike_R","Strike_R","Strike_R","Strike_R","Defend_R","Defend_R","Defend_R","Defend_R","Bash","Cleave+1","Entrench+1","Inflame","Ghostly Armor","Inflame+1","Impervious+1","Evolve"],"relics":["Burning Blood","Omamori","Blood Vial","Happy Flower"],"acts_visited":["Exordium"],"potions_floor_usage":[7,11,14],"damage_taken":[{"damage":5,"enemies":"Small Slimes","floor":1,"turns":4},{"damage":3,"enemies":"Cultist","floor":3,"turns":3},{"damage":5,"enemies":"2 Louse","floor":4,"turns":3},{"damage":25,"enemies":"3 Sentries","floor":7,"turns":7},{"damage":14,"enemies":"Red Slaver","floor":8,"turns":3},{"damage":5,"enemies":"Gremlin Gang","floor":11,"turns":2},{"damage":24,"enemies":"Lagavulin","floor":14,"turns":8},{"damage":67,"enemies":"Hexaghost","floor":16,"turns":10}],"seed_played":"8086504335644540090","potions_obtained":[{"floor":1,"key":"FearPotion"},{"floor":3,"key":"Block Potion"},{"floor":8,"key":"LiquidMemories"}],"is_trial":false,"path_per_floor":["M","?","M","M","?","R","E","M","T","R","M","?","R","E","R","B"],"character_chosen":"IRONCLAD","items_purchased":[],"campfire_rested":1,"item_purchase_floors":[],"current_hp_per_floor":[80,80,80,80,80,80,61,53,53,53,56,56,56,40,64,0,0],"gold":262,"neow_bonus":"THREE_CARDS","is_daily":false,"chose_seed":false,"campfire_upgraded":3,"win_rate":0.0,"timestamp":1613675152,"path_taken":["M","?","?","M","?","R","E","?","T","R","?","?","R","E","R","BOSS"],"items_purchased_type":[],"build_version":"2020-12-22","purchased_purges":0,"victory":false,"max_hp_per_floor":[80,80,80,80,80,80,80,80,80,80,80,80,80,80,80,80,80],"card_choices":[{"not_picked":["Headbutt","Warcry"],"picked":"Cleave","floor":0},{"not_picked":["Shrug It Off","Bloodletting"],"picked":"Entrench","floor":1},{"not_picked":["Warcry","Wild Strike"],"picked":"Inflame","floor":3},{"not_picked":["Clothesline","Blood for Blood","Clash"],"picked":"SKIP","floor":4},{"not_picked":["Seeing Red","Heavy Blade"],"picked":"Ghostly Armor","floor":7},{"not_picked":["Pommel Strike","Wild Strike"],"picked":"Inflame","floor":8},{"not_picked":["Rage","Heavy Blade"],"picked":"Impervious","floor":11},{"not_picked":["Ghostly Armor","Sword Boomerang"],"picked":"Evolve","floor":14}],"player_experience":289367,"relics_obtained":[{"floor":7,"key":"Omamori"},{"floor":9,"key":"Blood Vial"},{"floor":14,"key":"Happy Flower"}],"event_choices":[{"damage_healed":0,"gold_gain":0,"player_choice":"Cursed","damage_taken":0,"max_hp_gain":0,"max_hp_loss":0,"event_name":"Wheel of Change","floor":2,"gold_loss":0,"cards_obtained":["Decay"]},{"damage_healed":0,"gold_gain":0,"player_choice":"Upgraded","damage_taken":0,"max_hp_gain":0,"max_hp_loss":0,"event_name":"Upgrade Shrine","floor":5,"gold_loss":0,"cards_upgraded":["Entrench"]},{"cards_removed":["Decay"],"damage_healed":0,"gold_gain":0,"player_choice":"Purged","damage_taken":0,"max_hp_gain":0,"max_hp_loss":0,"event_name":"Purifier","floor":12,"gold_loss":0}],"is_beta":false,"boss_relics":[],"items_purged_floors":[],"is_endless":false,"potions_floor_spawned":[1,3,8],"killed_by":"Hexaghost","ascension_level":4}}