{"host":"4xlu242lhh766u2u","time":1613638130,"event":{"mods":["AchievementEnabler","BaseMod","BetterRewards","Colored Map","Colored Powertips","Downfall","Minty Spire (QoL Compilation)","Replay The Spire","Shop Mod","StSLib","everything is the same but u backflip on backflip"],"gold_per_floor":[113,130,86,86,101,130,130,156,179,192,222,222,13,47,116,212,212,231,506,519,533,458,483,483,502,502,140,140,140,15,32,32,127,127,140,158,208,208,208,208,240,260,260,295,295,295],"floor_reached":45,"language":"ENG","playtime":8148,"items_purged":["Regret","Doubt","Voices"],"score":1100,"play_id":"79fb71a0-39f8-4bf2-981b-38586812673e","local_time":"20210218094850","is_ascension_mode":true,"campfire_choices":[{"data":"Apotheosis","floor":7,"key":"SMITH"},{"data":"Heavy Blade","floor":24,"key":"SMITH"},{"data":"Limit Break","floor":28,"key":"SMITH"},{"data":"Sickly","floor":32,"key":"PURGE"},{"data":"Replay:BasicMightCard","floor":40,"key":"SMITH"}],"circlet_count":0,"master_deck":["Strike_R","Strike_R","Strike_R","Strike_R","Strike_R","Defend_R","Defend_R","Defend_R+1","Defend_R","Bash","Feed","Heavy Blade+1","Shockwave+1","Replay:Undeath\u0027s Touch","Twin Strike","Perfected Strike+1","Apotheosis+1","Anger","Flex","Flex","Limit Break+1","Rupture","Double Tap","Offering","Injury","Battle Trance","ReplayTheSpireMod:Muscle Training+1","Infernal Blade+1","Limit Break+1","Double Tap+1","Offering+1","Flex+1","Cleave+1","Pummel+1","Deep Breath","Replay:Bootleg Shield Generator","Replay:BasicMightCard+1","Bloodletting","Massacre","Reaper+1"],"relics":["Burning Blood","Vajra","Chemical X","MealTicket","Replay:Mystery Machine","ReplayTheSpireMod:CursedCoin","Pen Nib","Bag of Marbles","War Paint","Odd Mushroom","Toy Ornithopter","Replay:Ancient Bell","Strawberry","Golden Egg","Ice Cream","Boot","Question Card","Kunai","Runic Pyramid","Charon\u0027s Ashes","Bronze Scales","CaptainsWheel","Mummified Hand"],"acts_visited":["Exordium","TheCity","TheBeyond"],"potions_floor_usage":[8,16,16,16,25,33,42,44,44],"damage_taken":[{"damage":0,"enemies":"Small Slimes","floor":1,"turns":2},{"damage":6,"enemies":"Cultist","floor":2,"turns":6},{"damage":26,"enemies":"Jaw Worm","floor":5,"turns":7},{"damage":28,"enemies":"Gremlin Nob","floor":6,"turns":5},{"damage":28,"enemies":"3 Sentries","floor":8,"turns":4},{"damage":0,"enemies":"2 Fungi Beasts","floor":10,"turns":1},{"damage":0,"enemies":"The Mushroom Lair","floor":11,"turns":2},{"damage":0,"enemies":"Lagavulin","floor":14,"turns":3},{"damage":36,"enemies":"Hexaghost","floor":16,"turns":4},{"damage":30,"enemies":"2 Thieves","floor":18,"turns":3},{"damage":26,"enemies":"Spheric Guardian","floor":20,"turns":4},{"damage":24,"enemies":"Snake Plant","floor":21,"turns":2},{"damage":30,"enemies":"Gremlin Leader","floor":23,"turns":5},{"damage":21,"enemies":"Shelled Parasite and Fungi","floor":25,"turns":3},{"damage":12,"enemies":"Chosen and Byrds","floor":31,"turns":2},{"damage":42,"enemies":"Pondfish","floor":33,"turns":4},{"damage":35,"enemies":"3 Shapes","floor":35,"turns":4},{"damage":35,"enemies":"3 Darklings","floor":36,"turns":4},{"damage":22,"enemies":"Mind Bloom Boss Battle","floor":37,"turns":4},{"damage":37,"enemies":"Reptomancer","floor":41,"turns":3},{"damage":65,"enemies":"4 Shapes","floor":42,"turns":3},{"damage":17,"enemies":"R_Hoarder","floor":44,"turns":3},{"damage":13,"enemies":"Maw","floor":45,"turns":2}],"seed_played":"-5515740068728967459","potions_obtained":[{"floor":2,"key":"Venom Potion"},{"floor":4,"key":"Cursed Concoction"},{"floor":4,"key":"bronze:BurnAndBuffPotion"},{"floor":4,"key":"Fire Potion"},{"floor":10,"key":"Flashbang"},{"floor":16,"key":"BloodPotion"},{"floor":20,"key":"GamblersBrew"},{"floor":21,"key":"Explosive Potion"},{"floor":31,"key":"sneckomod:MuddlingPotion"},{"floor":33,"key":"ElixirPotion"},{"floor":41,"key":"Languid Potion"}],"is_trial":false,"path_per_floor":["M","M","$","?","M","E","R","E","T","M","?","?","$","E","R_BF","B",null,"M","?","M","M","$","E","R","M","T","$","R","?","$","M","R_BF","B",null,"M","M","?","?","?","R","E","M","T","E","M"],"character_chosen":"IRONCLAD","items_purchased":["Feed","Heavy Blade","Vajra","Shockwave","Chemical X","MealTicket","Replay:Mystery Machine","Replay:Undeath\u0027s Touch","ReplayTheSpireMod:CursedCoin","Apotheosis","Limit Break","Rupture","Kunai"],"campfire_rested":0,"item_purchase_floors":[0,0,0,0,0,0,0,0,3,3,13,13,27],"current_hp_per_floor":[49,52,67,67,51,33,33,15,15,21,27,27,42,52,52,37,109,85,85,65,50,65,41,41,53,53,68,68,68,83,80,80,49,115,86,57,41,101,91,91,60,9,9,8,0,0],"gold":295,"neow_bonus":"","is_daily":false,"chose_seed":false,"campfire_upgraded":4,"win_rate":0.0,"timestamp":1613638130,"path_taken":["M","M","$","?","?","E","R","E","T","?","?","?","?","E","R_BF","BOSS","M","?","?","M","$","E","R","M","T","?","R","?","$","?","R_BF","BOSS","M","M","?","?","?","R","E","M","T","E","?"],"items_purchased_type":["Card","Card","Relic","Card","Relic","Relic","Relic","Card","Relic","Card","Card","Card","Relic"],"build_version":"2020-12-22","purchased_purges":3,"victory":false,"max_hp_per_floor":[83,86,86,86,90,94,94,98,98,98,98,98,98,102,102,102,109,109,109,109,112,112,112,112,112,112,112,112,112,112,115,115,115,115,115,115,115,101,101,101,101,104,104,104,104,104],"card_choices":[{"not_picked":["Entrench","Power Through"],"picked":"Twin Strike","floor":1},{"not_picked":["Thunderclap","Iron Wave"],"picked":"Perfected Strike","floor":2},{"not_picked":["Thunderclap","Cleave"],"picked":"Anger","floor":5},{"not_picked":["Clothesline","Dropkick"],"picked":"Flex","floor":6},{"not_picked":["Thunderclap","ReplayTheSpireMod:Strike From Hell"],"picked":"Flex","floor":8},{"not_picked":["Second Wind","Armaments","Clothesline"],"picked":"SKIP","floor":10},{"not_picked":["Twin Strike","Perfected Strike"],"picked":"Double Tap","floor":14},{"not_picked":["Berserk","Hemogenesis"],"picked":"Offering","floor":16},{"not_picked":["Normality","Voices"],"picked":"Sickly","floor":17},{"not_picked":["Doubt","Normality"],"picked":"Injury","floor":17},{"not_picked":["Delirium","downfall:Aged"],"picked":"Voices","floor":17},{"not_picked":["Perfected Strike","Dual Wield"],"picked":"Battle Trance","floor":18},{"not_picked":["Clothesline","Searing Blow+1","Pommel Strike"],"picked":"SKIP","floor":20},{"not_picked":["Clash","Flex"],"picked":"ReplayTheSpireMod:Muscle Training+1","floor":21},{"not_picked":["Clash+1","Flex"],"picked":"Infernal Blade+1","floor":23},{"not_picked":["Armaments+1","Iron Wave+1","Headbutt+1"],"picked":"SKIP","floor":25},{"not_picked":["Shrug It Off","Fire Breathing","Rupture"],"picked":"Double Tap","floor":31},{"not_picked":["Berserk","Brutality","Double Tap"],"picked":"Offering","floor":33},{"not_picked":["Rage","Twin Strike","Thunderclap+1"],"picked":"Flex+1","floor":35},{"not_picked":["ReplayTheSpireMod:Strike From Hell+1","Uppercut","True Grit"],"picked":"Cleave+1","floor":36},{"not_picked":["Clash+1","Carnage+1","Sword Boomerang"],"picked":"Pummel+1","floor":37},{"not_picked":["Specialist","Mayhem","HandOfGreed"],"picked":"Deep Breath","floor":39},{"not_picked":["ReplayTheSpireMod:Uncanny Aura","ReplayTheSpireMod:Necrogeddon","Magnetism"],"picked":"Replay:Bootleg Shield Generator","floor":39},{"not_picked":["Survey Options","Crow Ritual","Replay:Sssssssssshield"],"picked":"Replay:BasicMightCard","floor":39},{"not_picked":["Clash+1","Clothesline","Burning Pact"],"picked":"Bloodletting","floor":41},{"not_picked":["Headbutt","Clothesline+1","Cleave+1"],"picked":"Massacre","floor":42},{"not_picked":["Twin Strike+1","Entrench","Dark Embrace+1"],"picked":"Reaper","floor":44}],"player_experience":24938,"relics_obtained":[{"floor":6,"key":"Pen Nib"},{"floor":8,"key":"Bag of Marbles"},{"floor":9,"key":"War Paint"},{"floor":11,"key":"Odd Mushroom"},{"floor":14,"key":"Toy Ornithopter"},{"floor":23,"key":"Boot"},{"floor":26,"key":"Question Card"},{"floor":37,"key":"Charon\u0027s Ashes"},{"floor":41,"key":"Bronze Scales"},{"floor":43,"key":"CaptainsWheel"},{"floor":44,"key":"Mummified Hand"}],"event_choices":[{"damage_healed":0,"gold_gain":0,"player_choice":"Got Potions","damage_taken":0,"max_hp_gain":0,"max_hp_loss":0,"event_name":"Lab","floor":4,"gold_loss":0},{"damage_healed":0,"gold_gain":0,"player_choice":"Fought Mushrooms","damage_taken":0,"max_hp_gain":0,"max_hp_loss":0,"event_name":"Mushrooms","floor":11,"gold_loss":0},{"damage_healed":0,"gold_gain":275,"player_choice":"Desecrate","damage_taken":0,"max_hp_gain":0,"max_hp_loss":0,"event_name":"Golden Shrine","floor":19,"gold_loss":0,"cards_obtained":["Regret"]},{"damage_healed":0,"gold_gain":0,"player_choice":"Copied","damage_taken":0,"max_hp_gain":0,"max_hp_loss":0,"event_name":"Duplicator","floor":29,"gold_loss":0,"cards_obtained":["Limit Break"]},{"damage_healed":0,"gold_gain":0,"player_choice":"Fight","damage_taken":0,"max_hp_gain":0,"max_hp_loss":0,"event_name":"MindBloom","floor":37,"gold_loss":0},{"damage_healed":101,"gold_gain":0,"player_choice":"Heal","damage_taken":0,"max_hp_gain":0,"max_hp_loss":14,"event_name":"The Moai Head","floor":38,"gold_loss":0},{"damage_healed":0,"gold_gain":0,"player_choice":"Memory 3","damage_taken":10,"max_hp_gain":0,"max_hp_loss":0,"event_name":"SensoryStone","floor":39,"gold_loss":0}],"is_beta":false,"boss_relics":[{"not_picked":["Cursed Key","Mark of Pain"],"picked":"Replay:Ancient Bell"},{"not_picked":["Art of War","Centennial Puzzle"],"picked":"Strawberry"},{"not_picked":["Frozen Egg 2","Iron Hammer"],"picked":"Golden Egg"},{"not_picked":["Another Sword","Du-Vu Doll"],"picked":"Ice Cream"},{"not_picked":["Runic Dome","Sozu"],"picked":"Runic Pyramid"}],"items_purged_floors":[22,27,30],"is_endless":false,"potions_floor_spawned":[2,10,14,16,20,21,31,33,37,41],"killed_by":"Maw","ascension_level":2}}