{"host":"56xwnffi6e9z5l58","time":1613669347,"event":{"mods":["Aspiration","BaseMod","Better Match","Better Note","Better Sensory Stone","BetterRewards","Colored Map","Colored Powertips","Conspire","Downfall","GifTheSpireLib","Hermit","Highlight Path","Hubris","Infinite Spire","Key Reminder","Minty Spire (QoL Compilation)","Permanent Neow","Quick Restart","Rare Cards Sparkle","Replay The Spire","StSLib","Stuff the Spire","SuperFastMode","Unceasing Turn Reminder"],"gold_per_floor":[113,113,113,125,50,50,85,85,85,105,125,204,224,224,224,350,350,378,378,378,35,35,35,67,67,67,81,119,145,145,220,220,220,220],"floor_reached":33,"language":"ENG","playtime":908,"items_purged":["StuffTheSpire:CuriosityCurse","Injury"],"score":305,"play_id":"8f214fbb-e945-452c-ad67-9ec2d4b33e1d","local_time":"20210219012907","is_ascension_mode":true,"campfire_choices":[{"data":"hermit:Dive","floor":6,"key":"SMITH"},{"data":"hermit:Snapshot","floor":8,"key":"SMITH"},{"data":"hermit:Scavenge","floor":15,"key":"SMITH"},{"data":"hermit:DeadOrAlive","floor":23,"key":"SMITH"},{"data":"hermit:Gambit","floor":25,"key":"SMITH"},{"floor":32,"key":"REST"}],"circlet_count":0,"master_deck":["hermit:Strike_Hermit","hermit:Strike_Hermit","hermit:Strike_Hermit","hermit:Strike_Hermit","hermit:Defend_Hermit","hermit:Defend_Hermit","hermit:Defend_Hermit","hermit:Defend_Hermit","hermit:Snapshot+1","hermit:Covet","hermit:Dive+1","hermit:Deadeye","hermit:Quickdraw","hermit:Gambit+1","hermit:Scavenge+1","ReplayTheSpireMod:Splinters","hermit:Grudge+1","hermit:Glare","hermit:DeadOrAlive+1","hermit:Snipe+1","hermit:Combo","Pain","StuffTheSpire:Brawn","hermit:Combo","Spreading Infection","StuffTheSpire:Perfection","hermit:Horror"],"relics":["hermit:Momento","NeowsBlessing","infinitespire:Satchel","aspiration:HiddenCompartment","Guardian:PocketSentry","conspire:BottledYoYo","Simple Rune","Golden Idol","Sozu","StuffTheSpire:Saxophone","StuffTheSpire:Experiment12","White Beast Statue","ReplayTheSpireMod:Ring of Challenge","Ring of Fangs","hermit:RedScarf"],"acts_visited":["Exordium","TheCity"],"potions_floor_usage":[31],"damage_taken":[{"damage":0,"enemies":"Cultist","floor":1,"turns":1},{"damage":0,"enemies":"Small Slimes","floor":4,"turns":2},{"damage":0,"enemies":"Gremlin Nob","floor":7,"turns":1},{"damage":0,"enemies":"2 Louse","floor":10,"turns":2},{"damage":7,"enemies":"Large Slime","floor":11,"turns":4},{"damage":8,"enemies":"Exordium Thugs","floor":13,"turns":4},{"damage":20,"enemies":"Hexaghost","floor":16,"turns":11},{"damage":6,"enemies":"Shell Parasite","floor":18,"turns":4},{"damage":9,"enemies":"Chosen","floor":24,"turns":5},{"damage":19,"enemies":"Snake Plant","floor":27,"turns":4},{"damage":7,"enemies":"Snecko","floor":28,"turns":6},{"damage":14,"enemies":"Sentry and Sphere","floor":29,"turns":4},{"damage":16,"enemies":"Book of Stabbing","floor":31,"turns":6},{"damage":45,"enemies":"Collector","floor":33,"turns":6}],"seed_played":"349106838280087195","potions_obtained":[{"floor":10,"key":"LifebloodPotion"},{"floor":11,"key":"hermit:Tonic"},{"floor":12,"key":"ColorlessPotion"}],"is_trial":false,"path_per_floor":["M","?","?","M","$","R","E","R","T","M","M","?","M","?","R","B",null,"M","?","?","$","?","R","M","R","T","M","M","M","?","E","R","B"],"character_chosen":"HERMIT","items_purchased":["StuffTheSpire:Saxophone","hermit:Snipe","hermit:Combo"],"campfire_rested":1,"item_purchase_floors":[21,21,21],"current_hp_per_floor":[75,75,72,72,72,72,72,72,72,72,65,65,57,57,57,37,75,69,69,69,69,69,69,60,60,60,41,34,20,20,4,26,0,0],"gold":220,"neow_bonus":"THREE_ENEMY_KILL","is_daily":false,"chose_seed":false,"campfire_upgraded":5,"win_rate":0.0,"timestamp":1613669347,"path_taken":["M","?","?","M","$","R","E","R","T","M","M","?","M","?","R","BOSS","M","?","?","$","?","R","M","R","T","?","?","M","?","E","R","BOSS"],"items_purchased_type":["Relic","Card","Card"],"build_version":"2020-12-22","purchased_purges":2,"victory":false,"max_hp_per_floor":[75,75,75,75,75,75,75,75,75,75,75,75,75,75,75,75,75,75,75,75,75,75,75,75,75,75,75,75,75,75,75,75,75,75],"card_choices":[{"not_picked":["hermit:DeadMansHand","hermit:Vantage"],"picked":"hermit:Dive","floor":1},{"not_picked":["hermit:Vantage","hermit:HighCaliber"],"picked":"hermit:Deadeye","floor":4},{"not_picked":["hermit:Coalescence","hermit:Ricochet"],"picked":"hermit:Quickdraw","floor":7},{"not_picked":["hermit:Misfire","hermit:BodyArmor"],"picked":"hermit:Gambit","floor":10},{"not_picked":["hermit:EyeOfTheStorm","hermit:Glare"],"picked":"hermit:Scavenge","floor":11},{"not_picked":["hermit:Quickdraw","hermit:Shortfuse"],"picked":"hermit:Grudge","floor":12},{"not_picked":["hermit:Showdown","hermit:Vantage"],"picked":"hermit:Glare","floor":13},{"not_picked":["hermit:OverwhelmingPower","hermit:BlackWind"],"picked":"hermit:DeadOrAlive","floor":16},{"not_picked":["hermit:Showdown+1","hermit:Headshot","hermit:CalledShot"],"picked":"SKIP","floor":18},{"not_picked":["hermit:SprayPray","hermit:Headshot","hermit:HighCaliber"],"picked":"SKIP","floor":24},{"not_picked":["hermit:Desperado","hermit:CalledShot+1"],"picked":"hermit:Combo","floor":27},{"not_picked":["hermit:CalledShot","hermit:Glare","hermit:Desperado"],"picked":"SKIP","floor":28},{"not_picked":["hermit:BodyArmor","hermit:Misfire","hermit:NoHoldsBarred"],"picked":"SKIP","floor":29},{"not_picked":["hermit:HighCaliber+1","hermit:Dive"],"picked":"hermit:Horror","floor":31}],"player_experience":1044990,"relics_obtained":[{"floor":7,"key":"Guardian:PocketSentry"},{"floor":9,"key":"conspire:BottledYoYo"},{"floor":12,"key":"Simple Rune"},{"floor":26,"key":"White Beast Statue"},{"floor":30,"key":"ReplayTheSpireMod:Ring of Challenge"},{"floor":30,"key":"Ring of Fangs"},{"floor":31,"key":"hermit:RedScarf"}],"event_choices":[{"damage_healed":0,"gold_gain":0,"player_choice":"Success","damage_taken":3,"relics_obtained":["aspiration:HiddenCompartment"],"max_hp_gain":0,"max_hp_loss":0,"event_name":"Scrap Ooze","floor":3,"gold_loss":0},{"damage_healed":0,"gold_gain":0,"player_choice":"Take Wound","damage_taken":0,"relics_obtained":["Golden Idol"],"max_hp_gain":0,"max_hp_loss":0,"event_name":"Golden Idol","floor":14,"gold_loss":0,"cards_obtained":["Injury"]},{"damage_healed":0,"gold_gain":0,"player_choice":"Ignored","damage_taken":0,"max_hp_gain":0,"max_hp_loss":0,"event_name":"Ghosts","floor":19,"gold_loss":0},{"damage_healed":0,"gold_gain":0,"player_choice":"Ignored","damage_taken":0,"max_hp_gain":0,"max_hp_loss":0,"event_name":"Vampires","floor":20,"gold_loss":0}],"is_beta":false,"boss_relics":[{"not_picked":["ChewingGum","aspiration:SecretTechniqueScroll"],"picked":"Sozu"}],"items_purged_floors":[5,21],"is_endless":false,"potions_floor_spawned":[10,11,13,16,27,28,29,31],"killed_by":"Collector","ascension_level":1}}