{"host":"n1v11un6j7y72mz7","time":1613631526,"event":{"mods":["Act Like it!","BaseMod","Downfall","Minty Spire (QoL Compilation)","Reliquary","StSLib","The Animator","Waifu the Spire"],"gold_per_floor":[119,136,151,8,26,26,60,60,80,105,405,65,82,107,107,124,124,226,226,237,253,175,185,100,21,21,21,52,52,63,88,88,108,137,150,181,196,196,196,196,196],"floor_reached":39,"language":"ZHS","playtime":1929,"items_purged":["Slimebound:Defend_Slimebound"],"score":397,"play_id":"51c888ed-a021-4985-8dca-20a25d9ca098","local_time":"20210218145846","is_ascension_mode":true,"campfire_choices":[{"floor":6,"key":"DIG"},{"data":"Slimebound:LeechEnergy","floor":8,"key":"SMITH"},{"floor":15,"key":"REST"},{"data":"Slimebound:HauntingLick","floor":17,"key":"SMITH"},{"data":"Slimebound:GoopSpray","floor":27,"key":"SMITH"},{"floor":29,"key":"DIG"},{"data":"Slimebound:LeadByExample","floor":38,"key":"SMITH"}],"circlet_count":0,"master_deck":["Slimebound:Strike_Slimebound","Slimebound:Strike_Slimebound","Slimebound:Strike_Slimebound","Slimebound:Tackle","Slimebound:Defend_Slimebound","Slimebound:Defend_Slimebound","Slimebound:Defend_Slimebound","Slimebound:Split","Slimebound:CorrosiveSpit","Slimebound:ViciousTackle","Slimebound:RejuvenatingLick","Slimebound:ComboTackle","Slimebound:LeechEnergy+1","Slimebound:LivingWall","Slimebound:LeechingTouch","Slimebound:Gluttony","Slimebound:TongueLash+1","Slimebound:LeechEnergy+1","Slimebound:LeechLife","Slimebound:HauntingLick+1","Slimebound:RallyTheTroops","Slimebound:Schlurp","Slimebound:LeadByExample+1","Slimebound:GoopSpray+1","Slimebound:Equalize","Slimebound:SamplingLick","Slimebound:SplitLeeching","Slimebound:DisruptingSlam+1","Slimebound:PressTheAttack+1","Slimebound:FormOfPuddle","Slimebound:RainOfGoop","Slimebound:RejuvenatingLick+1"],"relics":["Slimebound:AbsorbEndCombat","Shovel","Bag of Marbles","reliquary:RosewoodLute","reliquary:Spinner","Old Coin","Mango","Black Star","hexamod:Sixitude","Nloth\u0027s Gift","reliquary:BallBearing","reliquary:OuijaBoard","reliquary:TatteredRug","Whetstone","Question Card","bronze:DecasWashers","reliquary:Stiletto","Bottled Flame","Slimebound:SlimedSkullRelic"],"acts_visited":["Exordium","TheCity"],"potions_floor_usage":[5,7,14,18,28,30,30,36,39],"damage_taken":[{"damage":1,"enemies":"Cultist","floor":1,"turns":4},{"damage":1,"enemies":"2 Louse","floor":2,"turns":3},{"damage":9,"enemies":"Small Slimes","floor":3,"turns":2},{"damage":31,"enemies":"Exordium Thugs","floor":5,"turns":4},{"damage":9,"enemies":"3 Sentries","floor":7,"turns":8},{"damage":3,"enemies":"Looter","floor":9,"turns":2},{"damage":1,"enemies":"Blue Slaver","floor":13,"turns":4},{"damage":21,"enemies":"Gremlin Nob","floor":14,"turns":3},{"damage":9,"enemies":"3 Louse","floor":16,"turns":4},{"damage":27,"enemies":"Hexaghost","floor":18,"turns":8},{"damage":20,"enemies":"Chosen","floor":20,"turns":5},{"damage":18,"enemies":"3 Byrds","floor":21,"turns":6},{"damage":26,"enemies":"3 Cultists","floor":23,"turns":6},{"damage":3,"enemies":"Gremlin Leader","floor":28,"turns":6},{"damage":17,"enemies":"Cultist and Chosen","floor":30,"turns":5},{"damage":9,"enemies":"Centurion and Healer","floor":33,"turns":5},{"damage":37,"enemies":"Slavers","floor":34,"turns":10},{"damage":0,"enemies":"3 Cultists","floor":35,"turns":5},{"damage":53,"enemies":"Book of Stabbing","floor":36,"turns":6},{"damage":14,"enemies":"Snecko","floor":37,"turns":4},{"damage":44,"enemies":"Collector","floor":39,"turns":5}],"seed_played":"-1390750630624875326","potions_obtained":[{"floor":2,"key":"AttackPotion"},{"floor":3,"key":"Dexterity Potion"},{"floor":9,"key":"SkillPotion"},{"floor":16,"key":"SkillPotion"},{"floor":21,"key":"Slimebound:ThreeZeroPotion"},{"floor":23,"key":"GamblersBrew"},{"floor":28,"key":"Energy Potion"},{"floor":34,"key":"Block Potion"},{"floor":36,"key":"AttackPotion"}],"is_trial":false,"path_per_floor":["M","M","M","$","M","R","E","R","M","T","T","$","M","E","R","M","R","B",null,"M","M","$","M","?","$","?","R","E","R","M","T","T","M","E","M","E","M","R","B"],"character_chosen":"SLIMEBOUND","items_purchased":["Slimebound:ComboTackle","Slimebound:LeechEnergy","Slimebound:TongueLash","reliquary:PurpleTingedLeaf","Slimebound:LeechEnergy","Slimebound:LeadByExample","Slimebound:Equalize"],"campfire_rested":1,"item_purchase_floors":[4,4,12,12,12,22,25],"current_hp_per_floor":[59,59,52,52,25,25,24,24,25,25,25,25,34,20,37,40,40,38,73,62,64,64,48,48,48,48,48,61,61,59,59,59,58,73,73,31,27,27,0,0,0],"gold":196,"neow_bonus":"ONE_RARE_RELIC","is_daily":false,"chose_seed":false,"campfire_upgraded":4,"win_rate":0.0,"timestamp":1613631526,"path_taken":["M","?","M","$","M","R","E","R","M","T","T","?","M","E","R","M","R","BOSS","M","M","$","M","?","$","?","R","E","R","?","T","T","M","E","M","E","M","R","BOSS"],"items_purchased_type":["Card","Card","Card","Relic","Card","Card","Card"],"build_version":"2020-12-22","purchased_purges":1,"victory":false,"max_hp_per_floor":[59,59,59,59,59,59,59,59,59,59,59,59,59,59,59,59,59,73,73,73,73,73,73,73,73,73,73,73,73,73,73,73,73,73,73,73,73,73,73,73,73],"card_choices":[{"not_picked":["Slimebound:SplitMire","Slimebound:GoopTackle"],"picked":"Slimebound:ViciousTackle","floor":1},{"not_picked":["Slimebound:PressTheAttack","Slimebound:ServeAndProtect","Slimebound:SplitBruiser"],"picked":"SKIP","floor":2},{"not_picked":["Slimebound:HauntingLick","Slimebound:SplitLeeching"],"picked":"Slimebound:RejuvenatingLick","floor":3},{"not_picked":["Slimebound:Gluttony","Slimebound:PrepareCrush"],"picked":"Slimebound:LivingWall","floor":5},{"not_picked":["Slimebound:LivingWall","Slimebound:GoopTackle"],"picked":"Slimebound:LeechingTouch","floor":7},{"not_picked":["Slimebound:GoopTackle","Slimebound:SplitMire"],"picked":"Slimebound:Gluttony","floor":9},{"not_picked":["Slimebound:LeechEnergy","Slimebound:SlimeBrawl","Slimebound:GoopTackle"],"picked":"SKIP","floor":13},{"not_picked":["Slimebound:ServeAndProtect","Slimebound:SamplingLick"],"picked":"Slimebound:LeechLife","floor":14},{"not_picked":["Slimebound:FinishingTackle","Slimebound:SlimeSpikes"],"picked":"Slimebound:HauntingLick","floor":16},{"not_picked":["Slimebound:Teamwork","Slimebound:Darklings"],"picked":"Slimebound:RallyTheTroops","floor":18},{"not_picked":["Slimebound:ComboTackle","Slimebound:HauntingLick"],"picked":"Slimebound:Schlurp","floor":20},{"not_picked":["Slimebound:SplitBruiser+1","Slimebound:LivingWall","Slimebound:SplitAcid"],"picked":"SKIP","floor":21},{"not_picked":["Slimebound:Prepare","Slimebound:RejuvenatingLick"],"picked":"Slimebound:GoopSpray","floor":23},{"not_picked":["Slimebound:HungryTackle","Slimebound:FlameTackle+1"],"picked":"Slimebound:SamplingLick","floor":28},{"not_picked":["Slimebound:HauntingLick","Slimebound:SelfFormingGoo"],"picked":"Slimebound:SplitLeeching","floor":30},{"not_picked":["Slimebound:FinishingTackle+1","Slimebound:HungryTackle+1","Slimebound:RejuvenatingLick"],"picked":"Slimebound:DisruptingSlam+1","floor":33},{"not_picked":["Slimebound:SlimeBarrage","Slimebound:Equalize","Slimebound:GoopTackle"],"picked":"Slimebound:PressTheAttack+1","floor":34},{"not_picked":["Slimebound:SplitLeeching","Slimebound:LeechEnergy","Slimebound:SlimeSpikes"],"picked":"Slimebound:FormOfPuddle","floor":35},{"not_picked":["Slimebound:RallyTheTroops","Slimebound:ItLooksTasty","Slimebound:RollThrough"],"picked":"Slimebound:RainOfGoop","floor":36},{"not_picked":["Slimebound:DivideAndConquer","Slimebound:SlimeTap","Slimebound:FinishingTackle"],"picked":"Slimebound:RejuvenatingLick+1","floor":37}],"player_experience":207793,"relics_obtained":[{"floor":6,"key":"Bag of Marbles"},{"floor":7,"key":"reliquary:RosewoodLute"},{"floor":10,"key":"reliquary:Spinner"},{"floor":11,"key":"Old Coin"},{"floor":14,"key":"reliquary:FerryPass"},{"floor":18,"key":"Mango"},{"floor":28,"key":"reliquary:BallBearing"},{"floor":28,"key":"reliquary:OuijaBoard"},{"floor":29,"key":"reliquary:TatteredRug"},{"floor":31,"key":"Whetstone"},{"floor":32,"key":"Question Card"},{"floor":34,"key":"bronze:DecasWashers"},{"floor":34,"key":"reliquary:Stiletto"},{"floor":36,"key":"Bottled Flame"},{"floor":36,"key":"Slimebound:SlimedSkullRelic"}],"event_choices":[{"damage_healed":0,"gold_gain":0,"player_choice":"Obtained Relic","damage_taken":0,"relics_obtained":["hexamod:Sixitude"],"max_hp_gain":0,"max_hp_loss":0,"event_name":"Addict","floor":24,"gold_loss":85},{"damage_healed":0,"gold_gain":0,"player_choice":"Traded Relic","damage_taken":0,"relics_obtained":["Nloth\u0027s Gift"],"max_hp_gain":0,"max_hp_loss":0,"event_name":"N\u0027loth","floor":26,"relics_lost":["reliquary:PurpleTingedLeaf"],"gold_loss":0}],"is_beta":false,"boss_relics":[{"not_picked":["SacredBark","reliquary:RedCape"],"picked":"Black Star"}],"items_purged_floors":[4],"is_endless":false,"potions_floor_spawned":[2,3,9,16,21,23,28,34,36],"killed_by":"Collector","ascension_level":1}}