{"host":"0rn20prxkpuv2e47","time":1613619178,"event":{"mods":["100% Spire Juice","ATMod(阿瑾Mod)","Act Like it!","Arknights","Aspiration","BaseMod","Challenge The Spire","Downfall","Friendly Minions","Gensokyo","Hallownest","Hermit","Koishi","KomeijiMod","Marisa（F雨　魔理沙）","Minty Spire (QoL Compilation)","MostiFishMod","Prisma Mod","Quick Restart","Reimu（博丽灵梦）","Remilia（蕾米莉亚）","Robot Space Explorer","StSLib","The Administrix","The Alterego","The Animator","The Blackbeard","The Bug Knight","The Construct","The Cursed","The Jungle","The Mystic","The Runesmith","The Senshi","The Servant 0.9.4","Warlord Emblem","Wide Potions","Yuyuko","[GremlinLeader]The Maniac","[IsaacMod]以撒尖塔","[功能]功能增强和修复MOD","noobMod","【功能Mod】聪明的最终Boss","【遗物卡牌】REMEMod"],"gold_per_floor":[119,99,99,99,74,74,74,74,74,92,22,48,48,48,48,152,152,162,178,153,153,153,153,186,277,277,277,277,277,277,327,327,428,428,741,741,736,736,761,761,761,761,809,69,9,9,9,9,9,9],"floor_reached":51,"language":"ZHS","playtime":1475,"items_purged":["construct:Defend_Gold","construct:Defend_Gold","construct:Strike_Gold","construct:Strike_Gold","construct:Defend_Gold","construct:Defend_Gold","construct:Defend_Gold","construct:DefenseMode","Injury","construct:Strike_Gold","construct:Strike_Gold","construct:Strike_Gold","construct:Autoturret","construct:ForceCore","MostiFishMod:ButterFly"],"score":895,"play_id":"e6657704-46bc-4184-984c-780fffe1aad7","local_time":"20210218113258","is_ascension_mode":false,"campfire_choices":[{"data":"Deep Breath","floor":6,"key":"SMITH"},{"data":"construct:SyphonStrike","floor":8,"key":"SMITH"},{"data":"AT_ShrugMaster","floor":13,"key":"SMITH"},{"data":"construct:AttackMode","floor":15,"key":"SMITH"},{"data":"construct:GatlingGun+1","floor":23,"key":"SMITH"},{"data":"construct:AttackMode+1","floor":27,"key":"SMITH"},{"data":"construct:ShiftStrike+1","floor":32,"key":"SMITH"},{"data":"construct:SweepLaser+1","floor":40,"key":"SMITH"},{"floor":46,"key":"RECALL"},{"floor":49,"key":"REST"}],"circlet_count":0,"master_deck":["construct:AttackMode+2","AT_ShrugMaster+1","construct:SyphonStrike+2","MostiFishMod:StoryBook+1","Deep Breath+1","MostiFishMod:StoryBook+1","construct:GatlingGun+2","construct:SaveState+2","construct:Chainstrike+2","construct:SaveState+2","construct:ShiftStrike+2","Flash of Steel+1","construct:SweepLaser+2","Gensokyo:CustomPotion"],"relics":["construct:ClockworkPhoenix","ice","AT_ATBox","REME_ComplimentaryCards","HushsDoor","DaveBox","FeatherPendant","PunchingBag","aspiration:Nostalgia","Cracked Core","SynthV:TestCard","AT_BellDemon","AT_LudenTempest","Lee\u0027s Waffle","Bird Faced Urn","Potion Belt","TheBattery","HollowMod:LifeEnderRelic","HollowMod:StagPassRelic","AT_SpeedBoots","Molten Egg 2","MostiFishMod:AdaptiveDefenses","aspiration:DSix","WarlordEmblem:MantleMarkzar","Omamori","AT_Kusabimaru","BookOfRevelations","Chemical X","Bottled Flame","SlaversCollar","HoshigumaDish","DeathBook","Juzu Bracelet","aspiration:HatOfInfinitePower","REME_CardOfGreed","theJungle:PaperFaux","WarlordEmblem:MantleBaku","Mastiff:ReiMu","Dodecahedron","WarlordEmblem:SmileMask","RuthlessExorcism:ReiMu","PreservedInsect","ImprovedEquipment","Gremlin Horn","Technique","AnarchistCookbook","Anchor","Shuriken","FossilizedHelix","aspiration:MobileForge","Old Coin","WarlordEmblem:OldTorch","WarlordEmblem:HatTrick","construct:IceCubes","Gensokyo:TheCrow","Bronze Scales","Damocles","AT_ChloranthyRing","Sling","BFFS","ChiLing","Chi","Ling","BirthdayGift-Icosahedron","Ying","Pen Nib","SteamSale","CeramicFish"],"acts_visited":["Gensokyo:Gensokyo","theJungle:Jungle","Gensokyo:Gensokyoest"],"potions_floor_usage":[14,22,22,33,33,33,33,33,33,33],"damage_taken":[{"damage":2,"enemies":"Gensokyo:2_Kodama","floor":1,"turns":2},{"damage":16,"enemies":"Gensokyo:Gryphon","floor":10,"turns":1},{"damage":12,"enemies":"Gensokyo:Mamizou","floor":12,"turns":1},{"damage":26,"enemies":"Gensokyo:Yukari","floor":16,"turns":1},{"damage":12,"enemies":"theJungle:GiantWrat","floor":18,"turns":1},{"damage":18,"enemies":"theJungle:MUSHROOMGANG","floor":19,"turns":1},{"damage":12,"enemies":"theJungle:Cassacara","floor":24,"turns":1},{"damage":12,"enemies":"Hiden Room Battle","floor":31,"turns":1},{"damage":10,"enemies":"theJungle:TotemBoss","floor":33,"turns":1},{"damage":0,"enemies":"Gensokyo:3_Bats","floor":35,"turns":1},{"damage":1,"enemies":"Gensokyo:Yuyuko","floor":50,"turns":1}],"seed_played":"-2589380362297067766","potions_obtained":[{"floor":16,"key":"Swift Potion"}],"is_trial":false,"path_per_floor":["M","$","?","?","$","R","$","R","T","M","?","E","R","$","R","B",null,"M","M","$","?","$","R","E","?","T","R","$","?","?","?","R","B",null,"M","?","$","?","T","R","?","?","T","COS","?","R","?","$","R","B",null],"character_chosen":"THE_CONSTRUCT_MOD","items_purchased":["AT_BellDemon","AT_LudenTempest","Lee\u0027s Waffle","construct:Autoturret","MostiFishMod:StoryBook","Deep Breath","TheBattery","HollowMod:LifeEnderRelic","HollowMod:StagPassRelic","MostiFishMod:ButterFly","AT_SpeedBoots","Molten Egg 2","MostiFishMod:AdaptiveDefenses","Ancient Potion","Ancient Potion","FearPotion","AT_Kusabimaru","BookOfRevelations","Chemical X","MostiFishMod:StoryBook","REME_GoldPotion","construct:ForceCore","Juzu Bracelet","aspiration:HatOfInfinitePower","REME_CardOfGreed","WarlordEmblem:MantleBaku","Mastiff:ReiMu","Dodecahedron","construct:Chainstrike+1","REME_GoldPotion","REME_GoldPotion","ImprovedEquipment","Gremlin Horn","Technique","Flash of Steel+1","WarlordEmblem:OldTorch","WarlordEmblem:HatTrick","construct:IceCubes","Pen Nib","SteamSale","CeramicFish"],"campfire_rested":1,"item_purchase_floors":[2,2,2,2,2,2,5,5,5,5,7,7,7,7,7,7,14,14,14,14,14,17,20,20,20,22,22,22,22,22,22,28,28,28,34,37,37,37,48,48,48],"current_hp_per_floor":[83,92,74,74,74,74,74,74,74,84,84,92,92,92,92,76,89,77,67,67,67,67,67,59,44,44,44,44,44,44,21,21,32,87,87,87,87,87,87,87,53,68,68,68,68,68,55,55,81,82],"gold":9,"neow_bonus":"NOSTALGIA","is_daily":false,"chose_seed":false,"campfire_upgraded":8,"win_rate":0.0,"timestamp":1613619178,"path_taken":["M","$","?","?","$","R","$","R","T","?","?","E","R","$","R","BOSS","M","M","$","?","$","R","E","?","T","R","$","?","?","?","R","BOSS","M","?","$","?","?","R","?","?","T","COS","?","R","?","$","R","BOSS"],"items_purchased_type":["Relic","Relic","Relic","Card","Card","Card","Relic","Relic","Relic","Card","Relic","Relic","Relic","Potion","Potion","Potion","Relic","Relic","Relic","Card","Potion","Card","Relic","Relic","Relic","Relic","Relic","Relic","Card","Potion","Potion","Relic","Relic","Relic","Card","Relic","Relic","Relic","Relic","Relic","Relic"],"build_version":"2020-12-22","purchased_purges":15,"victory":true,"max_hp_per_floor":[85,92,92,92,92,92,92,92,92,92,92,92,92,92,92,92,89,89,89,89,89,89,89,89,89,89,89,89,89,89,89,89,89,87,87,87,87,87,87,87,87,87,87,87,87,87,87,87,87,87],"card_choices":[{"not_picked":["construct:ScrapCannon","construct:Reinforce"],"picked":"construct:SyphonStrike","floor":1},{"not_picked":["construct:Forcefield","construct:GuardCore","construct:VentSteam","construct:HeavyBolt+1","construct:Accumulate+1"],"picked":"SKIP","floor":10},{"not_picked":["construct:Rollout+1","construct:Anticipate","construct:HeavyBolt+1","construct:Bunker","construct:Zapper"],"picked":"SKIP","floor":12},{"not_picked":["construct:PanicFire","construct:HastyRepair","construct:ShieldBurst+1","construct:ShiftingStance"],"picked":"construct:GatlingGun+1","floor":16},{"not_picked":["construct:SweepLaser+1","construct:Zapper","construct:FlakBarrage+1","construct:FlammableFog","construct:ShiftGuard"],"picked":"SKIP","floor":18},{"not_picked":["construct:VentSteam+1","construct:FierceBash+1","construct:PowerUp+1","construct:ShieldGenerator"],"picked":"construct:SaveState+1","floor":19},{"not_picked":["construct:FierceBash+1","construct:Rollout+1","construct:VentSteam","construct:ScrapCannon+1","construct:Reinforce+1"],"picked":"SKIP","floor":24},{"not_picked":["construct:Accumulate+1","construct:ScrapCannon+1","construct:ScopeCore","construct:SyphonStrike+1"],"picked":"construct:ShiftStrike+1","floor":31},{"not_picked":["construct:Reinforce+1","construct:Zapper","construct:PhosphorStorm+1","construct:Anticipate+1"],"picked":"construct:SweepLaser+1","floor":35}],"player_experience":189514,"relics_obtained":[{"floor":1,"key":"SynthV:TestCard"},{"floor":10,"key":"aspiration:DSix"},{"floor":12,"key":"WarlordEmblem:MantleMarkzar"},{"floor":12,"key":"Omamori"},{"floor":16,"key":"Bottled Flame"},{"floor":18,"key":"HoshigumaDish"},{"floor":19,"key":"DeathBook"},{"floor":24,"key":"WarlordEmblem:SmileMask"},{"floor":24,"key":"RuthlessExorcism:ReiMu"},{"floor":26,"key":"PreservedInsect"},{"floor":31,"key":"AnarchistCookbook"},{"floor":31,"key":"Anchor"},{"floor":31,"key":"Shuriken"},{"floor":33,"key":"FossilizedHelix"},{"floor":35,"key":"Old Coin"},{"floor":39,"key":"Bronze Scales"},{"floor":43,"key":"AT_ChloranthyRing"}],"event_choices":[{"damage_healed":0,"gold_gain":0,"player_choice":"Fight","damage_taken":0,"max_hp_gain":0,"max_hp_loss":0,"event_name":"HidenRoomEvent","floor":31,"gold_loss":0}],"is_beta":false,"boss_relics":[{"not_picked":["Empty Cage","TimeKeys"],"picked":"SlaversCollar"},{"not_picked":[]},{"not_picked":["aspiration:RunicSpoon","HereWithMe"],"picked":"aspiration:MobileForge"},{"not_picked":[]}],"items_purged_floors":[2,2,2,2,5,5,5,5,5,20,20,20,20,20,37],"is_endless":false,"potions_floor_spawned":[10,10,12,16,18,18,24,24,33,35,35],"ascension_level":0}}