{"host":"tubmkv2g6v9d0kjw","time":1613645324,"event":{"mods":["2.2 Compatiblity","BaseMod","Conspire","Downfall","Hubris","Minty Spire (QoL Compilation)","Relic Stats","Spire Arcade","StSLib"],"gold_per_floor":[99,111,21,49,70,117,142,142,165,340,340,367,367,359,387,502,502,402,437,437,437,437,437],"floor_reached":21,"language":"ENG","playtime":973,"items_purged":["Normality"],"score":169,"play_id":"f97f072a-41b6-4d95-9bb7-54553bd5b8c6","local_time":"20210218044844","is_ascension_mode":false,"campfire_choices":[{"data":"hexamod:ForkedFlame","floor":1,"key":"SMITH"},{"floor":13,"key":"RECALL"},{"data":"hexamod:ForkedFlame","floor":18,"key":"SMITH"}],"circlet_count":0,"master_deck":["hexamod:Strike","hexamod:Strike+1","hexamod:Strike","hexamod:Strike","hexamod:Defend","hexamod:Defend","hexamod:Defend+1","hexamod:Defend","hexamod:Sear","hexamod:Float+1","hexamod:ForkedFlame+1","hexamod:ThirdSeal","hexamod:SecondSeal","hexamod:AdvancingGuard","hexamod:RadiantFlame+1","hexamod:SuperheatedStrike","hexamod:FastForward+1","hexamod:SixthSeal","hexamod:HauntingEcho","Doubt","Regret","hexamod:InspiringFlames","hexamod:FirstSeal","hexamod:SecondSeal","hexamod:ForkedFlame+1"],"relics":["hexamod:SpiritBrand","MealTicket","hexamod:SoulConsumer","Strawberry","conspire:RunicOctahedron","downfall:HeartBlessingRed","downfall:RedIOU"],"acts_visited":["Exordium","TheCity"],"potions_floor_usage":[15,15,16],"damage_taken":[{"damage":0,"enemies":"2 Louse","floor":2,"turns":2},{"damage":0,"enemies":"downfall:FleeingMerchant","floor":3,"turns":4},{"damage":1,"enemies":"Jaw Worm","floor":4,"turns":3},{"damage":10,"enemies":"Small Slimes","floor":5,"turns":5},{"damage":9,"enemies":"conspire:MimicChest","floor":6,"turns":5},{"damage":5,"enemies":"downfall:LooterAlt","floor":9,"turns":5},{"damage":23,"enemies":"Blue Slaver","floor":12,"turns":5},{"damage":14,"enemies":"3 Louse","floor":15,"turns":3},{"damage":10,"enemies":"SI_SHIV_ARCHETYPE","floor":16,"turns":8},{"damage":61,"enemies":"Shell Parasite","floor":19,"turns":9},{"damage":28,"enemies":"3 Byrds","floor":21,"turns":2}],"seed_played":"393144821222806206","potions_obtained":[{"floor":2,"key":"hexamod:EctoCoolerPotion"},{"floor":4,"key":"FearPotion"},{"floor":5,"key":"DistilledChaos"},{"floor":16,"key":"SpeedPotion"}],"is_trial":false,"path_per_floor":["R","M","$","M","M","?","T","T","M","?","?","M","R","?","M","B",null,"R","M","?","M"],"character_chosen":"THE_SPIRIT","items_purchased":[],"campfire_rested":0,"item_purchase_floors":[],"current_hp_per_floor":[70,70,70,69,59,50,50,50,51,51,58,41,41,34,29,32,77,77,27,27,0,0,0],"gold":437,"neow_bonus":"THREE_RARE_CARDS","is_daily":false,"chose_seed":false,"campfire_upgraded":2,"win_rate":0.0,"timestamp":1613645324,"path_taken":["R","M","$","M","M","?","T","?","M","?","?","?","R","?","M","BOSS","R","M","?","M"],"items_purchased_type":[],"build_version":"2020-12-22","purchased_purges":1,"victory":false,"max_hp_per_floor":[70,70,70,70,70,70,70,70,70,70,77,77,77,77,77,77,77,77,77,77,77,77,77],"relic_stats":{"counters":[11,51],"MealTicket":0,"obtain_stats":[{"Blood Vial":7,"downfall:HeartBlessingRed":18,"Strawberry":11,"MealTicket":6,"conspire:RunicOctahedron":17,"downfall:RedIOU":20,"hexamod:SoulConsumer":8,"hexamod:SpiritBrand":0},{"Blood Vial":5,"downfall:HeartBlessingRed":9,"Strawberry":6,"MealTicket":5,"conspire:RunicOctahedron":9,"downfall:RedIOU":10,"hexamod:SoulConsumer":5,"hexamod:SpiritBrand":0},{"Blood Vial":19,"downfall:HeartBlessingRed":40,"Strawberry":24,"MealTicket":19,"conspire:RunicOctahedron":40,"downfall:RedIOU":49,"hexamod:SoulConsumer":19,"hexamod:SpiritBrand":0}]},"card_choices":[{"not_picked":["hexamod:TurnItUp","hexamod:UnlimitedPower"],"picked":"hexamod:ForkedFlame","floor":0},{"not_picked":["hexamod:SwordOfDarkness","hexamod:Haunt"],"picked":"hexamod:ThirdSeal","floor":2},{"not_picked":["hexamod:Firestarter","hexamod:SpectersWail"],"picked":"hexamod:SecondSeal","floor":3},{"not_picked":["hexamod:GhostShield","hexamod:Hexaguard","hexamod:FlamesFromBeyond"],"picked":"SKIP","floor":3},{"not_picked":["hexamod:Hexaguard","hexamod:HeatMetal"],"picked":"hexamod:AdvancingGuard","floor":4},{"not_picked":["hexamod:SwordOfDarkness","hexamod:SuperheatedStrike"],"picked":"hexamod:RadiantFlame","floor":4},{"not_picked":["hexamod:BurningTouch","hexamod:GhostflameInferno"],"picked":"hexamod:SuperheatedStrike","floor":5},{"not_picked":["hexamod:AdvancingGuard","hexamod:GhostShield"],"picked":"hexamod:FastForward","floor":5},{"not_picked":["hexamod:Firestarter","hexamod:ThirdSeal"],"picked":"hexamod:SixthSeal","floor":6},{"not_picked":["hexamod:HeatMetal","hexamod:SkipABeat"],"picked":"hexamod:HauntingEcho","floor":9},{"not_picked":["hexamod:NightmareStrike","hexamod:PhantomFireball","hexamod:Hexaguard"],"picked":"SKIP","floor":9},{"not_picked":["hexamod:RadiantFlame","hexamod:UnlimitedPower"],"picked":"hexamod:InspiringFlames","floor":12},{"not_picked":["hexamod:BacktrackSmack","hexamod:NightmareGuise","hexamod:SpectralAdrenaline"],"picked":"SKIP","floor":12},{"not_picked":["hexamod:ThermalTransfer","hexamod:SpectralAdrenaline","hexamod:BacktrackSmack"],"picked":"SKIP","floor":15},{"not_picked":["hexamod:VolcanoVisage","hexamod:Toasty"],"picked":"hexamod:ForkedFlame","floor":16},{"not_picked":["hexamod:RetreatToShadows+1","hexamod:InspiringFlames","hexamod:RadiantFlame"],"picked":"SKIP","floor":19},{"not_picked":["hexamod:RadiantFlame","hexamod:HauntingEcho","hexamod:NightmareStrike"],"picked":"SKIP","floor":19}],"player_experience":540758,"relics_obtained":[{"floor":6,"key":"MealTicket"},{"floor":7,"key":"Blood Vial"},{"floor":8,"key":"hexamod:SoulConsumer"}],"event_choices":[{"damage_healed":0,"gold_gain":0,"player_choice":"Box","damage_taken":0,"relics_obtained":["Strawberry"],"max_hp_gain":0,"max_hp_loss":0,"event_name":"Big Fish","floor":11,"gold_loss":0,"cards_obtained":["Regret"]}],"is_beta":false,"boss_relics":[{"not_picked":["conspire:RoyalGoblet","hubris:HollowSoul"],"picked":"conspire:RunicOctahedron"}],"items_purged_floors":[3],"is_endless":false,"potions_floor_spawned":[2,4,5,16],"killed_by":"3 Byrds","ascension_level":0}}