{"host":"prxrhpgaxnj4om9r","time":1613618870,"event":{"mods":["AchievementEnabler","BaseMod","Colored Map","DeckTracker","Minty Spire (QoL Compilation)"],"gold_per_floor":[115,125,72,72,35,35,66,66,121,146,156,156,156,156,156,258,258,278,297,222,172,16,16,31,31,108,143,153,5,5,36,36,141,141,160,7,7,17,31,31,31,46,46,79,129,0,35,35,35,35,35,35,35,65,65],"floor_reached":56,"language":"KOR","playtime":2716,"items_purged":[],"score":1372,"play_id":"939199b0-1091-4c6e-bcd9-caff74606b9c","local_time":"20210218122750","is_ascension_mode":false,"campfire_choices":[{"data":"Noxious Fumes","floor":6,"key":"SMITH"},{"floor":8,"key":"RECALL"},{"floor":15,"key":"REST"},{"data":"Venomology","floor":23,"key":"SMITH"},{"data":"Crippling Poison","floor":25,"key":"SMITH"},{"data":"Noxious Fumes","floor":32,"key":"SMITH"},{"data":"Corpse Explosion","floor":40,"key":"SMITH"},{"data":"After Image","floor":49,"key":"SMITH"},{"data":"Wraith Form v2","floor":52,"key":"SMITH"}],"circlet_count":0,"master_deck":["Survivor","Neutralize","Blur","Backflip","Dagger Spray","Noxious Fumes+1","Wraith Form v2+1","Sucker Punch","Dodge and Roll+1","Backstab","Venomology+1","Dash","Backstab","Doppelganger","Noxious Fumes+1","Crippling Poison+1","Finisher","Heel Hook","Blade Dance+1","Acrobatics+1","All Out Attack","Outmaneuver+1","Cloak And Dagger+1","Burst","Deadly Poison","Corpse Explosion+1","Backflip+1","Venomology+1","Eviscerate","Deflect+1","Deadly Poison+1","Backflip+1","Prepared+1","After Image+1","Malaise+1"],"relics":["Ring of the Snake","NeowsBlessing","Ninja Scroll","Blood Vial","MealTicket","Pear","Pandora\u0027s Box","Sling","Nunchaku","Lee\u0027s Waffle","Meat on the Bone","Busted Crown","TheAbacus","Toxic Egg 2","Kunai","Orichalcum","Prayer Wheel","Red Mask","Ginger","Akabeko"],"acts_visited":["Exordium","TheCity","TheBeyond","TheEnding"],"potions_floor_usage":[10,16,16,24,27,28,28,28,33,35,35,38,39,39,42,42,44,44,45,47,47,47,47,50,50,54,55,55,55],"damage_taken":[{"damage":0,"enemies":"Small Slimes","floor":1,"turns":1},{"damage":0,"enemies":"Jaw Worm","floor":2,"turns":1},{"damage":0,"enemies":"Lagavulin","floor":7,"turns":1},{"damage":0,"enemies":"Gremlin Nob","floor":10,"turns":3},{"damage":0,"enemies":"2 Louse","floor":11,"turns":1},{"damage":10,"enemies":"Slime Boss","floor":16,"turns":9},{"damage":0,"enemies":"Chosen","floor":18,"turns":4},{"damage":0,"enemies":"3 Byrds","floor":19,"turns":4},{"damage":0,"enemies":"3 Cultists","floor":24,"turns":4},{"damage":16,"enemies":"Book of Stabbing","floor":27,"turns":5},{"damage":7,"enemies":"Shelled Parasite and Fungi","floor":28,"turns":4},{"damage":2,"enemies":"Slavers","floor":31,"turns":4},{"damage":18,"enemies":"Collector","floor":33,"turns":7},{"damage":13,"enemies":"Orb Walker","floor":35,"turns":3},{"damage":0,"enemies":"3 Shapes","floor":38,"turns":2},{"damage":0,"enemies":"Sphere and 2 Shapes","floor":39,"turns":3},{"damage":2,"enemies":"Jaw Worm Horde","floor":42,"turns":3},{"damage":53,"enemies":"Giant Head","floor":44,"turns":8},{"damage":0,"enemies":"Mind Bloom Boss Battle","floor":45,"turns":6},{"damage":2,"enemies":"Reptomancer","floor":47,"turns":4},{"damage":9,"enemies":"Donu and Deca","floor":50,"turns":6},{"damage":0,"enemies":"Shield and Spear","floor":54,"turns":4},{"damage":42,"enemies":"The Heart","floor":55,"turns":11}],"seed_played":"2583882322969647039","potions_obtained":[{"floor":2,"key":"SteroidPotion"},{"floor":10,"key":"LiquidMemories"},{"floor":11,"key":"FearPotion"},{"floor":16,"key":"Block Potion"},{"floor":19,"key":"GhostInAJar"},{"floor":27,"key":"PowerPotion"},{"floor":33,"key":"Poison Potion"},{"floor":35,"key":"EssenceOfSteel"},{"floor":47,"key":"GhostInAJar"}],"is_trial":false,"path_per_floor":["M","M","$","?","$","R","E","R","T","E","M","?","?","?","R","B",null,"M","M","?","?","$","R","M","R","T","E","M","$","?","E","R","B",null,"M","$","?","M","M","R","T","M","T","E","?","?","E","$","R","B",null,"R","$","E","B",null],"character_chosen":"THE_SILENT","items_purchased":["Dagger Spray","Noxious Fumes","Sling","Lee\u0027s Waffle","TheAbacus"],"campfire_rested":1,"item_purchase_floors":[3,5,22,29,36],"current_hp_per_floor":[70,70,70,75,75,75,75,75,75,75,75,75,60,43,68,60,85,85,85,85,85,85,85,85,85,85,69,64,92,92,90,90,74,92,79,92,92,92,92,92,92,90,90,51,53,53,53,68,68,61,92,92,92,92,50],"gold":65,"neow_bonus":"THREE_ENEMY_KILL","is_daily":false,"chose_seed":false,"campfire_upgraded":7,"win_rate":0.0,"timestamp":1613618870,"path_taken":["M","M","$","?","?","R","E","R","T","E","M","?","?","?","R","BOSS","M","M","?","?","$","R","M","R","T","E","?","$","?","E","R","BOSS","M","?","?","M","?","R","?","M","T","E","?","?","E","?","R","BOSS","R","$","E","BOSS"],"items_purchased_type":["Card","Card","Relic","Relic","Relic"],"build_version":"2020-12-22","purchased_purges":0,"victory":true,"max_hp_per_floor":[70,70,70,75,75,75,75,75,75,75,75,75,85,85,85,85,85,85,85,85,85,85,85,85,85,85,85,85,92,92,92,92,92,92,92,92,92,92,92,92,92,92,92,92,92,92,92,92,92,92,92,92,92,92,92],"card_choices":[{"not_picked":["PiercingWail","Dodge and Roll"],"picked":"Blur","floor":1},{"not_picked":["Slice","Predator"],"picked":"Backflip","floor":2},{"not_picked":["Slice","Expertise"],"picked":"Wraith Form v2","floor":7},{"not_picked":["Acrobatics","Bane"],"picked":"Sucker Punch","floor":10},{"not_picked":["Bane","Flying Knee"],"picked":"Dodge and Roll","floor":11},{"not_picked":["Malaise","Glass Knife"],"picked":"Venomology","floor":16},{"not_picked":["Backflip","Deflect+1"],"picked":"Blade Dance+1","floor":18},{"not_picked":["Cloak And Dagger","Deflect"],"picked":"Acrobatics+1","floor":19},{"not_picked":["Quick Slash","Expertise"],"picked":"All Out Attack","floor":24},{"not_picked":["Acrobatics","Footwork"],"picked":"Outmaneuver+1","floor":27},{"not_picked":["Dagger Spray+1","Blade Dance"],"picked":"Cloak And Dagger+1","floor":28},{"not_picked":["Predator","Heel Hook"],"picked":"Deadly Poison","floor":31},{"not_picked":["Burst","Envenom"],"picked":"Corpse Explosion","floor":33},{"not_picked":[],"picked":"Backflip+1","floor":35},{"not_picked":[],"picked":"Eviscerate","floor":38},{"not_picked":[],"picked":"Deflect+1","floor":39},{"not_picked":[],"picked":"Deadly Poison+1","floor":42},{"not_picked":[],"picked":"Backflip+1","floor":44},{"not_picked":[],"picked":"Prepared+1","floor":45},{"not_picked":[],"picked":"After Image","floor":47},{"not_picked":[],"picked":"Malaise+1","floor":54}],"player_experience":509273,"relics_obtained":[{"floor":7,"key":"Ninja Scroll"},{"floor":9,"key":"Blood Vial"},{"floor":10,"key":"MealTicket"},{"floor":27,"key":"Nunchaku"},{"floor":31,"key":"Meat on the Bone"},{"floor":41,"key":"Toxic Egg 2"},{"floor":43,"key":"Kunai"},{"floor":44,"key":"Orichalcum"},{"floor":45,"key":"Prayer Wheel"},{"floor":47,"key":"Ginger"},{"floor":54,"key":"Akabeko"}],"event_choices":[{"damage_healed":0,"gold_gain":0,"player_choice":"Donut","damage_taken":0,"max_hp_gain":5,"max_hp_loss":0,"event_name":"Big Fish","floor":4,"gold_loss":0},{"damage_healed":0,"gold_gain":0,"cards_transformed":["Strike_G"],"player_choice":"Change","damage_taken":0,"max_hp_gain":0,"max_hp_loss":0,"event_name":"Living Wall","floor":12,"gold_loss":0,"cards_obtained":["Backstab"]},{"damage_healed":0,"gold_gain":0,"player_choice":"Success","damage_taken":25,"relics_obtained":["Pear"],"max_hp_gain":0,"max_hp_loss":0,"event_name":"Scrap Ooze","floor":13,"gold_loss":0},{"damage_healed":0,"gold_gain":0,"player_choice":"Entered Light","damage_taken":17,"max_hp_gain":0,"max_hp_loss":0,"event_name":"Shining Light","floor":14,"gold_loss":0,"cards_upgraded":["Defend_G","Dodge and Roll"]},{"cards_removed":["Well Laid Plans"],"damage_healed":0,"gold_gain":0,"player_choice":"Gave Gold","damage_taken":0,"max_hp_gain":0,"max_hp_loss":0,"event_name":"Beggar","floor":20,"gold_loss":75},{"damage_healed":0,"gold_gain":0,"player_choice":"Bet on Owner","damage_taken":0,"max_hp_gain":0,"max_hp_loss":0,"event_name":"The Joust","floor":21,"gold_loss":50},{"damage_healed":0,"gold_gain":0,"cards_transformed":["Blur"],"player_choice":"Transformed","damage_taken":0,"max_hp_gain":0,"max_hp_loss":0,"event_name":"Transmorgrifier","floor":30,"gold_loss":0,"cards_obtained":["Burst"]},{"damage_healed":0,"gold_gain":0,"player_choice":"Copied","damage_taken":0,"max_hp_gain":0,"max_hp_loss":0,"event_name":"Duplicator","floor":37,"gold_loss":0,"cards_obtained":["Venomology"]},{"damage_healed":0,"gold_gain":0,"player_choice":"Fight","damage_taken":0,"max_hp_gain":0,"max_hp_loss":0,"event_name":"MindBloom","floor":45,"gold_loss":0},{"damage_healed":0,"gold_gain":0,"player_choice":"Paid","damage_taken":0,"relics_obtained":["Red Mask"],"max_hp_gain":0,"max_hp_loss":0,"event_name":"Tomb of Lord Red Mask","floor":46,"gold_loss":129}],"is_beta":false,"boss_relics":[{"not_picked":["Ectoplasm","SacredBark"],"picked":"Pandora\u0027s Box"},{"not_picked":["Coffee Dripper","Fusion Hammer"],"picked":"Busted Crown"}],"items_purged_floors":[],"is_endless":false,"potions_floor_spawned":[2,10,11,16,19,27,33,35,47],"ascension_level":0}}