{"host":"df48i9djcn92c5sx","time":1613634958,"event":{"mods":["Act Like it!","Arknights","BaseMod","Decade(王小明)","Downfall","Gensokyo","Marisa（F雨　魔理沙）","Minty Spire (QoL Compilation)","READ ME - Guardian Mod","READ ME - Snecko Mod","Reimu（博丽灵梦）","Remilia（蕾米莉亚）","Shop Mod","StSLib","The Jungle","The Servant 0.9.4"],"gold_per_floor":[99,112,132,145,158,158,158,171,171,171,271,303,303,332,352,453,453,453,466,466,481,234,254,254,295,322,322,339,339,366,201,224,224,224,224],"floor_reached":33,"language":"ZHS","playtime":1379,"items_purged":["downfall:Bewildered"],"score":309,"play_id":"9b1a76f8-2030-40d3-adfa-f54e361f4a5e","local_time":"20210218155558","is_ascension_mode":true,"campfire_choices":[{"data":"bronze:Replicate","floor":1.0,"key":"SMITH"},{"data":"bronze:HardenedForm","floor":6.0,"key":"SMITH"},{"data":"bronze:Constructor","floor":10.0,"key":"SMITH"},{"floor":13.0,"key":"REST"},{"data":"bronze:Flail","floor":18.0,"key":"SMITH"},{"floor":27.0,"key":"REST"},{"data":"bronze:Frontload","floor":29.0,"key":"SMITH"}],"circlet_count":0,"master_deck":["bronze:Strike","bronze:Strike","bronze:Strike","bronze:Strike","bronze:Defend","bronze:Defend","bronze:Defend","bronze:Defend","bronze:Replicate+1","bronze:Goto","bronze:Verify","bronze:Flail+1","bronze:Constructor+1","bronze:HardenedForm+1","CurseOfTheBell","CurseOfTheBell","bronze:HyperBeam+1","bronze:Terminator","bronze:Virus+1","bronze:Repair","bronze:GetLatest","bronze:Mutator+1","bronze:DarkDash+1","bronze:Repulsor+1","bronze:Mutator+1","bronze:Frontload+1","bronze:BronzeOrb+1","bronze:FollowUp+1","bronze:HyperBeam+1","bronze:Separator+1","bronze:Break+1","bronze:Overload+1"],"relics":["bronze:BronzeCore","Frozen Egg 2","downfall:ExtraCursedBell","Happy Flower","Molten Egg 2","Prayer Wheel","Torii","bronze:DecasWashers","Velvet Choker","HandDrill","CeramicFish","Guardian:PocketSentry"],"acts_visited":["Exordium","TheCity"],"potions_floor_usage":[32,32,32,32,33,33],"damage_taken":[{"damage":8.0,"enemies":"2 Louse","floor":2.0,"turns":3.0},{"damage":9.0,"enemies":"Jaw Worm","floor":3.0,"turns":3.0},{"damage":0.0,"enemies":"Cultist","floor":4.0,"turns":3.0},{"damage":4.0,"enemies":"Red Slaver","floor":5.0,"turns":3.0},{"damage":12.0,"enemies":"downfall:LooterAlt","floor":8.0,"turns":3.0},{"damage":14.0,"enemies":"Gremlin Nob","floor":12.0,"turns":3.0},{"damage":11.0,"enemies":"3 Sentries","floor":14.0,"turns":5.0},{"damage":0.0,"enemies":"2 Fungi Beasts","floor":15.0,"turns":1.0},{"damage":32.0,"enemies":"WA_ARCHETYPE_RETAIN","floor":16.0,"turns":5.0},{"damage":7.0,"enemies":"Chosen","floor":19.0,"turns":4.0},{"damage":0.0,"enemies":"3 Byrds","floor":21.0,"turns":2.0},{"damage":0.0,"enemies":"downfall:FleeingMerchant","floor":22.0,"turns":4.0},{"damage":1.0,"enemies":"Centurion and Healer","floor":23.0,"turns":6.0},{"damage":38.0,"enemies":"Slavers","floor":25.0,"turns":3.0},{"damage":0.0,"enemies":"Snecko","floor":26.0,"turns":2.0},{"damage":0.0,"enemies":"Snake Plant","floor":28.0,"turns":3.0},{"damage":0.0,"enemies":"Centurion and Healer","floor":30.0,"turns":3.0},{"damage":4.0,"enemies":"downfall:FleeingMerchant","floor":31.0,"turns":4.0},{"damage":0,"enemies":"Cultist and Chosen","floor":32,"turns":6},{"damage":73,"enemies":"IC_MUSHROOM_ARCHETYPE","floor":33,"turns":8}],"seed_played":"-8718337077927762775","potions_obtained":[{"floor":2.0,"key":"bronze:FreeFunctionsPotion"},{"floor":3.0,"key":"LiquidBronze"},{"floor":4.0,"key":"SneckoOil"},{"floor":21.0,"key":"champ:CounterPotion"},{"floor":25.0,"key":"LiquidMemories"},{"floor":26.0,"key":"bronze:BurnAndBuffPotion"},{"floor":28.0,"key":"EntropicBrew"},{"floor":30.0,"key":"ZuzhouPotion:ReiMu"},{"floor":32,"key":"Slimebound:ThreeZeroPotion"}],"is_trial":false,"path_per_floor":["R","M","M","M","M","R","T","M","?","R","?","E","R","E","M","B",null,"R","M","?","M","$","M","T","E","M","R","M","R","M","$","M","B"],"character_chosen":"THE_AUTOMATON","items_purchased":["HandDrill","Guardian:PocketSentry"],"campfire_rested":2,"item_purchase_floors":[22,31],"current_hp_per_floor":[70,62,53,53,49,49,49,37,37,37,37,23,44,33,33,1,70,70,70,70,70,70,69,69,31,31,52,52,52,59,62,62,0,0,0],"gold":224,"neow_bonus":"ONE_RANDOM_RARE_CARD","is_daily":false,"chose_seed":false,"campfire_upgraded":5,"win_rate":0.0,"timestamp":1613634958,"path_taken":["R","M","M","M","M","R","T","M","?","R","?","E","R","E","M","BOSS","R","M","?","M","$","?","T","E","M","R","M","R","M","?","M","BOSS"],"items_purchased_type":["Relic","Relic"],"build_version":"2020-12-22","purchased_purges":1,"victory":false,"max_hp_per_floor":[70,70,70,70,70,70,70,70,70,70,70,70,70,70,70,70,70,70,70,70,70,70,70,70,70,70,70,70,70,70,70,70,70,70,70],"card_choices":[{"not_picked":["bronze:MaxOutput","bronze:Frontload"],"picked":"bronze:Flail","floor":2.0},{"not_picked":["bronze:Turbo","bronze:FineTuning"],"picked":"bronze:Constructor","floor":3.0},{"not_picked":["bronze:ItsAFeature","bronze:DelayedGuard","bronze:MaxOutput"],"picked":"SKIP","floor":4.0},{"not_picked":["bronze:CutThrough","bronze:Refactor"],"picked":"bronze:HardenedForm","floor":5.0},{"not_picked":["bronze:WildBeam","bronze:BugBarrage","bronze:Overheat"],"picked":"SKIP","floor":8.0},{"not_picked":["bronze:InfiniteBeams+1","bronze:ChildClass"],"picked":"bronze:Terminator","floor":12.0},{"not_picked":["bronze:NullPointer+1","bronze:Refactor"],"picked":"bronze:Virus+1","floor":14.0},{"not_picked":["bronze:Iterate+1","bronze:Deprecate"],"picked":"bronze:Repair","floor":15.0},{"not_picked":["bronze:BuggyMess","bronze:DelayedGuard"],"picked":"bronze:GetLatest","floor":15.0},{"not_picked":["bronze:TinkerersToolbox","bronze:Assembly"],"picked":"bronze:Mutator+1","floor":16.0},{"not_picked":["bronze:Invalidate","bronze:MaxOutput+1"],"picked":"bronze:DarkDash+1","floor":19.0},{"not_picked":["bronze:OilSpill+1","bronze:Optimize+1"],"picked":"bronze:Repulsor+1","floor":19.0},{"not_picked":["bronze:Deprecate","bronze:Return"],"picked":"bronze:Frontload","floor":21.0},{"not_picked":["bronze:Deprecate","bronze:Return","bronze:Branch+1"],"picked":"SKIP","floor":21.0},{"not_picked":["bronze:OilSpill+1","bronze:WhirlingStrike+1"],"picked":"bronze:BronzeOrb+1","floor":22.0},{"not_picked":["bronze:Deprecate","bronze:Optimize+1"],"picked":"bronze:FollowUp+1","floor":23.0},{"not_picked":["bronze:WildBeam+1","bronze:Return","bronze:BugBarrage+1"],"picked":"SKIP","floor":23.0},{"not_picked":["bronze:BronzeOrb+1","bronze:Invalidate"],"picked":"bronze:HyperBeam+1","floor":25.0},{"not_picked":["bronze:Constructor","bronze:Turbo"],"picked":"bronze:Separator+1","floor":26.0},{"not_picked":["bronze:BuggyMess","bronze:FollowUp+1","bronze:Constructor+1"],"picked":"SKIP","floor":26.0},{"not_picked":["bronze:BuggyMess","bronze:FollowUp+1","bronze:Constructor+1"],"picked":"SKIP","floor":26.0},{"not_picked":["bronze:ClassDefault+1","bronze:FollowUp+1","bronze:Optimize+1"],"picked":"SKIP","floor":28.0},{"not_picked":["bronze:WhirlingStrike+1","bronze:FineTuning","bronze:DelayedGuard"],"picked":"SKIP","floor":28.0},{"not_picked":["bronze:OilSpill+1","bronze:DelayedSlice+1"],"picked":"bronze:Break+1","floor":30.0},{"not_picked":["bronze:Shield+1","bronze:Branch+1","bronze:BronzeArmor"],"picked":"SKIP","floor":30.0},{"not_picked":["bronze:CloningBeam+1","bronze:Overheat+1","bronze:BronzeArmor"],"picked":"SKIP","floor":31.0},{"not_picked":["bronze:ClassDefault+1","bronze:BuggyMess"],"picked":"bronze:Overload+1","floor":32},{"not_picked":["bronze:Separator+1","bronze:DelayedGuard","bronze:CutThrough+1"],"picked":"SKIP","floor":32}],"player_experience":1579426,"relics_obtained":[{"floor":7.0,"key":"Frozen Egg 2"},{"floor":9.0,"key":"Happy Flower"},{"floor":9.0,"key":"Molten Egg 2"},{"floor":9.0,"key":"Prayer Wheel"},{"floor":12.0,"key":"Torii"},{"floor":14.0,"key":"bronze:DecasWashers"},{"floor":25.0,"key":"CeramicFish"}],"event_choices":[],"is_beta":false,"boss_relics":[{"not_picked":["sneckomod:SneckoTalon","Empty Cage"],"picked":"Velvet Choker"}],"items_purged_floors":[22],"is_endless":false,"potions_floor_spawned":[2,3,4,21,25,26,28,30,32],"killed_by":"IC_MUSHROOM_ARCHETYPE","ascension_level":2}}