{"host":"u2qrfxkm3wve0vp3","time":1613635350,"event":{"mods":["AchievementEnabler","BaseMod","Downfall","Hermit","Marisa£®ÏF”Í°°ƒß¿Ì…≥£©","Minty Spire (QoL Compilation)","Quick Restart","Shop Mod","StSLib","Td1madao Mod","The Cursed","The Marked","The Poker Player","The Senshi","The Servant 0.9.4"],"gold_per_floor":[0,0,30,130,130,130,130,40,54,65,65,65,91,109,122,122,122,122],"floor_reached":16,"language":"ZHS","playtime":609,"items_purged":["champ:Defend"],"score":98,"play_id":"c9c44dda-a904-46eb-8c7a-bdfeee03bdf6","local_time":"20210218160230","is_ascension_mode":false,"campfire_choices":[{"data":"champ:Taunt","floor":1,"key":"SMITH"},{"floor":6,"key":"RECALL"},{"data":"champ:TripleStrike","floor":12,"key":"SMITH"}],"circlet_count":0,"master_deck":["champ:Strike","champ:Strike+1","champ:Strike","champ:Defend","champ:Defend","champ:Execute+1","champ:Taunt+1","Master of Strategy","champ:EnGarde","champ:TripleStrike+1","champ:CalledShot+1","champ:Shatter","downfall:Malfunctioning","champ:FocusedBerserking","champ:AdrenalArmor","champ:FaceSlap"],"relics":["champ:ChampionCrown","champ:DefensiveTrainingManual","Champion Belt","Mummified Hand"],"acts_visited":["Exordium"],"potions_floor_usage":[16],"damage_taken":[{"damage":59,"enemies":"SI_SHIV_ARCHETYPE","floor":4,"turns":5},{"damage":32,"enemies":"downfall:FleeingMerchant","floor":8,"turns":4},{"damage":35,"enemies":"Small Slimes","floor":9,"turns":3},{"damage":12,"enemies":"2 Louse","floor":10,"turns":3},{"damage":45,"enemies":"Gremlin Nob","floor":13,"turns":4},{"damage":15,"enemies":"Cultist","floor":14,"turns":1},{"damage":20,"enemies":"downfall:LooterAlt","floor":15,"turns":1},{"damage":49,"enemies":"DF_ARCHETYPE_STREAMLINE","floor":16,"turns":3}],"seed_played":"9079589467801013788","potions_obtained":[{"floor":14,"key":"DuplicationPotion"},{"floor":15,"key":"Swift Potion"}],"is_trial":false,"path_per_floor":["R","?","?","?","?","R","T","$","M","M","?","R","E","M","M","B"],"character_chosen":"THE_CHAMP","items_purchased":[],"campfire_rested":0,"item_purchase_floors":[],"current_hp_per_floor":[90,90,90,61,61,61,61,59,54,52,52,52,32,32,32,0,0,0],"gold":122,"neow_bonus":"RANDOM_COLORLESS_2","is_daily":false,"chose_seed":false,"campfire_upgraded":2,"win_rate":0.0,"timestamp":1613635350,"path_taken":["R","?","?","?","?","R","T","?","M","M","?","R","E","?","M","BOSS"],"items_purchased_type":[],"build_version":"2020-12-22","purchased_purges":1,"victory":false,"max_hp_per_floor":[90,90,90,90,90,90,90,90,90,90,90,90,90,90,90,90,90,90],"card_choices":[{"not_picked":["Transmutation","Secret Weapon"],"picked":"Master of Strategy","floor":0},{"not_picked":["champ:SkillfulDodge","champ:FlashCut"],"picked":"champ:EnGarde","floor":4},{"not_picked":["champ:ShieldWall","champ:GutPunch"],"picked":"champ:TripleStrike","floor":8},{"not_picked":["champ:PerfectedStrike","champ:Haymaker"],"picked":"champ:CalledShot","floor":9},{"not_picked":["champ:BerserkersShout","champ:StanceDance"],"picked":"champ:Shatter","floor":10},{"not_picked":["champ:GladiatorStyle","champ:GutPunch"],"picked":"champ:FocusedBerserking","floor":13},{"not_picked":["champ:EnGarde","champ:IronFortress"],"picked":"champ:AdrenalArmor","floor":14},{"not_picked":["champ:Backstep","champ:PerfectedStrike"],"picked":"champ:FaceSlap","floor":15}],"player_experience":350313,"relics_obtained":[{"floor":4,"key":"Champion Belt"},{"floor":13,"key":"Mummified Hand"}],"event_choices":[{"cards_removed":["champ:Defend"],"damage_healed":0,"gold_gain":0,"player_choice":"Card Removal","damage_taken":0,"max_hp_gain":0,"max_hp_loss":0,"event_name":"The Cleric","floor":2,"gold_loss":0}],"is_beta":false,"boss_relics":[],"items_purged_floors":[8],"is_endless":false,"potions_floor_spawned":[14,15],"killed_by":"DF_ARCHETYPE_STREAMLINE","ascension_level":0}}