{"host":"o1scrl1hgy598kuq","time":1613630314,"event":{"mods":["BaseMod","Colored Map","Colored Powertips","Minty Spire (QoL Compilation)","Remilia??????","Replay The Spire","Shop Mod","StSLib","The Jungle","The Marked","The Servant 0.9.4"],"gold_per_floor":[118,118,128,144,159,159,188,188,212,212,212],"floor_reached":10,"language":"ENG","playtime":409,"items_purged":[],"score":78,"play_id":"6c610b0d-5d0d-48e8-ab1f-628ec58287de","local_time":"20210218003834","is_ascension_mode":true,"campfire_choices":[{"data":"ReplayTheSpireMod:Strike From Hell","floor":6,"key":"SMITH"},{"data":"ReplayTheSpireMod:Strike From Hell","floor":8,"key":"SMITH"}],"circlet_count":0,"master_deck":["Strike_R","Strike_R","Strike_R","Strike_R","Strike_R","Defend_R+1","Defend_R","Defend_R+1","Defend_R","Bash","Spot Weakness","Burning Pact","ReplayTheSpireMod:Strike From Hell+1","ReplayTheSpireMod:Strike From Hell+1","Juggernaut"],"relics":["Burning Blood","King of Hearts","War Paint"],"acts_visited":["Exordium"],"potions_floor_usage":[7,7],"damage_taken":[{"damage":13,"enemies":"Jaw Worm","floor":1,"turns":4},{"damage":1,"enemies":"Cultist","floor":3,"turns":3},{"damage":11,"enemies":"Small Slimes","floor":4,"turns":4},{"damage":42,"enemies":"Exordium Thugs","floor":5,"turns":5},{"damage":12,"enemies":"Gremlin Nob","floor":7,"turns":4},{"damage":50,"enemies":"Lagavulin","floor":10,"turns":8}],"seed_played":"1910731169054906493","potions_obtained":[{"floor":3,"key":"Block Potion"},{"floor":5,"key":"Fire Potion"}],"is_trial":false,"path_per_floor":["M","?","M","M","M","R","E","R","T","E"],"character_chosen":"IRONCLAD","items_purchased":[],"campfire_rested":0,"item_purchase_floors":[],"current_hp_per_floor":[81,88,88,83,47,47,41,41,41,0,0],"gold":212,"neow_bonus":"TEN_PERCENT_HP_BONUS","is_daily":false,"chose_seed":false,"campfire_upgraded":2,"win_rate":0.0,"timestamp":1613630314,"path_taken":["M","?","M","?","M","R","E","R","T","E"],"items_purchased_type":[],"build_version":"2020-12-22","purchased_purges":0,"victory":false,"max_hp_per_floor":[88,88,88,88,88,88,88,88,88,88,88],"card_choices":[{"not_picked":["Replay:Undeath\u0027s Touch","Run Through"],"picked":"Spot Weakness","floor":1},{"not_picked":["Shrug It Off","Pummel"],"picked":"Burning Pact","floor":3},{"not_picked":["Anger","Rampage"],"picked":"ReplayTheSpireMod:Strike From Hell","floor":4},{"not_picked":["Run Through","Metallicize"],"picked":"ReplayTheSpireMod:Strike From Hell","floor":5},{"not_picked":["Dual Wield","ReplayTheSpireMod:Strike From Hell"],"picked":"Juggernaut","floor":7}],"player_experience":265015,"relics_obtained":[{"floor":7,"key":"King of Hearts"},{"floor":9,"key":"War Paint"}],"event_choices":[{"damage_healed":7,"gold_gain":0,"player_choice":"Full Heal","damage_taken":0,"max_hp_gain":0,"max_hp_loss":0,"event_name":"Wheel of Change","floor":2,"gold_loss":0}],"is_beta":false,"boss_relics":[],"items_purged_floors":[],"is_endless":false,"potions_floor_spawned":[3,5],"killed_by":"Lagavulin","ascension_level":3}}