{"host":"dmtlrev5pkc1867p","time":1613668287,"event":{"mods":["AchievementEnabler","BaseMod","Colored Map","Colored Powertips","Downfall","Hermit","Highlight Path","Hubris","Infinite Spire","Marisa¡]Ãú«B¡@Å]²z¨F¡^","Minty Spire (QoL Compilation)","Permanent Neow","Quick Restart","Rare Cards Sparkle","Relic Sorter","Relic Stats","Replay The Spire","Shop Mod","StSLib","SuperFastMode","The Construct","The Cursed","The Mystic","The Necromancer","The Poker Player","The Runesmith","The Servant 0.9.4"],"gold_per_floor":[116,116,134,161,161,161,161],"floor_reached":6,"language":"ZHS","playtime":195,"items_purged":[],"score":44,"play_id":"26b14c86-0724-49ba-bca2-53036bf0085a","local_time":"20210219011127","is_ascension_mode":true,"campfire_choices":[],"circlet_count":0,"master_deck":["Strike_G","Strike_G","Strike_G","Strike_G","Strike_G","Defend_G","Defend_G","Defend_G","Defend_G","Defend_G","Survivor","Neutralize","Venomology","Flying Knee","Well Laid Plans+1"],"relics":["m_SnakeCloak","infinitespire:Cubic Diamond","Regal Pillow"],"acts_visited":["Exordium"],"potions_floor_usage":[6],"damage_taken":[{"damage":3.0,"enemies":"2 Louse","floor":1.0,"turns":3.0},{"damage":0.0,"enemies":"Jaw Worm","floor":3.0,"turns":5.0},{"damage":59,"enemies":"Lagavulin","floor":6,"turns":8}],"seed_played":"-2321763766507161816","potions_obtained":[{"floor":1.0,"key":"DistilledChaos"}],"is_trial":false,"path_per_floor":["M","?","M","T","?","E"],"character_chosen":"THE_SILENT","items_purchased":[],"campfire_rested":0,"item_purchase_floors":[],"current_hp_per_floor":[60,60,60,60,60,1,1],"gold":161,"neow_bonus":"THREE_RARE_CARDS","is_daily":false,"chose_seed":false,"campfire_upgraded":0,"win_rate":0.0,"timestamp":1613668287,"path_taken":["M","?","M","?","?","E"],"items_purchased_type":[],"build_version":"2020-12-22","purchased_purges":0,"victory":false,"max_hp_per_floor":[63,63,63,63,63,63,63],"relic_stats":{"Regal Pillow":0,"counters":[3,16],"obtain_stats":[{"m_SnakeCloak":2,"Regal Pillow":4,"infinitespire:Cubic Diamond":2,"Ring of the Snake":0},{"m_SnakeCloak":1,"Regal Pillow":2,"infinitespire:Cubic Diamond":1,"Ring of the Snake":0},{"m_SnakeCloak":3,"Regal Pillow":8,"infinitespire:Cubic Diamond":3,"Ring of the Snake":0}]},"card_choices":[{"not_picked":["Grand Finale","Phantasmal Killer"],"picked":"Venomology","floor":0.0},{"not_picked":["Expertise","hubris:Sniper"],"picked":"Flying Knee","floor":1.0},{"not_picked":["Acrobatics","Blur"],"picked":"Well Laid Plans","floor":3.0}],"player_experience":718474,"relics_obtained":[{"floor":4.0,"key":"Regal Pillow"}],"event_choices":[{"damage_healed":0.0,"max_hp_gain":0.0,"max_hp_loss":0.0,"gold_gain":0.0,"event_name":"Accursed Blacksmith","player_choice":"Forge","floor":5.0,"gold_loss":0.0,"damage_taken":0.0,"cards_upgraded":["Well Laid Plans"]}],"is_beta":false,"boss_relics":[],"items_purged_floors":[],"is_endless":false,"potions_floor_spawned":[1],"killed_by":"Lagavulin","ascension_level":6}}