{"host":"cfqfeqi6u2qx5u0e","time":1613635553,"event":{"mods":["AchievementEnabler","BaseMod","Colored Powertips","Minty Spire (QoL Compilation)","Quick Restart","StSLib"],"gold_per_floor":[128,151,182,212,235,272,284,331,343,355,394,406,428,454,466,575,587,617,663,298,318,36,66,78,78,102,135,150,150,185,198,198,296,296,311,311,323,333,349,349,374,374,400,434,123,123,156,170,170,170,170,170,100,130,130],"floor_reached":56,"language":"ENG","playtime":4303,"items_purged":[],"score":1475,"play_id":"7d203dcd-1369-4d53-9543-dfc3fb395bf5","local_time":"20210218000553","is_ascension_mode":true,"campfire_choices":[{"floor":7,"key":"RECALL"},{"floor":10,"key":"REST"},{"data":"After Image","floor":15,"key":"SMITH"},{"data":"Wraith Form v2","floor":32,"key":"SMITH"},{"data":"Accuracy","floor":40,"key":"SMITH"},{"floor":42,"key":"REST"},{"data":"Accuracy","floor":49,"key":"SMITH"},{"data":"Catalyst","floor":52,"key":"SMITH"}],"circlet_count":0,"master_deck":["Survivor","Neutralize","CurseOfTheBell","Accuracy","Predator","Blade Dance","After Image+1","Poisoned Stab","Poisoned Stab","All Out Attack","Adrenaline","Catalyst+1","Heel Hook","Wraith Form v2+1","Underhanded Strike","Escape Plan","Accuracy+1","Accuracy+1","Distraction+1","Sucker Punch","After Image+1","Bane","Underhanded Strike","Masterful Stab","Deflect+1","After Image+1","Expertise+1","Deflect+1","Acrobatics+1","Phantasmal Killer+1","Eviscerate","Bullet Time+1","Storm of Steel+1","Crippling Poison+1","Riddle With Holes","Outmaneuver+1","Leg Sweep+1","Finisher","Prepared+1","Envenom","Escape Plan+1","Bullet Time+1","Reflex+1","Backflip+1","Catalyst+1","Deadly Poison+1"],"relics":["Calling Bell","MawBank","Ninja Scroll","Tingsha","Eternal Feather","Smiling Mask","White Beast Statue","Orichalcum","Tiny Chest","Busted Crown","Red Mask","Bird Faced Urn","Toxic Egg 2","StoneCalendar","Vajra","Snake Skull","Lantern","Pandora\u0027s Box","Letter Opener","Strawberry","Bronze Scales","Nunchaku","Mummified Hand","The Specimen"],"acts_visited":["Exordium","TheCity","TheBeyond","TheEnding"],"potions_floor_usage":[6,6,11,16,16,16,18,19,23,27,27,27,28,30,31,33,38,39,39,44,44,50,50,50,55],"damage_taken":[{"damage":0,"enemies":"Cultist","floor":1,"turns":3},{"damage":2,"enemies":"2 Louse","floor":2,"turns":3},{"damage":7,"enemies":"Small Slimes","floor":3,"turns":3},{"damage":0,"enemies":"Gremlin Gang","floor":4,"turns":3},{"damage":10,"enemies":"Large Slime","floor":5,"turns":6},{"damage":0,"enemies":"Gremlin Nob","floor":6,"turns":2},{"damage":13,"enemies":"3 Sentries","floor":8,"turns":8},{"damage":14,"enemies":"Gremlin Nob","floor":11,"turns":3},{"damage":6,"enemies":"3 Louse","floor":13,"turns":3},{"damage":1,"enemies":"Blue Slaver","floor":14,"turns":3},{"damage":27,"enemies":"Slime Boss","floor":16,"turns":7},{"damage":10,"enemies":"Chosen","floor":18,"turns":5},{"damage":0,"enemies":"Masked Bandits","floor":19,"turns":4},{"damage":6,"enemies":"2 Thieves","floor":21,"turns":5},{"damage":5,"enemies":"Slavers","floor":23,"turns":4},{"damage":3,"enemies":"Centurion and Healer","floor":24,"turns":6},{"damage":15,"enemies":"Gremlin Leader","floor":27,"turns":4},{"damage":11,"enemies":"Sentry and Sphere","floor":28,"turns":6},{"damage":7,"enemies":"Slavers","floor":30,"turns":6},{"damage":3,"enemies":"Snake Plant","floor":31,"turns":5},{"damage":66,"enemies":"Champ","floor":33,"turns":12},{"damage":9,"enemies":"3 Darklings","floor":35,"turns":5},{"damage":9,"enemies":"3 Shapes","floor":37,"turns":2},{"damage":0,"enemies":"Spire Growth","floor":38,"turns":3},{"damage":25,"enemies":"3 Darklings","floor":39,"turns":4},{"damage":47,"enemies":"Reptomancer","floor":41,"turns":5},{"damage":20,"enemies":"Nemesis","floor":44,"turns":5},{"damage":0,"enemies":"Reptomancer","floor":47,"turns":4},{"damage":2,"enemies":"4 Shapes","floor":48,"turns":2},{"damage":0,"enemies":"Donu and Deca","floor":50,"turns":5},{"damage":10,"enemies":"Shield and Spear","floor":54,"turns":6},{"damage":32,"enemies":"The Heart","floor":55,"turns":8}],"seed_played":"-7603185845600069972","potions_obtained":[{"floor":2,"key":"FearPotion"},{"floor":3,"key":"BlessingOfTheForge"},{"floor":4,"key":"FearPotion"},{"floor":11,"key":"GamblersBrew"},{"floor":13,"key":"DuplicationPotion"},{"floor":14,"key":"FearPotion"},{"floor":16,"key":"Swift Potion"},{"floor":18,"key":"SteroidPotion"},{"floor":19,"key":"CunningPotion"},{"floor":21,"key":"BlessingOfTheForge"},{"floor":23,"key":"Strength Potion"},{"floor":24,"key":"PowerPotion"},{"floor":27,"key":"ColorlessPotion"},{"floor":28,"key":"PowerPotion"},{"floor":30,"key":"Swift Potion"},{"floor":31,"key":"Explosive Potion"},{"floor":33,"key":"Regen Potion"},{"floor":35,"key":"DistilledChaos"},{"floor":37,"key":"Explosive Potion"},{"floor":38,"key":"Energy Potion"},{"floor":39,"key":"Dexterity Potion"},{"floor":41,"key":"AttackPotion"},{"floor":44,"key":"Strength Potion"},{"floor":47,"key":"Poison Potion"},{"floor":54,"key":"Explosive Potion"}],"is_trial":false,"path_per_floor":["M","M","M","M","M","E","R","E","T","R","E","T","M","M","R","B",null,"M","?","$","M","$","E","M","?","T","E","M","T","E","M","R","B",null,"M","?","M","M","M","R","E","R","T","E","$","?","E","M","R","B",null,"R","$","E","B",null],"character_chosen":"THE_SILENT","items_purchased":["Bird Faced Urn","Accuracy","Toxic Egg 2","Accuracy","Bullet Time+1","Nunchaku","Catalyst+1"],"campfire_rested":2,"item_purchase_floors":[20,20,22,22,45,45,53],"current_hp_per_floor":[70,68,61,61,51,51,60,47,47,70,56,56,50,49,61,34,70,60,60,60,60,60,63,68,68,68,59,60,60,65,67,70,4,70,67,67,61,70,47,70,25,70,77,68,68,68,77,77,77,77,77,77,77,77,54],"gold":130,"neow_bonus":"BOSS_RELIC","is_daily":false,"chose_seed":false,"campfire_upgraded":5,"win_rate":0.0,"timestamp":1613635553,"path_taken":["M","M","M","?","M","E","R","E","T","R","E","?","M","M","R","BOSS","M","?","$","M","$","E","M","?","T","E","?","?","E","M","R","BOSS","M","?","M","?","M","R","E","R","T","E","$","?","E","M","R","BOSS","R","$","E","BOSS"],"items_purchased_type":["Relic","Card","Relic","Card","Card","Relic","Card"],"build_version":"2020-12-22","purchased_purges":0,"victory":true,"max_hp_per_floor":[70,70,70,70,70,70,70,70,70,70,70,70,70,70,70,70,70,70,70,70,70,70,70,70,70,70,70,70,70,70,70,70,70,70,70,70,70,70,70,70,70,70,77,77,77,77,77,77,77,77,77,77,77,77,77],"card_choices":[{"not_picked":["Flying Knee","Blade Dance"],"picked":"Accuracy","floor":1},{"not_picked":["Cloak And Dagger","Quick Slash"],"picked":"Predator","floor":2},{"not_picked":["Dodge and Roll","Sucker Punch"],"picked":"Blade Dance","floor":3},{"not_picked":["Cloak And Dagger","Crippling Poison"],"picked":"After Image","floor":4},{"not_picked":["Deadly Poison","Riddle With Holes"],"picked":"Poisoned Stab","floor":5},{"not_picked":["Backflip","Expertise"],"picked":"Poisoned Stab","floor":6},{"not_picked":["Deadly Poison","Dagger Spray"],"picked":"All Out Attack","floor":8},{"not_picked":["Terror","Noxious Fumes"],"picked":"Adrenaline","floor":11},{"not_picked":["Crippling Poison","Quick Slash"],"picked":"Catalyst","floor":13},{"not_picked":["Deadly Poison","Flechettes"],"picked":"Heel Hook","floor":14},{"not_picked":["Tools of the Trade","Unload"],"picked":"Wraith Form v2","floor":16},{"not_picked":[],"picked":"Underhanded Strike","floor":18},{"not_picked":[],"picked":"Escape Plan","floor":19},{"not_picked":[],"picked":"Dagger Spray","floor":21},{"not_picked":[],"picked":"Distraction+1","floor":23},{"not_picked":[],"picked":"Sucker Punch","floor":24},{"not_picked":[],"picked":"Bane","floor":27},{"not_picked":[],"picked":"Underhanded Strike","floor":28},{"not_picked":[],"picked":"Masterful Stab","floor":30},{"not_picked":[],"picked":"Deflect+1","floor":31},{"not_picked":[],"picked":"After Image","floor":33},{"not_picked":["Reflex+1"],"picked":"SKIP","floor":35},{"not_picked":[],"picked":"Leg Sweep+1","floor":37},{"not_picked":[],"picked":"Finisher","floor":38},{"not_picked":[],"picked":"Prepared+1","floor":39},{"not_picked":[],"picked":"Envenom","floor":41},{"not_picked":[],"picked":"Escape Plan+1","floor":44},{"not_picked":[],"picked":"Reflex+1","floor":47},{"not_picked":[],"picked":"Backflip+1","floor":48},{"not_picked":[],"picked":"Deadly Poison+1","floor":54}],"player_experience":82430,"relics_obtained":[{"floor":0,"key":"MawBank"},{"floor":0,"key":"Ninja Scroll"},{"floor":0,"key":"Tingsha"},{"floor":6,"key":"Eternal Feather"},{"floor":8,"key":"Smiling Mask"},{"floor":9,"key":"White Beast Statue"},{"floor":11,"key":"Orichalcum"},{"floor":12,"key":"Tiny Chest"},{"floor":19,"key":"Red Mask"},{"floor":23,"key":"StoneCalendar"},{"floor":26,"key":"Vajra"},{"floor":27,"key":"Snake Skull"},{"floor":30,"key":"Lantern"},{"floor":41,"key":"Letter Opener"},{"floor":43,"key":"Strawberry"},{"floor":44,"key":"Bronze Scales"},{"floor":47,"key":"Mummified Hand"},{"floor":54,"key":"The Specimen"}],"event_choices":[{"damage_healed":0,"gold_gain":0,"player_choice":"Fought Bandits","damage_taken":0,"max_hp_gain":0,"max_hp_loss":0,"event_name":"Masked Bandits","floor":19,"gold_loss":0},{"damage_healed":0,"gold_gain":0,"player_choice":"Copied","damage_taken":0,"max_hp_gain":0,"max_hp_loss":0,"event_name":"Duplicator","floor":25,"gold_loss":0,"cards_obtained":["After Image"]},{"damage_healed":0,"gold_gain":0,"player_choice":"Upgraded","damage_taken":0,"max_hp_gain":0,"max_hp_loss":0,"event_name":"Upgrade Shrine","floor":36,"gold_loss":0,"cards_upgraded":["After Image"]},{"cards_removed":["Dagger Spray"],"damage_healed":0,"gold_gain":0,"player_choice":"Removed Attack","damage_taken":0,"max_hp_gain":0,"max_hp_loss":0,"event_name":"Falling","floor":46,"gold_loss":0}],"is_beta":false,"boss_relics":[{"not_picked":["Sozu","Empty Cage"],"picked":"Busted Crown"},{"not_picked":["HoveringKite","Cursed Key"],"picked":"Pandora\u0027s Box"}],"items_purged_floors":[],"is_endless":false,"potions_floor_spawned":[2,3,4,11,13,14,16,18,19,21,23,24,27,28,30,31,33,35,37,38,39,41,44,47,48,54],"ascension_level":1}}