{"host":"5mo0809oo9tcrmpl","time":1613610065,"event":{"mods":["BaseMod","Highlight Path","Minty Spire (QoL Compilation)","Relic Stats","Slay the Relics Exporter"],"gold_per_floor":[214,231,242,259,16,16,44,44,71,71,93,122,47,90,90,171,171,195,117,143,172,201,201,245,245,334,434,434,52,52,81,81,81,81],"floor_reached":33,"language":"ENG","playtime":1771,"items_purged":["Strike_R","Strike_R"],"score":554,"play_id":"ad343106-12df-4dc9-8d07-40caca9b27d0","local_time":"20210217190105","is_ascension_mode":true,"campfire_choices":[{"data":"Metallicize","floor":6.0,"key":"SMITH"},{"data":"Bash","floor":8.0,"key":"SMITH"},{"data":"Rampage","floor":10.0,"key":"SMITH"},{"data":"True Grit","floor":15.0,"key":"SMITH"},{"data":"Juggernaut","floor":23.0,"key":"SMITH"},{"floor":25.0,"key":"REST"},{"data":"Fiend Fire","floor":28.0,"key":"SMITH"},{"data":"Whirlwind","floor":30.0,"key":"SMITH"},{"data":"Inflame","floor":32.0,"key":"SMITH"}],"circlet_count":0,"master_deck":["AscendersBane","Strike_R","Strike_R","Defend_R","Defend_R","Defend_R","Defend_R","Bash+1","Metallicize+1","Carnage","Rampage+1","True Grit+1","Juggernaut+1","Wild Strike","Sword Boomerang","Fiend Fire+1","Feel No Pain","Pommel Strike","Sentinel","Ghostly Armor","Whirlwind+1","Clumsy","Inflame+1"],"relics":["Burning Blood","HandDrill","Bag of Preparation","CeramicFish","Blood Vial","Cursed Key","Anchor","WingedGreaves","TungstenRod","Eternal Feather","Ornamental Fan"],"acts_visited":["Exordium","TheCity"],"potions_floor_usage":[33,33],"damage_taken":[{"damage":3.0,"enemies":"2 Louse","floor":1.0,"turns":4.0},{"damage":7.0,"enemies":"Small Slimes","floor":2.0,"turns":4.0},{"damage":1.0,"enemies":"Cultist","floor":3.0,"turns":3.0},{"damage":14.0,"enemies":"Looter","floor":4.0,"turns":3.0},{"damage":23.0,"enemies":"3 Sentries","floor":7.0,"turns":9.0},{"damage":4.0,"enemies":"Blue Slaver","floor":11.0,"turns":3.0},{"damage":7.0,"enemies":"3 Louse","floor":12.0,"turns":4.0},{"damage":22.0,"enemies":"Lagavulin","floor":14.0,"turns":7.0},{"damage":20.0,"enemies":"The Guardian","floor":16.0,"turns":12.0},{"damage":18.0,"enemies":"3 Byrds","floor":18.0,"turns":6.0},{"damage":0.0,"enemies":"Chosen","floor":20.0,"turns":3.0},{"damage":13.0,"enemies":"Snecko","floor":21.0,"turns":4.0},{"damage":23.0,"enemies":"Snake Plant","floor":22.0,"turns":4.0},{"damage":40.0,"enemies":"Book of Stabbing","floor":24.0,"turns":5.0},{"damage":16.0,"enemies":"Colosseum Slavers","floor":27.0,"turns":4.0},{"damage":18.0,"enemies":"Colosseum Nobs","floor":27.0,"turns":6.0},{"damage":0.0,"enemies":"Centurion and Healer","floor":31.0,"turns":5.0},{"damage":58,"enemies":"Automaton","floor":33,"turns":6}],"seed_played":"-859690029866539209","potions_obtained":[{"floor":2.0,"key":"BlessingOfTheForge"},{"floor":3.0,"key":"Swift Potion"},{"floor":12.0,"key":"SneckoOil"},{"floor":20.0,"key":"ColorlessPotion"},{"floor":21.0,"key":"Block Potion"},{"floor":22.0,"key":"SkillPotion"},{"floor":31.0,"key":"EntropicBrew"}],"is_trial":false,"path_per_floor":["M","M","M","M","$","R","E","R","T","R","M","M","?","E","R","B",null,"M","?","M","M","M","R","E","R","T","?","R","$","R","M","R","B"],"character_chosen":"IRONCLAD","items_purchased":["HandDrill","Ornamental Fan"],"campfire_rested":1,"item_purchase_floors":[5,29],"current_hp_per_floor":[71,70,75,67,67,67,50,50,50,50,52,51,51,35,35,23,62,52,52,60,55,40,40,8,30,30,12,24,24,36,44,56,0,0],"gold":81,"neow_bonus":"HUNDRED_GOLD","is_daily":false,"chose_seed":false,"campfire_upgraded":8,"win_rate":0.0,"timestamp":1613610065,"path_taken":["M","M","M","M","$","R","E","R","T","R","M","M","?","E","R","BOSS","M","?","M","M","?","R","E","R","T","?","R","$","R","M","R","BOSS"],"items_purchased_type":["Relic","Relic"],"build_version":"2020-12-22","purchased_purges":2,"victory":false,"max_hp_per_floor":[75,75,75,75,75,75,75,75,75,75,75,75,75,75,75,75,75,75,75,75,75,75,75,75,75,75,75,75,75,75,75,75,75,75],"relic_stats":{"Blood Vial":20,"counters":[18,92],"Ornamental Fan":[20],"CeramicFish":99,"Eternal Feather":36,"HandDrill":[20],"Bag of Preparation":[26],"Cursed Key":1,"obtain_stats":[{"Blood Vial":14,"Anchor":19,"Ornamental Fan":29,"CeramicFish":9,"Eternal Feather":27,"WingedGreaves":24,"HandDrill":5,"Bag of Preparation":7,"Cursed Key":17,"Burning Blood":0,"TungstenRod":27},{"Blood Vial":8,"Anchor":10,"Ornamental Fan":16,"CeramicFish":5,"Eternal Feather":16,"WingedGreaves":14,"HandDrill":4,"Bag of Preparation":5,"Cursed Key":9,"Burning Blood":0,"TungstenRod":16},{"Blood Vial":37,"Anchor":55,"Ornamental Fan":81,"CeramicFish":23,"Eternal Feather":81,"WingedGreaves":71,"HandDrill":14,"Bag of Preparation":23,"Cursed Key":49,"Burning Blood":0,"TungstenRod":81}],"Burning Blood":102,"TungstenRod":4},"card_choices":[{"not_picked":["Iron Wave","Flex"],"picked":"Metallicize","floor":1.0},{"not_picked":["Power Through","Shrug It Off"],"picked":"Carnage","floor":2.0},{"not_picked":["Twin Strike","Rupture"],"picked":"Rampage","floor":3.0},{"not_picked":["Infernal Blade","Armaments","Bloodletting"],"picked":"SKIP","floor":4.0},{"not_picked":["Infernal Blade","Armaments","Bloodletting"],"picked":"SKIP","floor":4.0},{"not_picked":["Anger","Wild Strike"],"picked":"True Grit","floor":7.0},{"not_picked":["Perfected Strike","Clothesline"],"picked":"Juggernaut","floor":11.0},{"not_picked":["Dark Embrace","Wild Strike","Fire Breathing"],"picked":"SKIP","floor":12.0},{"not_picked":["Dark Embrace","Fire Breathing"],"picked":"Wild Strike","floor":12.0},{"not_picked":["Infernal Blade","Burning Pact"],"picked":"Sword Boomerang","floor":14.0},{"not_picked":["Brutality","Bludgeon"],"picked":"Fiend Fire","floor":16.0},{"not_picked":["Spot Weakness","Iron Wave"],"picked":"Feel No Pain","floor":18.0},{"not_picked":["Perfected Strike","Anger"],"picked":"Pommel Strike","floor":20.0},{"not_picked":["Feel No Pain","Reckless Charge"],"picked":"Sentinel","floor":21.0},{"not_picked":["Rupture","Perfected Strike"],"picked":"Ghostly Armor","floor":22.0},{"not_picked":["Sword Boomerang+1","Heavy Blade"],"picked":"Whirlwind","floor":24.0},{"not_picked":["Perfected Strike","True Grit+1"],"picked":"Inflame","floor":31.0}],"player_experience":1290134,"relics_obtained":[{"floor":7.0,"key":"Bag of Preparation"},{"floor":9.0,"key":"CeramicFish"},{"floor":14.0,"key":"Blood Vial"},{"floor":24.0,"key":"WingedGreaves"},{"floor":27.0,"key":"TungstenRod"},{"floor":27.0,"key":"Eternal Feather"}],"event_choices":[{"cards_removed":["Strike_R"],"damage_healed":0.0,"max_hp_gain":0.0,"max_hp_loss":0.0,"gold_gain":0.0,"event_name":"The Cleric","player_choice":"Card Removal","floor":13.0,"gold_loss":75.0,"damage_taken":0.0},{"damage_healed":0.0,"max_hp_gain":0.0,"max_hp_loss":0.0,"gold_gain":0.0,"event_name":"WeMeetAgain","player_choice":"Paid Gold","floor":19.0,"gold_loss":78.0,"damage_taken":0.0,"relics_obtained":["Anchor"]},{"damage_healed":0.0,"max_hp_gain":0.0,"max_hp_loss":0.0,"gold_gain":0.0,"event_name":"Colosseum","player_choice":"Fight","floor":27.0,"gold_loss":0.0,"damage_taken":0.0},{"damage_healed":0.0,"max_hp_gain":0.0,"max_hp_loss":0.0,"gold_gain":0.0,"event_name":"Colosseum","player_choice":"Fought Nobs","floor":27.0,"gold_loss":0.0,"damage_taken":0.0}],"is_beta":false,"boss_relics":[{"not_picked":["Pandora\u0027s Box","Runic Dome"],"picked":"Cursed Key"}],"items_purged_floors":[5,29],"is_endless":false,"potions_floor_spawned":[2,3,4,12,20,21,22,31],"killed_by":"Automaton","ascension_level":20}}