{"host":"zomvc55eewbqxhwb","time":1613642224,"event":{"mods":["ATMod(°¢èªMod)","Act Like it!","BaseMod","Conspire","Minty Spire (QoL Compilation)","MostiFishMod","Pale of the Ancients","Relic Stats","Replay The Spire","RumiaBox-Â¶Ã×æ«µÄÉñÃØºÐ×Ó","Shop Mod","StSLib","TestMod","[IsaacMod]ÒÔÈö¼âËþ","¡¾¹¦ÄÜMod¡¿»ìãçÖ®»·ÐÞ¸´²¹¶¡","¡¾ÒÅÎï¿¨ÅÆ¡¿REMEMod"],"gold_per_floor":[110,110,260,260,262,274,305,353,106,106,141,12,45,45,75,106,106,106,177,177,197,122,153,193,193,237,285,221,221,221,271,336,402,472,43,113,155,221,221,348,348,409,1000261,338,488,438,511,618,618,723,723,723,920,1090,1010,1129,928,928,928,928,978,1039,1115,1230,1400,1442,711,711,711,889,889,113,113,281],"floor_reached":75,"language":"ZHS","playtime":3019,"items_purged":["Doubt","Strike_R","Seeing Red"],"score":4116,"play_id":"5ab0d701-08b8-4dd7-a908-c5ed9de14c6a","local_time":"20210218175704","daily_mods":["Heirloom","Flight"],"is_ascension_mode":true,"campfire_choices":[{"data":"Dark Embrace","floor":14.0,"key":"SMITH"},{"data":"Strike_R","floor":17.0,"key":"PURGE"},{"data":"Burning Pact","floor":18.0,"key":"SMITH"},{"data":"REME_Scribble","floor":39.0,"key":"SMITH"},{"data":"testmod-Reflect","floor":49.0,"key":"SMITH"},{"data":"ReplayTheSpireMod:Faulty Equipment","floor":58.0,"key":"SMITH"},{"floor":60.0,"key":"RECALL"},{"data":"Armaments","floor":69,"key":"SMITH"},{"data":"Limit Break","floor":71,"key":"SMITH"}],"circlet_count":0,"master_deck":["AscendersBane","Shrug It Off","MostiFishMod:RacingGame+1","Dark Embrace+1","Burning Pact+1","conspire:Purge","REME_ACTH","REME_Scribble+1","testmod-Reflect+1","conspire:SpireCoStock","Limit Break+1","MostiFishMod:PerfectStrikeMKII","Armaments+1","testmod-ComboMaster"],"relics":["Burning Blood","DaveBox","HushsDoor","AT_ATBox","testmod-TestBox","REME_ComplimentaryCards","Counterbalance","DeathBook","PatriotShield","SynthV:TestCard","Centennial Puzzle","testmod-Nyarlathotep","Baka2","SalivaCoin","Mummified Hand","testmod-Faith","PreservedInsect","testmod-Hope","Turnip","AddBug","GuppysCollar","Centennial Puzzle","Chameleon Ring","AT_MibuBalloonWealth","Counterbalance","SentryEyes","SumBook","conspire:GiftBox","The Courier","Replay:WaspNest","Happy Flower","Divine Protection","AT_MibuBalloonWealth","SlaversCollar","GuppysPaw","D4","MagicDraw2","Strawberry","Garlic","conspire:GlowingRock","REME_LimitBreaker","Bottled Lightning","Nunchaku","MagicDraw2","SSSystem","testmod-Maize","BelialBook","paleoftheancients:Timepiece","paleoftheancients:KeyRelic","Coffee Dripper","Gremlin Horn","paleoftheancients:SoulOfTheBard","testmod-TestBox","AT_ChloranthyRing","AT_ArchangelStaff","AT_BladeRuinedKing","Ornamental Fan","Sundial","conspire:InfiniteJournal","TheAbacus","testmod-TurbochargingSystem","SharpPlug"],"acts_visited":["Exordium","TheCity","TheBeyond","paleoftheancients:PaleOfTheAncients"],"potions_floor_usage":[74,74],"damage_taken":[{"damage":0.0,"enemies":"Jaw Worm","floor":1.0,"turns":2.0},{"damage":3.0,"enemies":"conspire:MimicChest","floor":5.0,"turns":3.0},{"damage":0.0,"enemies":"Small Slimes","floor":6.0,"turns":1.0},{"damage":0.0,"enemies":"3 Sentries","floor":7.0,"turns":3.0},{"damage":4.0,"enemies":"Lagavulin","floor":8.0,"turns":4.0},{"damage":0.0,"enemies":"3 Sentries","floor":11.0,"turns":2.0},{"damage":0.0,"enemies":"Lagavulin","floor":13.0,"turns":1.0},{"damage":0.0,"enemies":"3 Sentries","floor":15.0,"turns":1.0},{"damage":0.0,"enemies":"Gremlin Nob","floor":16.0,"turns":1.0},{"damage":0.0,"enemies":"Hexaghost","floor":19.0,"turns":3.0},{"damage":5.0,"enemies":"3 Byrds","floor":21.0,"turns":3.0},{"damage":7.0,"enemies":"Shell Parasite","floor":23.0,"turns":1.0},{"damage":10.0,"enemies":"Centurion and Healer","floor":24.0,"turns":1.0},{"damage":7.0,"enemies":"Slavers","floor":26.0,"turns":1.0},{"damage":0.0,"enemies":"conspire:Head Lice","floor":27.0,"turns":1.0},{"damage":7.0,"enemies":"conspire:SneckoGhost","floor":28.0,"turns":1.0},{"damage":7.0,"enemies":"Book of Stabbing","floor":32.0,"turns":1.0},{"damage":8.0,"enemies":"REME_1_Revenger","floor":33.0,"turns":1.0},{"damage":7.0,"enemies":"Book of Stabbing","floor":34.0,"turns":1.0},{"damage":0.0,"enemies":"Shelled Parasite and Fungi","floor":36.0,"turns":1.0},{"damage":0.0,"enemies":"Snake Plant","floor":37.0,"turns":1.0},{"damage":0.0,"enemies":"Sentry and Sphere","floor":38.0,"turns":1.0},{"damage":0.0,"enemies":"conspire:MysteriousRune","floor":40.0,"turns":1.0},{"damage":0.0,"enemies":"Orb Walker","floor":42.0,"turns":1.0},{"damage":0.0,"enemies":"2 Orb Walkers","floor":45.0,"turns":2.0},{"damage":3.0,"enemies":"R_Hoarder","floor":47.0,"turns":2.0},{"damage":3.0,"enemies":"Giant Head","floor":48.0,"turns":1.0},{"damage":0.0,"enemies":"R_Hoarder","floor":50.0,"turns":2.0},{"damage":3.0,"enemies":"Hiden Room Battle","floor":53.0,"turns":2.0},{"damage":19.0,"enemies":"3 Shapes","floor":54.0,"turns":3.0},{"damage":8.0,"enemies":"Giant Head","floor":56.0,"turns":1.0},{"damage":0.0,"enemies":"Time Eater","floor":61.0,"turns":2.0},{"damage":0.0,"enemies":"Replay:Hell Engine","floor":62.0,"turns":1.0},{"damage":0.0,"enemies":"Replay:Hell Engine","floor":63.0,"turns":1.0},{"damage":0.0,"enemies":"Replay:Hell Engine","floor":64.0,"turns":1.0},{"damage":0.0,"enemies":"Replay:Hell Engine","floor":65.0,"turns":2.0},{"damage":0,"enemies":"Replay:Hell Engine","floor":70,"turns":1},{"damage":0,"enemies":"Delirium","floor":74,"turns":2}],"seed_played":"-3021489492163092667","potions_obtained":[{"floor":1.0,"key":"Strength Potion"},{"floor":8.0,"key":"Reflective Coating"},{"floor":36.0,"key":"testmod-SpacePotion"},{"floor":45.0,"key":"Adrenaline Potion"},{"floor":48.0,"key":"DuplicationPotion"},{"floor":65.0,"key":"Dexterity Potion"},{"floor":66.0,"key":"Death Potion"}],"is_trial":true,"path_per_floor":["M","?","?","T","?","M","E","E","$","T","E","$","E","R","E","E","R","R","B",null,"M","?","M","M","?","E","E","E","T","T","?","E","E","E","$","M","M","M","R","B",null,"M","$","?","?","?","E","E","R","E","T","T","?","M","$","E","$","R","?","R","B","B","M","M","M","?","$","T","R","M","R","$","?","B",null],"character_chosen":"IRONCLAD","items_purchased":["testmod-Faith","Seeing Red","Dark Embrace","Burning Pact","REME_ACTH","FairyPotion","GuppysCollar","testmod-Reflect","Happy Flower","Divine Protection","GuppysPaw","Feel No Pain","testmod-Maize","BelialBook","testmod-ComboMaster","AT_ArchangelStaff","AT_BladeRuinedKing","Ornamental Fan","Sundial","conspire:InfiniteJournal","TheAbacus","testmod-TurbochargingSystem","SharpPlug"],"campfire_rested":0,"item_purchase_floors":[9,9,12,12,20,20,20,35,35,35,41,55,57,57,67,67,67,67,72,72,72,72,72],"current_hp_per_floor":[74,74,74,74,75,75,75,75,75,75,75,75,75,75,75,75,75,75,75,49,49,49,51,53,53,54,57,58,58,58,58,59,64,65,65,68,72,76,76,82,72,78,78,63,75,75,84,93,93,93,93,93,87,83,83,70,70,70,99,99,111,157,172,178,184,124,124,124,124,138,138,138,138,156],"gold":281,"neow_bonus":"","is_daily":false,"chose_seed":false,"campfire_upgraded":7,"win_rate":0.0,"timestamp":1613642224,"path_taken":["M","?","?","?","?","M","E","E","$","T","E","$","E","R","E","E","R","R","BOSS","M","?","M","M","?","E","E","E","T","T","?","E","E","E","?","M","M","M","R","BOSS","M","$","?","?","?","E","E","R","E","T","T","?","M","$","E","$","R","?","R","BOSS","BOSS","M","M","M","?","$","T","R","M","R","$","?","BOSS"],"items_purchased_type":["Relic","Card","Card","Card","Card","Potion","Relic","Card","Relic","Relic","Relic","Card","Relic","Relic","Card","Relic","Relic","Relic","Relic","Relic","Relic","Relic","Relic"],"build_version":"2020-12-22","purchased_purges":3,"victory":true,"max_hp_per_floor":[75,75,75,75,75,75,75,75,75,75,75,75,75,75,75,75,75,75,75,49,49,49,51,53,53,55,57,59,59,59,59,61,64,66,66,68,72,76,76,82,72,78,78,78,84,84,90,96,96,119,119,119,125,128,128,147,147,147,147,147,153,166,172,178,184,184,184,184,184,190,190,190,190,200],"relic_stats":{"Happy Flower":[9],"Gremlin Horn":[0,14],"counters":[38,60],"PreservedInsect":770,"Burning Blood":126,"Centennial Puzzle":[34],"Nunchaku":[7],"TheAbacus":[486],"Mummified Hand":[534],"Ornamental Fan":[36],"Sundial":[54],"Turnip":[0],"obtain_stats":[{"Divine Protection":35,"PatriotShield":0,"AT_ATBox":0,"Gremlin Horn":62,"AT_MibuBalloonWealth":27,"SSSystem":56,"AT_ArchangelStaff":67,"MagicDraw2":48,"Centennial Puzzle":4,"Baka2":5,"conspire:GlowingRock":51,"Sundial":72,"Strawberry":50,"KeepersGift":0,"testmod-Maize":57,"paleoftheancients:KeyRelic":62,"testmod-TestBox":0,"Happy Flower":35,"Counterbalance":0,"BelialBook":57,"AddBug":20,"REME_LimitBreaker":52,"paleoftheancients:Timepiece":62,"SlaversCollar":41,"conspire:GiftBox":30,"SentryEyes":28,"HushsDoor":0,"GuppysCollar":20,"DaveBox":0,"GuppysPaw":41,"SharpPlug":72,"testmod-Nyarlathotep":5,"paleoftheancients:SoulOfTheBard":64,"Burning Blood":0,"conspire:InfiniteJournal":72,"DeathBook":0,"Nunchaku":53,"Chameleon Ring":26,"TheAbacus":72,"Mummified Hand":8,"SumBook":29,"AT_ChloranthyRing":66,"PreservedInsect":11,"The Courier":32,"Replay:WaspNest":34,"AT_BladeRuinedKing":67,"Baka":1,"testmod-TurbochargingSystem":72,"D4":45,"SynthV:TestCard":1,"Ornamental Fan":67,"testmod-Hope":15,"Turnip":16,"SalivaCoin":7,"testmod-Faith":9,"Garlic":50,"Coffee Dripper":62,"Bottled Lightning":53,"REME_ComplimentaryCards":0},{"Divine Protection":19,"PatriotShield":0,"AT_ATBox":0,"Gremlin Horn":33,"AT_MibuBalloonWealth":15,"SSSystem":31,"AT_ArchangelStaff":36,"MagicDraw2":27,"Centennial Puzzle":1,"Baka2":2,"conspire:GlowingRock":28,"Sundial":37,"Strawberry":28,"KeepersGift":0,"testmod-Maize":31,"paleoftheancients:KeyRelic":33,"testmod-TestBox":0,"Happy Flower":19,"Counterbalance":0,"BelialBook":31,"AddBug":10,"REME_LimitBreaker":28,"paleoftheancients:Timepiece":33,"SlaversCollar":23,"conspire:GiftBox":16,"SentryEyes":16,"HushsDoor":0,"GuppysCollar":10,"DaveBox":0,"GuppysPaw":23,"SharpPlug":37,"testmod-Nyarlathotep":2,"paleoftheancients:SoulOfTheBard":35,"Burning Blood":0,"conspire:InfiniteJournal":37,"DeathBook":0,"Nunchaku":29,"Chameleon Ring":14,"TheAbacus":37,"Mummified Hand":5,"SumBook":16,"AT_ChloranthyRing":36,"PreservedInsect":6,"The Courier":17,"Replay:WaspNest":19,"AT_BladeRuinedKing":36,"Baka":1,"testmod-TurbochargingSystem":37,"D4":25,"SynthV:TestCard":1,"Ornamental Fan":36,"testmod-Hope":8,"Turnip":9,"SalivaCoin":4,"testmod-Faith":5,"Garlic":28,"Coffee Dripper":33,"Bottled Lightning":29,"REME_ComplimentaryCards":0},{"Divine Protection":32,"PatriotShield":0,"AT_ATBox":0,"Gremlin Horn":53,"AT_MibuBalloonWealth":28,"SSSystem":50,"AT_ArchangelStaff":57,"MagicDraw2":42,"Centennial Puzzle":2,"Baka2":5,"conspire:GlowingRock":44,"Sundial":58,"Strawberry":44,"KeepersGift":0,"testmod-Maize":50,"paleoftheancients:KeyRelic":53,"testmod-TestBox":0,"Happy Flower":32,"Counterbalance":0,"BelialBook":50,"AddBug":21,"REME_LimitBreaker":44,"paleoftheancients:Timepiece":53,"SlaversCollar":36,"conspire:GiftBox":29,"SentryEyes":29,"HushsDoor":0,"GuppysCollar":21,"DaveBox":0,"GuppysPaw":36,"SharpPlug":58,"testmod-Nyarlathotep":5,"paleoftheancients:SoulOfTheBard":55,"Burning Blood":0,"conspire:InfiniteJournal":58,"DeathBook":0,"Nunchaku":46,"Chameleon Ring":27,"TheAbacus":58,"Mummified Hand":13,"SumBook":29,"AT_ChloranthyRing":57,"PreservedInsect":15,"The Courier":30,"Replay:WaspNest":32,"AT_BladeRuinedKing":57,"Baka":2,"testmod-TurbochargingSystem":58,"D4":39,"SynthV:TestCard":2,"Ornamental Fan":57,"testmod-Hope":17,"Turnip":18,"SalivaCoin":9,"testmod-Faith":13,"Garlic":44,"Coffee Dripper":53,"Bottled Lightning":46,"REME_ComplimentaryCards":0}]},"card_choices":[{"not_picked":["Thunderclap","Clash"],"picked":"Shrug It Off","floor":1.0},{"not_picked":["Armaments","True Grit","Thunderclap","Headbutt"],"picked":"Body Slam","floor":6.0},{"not_picked":["Anger","AT_CaressingTears","Perfected Strike","Disarm","Searing Blow"],"picked":"SKIP","floor":7.0},{"not_picked":["AT_BodySlamDance","Reckless Charge","Twin Strike","Blood for Blood"],"picked":"MostiFishMod:ChineseTea","floor":8.0},{"not_picked":["Cleave","Headbutt","Uppercut","Havoc"],"picked":"MostiFishMod:RacingGame","floor":11.0},{"not_picked":["Infernal Blade","Headbutt","Twin Strike","Reckless Charge","Replay:Undeath\u0027s Touch"],"picked":"SKIP","floor":13.0},{"not_picked":["Twin Strike","ReplayTheSpireMod:Corrosion Curse","Eclipse","Headbutt","Disarm"],"picked":"SKIP","floor":15.0},{"not_picked":["Shrug It Off","REME_Cut","AT_CaressingTears","Havoc","Massacre"],"picked":"SKIP","floor":16.0},{"not_picked":["Shrug It Off","REME_Cut","AT_CaressingTears","Havoc","Massacre"],"picked":"SKIP","floor":16.0},{"not_picked":["MostiFishMod:OrdinaryWorld","AT_Dispersion","Immolate","Replay:Many Hands"],"picked":"conspire:Purge","floor":19.0},{"not_picked":["Rage+1","REME_FearOfPain","Ghostly Armor","Wild Strike"],"picked":"REME_Scribble","floor":21.0},{"not_picked":["Clash","Twin Strike+1","Heavy Blade","ReplayTheSpireMod:LeadingStrike","AT_BodySlamDance"],"picked":"SKIP","floor":23.0},{"not_picked":["MostiFishMod:BrandingRite","Dropkick","Thunderclap","MostiFishMod:#F4004","Run Through"],"picked":"SKIP","floor":24.0},{"not_picked":["Infernal Blade","Battle Trance","Replay:Undeath\u0027s Touch","Rage"],"picked":"Sword Boomerang+1","floor":26.0},{"not_picked":["Heavy Blade","Clash","Clothesline","Thunderclap","Cleave+1"],"picked":"SKIP","floor":27.0},{"not_picked":["Run Through","Clash","ReplayTheSpireMod:Muscle Training","Replay:Undeath\u0027s Touch","Shockwave"],"picked":"SKIP","floor":28.0},{"not_picked":["REME_SingleHolding","Sword Boomerang","MostiFishMod:DoubleSword","Fire Breathing+1","Body Slam"],"picked":"SKIP","floor":32.0},{"not_picked":["Rampage","Pommel Strike","Thunderclap","Run Through","Burning Pact"],"picked":"SKIP","floor":33.0},{"not_picked":["Replay:Undeath\u0027s Touch","Flex","Bludgeon","Carnage","Sword Boomerang"],"picked":"SKIP","floor":34.0},{"not_picked":["Dual Wield","Warcry","Clothesline","Body Slam","Run Through"],"picked":"SKIP","floor":36.0},{"not_picked":["True Grit","Run Through","Evolve+1","Twin Strike","Wild Strike+1"],"picked":"SKIP","floor":37.0},{"not_picked":["Twin Strike","Havoc","Replay:Undeath\u0027s Touch","REME_ACTH","REME_Cut"],"picked":"SKIP","floor":38.0},{"not_picked":["Clothesline","Sword Boomerang","Cleave","Shrug It Off","Heavy Blade"],"picked":"SKIP","floor":42.0},{"not_picked":["Sword Boomerang","Thunderclap","Intimidate","Pummel","AT_BodySlamDance"],"picked":"SKIP","floor":47.0},{"not_picked":["Whirlwind","REME_SingleHolding","AT_DiedThrough+1","Shrug It Off+1","Inflame"],"picked":"SKIP","floor":48.0},{"not_picked":["Ghostly Armor","Feel No Pain","ReplayTheSpireMod:Limb From Limb","Iron Wave"],"picked":"Limit Break","floor":50.0},{"not_picked":["Rampage+1","Warcry+1","Perfected Strike","Pommel Strike"],"picked":"Armaments+1","floor":54.0},{"not_picked":["MostiFishMod:404NotFound","Rampage+1","Replay:Undeath\u0027s Touch","Heavy Blade","Blood for Blood"],"picked":"SKIP","floor":56.0},{"not_picked":["ReplayTheSpireMod:Strike From Hell","Headbutt","Havoc","Hemokinesis+1"],"picked":"Armaments","floor":63.0},{"not_picked":["Uppercut","Power Through+1","ReplayTheSpireMod:Muscle Training","Inflame","MostiFishMod:HellRitual"],"picked":"SKIP","floor":64.0},{"not_picked":["Rupture","ReplayTheSpireMod:Corrosion Curse","Entrench","Fire Breathing+1","Warcry"],"picked":"SKIP","floor":65.0},{"not_picked":["AT_BodySlamDance","Uppercut","Armaments","Sword Boomerang","Perfected Strike"],"picked":"SKIP","floor":70},{"not_picked":["Havoc+1","Pommel Strike+1","ReplayTheSpireMod:Stacked","Heavy Blade+1","AT_IchimonjiDouble"],"picked":"SKIP","floor":70},{"not_picked":["AT_BodySlamDance+1","Thunderclap","Rampage","Rupture+1","Feel No Pain"],"picked":"SKIP","floor":70},{"not_picked":["Spot Weakness","Sword Boomerang","Massacre","Run Through","MostiFishMod:FireWorks"],"picked":"SKIP","floor":70}],"player_experience":2618922,"relics_obtained":[{"floor":1.0,"key":"Baka"},{"floor":1.0,"key":"SynthV:TestCard"},{"floor":4.0,"key":"Centennial Puzzle"},{"floor":5.0,"key":"testmod-Nyarlathotep"},{"floor":5.0,"key":"Baka2"},{"floor":7.0,"key":"SalivaCoin"},{"floor":8.0,"key":"Mummified Hand"},{"floor":11.0,"key":"PreservedInsect"},{"floor":15.0,"key":"testmod-Hope"},{"floor":16.0,"key":"Turnip"},{"floor":21.0,"key":"Centennial Puzzle"},{"floor":26.0,"key":"Chameleon Ring"},{"floor":27.0,"key":"AT_MibuBalloonWealth"},{"floor":28.0,"key":"Counterbalance"},{"floor":28.0,"key":"SentryEyes"},{"floor":29.0,"key":"SumBook"},{"floor":30.0,"key":"conspire:GiftBox"},{"floor":32.0,"key":"The Courier"},{"floor":34.0,"key":"Replay:WaspNest"},{"floor":38.0,"key":"AT_MibuBalloonWealth"},{"floor":45.0,"key":"D4"},{"floor":48.0,"key":"MagicDraw2"},{"floor":50.0,"key":"Strawberry"},{"floor":50.0,"key":"Garlic"},{"floor":51.0,"key":"conspire:GlowingRock"},{"floor":52.0,"key":"REME_LimitBreaker"},{"floor":53.0,"key":"Bottled Lightning"},{"floor":53.0,"key":"Nunchaku"},{"floor":56.0,"key":"MagicDraw2"},{"floor":56.0,"key":"SSSystem"},{"floor":64.0,"key":"paleoftheancients:SoulOfTheBard"},{"floor":64.0,"key":"testmod-TestBox"},{"floor":65.0,"key":"paleoftheancients:SoulOfTheWokeBloke"},{"floor":66.0,"key":"AT_ChloranthyRing"}],"event_choices":[{"damage_healed":0.0,"max_hp_gain":0.0,"max_hp_loss":0.0,"gold_gain":150.0,"event_name":"Liars Game","player_choice":"AGREE","floor":3.0,"gold_loss":0.0,"damage_taken":0.0,"cards_obtained":["Doubt"]},{"cards_removed":["Strike_R"],"damage_healed":0.0,"max_hp_gain":0.0,"max_hp_loss":0.0,"gold_gain":0.0,"event_name":"Beggar","player_choice":"Gave Gold","floor":22.0,"gold_loss":75.0,"damage_taken":0.0},{"damage_healed":0.0,"max_hp_gain":0.0,"max_hp_loss":0.0,"gold_gain":0.0,"event_name":"Accursed Blacksmith","player_choice":"Forge","floor":25.0,"gold_loss":0.0,"damage_taken":0.0,"cards_upgraded":["MostiFishMod:RacingGame"]},{"damage_healed":0.0,"max_hp_gain":0.0,"max_hp_loss":0.0,"gold_gain":50.0,"event_name":"Nest","player_choice":"Stole From Cult","floor":31.0,"gold_loss":0.0,"damage_taken":0.0},{"damage_healed":0.0,"max_hp_gain":0.0,"max_hp_loss":0.0,"gold_gain":0.0,"event_name":"Mysterious Sphere","player_choice":"Fight","floor":45.0,"gold_loss":0.0,"damage_taken":0.0},{"damage_healed":0.0,"max_hp_gain":0.0,"max_hp_loss":0.0,"gold_gain":0.0,"event_name":"conspire:Investor","player_choice":"Invest 1","floor":46.0,"gold_loss":0.0,"damage_taken":0.0},{"damage_healed":0.0,"max_hp_gain":0.0,"max_hp_loss":0.0,"gold_gain":0.0,"event_name":"HidenRoomEvent","player_choice":"Fight","floor":53.0,"gold_loss":0.0,"damage_taken":0.0},{"damage_healed":29.0,"max_hp_gain":0.0,"max_hp_loss":0.0,"gold_gain":0.0,"event_name":"Winding Halls","player_choice":"Writhe","floor":59.0,"gold_loss":0.0,"damage_taken":0.0,"cards_obtained":["Writhe"]}],"is_beta":false,"boss_relics":[{"not_picked":["FixedStarFall","Empty Cage"],"picked":"AddBug"},{"not_picked":[]},{"not_picked":["MoonlightInvasionPlan","testmod-StringDisintegrator"],"picked":"SlaversCollar"},{"not_picked":[]}],"items_purged_floors":[9,20,55],"is_endless":false,"potions_floor_spawned":[1,8,13,16,21,24,26,34,36,45,48,50,65],"ascension_level":20}}