{"host":"6406jj8da6015sxr","time":1613672395,"event":{"mods":["AchievementEnabler","BaseMod","Colored Map","DeckTracker","Keyboard Shortcuts","Minty Spire (QoL Compilation)","Permanent Neow","Relic Stats","SuperFastMode","everything is the same but u backflip on backflip"],"gold_per_floor":[117,117,135,149,163,163,174,174,174,193,193,205,215,28,28,130,130,146,166,38,38,38,61,74,93,119,147,173,185,147,163,163,261,261,275,82,1081,1041,1052,1052,1052,1068,1068,1068,1095,1095,1002,177,177,177],"floor_reached":51,"language":"KOR","playtime":2241,"items_purged":["Strike_G","Strike_G+1","Strike_G+1","Strike_G+1"],"score":1137,"play_id":"f3b703d7-0f07-4129-9ab4-bb6c609375ae","local_time":"20210219031955","is_ascension_mode":true,"campfire_choices":[{"data":"Bouncing Flask","floor":6.0,"key":"SMITH"},{"data":"Neutralize","floor":8.0,"key":"SMITH"},{"data":"Survivor","floor":11.0,"key":"SMITH"},{"data":"Blade Dance","floor":15.0,"key":"SMITH"},{"floor":29.0,"key":"REST"},{"data":"Bullet Time","floor":32.0,"key":"SMITH"},{"data":"Bullet Time","floor":40.0,"key":"SMITH"},{"floor":44.0,"key":"REST"},{"floor":46.0,"key":"REST"},{"floor":49.0,"key":"REST"}],"circlet_count":0,"master_deck":["AscendersBane","Strike_G+1","Defend_G+1","Defend_G+1","Defend_G+1","Defend_G+1","Survivor+1","Neutralize+1","Finesse","Escape Plan","Bouncing Flask+1","Flying Knee","Infinite Blades","Expertise","Blade Dance+1","Accuracy","Finesse","Accuracy","Corpse Explosion","Blade Dance","Acrobatics","Bullet Time+1","Bullet Time+1","Escape Plan","Wraith Form v2","Discovery","Chrysalis","Die Die Die"],"relics":["Ring of the Snake","Dead Branch","DollysMirror","Philosopher\u0027s Stone","Smiling Mask","MawBank","SlaversCollar","Omamori","Singing Bowl","Darkstone Periapt","Bird Faced Urn","Chemical X"],"acts_visited":["Exordium","TheCity","TheBeyond"],"potions_floor_usage":[50],"damage_taken":[{"damage":0.0,"enemies":"Small Slimes","floor":1.0,"turns":3.0},{"damage":9.0,"enemies":"Cultist","floor":3.0,"turns":5.0},{"damage":2.0,"enemies":"Jaw Worm","floor":4.0,"turns":3.0},{"damage":6.0,"enemies":"3 Louse","floor":5.0,"turns":5.0},{"damage":8.0,"enemies":"Looter","floor":7.0,"turns":4.0},{"damage":0.0,"enemies":"Large Slime","floor":10.0,"turns":5.0},{"damage":0.0,"enemies":"Exordium Wildlife","floor":12.0,"turns":4.0},{"damage":2.0,"enemies":"Red Slaver","floor":13.0,"turns":3.0},{"damage":7.0,"enemies":"Hexaghost","floor":16.0,"turns":6.0},{"damage":8.0,"enemies":"Shell Parasite","floor":18.0,"turns":4.0},{"damage":9.0,"enemies":"2 Thieves","floor":19.0,"turns":5.0},{"damage":8.0,"enemies":"Snecko","floor":24.0,"turns":3.0},{"damage":3.0,"enemies":"Centurion and Healer","floor":25.0,"turns":4.0},{"damage":0.0,"enemies":"3 Cultists","floor":27.0,"turns":2.0},{"damage":0.0,"enemies":"Snake Plant","floor":28.0,"turns":3.0},{"damage":1.0,"enemies":"Centurion and Healer","floor":31.0,"turns":5.0},{"damage":24.0,"enemies":"Automaton","floor":33.0,"turns":5.0},{"damage":5.0,"enemies":"3 Darklings","floor":35.0,"turns":4.0},{"damage":5.0,"enemies":"Orb Walker","floor":39.0,"turns":3.0},{"damage":0.0,"enemies":"4 Shapes","floor":41.0,"turns":1.0},{"damage":11.0,"enemies":"Maw","floor":42.0,"turns":5.0},{"damage":29.0,"enemies":"Nemesis","floor":45.0,"turns":5.0},{"damage":14,"enemies":"Time Eater","floor":50,"turns":6}],"seed_played":"8462933050576645624","potions_obtained":[{"floor":1.0,"key":"ColorlessPotion"},{"floor":4.0,"key":"Ancient Potion"},{"floor":7.0,"key":"Weak Potion"},{"floor":10.0,"key":"Dexterity Potion"},{"floor":18.0,"key":"AttackPotion"},{"floor":25.0,"key":"SteroidPotion"},{"floor":28.0,"key":"Swift Potion"},{"floor":38.0,"key":"SmokeBomb"},{"floor":42.0,"key":"Fruit Juice"}],"is_trial":false,"path_per_floor":["M","?","M","M","M","R","M","R","T","M","R","M","M","$","R","B",null,"M","M","$","?","?","T","M","M","T","M","M","R","$","M","R","B",null,"M","$","?","?","M","R","M","M","T","R","E","R","?","$","R","B",null],"character_chosen":"THE_SILENT","items_purchased":["DollysMirror","Accuracy","Blade Dance","Omamori","Chemical X","Fruit Juice","Discovery","Chrysalis","Die Die Die","Swift Potion","FearPotion"],"campfire_rested":4,"item_purchase_floors":[14,14,20,36,48,48,48,48,48,48,48],"current_hp_per_floor":[63,63,54,52,46,46,38,38,38,38,38,38,36,36,36,29,60,52,43,43,43,30,30,22,19,19,19,19,41,41,40,40,16,60,55,55,55,55,50,50,50,39,39,61,34,57,57,67,87,83],"gold":177,"neow_bonus":"RANDOM_COLORLESS","is_daily":false,"chose_seed":false,"campfire_upgraded":6,"win_rate":0.0,"timestamp":1613672395,"path_taken":["M","?","M","M","M","R","M","R","T","M","R","M","M","$","R","BOSS","M","M","?","?","?","?","M","M","T","M","M","R","?","M","R","BOSS","M","$","?","?","M","R","M","?","T","R","E","R","?","$","R","BOSS"],"items_purchased_type":["Relic","Card","Card","Relic","Relic","Potion","Card","Card","Card","Potion","Potion"],"build_version":"2020-12-22","purchased_purges":4,"victory":true,"max_hp_per_floor":[70,70,70,70,70,70,70,70,70,70,70,70,70,70,70,70,70,70,70,70,70,75,75,75,75,75,75,75,75,75,75,75,75,75,75,75,75,75,75,75,75,75,75,75,77,77,77,87,87,87],"relic_stats":{"Darkstone Periapt":0,"Singing Bowl":2,"counters":[23,93],"Dead Branch":[222],"Bird Faced Urn":[10],"Chemical X":[2],"Smiling Mask":225,"MawBank":48,"obtain_stats":[{"Darkstone Periapt":45,"SlaversCollar":34,"Singing Bowl":43,"DollysMirror":14,"Dead Branch":9,"Bird Faced Urn":47,"Philosopher\u0027s Stone":17,"Omamori":36,"Chemical X":48,"Smiling Mask":23,"MawBank":26,"Ring of the Snake":0},{"Darkstone Periapt":22,"SlaversCollar":17,"Singing Bowl":21,"DollysMirror":8,"Dead Branch":5,"Bird Faced Urn":22,"Philosopher\u0027s Stone":9,"Omamori":18,"Chemical X":22,"Smiling Mask":11,"MawBank":13,"Ring of the Snake":0},{"Darkstone Periapt":87,"SlaversCollar":69,"Singing Bowl":82,"DollysMirror":32,"Dead Branch":20,"Bird Faced Urn":87,"Philosopher\u0027s Stone":38,"Omamori":73,"Chemical X":87,"Smiling Mask":47,"MawBank":54,"Ring of the Snake":0}],"Ring of the Snake":[46]},"card_choices":[{"not_picked":["Purity","Forethought"],"picked":"Finesse","floor":0.0},{"not_picked":["Dodge and Roll","Outmaneuver"],"picked":"Escape Plan","floor":1.0},{"not_picked":["Concentrate","Deflect"],"picked":"Bouncing Flask","floor":3.0},{"not_picked":["Heel Hook","Dagger Throw"],"picked":"Flying Knee","floor":4.0},{"not_picked":["Finisher","Setup"],"picked":"Infinite Blades","floor":5.0},{"not_picked":["Quick Slash","Poisoned Stab"],"picked":"Expertise","floor":7.0},{"not_picked":["Quick Slash","Deadly Poison"],"picked":"Blade Dance","floor":10.0},{"not_picked":["Underhanded Strike","Dagger Spray","Acrobatics"],"picked":"SKIP","floor":12.0},{"not_picked":["Backflip","PiercingWail"],"picked":"Accuracy","floor":13.0},{"not_picked":["Malaise","Unload"],"picked":"Corpse Explosion","floor":16.0},{"not_picked":["Dagger Spray","Noxious Fumes","Quick Slash"],"picked":"SKIP","floor":18.0},{"not_picked":["Dagger Throw","Dagger Spray","Dodge and Roll"],"picked":"SKIP","floor":19.0},{"not_picked":["Dagger Spray","Deadly Poison","Expertise"],"picked":"SKIP","floor":24.0},{"not_picked":["Masterful Stab","Terror"],"picked":"Acrobatics","floor":25.0},{"not_picked":["Sucker Punch","Bullet Time","Tactician"],"picked":"SKIP","floor":27.0},{"not_picked":["Sucker Punch","Tactician"],"picked":"Bullet Time","floor":27.0},{"not_picked":["Deadly Poison","Acrobatics","Dodge and Roll"],"picked":"SKIP","floor":28.0},{"not_picked":["Caltrops","Sucker Punch","Expertise"],"picked":"SKIP","floor":31.0},{"not_picked":["Tools of the Trade","Grand Finale"],"picked":"Bullet Time","floor":33.0},{"not_picked":["Bane+1","Outmaneuver","Slice"],"picked":"SKIP","floor":35.0},{"not_picked":["Poisoned Stab","Footwork"],"picked":"Escape Plan","floor":39.0},{"not_picked":["Dagger Spray","Leg Sweep"],"picked":"Wraith Form v2","floor":42.0},{"not_picked":["Reflex","Slice+1","Flying Knee+1"],"picked":"Singing Bowl","floor":45.0}],"player_experience":49510,"relics_obtained":[{"floor":9.0,"key":"Dead Branch"},{"floor":23.0,"key":"Smiling Mask"},{"floor":26.0,"key":"MawBank"},{"floor":43.0,"key":"Singing Bowl"},{"floor":45.0,"key":"Darkstone Periapt"}],"event_choices":[{"cards_removed":["Defend_G"],"damage_healed":0.0,"max_hp_gain":0.0,"max_hp_loss":0.0,"gold_gain":0.0,"event_name":"Purifier","player_choice":"Purged","floor":2.0,"gold_loss":0.0,"damage_taken":0.0},{"damage_healed":0.0,"max_hp_gain":0.0,"max_hp_loss":0.0,"gold_gain":0.0,"event_name":"Back to Basics","player_choice":"Simplicity","floor":21.0,"gold_loss":0.0,"damage_taken":0.0,"cards_upgraded":["Strike_G","Strike_G","Strike_G","Strike_G","Defend_G","Defend_G","Defend_G","Defend_G"]},{"damage_healed":0.0,"max_hp_gain":5.0,"max_hp_loss":0.0,"gold_gain":0.0,"event_name":"Forgotten Altar","player_choice":"Shed Blood","floor":22.0,"gold_loss":0.0,"damage_taken":18.0},{"damage_healed":0.0,"max_hp_gain":0.0,"max_hp_loss":0.0,"gold_gain":999.0,"event_name":"MindBloom","player_choice":"Gold","floor":37.0,"gold_loss":0.0,"damage_taken":0.0,"cards_obtained":["Normality","Normality"]},{"damage_healed":0.0,"max_hp_gain":0.0,"max_hp_loss":0.0,"gold_gain":0.0,"event_name":"The Woman in Blue","player_choice":"Bought 3 Potions","floor":38.0,"gold_loss":0.0,"damage_taken":0.0},{"damage_healed":0.0,"max_hp_gain":0.0,"max_hp_loss":0.0,"gold_gain":0.0,"event_name":"WeMeetAgain","player_choice":"Paid Gold","floor":47.0,"gold_loss":93.0,"damage_taken":0.0,"relics_obtained":["Bird Faced Urn"]}],"is_beta":false,"boss_relics":[{"not_picked":["Runic Pyramid","Tiny House"],"picked":"Philosopher\u0027s Stone"},{"not_picked":["HoveringKite","Fusion Hammer"],"picked":"SlaversCollar"}],"items_purged_floors":[20,30,36,48],"is_endless":false,"potions_floor_spawned":[1,4,7,10,18,25,28,33,35,42],"ascension_level":12}}