{"host":"j3dftr7v3bsikk26","time":1613676766,"event":{"mods":["AchievementEnabler","BaseMod","Bestiary","Better Note","Colored Map","Colored Powertips","Downfall","Minty Spire (QoL Compilation)","Relic Stats","StSLib"],"gold_per_floor":[99,99,99,99,99,131,205,225,125,125,157,257,287,300,317,416,416,416,426,442,642,123,157,226,242,242,342,342,152,170,197,215,314,314,314,330,380,380,396,396,396,411,421,450,250,46,46,78,88,88,88,116,15,15,15,15],"floor_reached":57,"language":"ENG","playtime":8070,"items_purged":["bronze:Defend","bronze:Defend","bronze:Defend","bronze:Replicate"],"score":1970,"play_id":"a57650e2-3d7c-4bd1-a4f8-1833ba7f4428","local_time":"20210218203246","is_ascension_mode":true,"campfire_choices":[{"floor":1,"key":"RECALL"},{"data":"bronze:Library","floor":9,"key":"SMITH"},{"data":"bronze:Mutator","floor":18,"key":"SMITH"},{"data":"bronze:FollowUp","floor":26,"key":"SMITH"},{"data":"bronze:CloningBeam","floor":28,"key":"SMITH"},{"data":"bronze:Assembly","floor":35,"key":"SMITH"},{"data":"bronze:Shell","floor":40,"key":"SMITH"},{"data":"bronze:Turbo","floor":45,"key":"SMITH"},{"data":"bronze:Constructor","floor":54,"key":"SMITH"}],"circlet_count":0,"master_deck":["bronze:Goto+1","bronze:Branch","bronze:Library+1","bronze:Turbo+1","bronze:Constructor+1","bronze:Mutator+1","bronze:FollowUp+1","bronze:Frontload","bronze:CloningBeam+1","bronze:Assembly+1","bronze:Repair+1","bronze:Return+1","bronze:Iterate+1","bronze:Shell+1","bronze:CleanCode","bronze:Deprecate+1","bronze:AlphaBuild","bronze:Optimize+1","bronze:BronzeOrb+1","bronze:Frontload"],"relics":["bronze:PlatinumCore","downfall:HeartsMalice","Blue Candle","Eternal Feather","downfall:HeartBlessingRed","Smiling Mask","champ:DuelingGlove","sneckomod:SneckoTalon","Turnip","Sling","CaptainsWheel","Kunai","Pantograph","Guardian:GemstoneGun","Thread and Needle","Medical Kit","Gremlin Horn","champ:DeflectingBracers","Omamori","downfall:HeartBlessingGreen","downfall:HeartBlessingBlue","Anchor","bronze:BottledCode","White Beast Statue","Du-Vu Doll"],"acts_visited":["Exordium","TheCity","TheBeyond","TheEnding"],"potions_floor_usage":[11,39,44,49,50,56,56],"damage_taken":[{"damage":0,"enemies":"Small Slimes","floor":2,"turns":1},{"damage":0,"enemies":"2 Louse","floor":5,"turns":1},{"damage":0,"enemies":"Gremlin Nob","floor":6,"turns":1},{"damage":0,"enemies":"Cultist","floor":8,"turns":4},{"damage":30,"enemies":"3 Sentries","floor":11,"turns":5},{"damage":11,"enemies":"downfall:Heads","floor":12,"turns":4},{"damage":0,"enemies":"Lagavulin","floor":13,"turns":5},{"damage":0,"enemies":"Blue Slaver","floor":14,"turns":4},{"damage":0,"enemies":"2 Fungi Beasts","floor":15,"turns":3},{"damage":0,"enemies":"SI_SHIV_ARCHETYPE","floor":16,"turns":7},{"damage":0,"enemies":"Shell Parasite","floor":19,"turns":4},{"damage":0,"enemies":"Chosen","floor":20,"turns":3},{"damage":20,"enemies":"Chosen","floor":21,"turns":5},{"damage":0,"enemies":"downfall:FleeingMerchant","floor":22,"turns":4},{"damage":2,"enemies":"Book of Stabbing","floor":23,"turns":4},{"damage":14,"enemies":"Centurion and Healer","floor":25,"turns":3},{"damage":0,"enemies":"IC_STATUS_ARCHETYPE","floor":27,"turns":4},{"damage":0,"enemies":"downfall:FleeingMerchant","floor":29,"turns":3},{"damage":0,"enemies":"Shelled Parasite and Fungi","floor":30,"turns":4},{"damage":0,"enemies":"Slavers","floor":31,"turns":3},{"damage":0,"enemies":"Snake Plant","floor":32,"turns":3},{"damage":0,"enemies":"DF_ARCHETYPE_CLAW","floor":33,"turns":7},{"damage":0,"enemies":"3 Shapes","floor":36,"turns":3},{"damage":0,"enemies":"3 Shapes","floor":37,"turns":3},{"damage":8,"enemies":"3 Darklings","floor":39,"turns":5},{"damage":0,"enemies":"Transient","floor":42,"turns":5},{"damage":0,"enemies":"Sphere and 2 Shapes","floor":43,"turns":4},{"damage":0,"enemies":"Reptomancer","floor":44,"turns":5},{"damage":0,"enemies":"Giant Head","floor":48,"turns":3},{"damage":9,"enemies":"Jaw Worm Horde","floor":49,"turns":5},{"damage":0,"enemies":"IC_BLOCK_ARCHETYPE","floor":50,"turns":9},{"damage":0,"enemies":"downfall:CharBossMerchant","floor":52,"turns":6},{"damage":4,"enemies":"downfall:NeowBoss","floor":55,"turns":10},{"damage":18,"enemies":"downfall:NeowBossFinal","floor":56,"turns":12}],"seed_played":"519844806440238584","potions_obtained":[{"floor":6,"key":"bronze:BuildAFunctionPotion"},{"floor":12,"key":"GamblersBrew"},{"floor":13,"key":"LiquidBronze"},{"floor":14,"key":"Explosive Potion"},{"floor":15,"key":"LiquidMemories"},{"floor":20,"key":"Regen Potion"},{"floor":27,"key":"Fire Potion"},{"floor":30,"key":"Energy Potion"},{"floor":31,"key":"EssenceOfSteel"},{"floor":39,"key":"FearPotion"},{"floor":48,"key":"SteroidPotion"},{"floor":49,"key":"bronze:BurnAndBuffPotion"},{"floor":52,"key":"champ:CounterPotion"}],"is_trial":false,"path_per_floor":["R","M","?","?","M","E","T","M","R","?","E","?","E","M","M","B",null,"R","M","M","?","$","E","T","M","R","?","R","$","M","E","M","B",null,"R","M","?","?","M","R","T","M","M","E","R","$","?","E","M","B",null,"E","$","R","B","B",null],"character_chosen":"THE_AUTOMATON","items_purchased":["Turnip","Sling","Thread and Needle","Medical Kit","Anchor","bronze:Frontload"],"campfire_rested":0,"item_purchase_floors":[22,22,29,29,46,53],"current_hp_per_floor":[70,70,70,70,70,70,70,70,70,70,40,29,29,29,29,29,60,66,66,70,60,70,68,68,64,70,70,70,70,70,70,70,70,70,70,70,70,70,70,70,70,70,70,70,80,80,70,70,70,70,70,70,70,70,68,58],"gold":15,"neow_bonus":"THREE_ENEMY_KILL","is_daily":false,"chose_seed":false,"campfire_upgraded":8,"win_rate":0.0,"timestamp":1613676766,"path_taken":["R","M","?","?","?","E","T","M","R","?","E","?","E","M","M","BOSS","R","M","M","?","$","E","T","M","R","?","R","$","M","E","M","BOSS","R","M","?","?","M","R","T","?","M","E","R","$","?","E","M","BOSS","E","$","R","BOSS","BOSS"],"items_purchased_type":["Relic","Relic","Relic","Relic","Relic","Card"],"build_version":"2020-12-22","purchased_purges":4,"victory":true,"max_hp_per_floor":[70,70,70,70,70,70,70,70,70,70,70,70,70,70,70,70,70,70,70,70,70,70,70,70,70,70,70,70,70,70,70,70,70,70,70,70,70,70,70,70,70,70,70,70,80,80,70,70,70,70,70,70,70,70,70,70],"relic_stats":{"Gremlin Horn":[20,20],"counters":[34,149],"Blue Candle":[12],"Pantograph":2,"Eternal Feather":12,"Turnip":[14],"Kunai":[75],"Smiling Mask":250,"Medical Kit":[11],"obtain_stats":[{"champ:DuelingGlove":13,"bronze:PlatinumCore":34,"bronze:BronzeCore":0,"Gremlin Horn":31,"downfall:HeartBlessingGreen":45,"Smiling Mask":11,"Sling":22,"downfall:HeartBlessingBlue":45,"Pantograph":27,"Kunai":24,"downfall:HeartBlessingRed":9,"Blue Candle":6,"Guardian:GemstoneGun":27,"downfall:HeartsMalice":0,"Eternal Feather":7,"Thread and Needle":29,"champ:DeflectingBracers":37,"Omamori":44,"sneckomod:SneckoTalon":17,"Medical Kit":29,"White Beast Statue":48,"bronze:BottledCode":47,"Du-Vu Doll":52,"CaptainsWheel":23,"Anchor":46,"Turnip":22},{"champ:DuelingGlove":7,"bronze:PlatinumCore":22,"bronze:BronzeCore":0,"Gremlin Horn":20,"downfall:HeartBlessingGreen":28,"Smiling Mask":5,"Sling":14,"downfall:HeartBlessingBlue":28,"Pantograph":17,"Kunai":15,"downfall:HeartBlessingRed":4,"Blue Candle":3,"Guardian:GemstoneGun":17,"downfall:HeartsMalice":0,"Eternal Feather":3,"Thread and Needle":18,"champ:DeflectingBracers":24,"Omamori":28,"sneckomod:SneckoTalon":10,"Medical Kit":18,"White Beast Statue":29,"bronze:BottledCode":28,"Du-Vu Doll":32,"CaptainsWheel":15,"Anchor":28,"Turnip":14},{"champ:DuelingGlove":18,"bronze:PlatinumCore":79,"bronze:BronzeCore":0,"Gremlin Horn":69,"downfall:HeartBlessingGreen":104,"Smiling Mask":9,"Sling":48,"downfall:HeartBlessingBlue":104,"Pantograph":59,"Kunai":52,"downfall:HeartBlessingRed":4,"Blue Candle":0,"Guardian:GemstoneGun":59,"downfall:HeartsMalice":0,"Eternal Feather":0,"Thread and Needle":62,"champ:DeflectingBracers":85,"Omamori":104,"sneckomod:SneckoTalon":32,"Medical Kit":62,"White Beast Statue":107,"bronze:BottledCode":104,"Du-Vu Doll":127,"CaptainsWheel":52,"Anchor":104,"Turnip":48}]},"card_choices":[{"not_picked":["bronze:DelayedGuard","bronze:Overheat"],"picked":"bronze:Branch","floor":2},{"not_picked":["bronze:BuggyMess","bronze:Iterate","bronze:ChosenStrike"],"picked":"SKIP","floor":5},{"not_picked":["bronze:BuggyMess","bronze:MaxOutput"],"picked":"bronze:Library","floor":6},{"not_picked":["bronze:WildBeam","bronze:BugBarrage"],"picked":"bronze:Turbo","floor":8},{"not_picked":["bronze:SpaghettiCode","bronze:Branch"],"picked":"bronze:Constructor","floor":11},{"not_picked":["bronze:Branch","bronze:Philosophize"],"picked":"bronze:FollowUp","floor":13},{"not_picked":["bronze:Separator","bronze:OilSpill"],"picked":"bronze:Frontload","floor":14},{"not_picked":["bronze:ForLoop","bronze:Allocate"],"picked":"bronze:CloningBeam","floor":15},{"not_picked":["bronze:Virus","bronze:ShipIt"],"picked":"bronze:Assembly","floor":16},{"not_picked":["bronze:ChosenStrike","bronze:Frontload"],"picked":"bronze:Repair+1","floor":19},{"not_picked":["bronze:ForceShield+1","bronze:Overheat+1"],"picked":"bronze:Return+1","floor":20},{"not_picked":["bronze:WhirlingStrike","bronze:ChildClass","bronze:OilSpill"],"picked":"SKIP","floor":22},{"not_picked":["bronze:FollowUp","bronze:Separator"],"picked":"bronze:Iterate+1","floor":23},{"not_picked":["bronze:Separator","bronze:BuggyMess","bronze:WhirlingStrike"],"picked":"SKIP","floor":25},{"not_picked":["bronze:Separator","bronze:BuggyMess","bronze:WhirlingStrike"],"picked":"SKIP","floor":25},{"not_picked":["bronze:Turbo","bronze:Deprecate"],"picked":"bronze:Shell","floor":29},{"not_picked":["bronze:Turbo","bronze:Optimize","bronze:GetLatest+1"],"picked":"SKIP","floor":30},{"not_picked":["bronze:Iterate","bronze:CleanCode","bronze:WhirlingStrike"],"picked":"SKIP","floor":31},{"not_picked":["bronze:Repulsor","bronze:Iterate+1","bronze:CutThrough"],"picked":"SKIP","floor":32},{"not_picked":["bronze:ShipIt","bronze:Assembly"],"picked":"bronze:CleanCode","floor":33},{"not_picked":["bronze:ChildClass+1","bronze:BuggyMess+1","bronze:Deprecate"],"picked":"SKIP","floor":36},{"not_picked":["bronze:DelayedSlice","bronze:FineTuning+1","bronze:Invalidate"],"picked":"SKIP","floor":39},{"not_picked":["bronze:DelayedSlice","bronze:FineTuning+1","bronze:Invalidate"],"picked":"SKIP","floor":39},{"not_picked":["bronze:Invalidate","bronze:DelayedGuard"],"picked":"bronze:Deprecate+1","floor":42},{"not_picked":["bronze:DelayedSlice","bronze:Deprecate","bronze:Turbo+1"],"picked":"SKIP","floor":43},{"not_picked":["bronze:ChosenStrike","bronze:Frontload"],"picked":"bronze:AlphaBuild","floor":44},{"not_picked":["bronze:Break","bronze:DelayedGuard"],"picked":"bronze:Hardcode","floor":48},{"not_picked":["bronze:BitShift","bronze:Branch"],"picked":"bronze:Optimize+1","floor":49},{"not_picked":["bronze:Branch+1","bronze:FineTuning+1"],"picked":"bronze:BronzeOrb+1","floor":52}],"player_experience":1390820,"relics_obtained":[{"floor":6,"key":"Blue Candle"},{"floor":7,"key":"Eternal Feather"},{"floor":11,"key":"Smiling Mask"},{"floor":13,"key":"champ:DuelingGlove"},{"floor":23,"key":"CaptainsWheel"},{"floor":24,"key":"Kunai"},{"floor":27,"key":"Pantograph"},{"floor":27,"key":"Guardian:GemstoneGun"},{"floor":31,"key":"Gremlin Horn"},{"floor":37,"key":"champ:DeflectingBracers"},{"floor":44,"key":"Omamori"},{"floor":48,"key":"White Beast Statue"},{"floor":52,"key":"Du-Vu Doll"}],"event_choices":[{"cards_removed":["bronze:Strike"],"damage_healed":0,"gold_gain":0,"player_choice":"Card Removal","damage_taken":0,"max_hp_gain":0,"max_hp_loss":0,"event_name":"The Cleric","floor":3,"gold_loss":0}],"is_beta":false,"boss_relics":[{"not_picked":["Coffee Dripper","Calling Bell"],"picked":"sneckomod:SneckoTalon"},{"not_picked":["SacredBark","Runic Dome"],"picked":"bronze:PlatinumCore"}],"items_purged_floors":[22,29,46,53],"is_endless":false,"potions_floor_spawned":[6,12,13,14,15,20,27,30,31,32,39,43,48,49,52],"ascension_level":5}}