{"host":"w97dq1whmpm6b2tc","time":1613654188,"event":{"mods":["BaseMod","Challenge The Spire","Downfall","Minty Spire (QoL Compilation)","StSLib"],"gold_per_floor":[99,116,131,151,164,199,225,241,274,286,330,142,179,205,229,341,353,365,389,311,331,346,346,423,451,536,536,564,664,694,714,724,824,824,724,739,472,472,484,515,541,572,572,626,654,672,672,689,699,699,699,734,261,261,261,261],"floor_reached":57,"language":"ENG","playtime":7024,"items_purged":["Slimebound:Defend_Slimebound","Slimebound:Strike_Slimebound","Slimebound:Defend_Slimebound"],"score":1697,"play_id":"bd225a1a-27da-4383-b6ed-3d621fa48d31","local_time":"20210218151628","is_ascension_mode":true,"campfire_choices":[{"floor":1.0,"key":"RECALL"},{"data":"Slimebound:Grow","floor":12.0,"key":"SMITH"},{"data":"Slimebound:CorrosiveSpit","floor":18.0,"key":"SMITH"},{"data":"Slimebound:LeechEnergy","floor":23.0,"key":"SMITH"},{"data":"Slimebound:LeechEnergy","floor":27.0,"key":"SMITH"},{"data":"Slimebound:Schlurp","floor":35.0,"key":"SMITH"},{"data":"Slimebound:GoopSpray","floor":43.0,"key":"SMITH"},{"data":"Slimebound:SpikyOuterGoop","floor":47.0,"key":"SMITH"},{"data":"Slimebound:Dissolve","floor":54.0,"key":"SMITH"}],"circlet_count":0,"master_deck":["Slimebound:Strike_Slimebound","Slimebound:Defend_Slimebound+1","Slimebound:Split+1","Slimebound:CorrosiveSpit+1","Slimebound:GoopSpray+1","Slimebound:Schlurp+1","Slimebound:Grow+1","Slimebound:Dissolve+1","Slimebound:LeechingTouch","Slimebound:LeechingTouch","Slimebound:SlimeTap","Slimebound:SpikyOuterGoop+1","Slimebound:LeechEnergy+1","Slimebound:LeechEnergy+1","Slimebound:HauntingLick+1","Slimebound:TongueLash+1","Slimebound:GrowthPunch+1"],"relics":["Slimebound:AbsorbEndCombat","War Paint","Regal Pillow","MawBank","Gambling Chip","downfall:HeartBlessingRed","downfall:HeartBlessingBlue","Empty Cage","Matryoshka","Kunai","Mummified Hand","Calipers","Molten Egg 2","Guardian:PocketSentry","Coffee Dripper","downfall:HeartBlessingGreen","Lantern","Akabeko","Vajra","PreservedInsect","Ornamental Fan","Slimebound:PotencyRelic","hexamod:BolsterEngine","Bag of Marbles","FossilizedHelix"],"acts_visited":["Exordium","TheCity","TheBeyond","TheEnding"],"potions_floor_usage":[56,56,56],"damage_taken":[{"damage":3.0,"enemies":"Cultist","floor":2.0,"turns":3.0},{"damage":3.0,"enemies":"Small Slimes","floor":3.0,"turns":3.0},{"damage":0.0,"enemies":"Jaw Worm","floor":4.0,"turns":3.0},{"damage":6.0,"enemies":"downfall:LooterAlt","floor":5.0,"turns":4.0},{"damage":6.0,"enemies":"Lagavulin","floor":6.0,"turns":7.0},{"damage":0.0,"enemies":"2 Fungi Beasts","floor":8.0,"turns":3.0},{"damage":23.0,"enemies":"Gremlin Nob","floor":9.0,"turns":4.0},{"damage":11.0,"enemies":"3 Sentries","floor":11.0,"turns":7.0},{"damage":0.0,"enemies":"Lagavulin","floor":13.0,"turns":6.0},{"damage":7.0,"enemies":"Large Slime","floor":14.0,"turns":6.0},{"damage":0.0,"enemies":"Blue Slaver","floor":15.0,"turns":3.0},{"damage":3.0,"enemies":"IC_STATUS_ARCHETYPE","floor":16.0,"turns":7.0},{"damage":0.0,"enemies":"Shell Parasite","floor":19.0,"turns":4.0},{"damage":0.0,"enemies":"downfall:FleeingMerchant","floor":20.0,"turns":4.0},{"damage":0.0,"enemies":"Spheric Guardian","floor":21.0,"turns":3.0},{"damage":16.0,"enemies":"Snake Plant","floor":22.0,"turns":4.0},{"damage":5.0,"enemies":"Book of Stabbing","floor":25.0,"turns":5.0},{"damage":0.0,"enemies":"Gremlin Leader","floor":28.0,"turns":7.0},{"damage":0.0,"enemies":"Colosseum Nobs","floor":29.0,"turns":5.0},{"damage":2.0,"enemies":"Slavers","floor":30.0,"turns":4.0},{"damage":0.0,"enemies":"Cultist and Chosen","floor":31.0,"turns":4.0},{"damage":0.0,"enemies":"Centurion and Healer","floor":32.0,"turns":4.0},{"damage":0.0,"enemies":"DF_ARCHETYPE_CLAW","floor":33.0,"turns":8.0},{"damage":0.0,"enemies":"Orb Walker","floor":36.0,"turns":2.0},{"damage":0.0,"enemies":"downfall:FleeingMerchant","floor":37.0,"turns":4.0},{"damage":0.0,"enemies":"downfall:FleeingMerchant","floor":38.0,"turns":3.0},{"damage":0.0,"enemies":"3 Shapes","floor":39.0,"turns":3.0},{"damage":0.0,"enemies":"Reptomancer","floor":40.0,"turns":5.0},{"damage":0.0,"enemies":"Giant Head","floor":42.0,"turns":5.0},{"damage":0.0,"enemies":"2 Orb Walkers","floor":44.0,"turns":4.0},{"damage":0.0,"enemies":"Reptomancer","floor":45.0,"turns":4.0},{"damage":0.0,"enemies":"Jaw Worm Horde","floor":46.0,"turns":2.0},{"damage":0.0,"enemies":"Spire Growth","floor":48.0,"turns":2.0},{"damage":0.0,"enemies":"Writhing Mass","floor":49.0,"turns":2.0},{"damage":66.0,"enemies":"SI_POISON_ARCHETYPE","floor":50.0,"turns":6.0},{"damage":0.0,"enemies":"downfall:CharBossMerchant","floor":52.0,"turns":5.0},{"damage":20.0,"enemies":"downfall:NeowBoss","floor":55.0,"turns":14.0},{"damage":39,"enemies":"downfall:NeowBossFinal","floor":56,"turns":15}],"seed_played":"5880980191387278641","potions_obtained":[{"floor":2.0,"key":"Energy Potion"},{"floor":4.0,"key":"Weak Potion"},{"floor":9.0,"key":"DuplicationPotion"},{"floor":13.0,"key":"Swift Potion"},{"floor":15.0,"key":"PowerPotion"},{"floor":19.0,"key":"Regen Potion"},{"floor":21.0,"key":"bronze:BurnAndBuffPotion"},{"floor":32.0,"key":"AttackPotion"}],"is_trial":false,"path_per_floor":["R","M","M","M","M","E","T","M","E","?","E","R","E","M","M","B",null,"R","M","$","M","M","R","T","E","?","R","E","?","E","M","M","B",null,"R","M","$","?","M","E","T","E","R","?","E","M","R","M","M","B",null,"E","$","R","B","B",null],"character_chosen":"SLIMEBOUND","items_purchased":["Lantern","Slimebound:GrowthPunch+1","FossilizedHelix"],"campfire_rested":0,"item_purchase_floors":[37,53,53],"current_hp_per_floor":[65,65,65,65,61,61,61,65,46,46,41,51,59,60,68,73,75,75,75,75,75,64,64,64,67,55,55,63,71,73,75,75,75,75,75,75,75,75,75,75,75,75,75,75,75,75,75,75,75,9,75,75,75,75,55,46],"gold":261,"neow_bonus":"RANDOM_COMMON_RELIC","is_daily":false,"chose_seed":false,"campfire_upgraded":8,"win_rate":0.0,"timestamp":1613654188,"path_taken":["R","M","?","M","M","E","T","M","E","?","E","R","E","M","M","BOSS","R","M","$","M","M","R","T","E","?","R","E","?","E","M","M","BOSS","R","M","$","?","M","E","T","E","R","?","E","M","R","M","M","BOSS","E","$","R","BOSS","BOSS"],"items_purchased_type":["Relic","Card","Relic"],"build_version":"2020-12-22","purchased_purges":3,"victory":true,"max_hp_per_floor":[65,65,65,65,65,65,65,65,65,65,65,75,75,75,75,75,75,75,75,75,75,75,75,75,75,75,75,75,75,75,75,75,75,75,75,75,75,75,75,75,75,75,75,75,75,75,75,75,75,75,75,75,75,75,75,75],"card_choices":[{"not_picked":["Slimebound:Replication","Slimebound:Gluttony"],"picked":"Slimebound:GoopSpray","floor":2.0},{"not_picked":["Slimebound:FinishingTackle","Slimebound:SplitLeeching"],"picked":"Slimebound:Schlurp","floor":3.0},{"not_picked":["Slimebound:ItLooksTasty","Slimebound:MegaLick"],"picked":"Slimebound:Grow","floor":4.0},{"not_picked":["Slimebound:ServeAndProtect","Slimebound:FinishingTackle","Slimebound:SplitAcid"],"picked":"SKIP","floor":5.0},{"not_picked":["Slimebound:HauntingLick","Slimebound:DivideAndConquer"],"picked":"Slimebound:Dissolve","floor":6.0},{"not_picked":["Slimebound:SamplingLick","Slimebound:Recollect"],"picked":"Slimebound:LeechingTouch","floor":8.0},{"not_picked":["Slimebound:LeadByExample","Slimebound:SplitSpecialist"],"picked":"Slimebound:LeechingTouch","floor":9.0},{"not_picked":["Slimebound:SlimeSpikes","Slimebound:SplitMire"],"picked":"Slimebound:SlimeTap","floor":11.0},{"not_picked":["Slimebound:Darklings","Slimebound:GoopSpray"],"picked":"Slimebound:SpikyOuterGoop","floor":13.0},{"not_picked":["Slimebound:SplitAcid","Slimebound:SplitLeeching"],"picked":"Slimebound:LeechEnergy","floor":14.0},{"not_picked":["Slimebound:SplitAcid","Slimebound:SamplingLick","Slimebound:ComboTackle"],"picked":"SKIP","floor":15.0},{"not_picked":["Slimebound:ForwardTackle","Slimebound:Recollect","Slimebound:LeechingTouch"],"picked":"SKIP","floor":19.0},{"not_picked":["Slimebound:PressTheAttack","Slimebound:LeechingTouch+1"],"picked":"Slimebound:LeechEnergy","floor":20.0},{"not_picked":["Slimebound:PressTheAttack","Slimebound:Recycling","Slimebound:ComboTackle"],"picked":"SKIP","floor":21.0},{"not_picked":["Slimebound:Schlurp","Slimebound:HauntingLick","Slimebound:Equalize"],"picked":"SKIP","floor":22.0},{"not_picked":["Slimebound:ServeAndProtect","Slimebound:SpikyOuterGoop","Slimebound:SplitMire"],"picked":"SKIP","floor":25.0},{"not_picked":["Slimebound:ServeAndProtect","Slimebound:LeechingTouch","Slimebound:SpikyOuterGoop+1"],"picked":"SKIP","floor":28.0},{"not_picked":["Slimebound:SlimeSpikes","Slimebound:SplitSpecialist"],"picked":"Slimebound:HauntingLick+1","floor":30.0},{"not_picked":["Slimebound:LeechingTouch+1","Slimebound:RollThrough+1","Slimebound:MinionMaster"],"picked":"SKIP","floor":31.0},{"not_picked":["Slimebound:ComboTackle+1","Slimebound:GoopSpray","Slimebound:SplitMire+1"],"picked":"SKIP","floor":32.0},{"not_picked":["Slimebound:DivideAndConquer+1","Slimebound:GoopSpray","Slimebound:LeadByExample+1"],"picked":"SKIP","floor":36.0},{"not_picked":["Slimebound:Prepare","Slimebound:GoopSpray","Slimebound:SplitLeeching"],"picked":"SKIP","floor":37.0},{"not_picked":["Slimebound:DivideAndConquer+1","Slimebound:SplitLeeching+1","Slimebound:Schlurp+1"],"picked":"SKIP","floor":39.0},{"not_picked":["Slimebound:SplitLeeching+1","Slimebound:MinionMaster","Slimebound:GoopSpray+1"],"picked":"SKIP","floor":40.0},{"not_picked":["Slimebound:SlimeTap+1","Slimebound:SplitAcid","Slimebound:FinishingTackle+1"],"picked":"SKIP","floor":42.0},{"not_picked":["Slimebound:LeadByExample+1","Slimebound:FinishingTackle+1"],"picked":"Slimebound:TongueLash+1","floor":44.0},{"not_picked":["Slimebound:TagTeam+1","Slimebound:ComboTackle+1","Slimebound:SamplingLick"],"picked":"SKIP","floor":45.0},{"not_picked":["Slimebound:GoopTackle+1","Slimebound:LeadByExample","Slimebound:SlimeBrawl"],"picked":"SKIP","floor":46.0},{"not_picked":["Slimebound:Schlurp+1","Slimebound:LeechingTouch+1","Slimebound:LivingWall"],"picked":"SKIP","floor":48.0},{"not_picked":["Slimebound:Prepare","Slimebound:PressTheAttack+1","Slimebound:SlimeBarrage+1"],"picked":"SKIP","floor":49.0},{"not_picked":["Slimebound:LeechEnergy+1","Slimebound:DivideAndConquer+1","Slimebound:FlameTackle+1"],"picked":"SKIP","floor":52.0}],"player_experience":3777641,"relics_obtained":[{"floor":6.0,"key":"Regal Pillow"},{"floor":9.0,"key":"MawBank"},{"floor":11.0,"key":"Gambling Chip"},{"floor":24.0,"key":"Matryoshka"},{"floor":25.0,"key":"Kunai"},{"floor":28.0,"key":"Mummified Hand"},{"floor":29.0,"key":"Calipers"},{"floor":29.0,"key":"Molten Egg 2"},{"floor":30.0,"key":"Guardian:PocketSentry"},{"floor":40.0,"key":"Akabeko"},{"floor":41.0,"key":"Vajra"},{"floor":41.0,"key":"PreservedInsect"},{"floor":42.0,"key":"Ornamental Fan"},{"floor":44.0,"key":"Slimebound:PotencyRelic"},{"floor":45.0,"key":"hexamod:BolsterEngine"},{"floor":52.0,"key":"Bag of Marbles"}],"event_choices":[{"damage_healed":0.0,"max_hp_gain":0.0,"max_hp_loss":0.0,"gold_gain":0.0,"event_name":"Mysterious Sphere","player_choice":"Fight","floor":44.0,"gold_loss":0.0,"damage_taken":0.0}],"is_beta":false,"boss_relics":[{"not_picked":["Tiny House","Cursed Key"],"picked":"Empty Cage"},{"not_picked":["Fusion Hammer","Busted Crown"],"picked":"Coffee Dripper"}],"items_purged_floors":[20,37,53],"is_endless":false,"potions_floor_spawned":[2,4,9,13,15,19,21,29,32,33,36,38,40,44,46,52],"ascension_level":1}}