{"host":"5f8ute538gzudddu","time":1613619988,"event":{"mods":["BaseMod","Highlight Path","Minty Spire (QoL Compilation)","Relic Stats","StSLib"],"gold_per_floor":[18,36,55,72,72,108,108,108,108],"floor_reached":8,"language":"ENG","playtime":325,"items_purged":[],"score":116,"play_id":"c866ca7c-3c6a-4802-bd72-1fe1c227e0fa","local_time":"20210217194628","is_ascension_mode":true,"campfire_choices":[{"data":"Berserk","floor":7,"key":"SMITH"}],"circlet_count":0,"master_deck":["AscendersBane","Strike_R","Strike_R","Strike_R","Strike_R","Strike_R","Defend_R","Defend_R","Bash","Berserk+1","Burning Pact","Infernal Blade","Clothesline","Spot Weakness","Reaper"],"relics":["Burning Blood","Golden Idol","InkBottle"],"acts_visited":["Exordium"],"potions_floor_usage":[6,6],"damage_taken":[{"damage":14,"enemies":"Jaw Worm","floor":1,"turns":5},{"damage":12,"enemies":"2 Louse","floor":2,"turns":3},{"damage":22,"enemies":"Small Slimes","floor":3,"turns":4},{"damage":16,"enemies":"Blue Slaver","floor":4,"turns":4},{"damage":9,"enemies":"Gremlin Nob","floor":6,"turns":3},{"damage":25,"enemies":"3 Sentries","floor":8,"turns":2}],"seed_played":"-5425206029544103146","potions_obtained":[{"floor":2,"key":"Fire Potion"},{"floor":3,"key":"FearPotion"}],"is_trial":false,"path_per_floor":["M","M","M","M","?","E","R","E"],"character_chosen":"IRONCLAD","items_purchased":[],"campfire_rested":0,"item_purchase_floors":[],"current_hp_per_floor":[60,54,38,28,28,25,25,0,0],"gold":108,"neow_bonus":"TRANSFORM_TWO_CARDS","is_daily":false,"chose_seed":false,"campfire_upgraded":1,"win_rate":0.0,"timestamp":1613619988,"path_taken":["M","M","M","M","?","E","R","E"],"items_purchased_type":[],"build_version":"2020-12-22","purchased_purges":0,"victory":false,"max_hp_per_floor":[75,75,75,75,68,68,68,68,68],"relic_stats":{"counters":[6,21],"Golden Idol":7,"obtain_stats":[{"Golden Idol":5,"Burning Blood":0,"InkBottle":6},{"Golden Idol":4,"Burning Blood":0,"InkBottle":5},{"Golden Idol":16,"Burning Blood":0,"InkBottle":19}],"Burning Blood":30,"InkBottle":[0]},"card_choices":[{"not_picked":["Body Slam","Rupture"],"picked":"Infernal Blade","floor":1},{"not_picked":["Sword Boomerang","Twin Strike"],"picked":"Clothesline","floor":2},{"not_picked":["Wild Strike","Twin Strike","Burning Pact"],"picked":"SKIP","floor":3},{"not_picked":["Headbutt","Anger"],"picked":"Spot Weakness","floor":4},{"not_picked":["Heavy Blade","Reckless Charge"],"picked":"Reaper","floor":6}],"player_experience":949070,"relics_obtained":[{"floor":6,"key":"InkBottle"}],"event_choices":[{"damage_healed":0,"gold_gain":0,"player_choice":"Lose Max HP","damage_taken":0,"relics_obtained":["Golden Idol"],"max_hp_gain":0,"max_hp_loss":7,"event_name":"Golden Idol","floor":5,"gold_loss":0}],"is_beta":false,"boss_relics":[],"items_purged_floors":[],"is_endless":false,"potions_floor_spawned":[2,3,4],"killed_by":"3 Sentries","ascension_level":20}}