{"host":"jsd6g3c2vo13e69c","time":1613689085,"event":{"mods":["2.2 Compatiblity","Act Like it!","Bard","BaseMod","Beaked The Cultist","Better Note","Better Third Choice","BetterRewards","Colored Map","Colored Powertips","Conspire","DeckTracker","Downfall","Friendly Minions","GifTheSpireLib","Googly Eyes","Gremlin Mod","Hermit","Highlight Path","Hubris","Infinite Spire","Lobotomy","LobotomyExtend","Minty Spire (QoL Compilation)","Quick Restart","Random Character Button","Rare Cards Sparkle","Relic Sorter","Relic Stats","Replay The Spire","Ruina","Shop Mod","Spire Arcade","StSLib","SuperFastMode","The Cursed","The Disciple","The Forsaken","The Hierophant","The Marked"],"gold_per_floor":[109,39,39,39,51,51,62,62,62],"floor_reached":8,"language":"ENG","playtime":344,"items_purged":[],"score":96,"play_id":"0ed346d0-5dbe-4aff-abfc-3d92476a1d50","local_time":"20210218175805","is_ascension_mode":false,"campfire_choices":[{"data":"bard:TinyHut","floor":6,"key":"SMITH"}],"circlet_count":0,"master_deck":["conspire:GhostlyStrike","conspire:GhostlyStrike","conspire:GhostlyStrike","conspire:GhostlyStrike","conspire:GhostlyDefend","conspire:GhostlyDefend","conspire:GhostlyDefend","conspire:GhostlyDefend","bard:Riposte","bard:Inspire","bard:Flourish","bard:FaerieFire","bard:TinyHut+1","bard:Solo"],"relics":["bard:PitchPipe","bard:BagPipes","hubris:TenFootPole","LetterFromLob","Thread and Needle"],"acts_visited":["Exordium"],"potions_floor_usage":[],"damage_taken":[{"damage":3,"enemies":"Cultist","floor":1,"turns":5},{"damage":2,"enemies":"conspire:RoseBush","floor":5,"turns":2},{"damage":0,"enemies":"Small Slimes","floor":7,"turns":3},{"damage":17,"enemies":"3 Sentries","floor":8,"turns":5}],"seed_played":"1736776192172573653","potions_obtained":[{"floor":5,"key":"Elixir"}],"is_trial":false,"path_per_floor":["M","$","?","?","M","R","M","E"],"character_chosen":"BARD","items_purchased":["bard:FaerieFire"],"campfire_rested":0,"item_purchase_floors":[2],"current_hp_per_floor":[67,67,67,67,65,65,65,48,48],"gold":62,"neow_bonus":"RANDOM_COMMON_RELIC","is_daily":false,"chose_seed":false,"campfire_upgraded":1,"win_rate":0.0,"timestamp":1613689085,"path_taken":["M","$","?","?","M","R","M","E"],"items_purchased_type":["Card"],"build_version":"2020-12-22","purchased_purges":0,"victory":false,"max_hp_per_floor":[70,70,70,70,70,70,70,70,70],"relic_stats":{"counters":[4,14],"obtain_stats":[{"bard:BagPipes":0,"bard:PitchPipe":0,"Thread and Needle":4,"hubris:TenFootPole":0,"LetterFromLob":1},{"bard:BagPipes":0,"bard:PitchPipe":0,"Thread and Needle":1,"hubris:TenFootPole":0,"LetterFromLob":1},{"bard:BagPipes":0,"bard:PitchPipe":0,"Thread and Needle":5,"hubris:TenFootPole":0,"LetterFromLob":5}]},"card_choices":[{"not_picked":["bard:ViciousMockery","bard:Thunderwave"],"picked":"bard:Flourish","floor":1},{"not_picked":["bard:Sift","bard:Gamble"],"picked":"bard:TinyHut","floor":5},{"not_picked":["bard:QuickSong","bard:DervishDance"],"picked":"bard:Solo","floor":7}],"player_experience":359937,"relics_obtained":[{"floor":1,"key":"LetterFromLob"},{"floor":4,"key":"Thread and Needle"}],"event_choices":[{"damage_healed":0,"gold_gain":0,"player_choice":"Agree","damage_taken":0,"max_hp_gain":0,"max_hp_loss":0,"event_name":"conspire:LoneGhost","floor":3,"gold_loss":0},{"damage_healed":0,"gold_gain":0,"player_choice":"Relic","damage_taken":0,"max_hp_gain":0,"max_hp_loss":0,"event_name":"Wheel of Change","floor":4,"gold_loss":0}],"is_beta":false,"boss_relics":[],"items_purged_floors":[],"is_endless":false,"potions_floor_spawned":[5],"killed_by":"3 Sentries","ascension_level":0}}