{"host":"1ertv6sefge3tobl","time":1613665668,"event":{"mods":["BaseMod","Downfall","Minty Spire (QoL Compilation)","StSLib"],"gold_per_floor":[99,116,126,141,49,69,96,121,133,145,165,177,205,380,394,494,494,494,510,520,520,531,194,194,208,226,242,254,269,285,285,298,394,394,394,413,231,231,231,251,323,339,6,34,54,54,54,64,78,78],"floor_reached":51,"language":"ZHS","playtime":5594,"items_purged":["Doubt","Pride"],"score":740,"play_id":"982bc91a-683d-4516-9b54-21c6dffc7bde","local_time":"20210219002748","is_ascension_mode":false,"campfire_choices":[{"floor":1,"key":"RECALL"},{"data":"Slimebound:Darklings","floor":18,"key":"SMITH"},{"data":"Slimebound:AcidTongue","floor":35,"key":"SMITH"},{"data":"Slimebound:MinionMaster","floor":47,"key":"SMITH"}],"circlet_count":0,"master_deck":["Slimebound:Strike_Slimebound","Slimebound:Strike_Slimebound","Slimebound:Tackle","Slimebound:Defend_Slimebound","Slimebound:Defend_Slimebound","Slimebound:Defend_Slimebound","Slimebound:Defend_Slimebound","Slimebound:Split","Slimebound:CorrosiveSpit","Slimebound:RejuvenatingLick","Slimebound:LivingWall","Slimebound:HauntingLick","Slimebound:MegaLick","Slimebound:LeadByExample","Slimebound:Nibble","Slimebound:SplitBruiser","Slimebound:Gluttony","Slimebound:Gluttony","Slimebound:LeadByExample","Slimebound:LevelUp","Slimebound:Darklings+1","CurseOfTheBell","Slimebound:SplitLeeching","Slimebound:LevelUp+1","Slimebound:AcidTongue+1","Master of Strategy","Slimebound:SlimeBarrage+1","Slimebound:RainOfGoop+1","Slimebound:LeechLife","Slimebound:SlimeBarrage","expansioncontent:AwakenDeath","expansioncontent:AwakenDeath","expansioncontent:Hexaburn","Slimebound:MinionMaster+1","Slimebound:SpikyOuterGoop","Doubt","Slimebound:SlimeBarrage"],"relics":["Slimebound:AbsorbEndCombat","Bronze Scales","Strawberry","Odd Mushroom","Calling Bell","Happy Flower","Slimebound:MaxSlimesRelic","Lizard Tail","Boot","Mummified Hand","bronze:MakeshiftBattery","Blue Candle","Letter Opener"],"acts_visited":["Exordium","TheCity","TheBeyond"],"potions_floor_usage":[25,26,33,50,50],"damage_taken":[{"damage":2,"enemies":"Cultist","floor":2,"turns":5},{"damage":3,"enemies":"Small Slimes","floor":3,"turns":3},{"damage":0,"enemies":"2 Louse","floor":4,"turns":3},{"damage":0,"enemies":"downfall:FleeingMerchant","floor":5,"turns":4},{"damage":7,"enemies":"downfall:LooterAlt","floor":6,"turns":4},{"damage":12,"enemies":"3 Sentries","floor":8,"turns":7},{"damage":2,"enemies":"Blue Slaver","floor":9,"turns":4},{"damage":8,"enemies":"2 Fungi Beasts","floor":10,"turns":3},{"damage":0,"enemies":"downfall:LooterAlt","floor":11,"turns":3},{"damage":5,"enemies":"Blue Slaver","floor":12,"turns":3},{"damage":9,"enemies":"The Mushroom Lair","floor":13,"turns":3},{"damage":0,"enemies":"Large Slime","floor":15,"turns":4},{"damage":40,"enemies":"IC_STATUS_ARCHETYPE","floor":16,"turns":7},{"damage":18,"enemies":"Shell Parasite","floor":19,"turns":4},{"damage":15,"enemies":"Spheric Guardian","floor":20,"turns":4},{"damage":33,"enemies":"Centurion and Healer","floor":22,"turns":8},{"damage":0,"enemies":"downfall:FleeingMerchant","floor":23,"turns":4},{"damage":14,"enemies":"Snake Plant","floor":25,"turns":4},{"damage":0,"enemies":"Sentry and Sphere","floor":26,"turns":5},{"damage":0,"enemies":"Snecko","floor":27,"turns":3},{"damage":7,"enemies":"Centurion and Healer","floor":28,"turns":6},{"damage":17,"enemies":"Shelled Parasite and Fungi","floor":29,"turns":4},{"damage":0,"enemies":"Snecko","floor":30,"turns":3},{"damage":8,"enemies":"Centurion and Healer","floor":32,"turns":4},{"damage":10,"enemies":"WA_ARCHETYPE_CALM","floor":33,"turns":4},{"damage":19,"enemies":"Orb Walker","floor":36,"turns":4},{"damage":6,"enemies":"downfall:FleeingMerchant","floor":37,"turns":4},{"damage":47,"enemies":"3 Darklings","floor":40,"turns":4},{"damage":10,"enemies":"4 Shapes","floor":42,"turns":4},{"damage":12,"enemies":"downfall:FleeingMerchant","floor":44,"turns":4},{"damage":41,"enemies":"Transient","floor":45,"turns":5},{"damage":9,"enemies":"Sphere and 2 Shapes","floor":48,"turns":4},{"damage":1,"enemies":"Maw","floor":49,"turns":3},{"damage":58,"enemies":"SI_POISON_ARCHETYPE","floor":50,"turns":7}],"seed_played":"-5801642814225586547","potions_obtained":[{"floor":3,"key":"Swift Potion"},{"floor":4,"key":"AttackPotion"},{"floor":9,"key":"FairyPotion"},{"floor":25,"key":"Fire Potion"},{"floor":26,"key":"LiquidMemories"},{"floor":31,"key":"CultistPotion"},{"floor":32,"key":"DistilledChaos"},{"floor":42,"key":"GamblersBrew"},{"floor":49,"key":"CultistPotion"}],"is_trial":false,"path_per_floor":["R","M","M","M","$","M","T","E","M","M","M","M","?","?","M","B",null,"R","M","M","?","M","$","T","M","M","M","M","M","M","?","M","B",null,"R","M","$","?","?","M","T","M","?","$","M","?","R","M","M","B",null],"character_chosen":"SLIMEBOUND","items_purchased":["Slimebound:LeadByExample","Slimebound:AcidTongue","Master of Strategy","Slimebound:SlimeBarrage","Letter Opener","Slimebound:SpikyOuterGoop"],"campfire_rested":0,"item_purchase_floors":[5,23,23,37,44,44],"current_hp_per_floor":[65,65,65,65,65,62,62,63,67,63,69,69,66,66,72,40,72,72,56,43,43,18,26,26,18,22,26,27,14,20,20,16,14,72,72,57,68,58,58,13,13,11,81,81,60,81,81,74,77,28],"gold":78,"neow_bonus":"RANDOM_COMMON_RELIC","is_daily":false,"chose_seed":false,"campfire_upgraded":3,"win_rate":0.0,"timestamp":1613665668,"path_taken":["R","M","?","?","$","M","T","E","M","M","M","M","?","?","M","BOSS","R","M","M","?","M","$","T","M","M","M","M","M","M","?","M","BOSS","R","M","$","?","?","M","T","M","?","?","M","?","R","?","M","BOSS"],"items_purchased_type":["Card","Card","Card","Card","Relic","Card"],"build_version":"2020-12-22","purchased_purges":2,"victory":true,"max_hp_per_floor":[65,65,65,65,65,65,65,72,72,72,72,72,72,72,72,72,72,72,72,72,72,72,72,72,72,72,72,72,72,72,72,72,72,72,72,72,72,72,72,72,72,72,81,81,81,81,81,81,81,81],"card_choices":[{"not_picked":["Slimebound:SplitBruiser","Slimebound:FormOfPuddle"],"picked":"Slimebound:RejuvenatingLick","floor":2},{"not_picked":["Slimebound:TongueLash","Slimebound:BestDefense"],"picked":"Slimebound:LivingWall","floor":3},{"not_picked":["Slimebound:RollThrough","Slimebound:ComboTackle"],"picked":"Slimebound:HauntingLick","floor":4},{"not_picked":["Slimebound:HauntingLick","Slimebound:PressTheAttack"],"picked":"Slimebound:MegaLick","floor":5},{"not_picked":["Slimebound:DivideAndConquer","Slimebound:RainOfGoop","Slimebound:ItLooksTasty"],"picked":"SKIP","floor":6},{"not_picked":["Slimebound:FirmFortitude","Slimebound:LeechingTouch"],"picked":"Slimebound:Nibble","floor":8},{"not_picked":["Slimebound:PressTheAttack","Slimebound:SamplingLick"],"picked":"Slimebound:SplitBruiser","floor":9},{"not_picked":["Slimebound:LeechingTouch","Slimebound:ItLooksTasty"],"picked":"Slimebound:Gluttony","floor":10},{"not_picked":["Slimebound:PressTheAttack","Slimebound:LeechEnergy","Slimebound:RainOfGoop"],"picked":"SKIP","floor":11},{"not_picked":["Slimebound:SamplingLick","Slimebound:GoopTackle"],"picked":"Slimebound:Gluttony","floor":12},{"not_picked":["Slimebound:Prepare","Slimebound:LeechEnergy"],"picked":"Slimebound:LeadByExample","floor":13},{"not_picked":["Slimebound:SplitAcid","Slimebound:OneTwoCombo"],"picked":"Slimebound:LevelUp","floor":15},{"not_picked":["Slimebound:PrepareCrush","Slimebound:Teamwork"],"picked":"Slimebound:Darklings","floor":16},{"not_picked":["Slimebound:ItLooksTasty","Slimebound:HauntingLick","Slimebound:RollThrough+1"],"picked":"SKIP","floor":19},{"not_picked":["Slimebound:GoopSpray","Slimebound:Nibble+1"],"picked":"Slimebound:SplitLeeching","floor":20},{"not_picked":["Slimebound:MegaLick","Slimebound:Dissolve","Slimebound:GoopTackle"],"picked":"SKIP","floor":22},{"not_picked":["Slimebound:LeechingTouch+1","Slimebound:SamplingLick"],"picked":"Slimebound:LevelUp+1","floor":23},{"not_picked":["Slimebound:SplitMire","Slimebound:GoopTackle","Slimebound:FlameTackle"],"picked":"SKIP","floor":25},{"not_picked":["Slimebound:SlimeSlap","Slimebound:FinishingTackle"],"picked":"Slimebound:SlimeBarrage+1","floor":26},{"not_picked":["Slimebound:DivideAndConquer","Slimebound:PressTheAttack","Slimebound:ForwardTackle"],"picked":"SKIP","floor":27},{"not_picked":["Slimebound:LivingWall","Slimebound:GoopSpray"],"picked":"Slimebound:RainOfGoop+1","floor":28},{"not_picked":["Slimebound:SlimeSpikes","Slimebound:HauntingLick","Slimebound:LevelUp"],"picked":"SKIP","floor":29},{"not_picked":["Slimebound:Replication","Slimebound:DivideAndConquer","Slimebound:SplitBruiser"],"picked":"SKIP","floor":30},{"not_picked":["Slimebound:SamplingLick","Slimebound:SplitLeeching","Slimebound:PrepareCrush"],"picked":"SKIP","floor":32},{"not_picked":["Slimebound:WasteNot","Slimebound:DouseInSlime"],"picked":"Slimebound:LeechLife","floor":33},{"not_picked":["Slimebound:SplitLeeching+1","Slimebound:RollThrough","Slimebound:SamplingLick+1"],"picked":"SKIP","floor":36},{"not_picked":["Slimebound:Equalize","Slimebound:TongueLash","Slimebound:Schlurp"],"picked":"SKIP","floor":37},{"not_picked":["expansioncontent:PolyBeam","expansioncontent:Hexaburn"],"picked":"expansioncontent:AwakenDeath","floor":38},{"not_picked":["expansioncontent:PolyBeam","expansioncontent:LastStand"],"picked":"expansioncontent:AwakenDeath","floor":38},{"not_picked":["expansioncontent:HyperBeam","expansioncontent:LastStand"],"picked":"expansioncontent:Hexaburn","floor":38},{"not_picked":["Slimebound:AcidTongue","Slimebound:SplitAcid","Slimebound:Prepare+1"],"picked":"SKIP","floor":40},{"not_picked":["Slimebound:Repurpose+1","Slimebound:GrowthPunch"],"picked":"Slimebound:MinionMaster","floor":42},{"not_picked":["Slimebound:SplitMire","Slimebound:GrowthPunch+1","Slimebound:GoopTackle"],"picked":"SKIP","floor":44},{"not_picked":["Slimebound:DisruptingSlam+1","Slimebound:SlimeSpikes+1","Slimebound:FinishingTackle"],"picked":"SKIP","floor":45},{"not_picked":["Slimebound:RainOfGoop+1","Slimebound:RollThrough+1","Slimebound:SplitLeeching+1"],"picked":"SKIP","floor":48},{"not_picked":["Slimebound:PressTheAttack+1","Slimebound:HauntingLick+1"],"picked":"Slimebound:SlimeBarrage","floor":49}],"player_experience":316695,"relics_obtained":[{"floor":8,"key":"Strawberry"},{"floor":13,"key":"Odd Mushroom"},{"floor":17,"key":"Happy Flower"},{"floor":17,"key":"Slimebound:MaxSlimesRelic"},{"floor":17,"key":"Lizard Tail"},{"floor":24,"key":"Mummified Hand"},{"floor":41,"key":"Blue Candle"}],"event_choices":[{"damage_healed":0,"gold_gain":0,"player_choice":"Fought Mushrooms","damage_taken":0,"max_hp_gain":0,"max_hp_loss":0,"event_name":"Mushrooms","floor":13,"gold_loss":0},{"damage_healed":0,"gold_gain":0,"player_choice":"Stole Relic","damage_taken":0,"relics_obtained":["Boot"],"max_hp_gain":0,"max_hp_loss":0,"event_name":"Addict","floor":21,"gold_loss":0,"cards_obtained":["Pride"]},{"cards_removed":["Slimebound:Strike_Slimebound"],"damage_healed":0,"gold_gain":0,"player_choice":"Removed Attack","damage_taken":0,"max_hp_gain":0,"max_hp_loss":0,"event_name":"Falling","floor":39,"gold_loss":0}],"is_beta":false,"boss_relics":[{"not_picked":["Velvet Choker","Empty Cage"],"picked":"Calling Bell"},{"not_picked":["Tiny House","Fusion Hammer"],"picked":"bronze:MakeshiftBattery"}],"items_purged_floors":[23,37],"is_endless":false,"potions_floor_spawned":[3,4,9,12,22,25,26,30,32,42,49],"ascension_level":0}}