{"host":"fl6c84p0pqwjbhud","time":1613674561,"event":{"mods":["AchievementEnabler","BaseMod","Better Altar","Better Match","Better Note","Better Sensory Stone","Better Skull","Better Third Choice","Better Vampires","Better-Laid Plans","BetterRewards","Colored Map","Defuse TimeMaze Blight","Displayed Cursed Tome","Energized Spire","Highlight Path","Minty Spire (QoL Compilation)","Permanent Neow","Quick Restart","Relic Sorter","StSLib","Synergy Search","Transform Curses"],"gold_per_floor":[115,115,190,190,190,190,200,220,271,271,287,303,43,54,54,156,156,96,96,24,38,52,52,52],"floor_reached":23,"language":"ENG","playtime":1163,"items_purged":["Regret"],"score":181,"play_id":"18bf342a-6af8-4edf-9716-9572e1bda321","local_time":"20210218195601","is_ascension_mode":false,"campfire_choices":[{"floor":6,"key":"REST"},{"floor":10,"key":"REST"},{"floor":15,"key":"REST"}],"circlet_count":0,"master_deck":["Strike_B+1","Strike_B","Strike_B","Strike_B+1","Defend_B","Defend_B","Defend_B","Defend_B","Zap","Dualcast","Leap","Storm of Steel","Hello World","Beam Cell","Self Repair","Static Discharge","Defragment","Capacitor","Creative AI","Self Repair","Hello World","Static Discharge","Gash+1"],"relics":["Cracked Core","Question Card","Pen Nib","Orichalcum","Cauldron","Nuclear Battery","NlothsMask"],"acts_visited":["Exordium","TheCity"],"potions_floor_usage":[16,16,16],"damage_taken":[{"damage":5,"enemies":"Small Slimes","floor":1,"turns":4},{"damage":2,"enemies":"Jaw Worm","floor":7,"turns":4},{"damage":10,"enemies":"2 Louse","floor":8,"turns":2},{"damage":5,"enemies":"Looter","floor":11,"turns":3},{"damage":13,"enemies":"Blue Slaver","floor":12,"turns":3},{"damage":10,"enemies":"Large Slime","floor":14,"turns":5},{"damage":24,"enemies":"Hexaghost","floor":16,"turns":6},{"damage":21,"enemies":"2 Thieves","floor":18,"turns":4},{"damage":25,"enemies":"Shell Parasite","floor":21,"turns":6},{"damage":27,"enemies":"Centurion and Healer","floor":22,"turns":9},{"damage":42,"enemies":"3 Cultists","floor":23,"turns":5}],"seed_played":"7407250449718044957","potions_obtained":[{"floor":12,"key":"EssenceOfSteel"},{"floor":13,"key":"PotionOfCapacity"},{"floor":13,"key":"PowerPotion"},{"floor":13,"key":"SkillPotion"},{"floor":14,"key":"FocusPotion"},{"floor":16,"key":"EssenceOfSteel"},{"floor":21,"key":"GamblersBrew"}],"is_trial":false,"path_per_floor":["M","?","?","?","?","R","M","M","T","R","M","M","$","M","R","B",null,"M","?","$","M","M","M"],"character_chosen":"DEFECT","items_purchased":["Cauldron","Defragment","Hello World"],"campfire_rested":3,"item_purchase_floors":[13,13,20],"current_hp_per_floor":[77,61,50,50,16,40,38,28,28,52,47,41,41,38,62,45,82,68,68,68,50,37,0,0],"gold":52,"neow_bonus":"TEN_PERCENT_HP_BONUS","is_daily":false,"chose_seed":false,"campfire_upgraded":0,"win_rate":0.0,"timestamp":1613674561,"path_taken":["M","?","?","?","?","R","M","M","T","R","M","M","?","M","R","BOSS","M","?","$","M","M","M"],"items_purchased_type":["Relic","Card","Card"],"build_version":"2020-12-22","purchased_purges":1,"victory":false,"max_hp_per_floor":[82,82,82,82,82,82,82,82,82,82,82,82,82,82,82,82,82,82,82,82,82,82,82,82],"card_choices":[{"not_picked":["Compile Driver","Reinforced Body"],"picked":"Leap","floor":1},{"not_picked":["Chaos","Storm","Streamline"],"picked":"Hello World","floor":7},{"not_picked":["Barrage","Tempest","Blizzard"],"picked":"Beam Cell","floor":8},{"not_picked":["Redo","Cold Snap","Ball Lightning"],"picked":"Self Repair","floor":11},{"not_picked":["Fusion","Cold Snap","Hologram"],"picked":"Static Discharge","floor":12},{"not_picked":["Leap","Glacier","Redo"],"picked":"Capacitor","floor":14},{"not_picked":["Amplify","Machine Learning","Hyperbeam"],"picked":"Creative AI","floor":16},{"not_picked":["Cold Snap+1","Lockon","Gash"],"picked":"Self Repair","floor":18},{"not_picked":["Gash+1","Aggregate","Loop"],"picked":"Static Discharge","floor":21},{"not_picked":["Turbo","Cold Snap","Recycle"],"picked":"Gash+1","floor":22}],"player_experience":511995,"relics_obtained":[{"floor":9,"key":"Orichalcum"}],"event_choices":[{"damage_healed":77,"gold_gain":0,"player_choice":"Upgrade","damage_taken":16,"max_hp_gain":0,"max_hp_loss":82,"event_name":"betterThird:BetterShining","floor":2,"gold_loss":0,"cards_upgraded":["Strike_B","Strike_B"]},{"damage_healed":0,"gold_gain":75,"player_choice":"Gold","damage_taken":11,"max_hp_gain":0,"max_hp_loss":0,"event_name":"betterThird:BetterGoop","floor":3,"gold_loss":0},{"damage_healed":0,"gold_gain":0,"player_choice":"Box","damage_taken":0,"relics_obtained":["Question Card"],"max_hp_gain":0,"max_hp_loss":0,"event_name":"Big Fish","floor":4,"gold_loss":0,"cards_obtained":["Regret"]},{"damage_healed":0,"gold_gain":0,"player_choice":"Trade","damage_taken":0,"relics_obtained":["NlothsMask"],"max_hp_gain":0,"max_hp_loss":0,"event_name":"FaceTrader","floor":19,"gold_loss":0}],"is_beta":false,"boss_relics":[{"not_picked":["energizedSpire:MagnifyingGlass","Black Star"],"picked":"Nuclear Battery"}],"items_purged_floors":[13],"is_endless":false,"potions_floor_spawned":[12,14,16,21],"killed_by":"3 Cultists","ascension_level":0}}