{"host":"kwyq3wo3fj8d4s27","time":1613688199,"event":{"mods":["AchievementEnabler","BaseMod","Colored Map","Highlight Path","Minty Spire (QoL Compilation)","StSLib"],"gold_per_floor":[118,129,129,139,149,149,5179,4429,4453,4453,4468,4484,4484,4484,4484,4583,4583,4597,3748,3760,3760,3760,3786,3786,3820,3820,3046,2971,2066,2091,2108,2108,2210,2210,2230,1750,1750,1146,1166,1200,1200,1226,1226,1238,0,5014,4494,4509,4509,4509,4509,4509,3695,3720,3720],"floor_reached":56,"language":"ENG","playtime":1674,"items_purged":["Strike_R","Strike_R","Strike_R","Defend_R","J.A.X.","Inflame+1","Inflame+1","Defend_R"],"score":1691,"play_id":"6e2bc34a-7e29-49d4-812c-5aef9127efab","local_time":"20210218144319","is_ascension_mode":true,"campfire_choices":[{"data":"Apotheosis","floor":6,"key":"SMITH"},{"floor":13,"key":"RECALL"},{"data":"Rampage","floor":15,"key":"SMITH"},{"data":"Madness","floor":24,"key":"SMITH"},{"data":"Madness","floor":32,"key":"SMITH"},{"data":"Heavy Blade","floor":41,"key":"SMITH"},{"data":"Bash","floor":49,"key":"SMITH"},{"data":"Defend_R","floor":52,"key":"SMITH"}],"circlet_count":0,"master_deck":["Defend_R+1","Bash+1","Apotheosis+1","Rampage+1","Madness+1","Madness+1","Heavy Blade+1","Demon Form+1","Whirlwind+1"],"relics":["Burning Blood","Strawberry","Frozen Egg 2","Bottled Lightning","Medical Kit","Nunchaku","Coffee Dripper","PreservedInsect","Pear","Lee\u0027s Waffle","Centennial Puzzle","Bag of Marbles","TheAbacus","Mercury Hourglass","Vajra","FossilizedHelix","Anchor","OrangePellets","Kunai","Sozu","Ancient Tea Set","Boot","Brimstone","Molten Egg 2","Happy Flower","Bottled Flame","Thread and Needle","Red Mask","Juzu Bracelet","Orrery","Sundial","Lizard Tail","StrikeDummy"],"acts_visited":["Exordium","TheCity","TheBeyond","TheEnding"],"potions_floor_usage":[19,29,55,55],"damage_taken":[{"damage":2,"enemies":"Cultist","floor":1,"turns":4},{"damage":12,"enemies":"Jaw Worm","floor":2,"turns":3},{"damage":1,"enemies":"Small Slimes","floor":4,"turns":5},{"damage":7,"enemies":"Red Slaver","floor":5,"turns":4},{"damage":25,"enemies":"Gremlin Nob","floor":7,"turns":4},{"damage":5,"enemies":"Blue Slaver","floor":11,"turns":4},{"damage":43,"enemies":"Exordium Thugs","floor":12,"turns":6},{"damage":60,"enemies":"Slime Boss","floor":16,"turns":10},{"damage":14,"enemies":"Spheric Guardian","floor":18,"turns":6},{"damage":0,"enemies":"Shell Parasite","floor":20,"turns":7},{"damage":39,"enemies":"Book of Stabbing","floor":23,"turns":6},{"damage":91,"enemies":"Slavers","floor":25,"turns":9},{"damage":40,"enemies":"Gremlin Leader","floor":30,"turns":4},{"damage":13,"enemies":"Snecko","floor":31,"turns":3},{"damage":24,"enemies":"Collector","floor":33,"turns":3},{"damage":10,"enemies":"3 Shapes","floor":35,"turns":4},{"damage":0,"enemies":"3 Darklings","floor":39,"turns":2},{"damage":0,"enemies":"Giant Head","floor":40,"turns":3},{"damage":0,"enemies":"Nemesis","floor":42,"turns":3},{"damage":13,"enemies":"Sphere and 2 Shapes","floor":44,"turns":3},{"damage":6,"enemies":"Writhing Mass","floor":46,"turns":3},{"damage":0,"enemies":"Transient","floor":48,"turns":5},{"damage":40,"enemies":"Donu and Deca","floor":50,"turns":5},{"damage":48,"enemies":"Shield and Spear","floor":54,"turns":3},{"damage":95,"enemies":"The Heart","floor":55,"turns":5}],"seed_played":"2725345933317051142","potions_obtained":[{"floor":1,"key":"BloodPotion"},{"floor":5,"key":"SteroidPotion"},{"floor":7,"key":"EssenceOfSteel"},{"floor":25,"key":"GamblersBrew"},{"floor":30,"key":"SteroidPotion"}],"is_trial":false,"path_per_floor":["M","M","?","M","M","R","E","$","T","?","M","M","R","?","R","B",null,"M","$","M","?","?","E","R","E","T","$","?","$","E","M","R","B",null,"M","$","?","$","M","E","R","E","T","M","?","M","$","M","R","B",null,"R","$","E","B",null],"character_chosen":"IRONCLAD","items_purchased":["Frozen Egg 2","Bottled Lightning","Medical Kit","Rampage","PreservedInsect","Pear","Lee\u0027s Waffle","Madness","Fruit Juice","TheAbacus","Mercury Hourglass","Vajra","Madness","Inflame+1","FossilizedHelix","Anchor","OrangePellets","Fruit Juice","Ancient Tea Set","Boot","Brimstone","Molten Egg 2","Juzu Bracelet","Orrery","Sundial","Lizard Tail"],"campfire_rested":0,"item_purchase_floors":[8,8,8,8,19,19,19,19,19,27,27,27,27,29,29,29,29,29,36,36,38,38,47,47,53,53],"current_hp_per_floor":[60,54,54,59,58,58,87,87,87,87,87,80,80,87,87,33,87,79,109,109,87,87,92,92,114,114,114,114,119,85,78,78,60,119,115,115,115,115,119,119,119,119,119,112,112,112,112,118,118,84,119,119,119,77,91],"gold":3720,"neow_bonus":"RANDOM_COLORLESS_2","is_daily":false,"chose_seed":false,"campfire_upgraded":7,"win_rate":0.0,"timestamp":1613688199,"path_taken":["M","?","?","?","?","R","E","$","T","?","?","M","R","?","R","BOSS","M","$","M","?","?","E","R","E","T","$","?","$","E","?","R","BOSS","M","$","?","$","?","E","R","E","T","M","?","M","$","M","R","BOSS","R","$","E","BOSS"],"items_purchased_type":["Relic","Relic","Relic","Card","Relic","Relic","Relic","Card","Potion","Relic","Relic","Relic","Card","Card","Relic","Relic","Relic","Potion","Relic","Relic","Relic","Relic","Relic","Relic","Relic","Relic"],"build_version":"2020-12-22","purchased_purges":8,"victory":true,"max_hp_per_floor":[80,80,80,80,80,80,87,87,87,87,87,87,87,87,87,87,87,87,109,109,114,114,114,114,114,114,114,114,119,119,119,119,119,119,119,119,119,119,119,119,119,119,119,119,119,119,119,119,119,119,119,119,119,119,119],"card_choices":[{"not_picked":["Secret Technique","Master of Strategy"],"picked":"Apotheosis","floor":0},{"not_picked":["Twin Strike","Seeing Red","Armaments"],"picked":"SKIP","floor":1},{"not_picked":["Headbutt","Clothesline","Body Slam"],"picked":"SKIP","floor":2},{"not_picked":["Cleave","Iron Wave","Bloodletting"],"picked":"SKIP","floor":4},{"not_picked":["Clothesline","Pummel","Clash"],"picked":"SKIP","floor":5},{"not_picked":["Flame Barrier","Iron Wave","Twin Strike"],"picked":"SKIP","floor":7},{"not_picked":["Seeing Red","Ghostly Armor","Cleave"],"picked":"SKIP","floor":11},{"not_picked":["Anger","Burning Pact","Infernal Blade"],"picked":"SKIP","floor":12},{"not_picked":["Headbutt","Rampage","Ghostly Armor"],"picked":"SKIP","floor":18},{"not_picked":["Carnage","True Grit","Armaments"],"picked":"SKIP","floor":20},{"not_picked":["Cleave","Brutality+1","Sword Boomerang"],"picked":"SKIP","floor":23},{"not_picked":["Wild Strike+1","Sword Boomerang"],"picked":"Inflame+1","floor":25},{"not_picked":["Wild Strike","Clothesline","Shrug It Off"],"picked":"SKIP","floor":30},{"not_picked":["Dropkick","Sword Boomerang"],"picked":"Heavy Blade","floor":31},{"not_picked":["Feed","Impervious"],"picked":"Demon Form+1","floor":33},{"not_picked":["Flex","Havoc+1"],"picked":"Whirlwind","floor":35},{"not_picked":["Body Slam+1","True Grit","Thunderclap+1"],"picked":"SKIP","floor":39},{"not_picked":["Pommel Strike+1","Bludgeon+1","Metallicize+1"],"picked":"SKIP","floor":40},{"not_picked":["Reckless Charge+1","Pommel Strike+1","Shrug It Off+1"],"picked":"SKIP","floor":42},{"not_picked":["Clothesline+1","Seeing Red+1","Feel No Pain+1"],"picked":"SKIP","floor":44},{"not_picked":["Warcry","Headbutt+1","Evolve+1"],"picked":"SKIP","floor":46},{"not_picked":["Twin Strike+1","Clash+1","Perfected Strike+1"],"picked":"SKIP","floor":48},{"not_picked":["Brutality+1","Immolate+1","Rampage+1"],"picked":"SKIP","floor":54}],"player_experience":43181,"relics_obtained":[{"floor":7,"key":"Strawberry"},{"floor":9,"key":"Nunchaku"},{"floor":23,"key":"Centennial Puzzle"},{"floor":25,"key":"Bag of Marbles"},{"floor":30,"key":"Kunai"},{"floor":40,"key":"Happy Flower"},{"floor":42,"key":"Bottled Flame"},{"floor":43,"key":"Thread and Needle"},{"floor":54,"key":"StrikeDummy"}],"event_choices":[{"cards_removed":["Strike_R"],"damage_healed":0,"gold_gain":0,"player_choice":"Offered Basic","damage_taken":0,"max_hp_gain":0,"max_hp_loss":0,"event_name":"Bonfire Elementals","floor":3,"gold_loss":0},{"cards_removed":["Strike_R"],"damage_healed":0,"gold_gain":0,"player_choice":"Purged","damage_taken":0,"max_hp_gain":0,"max_hp_loss":0,"event_name":"Purifier","floor":10,"gold_loss":0},{"damage_healed":7,"gold_gain":0,"player_choice":"Full Heal","damage_taken":0,"max_hp_gain":0,"max_hp_loss":0,"event_name":"Wheel of Change","floor":14,"gold_loss":0},{"damage_healed":0,"gold_gain":0,"player_choice":"Shed Blood","damage_taken":27,"max_hp_gain":5,"max_hp_loss":0,"event_name":"Forgotten Altar","floor":21,"gold_loss":0},{"damage_healed":0,"gold_gain":0,"player_choice":"Obtain J.A.X.","damage_taken":0,"max_hp_gain":0,"max_hp_loss":0,"event_name":"Drug Dealer","floor":22,"gold_loss":0,"cards_obtained":["J.A.X."]},{"cards_removed":["Defend_R"],"damage_healed":0,"gold_gain":0,"player_choice":"Gave Gold","damage_taken":0,"max_hp_gain":0,"max_hp_loss":0,"event_name":"Beggar","floor":28,"gold_loss":75},{"damage_healed":0,"gold_gain":0,"player_choice":"Upgraded","damage_taken":0,"max_hp_gain":0,"max_hp_loss":0,"event_name":"Upgrade Shrine","floor":37,"gold_loss":0,"cards_upgraded":["Whirlwind"]},{"damage_healed":0,"gold_gain":0,"player_choice":"Paid","damage_taken":0,"relics_obtained":["Red Mask"],"max_hp_gain":0,"max_hp_loss":0,"event_name":"Tomb of Lord Red Mask","floor":45,"gold_loss":1238}],"is_beta":false,"boss_relics":[{"not_picked":["SlaversCollar","Busted Crown"],"picked":"Coffee Dripper"},{"not_picked":["Calling Bell","Pandora\u0027s Box"],"picked":"Sozu"}],"items_purged_floors":[8,19,27,29,36,38,47,53],"is_endless":false,"potions_floor_spawned":[1,5,7,11,25,30,33,39,44,48],"ascension_level":4}}