{"host":"guk5h31bsklpp7e4","time":1613635592,"event":{"mods":["AchievementEnabler","BaseMod","Colored Map","Colored Powertips","Highlight Path","Minty Spire (QoL Compilation)","Quick Restart","Rare Cards Sparkle"],"gold_per_floor":[110,285,135,148,148,148,163,179,179,179,196,196,271,290,290,290,290],"floor_reached":16,"language":"ENG","playtime":753,"items_purged":["Doubt"],"score":110,"play_id":"1a96d2d2-6e3e-4bc6-acdc-10cd6e4f4a64","local_time":"20210218030632","is_ascension_mode":true,"campfire_choices":[{"data":"Eruption","floor":6,"key":"SMITH"},{"data":"Vigilance","floor":10,"key":"SMITH"},{"data":"FlurryOfBlows","floor":15,"key":"SMITH"}],"circlet_count":0,"master_deck":["Strike_P","Strike_P","Strike_P","Defend_P","Defend_P","Defend_P","Defend_P","Eruption+1","Vigilance+1","FlurryOfBlows+1","FlurryOfBlows","Halt","EmptyFist","ThirdEye","Prostrate","ClearTheMind","Vault+1","Wireheading"],"relics":["PureWater","Pocketwatch"],"acts_visited":["Exordium"],"potions_floor_usage":[16],"damage_taken":[{"damage":0,"enemies":"Jaw Worm","floor":1,"turns":3},{"damage":3,"enemies":"Small Slimes","floor":4,"turns":2},{"damage":0,"enemies":"Cultist","floor":7,"turns":5},{"damage":3,"enemies":"Large Slime","floor":8,"turns":5},{"damage":1,"enemies":"3 Louse","floor":11,"turns":2},{"damage":2,"enemies":"Lots of Slimes","floor":14,"turns":5},{"damage":63,"enemies":"Hexaghost","floor":16,"turns":10}],"seed_played":"8048305289141467350","potions_obtained":[{"floor":8,"key":"BlessingOfTheForge"},{"floor":11,"key":"Energy Potion"},{"floor":14,"key":"StancePotion"}],"is_trial":false,"path_per_floor":["M","?","$","M","?","R","M","M","T","R","M","?","?","M","R","B"],"character_chosen":"WATCHER","items_purchased":["FlurryOfBlows","Halt"],"campfire_rested":0,"item_purchase_floors":[3,3],"current_hp_per_floor":[79,79,79,76,76,76,76,73,73,73,72,72,65,63,63,0,0],"gold":290,"neow_bonus":"TEN_PERCENT_HP_BONUS","is_daily":false,"chose_seed":false,"campfire_upgraded":3,"win_rate":0.0,"timestamp":1613635592,"path_taken":["M","?","$","M","?","R","?","M","T","R","M","?","?","?","R","BOSS"],"items_purchased_type":["Card","Card"],"build_version":"2020-12-22","purchased_purges":1,"victory":false,"max_hp_per_floor":[79,79,79,79,79,79,79,79,79,79,79,79,79,79,79,79,79],"card_choices":[{"not_picked":["Crescendo","Meditate"],"picked":"FlurryOfBlows","floor":1},{"not_picked":["JustLucky","ForeignInfluence"],"picked":"EmptyFist","floor":4},{"not_picked":["Fasting2","ThirdEye"],"picked":"Prostrate","floor":7},{"not_picked":["BowlingBash","Consecrate"],"picked":"ClearTheMind","floor":8},{"not_picked":["Wallop","Halt"],"picked":"Vault","floor":11},{"not_picked":["SashWhip","BowlingBash"],"picked":"Wireheading","floor":14}],"player_experience":356189,"relics_obtained":[{"floor":9,"key":"Pocketwatch"}],"event_choices":[{"damage_healed":0,"gold_gain":175,"player_choice":"AGREE","damage_taken":0,"max_hp_gain":0,"max_hp_loss":0,"event_name":"Liars Game","floor":2,"gold_loss":0,"cards_obtained":["Doubt"]},{"damage_healed":0,"gold_gain":0,"cards_transformed":["Strike_P"],"player_choice":"Transformed","damage_taken":0,"max_hp_gain":0,"max_hp_loss":0,"event_name":"Transmorgrifier","floor":5,"gold_loss":0,"cards_obtained":["ThirdEye"]},{"damage_healed":0,"gold_gain":0,"player_choice":"Grow","damage_taken":0,"max_hp_gain":0,"max_hp_loss":0,"event_name":"Living Wall","floor":12,"gold_loss":0,"cards_upgraded":["Vault"]},{"damage_healed":0,"gold_gain":75,"player_choice":"Touch","damage_taken":7,"max_hp_gain":0,"max_hp_loss":0,"event_name":"FaceTrader","floor":13,"gold_loss":0}],"is_beta":false,"boss_relics":[],"items_purged_floors":[3],"is_endless":false,"potions_floor_spawned":[8,11,14],"killed_by":"Hexaghost","ascension_level":4}}