{"host":"cizwai1hr4r8wn74","time":1613656251,"event":{"mods":["BaseMod","Friendly Minions","Lobotomy","LobotomyExtend","Minty Spire (QoL Compilation)","Replay The Spire","StSLib","SuperFastMode","TestMod","The Servant 0.9.4","【功能Mod】混沌之环修复补丁"],"gold_per_floor":[113,125,125,13,13,39,39,52,52,64,64,75,92,107,200,300,300,310,310,310],"floor_reached":19,"language":"ZHS","playtime":1103,"items_purged":["Defend_S"],"score":221,"play_id":"150b8bb9-9770-4b8b-ab52-4846ca0db6e1","local_time":"20210218215051","is_ascension_mode":false,"campfire_choices":[{"data":"Contraction","floor":7,"key":"SMITH"},{"data":"Starlight","floor":11,"key":"SMITH"}],"circlet_count":0,"master_deck":["Strike_S","Strike_S","Strike_S","Defend_S","Defend_S","Defend_S","KidneyShot","Exchange","BlackSwan","Defy","QueenOfHatred","Starlight+1","Contraction+1","Delirium","ShatteredReality","Potential","TimeWarp","Unruled","MoonPhase","LightFlow","Languid","AbeCurse","Shame","SoulSculpture"],"relics":["Uniform","testmod-TestBox","CogitoBucket","testmod-CardMagician","LetterFromLob","Ring of Peace","Letter Opener","testmod-DragonStarHat","Replay:Ancient Bell","testmod-AssaultLearning","Mercury Hourglass","Incense Burner"],"acts_visited":["Exordium","TheCity"],"potions_floor_usage":[19,19],"damage_taken":[{"damage":0,"enemies":"Cultist","floor":1,"turns":3},{"damage":5,"enemies":"2 Louse","floor":2,"turns":3},{"damage":12,"enemies":"3 Sentries","floor":6,"turns":8},{"damage":0,"enemies":"Jaw Worm","floor":8,"turns":5},{"damage":0,"enemies":"Large Slime","floor":10,"turns":6},{"damage":12,"enemies":"Lots of Slimes","floor":12,"turns":4},{"damage":0,"enemies":"2 Fungi Beasts","floor":13,"turns":4},{"damage":0,"enemies":"3 Louse","floor":14,"turns":4},{"damage":0,"enemies":"Hexaghost","floor":16,"turns":9},{"damage":0,"enemies":"Shell Parasite","floor":18,"turns":6},{"damage":76,"enemies":"Chosen","floor":19,"turns":4}],"seed_played":"6798286978929273607","potions_obtained":[{"floor":2,"key":"FearPotion"},{"floor":8,"key":"Energy Potion"},{"floor":13,"key":"Explosive Potion"},{"floor":14,"key":"Milkshake"}],"is_trial":false,"path_per_floor":["M","M","?","$","?","E","R","M","T","M","R","M","M","M","R","B",null,"M","M"],"character_chosen":"THE_SERVANT","items_purchased":["Contraction"],"campfire_rested":0,"item_purchase_floors":[4],"current_hp_per_floor":[65,60,53,53,53,44,44,44,44,65,65,53,59,65,65,65,65,65,0,0],"gold":310,"neow_bonus":"","is_daily":false,"chose_seed":false,"campfire_upgraded":2,"win_rate":0.0,"timestamp":1613656251,"path_taken":["M","?","?","$","?","E","R","M","T","M","R","M","M","M","R","BOSS","M","?"],"items_purchased_type":["Card"],"build_version":"2020-12-22","purchased_purges":1,"victory":false,"max_hp_per_floor":[65,65,65,65,65,65,65,65,65,65,65,65,65,65,65,65,65,65,65,65],"card_choices":[{"not_picked":["OSAHOGD","Alriune"],"picked":"BlackSwan","floor":1},{"not_picked":["FastForward","Barrier"],"picked":"Defy","floor":1},{"not_picked":["BeautyBeast","RedShoes","VoidDream"],"picked":"Singing Bowl","floor":2},{"not_picked":["SpiderBud","DespairKnight"],"picked":"QueenOfHatred","floor":2},{"not_picked":["Defy","Potential"],"picked":"Starlight","floor":2},{"not_picked":["PendulumOfEternity","Alleviate"],"picked":"ShatteredReality","floor":6},{"not_picked":["ShatteredReality","Replace"],"picked":"Potential","floor":8},{"not_picked":["PendulumOfEternity","Unruled"],"picked":"TimeWarp","floor":10},{"not_picked":["Collapse","Starlight","Replace"],"picked":"SKIP","floor":12},{"not_picked":["Alleviate","Rearm"],"picked":"Unruled","floor":13},{"not_picked":["BottledTime","Alleviate"],"picked":"MoonPhase","floor":14},{"not_picked":["SoulSculpture","FloweringNight"],"picked":"LightFlow","floor":16},{"not_picked":["Hallucinations","Looming Evil"],"picked":"Languid","floor":17},{"not_picked":["Decay","ReplayTheSpireMod:Doomed"],"picked":"AbeCurse","floor":17},{"not_picked":["Replay:Hysterical Blindness","Hallucinations"],"picked":"Shame","floor":17},{"not_picked":["Starlight","TimeWarp"],"picked":"SoulSculpture","floor":18}],"player_experience":37868,"relics_obtained":[{"floor":1,"key":"LetterFromLob"},{"floor":5,"key":"Ring of Peace"},{"floor":6,"key":"Letter Opener"},{"floor":9,"key":"testmod-DragonStarHat"}],"event_choices":[{"cards_removed":["Strike_S"],"damage_healed":0,"gold_gain":0,"player_choice":"Card Removal","damage_taken":7,"max_hp_gain":0,"max_hp_loss":0,"event_name":"Golden Wing","floor":3,"gold_loss":0}],"is_beta":false,"boss_relics":[{"not_picked":["testmod-PortableAltar","ReplayTheSpireMod:DimensionalGlitch"],"picked":"Replay:Ancient Bell"},{"not_picked":["Orichalcum","Potion Belt"],"picked":"testmod-AssaultLearning"},{"not_picked":["Pantograph","Replay:Ringing Soul"],"picked":"Mercury Hourglass"},{"not_picked":["Gambling Chip","Replay:Kaleidoscope"],"picked":"Incense Burner"}],"items_purged_floors":[4],"is_endless":false,"potions_floor_spawned":[2,8,13,14,18],"killed_by":"Chosen","ascension_level":0}}