{"host":"9viy3memdfgcf4vy","time":1613667738,"event":{"mods":["BaseMod","Colored Map","Downfall","Minty Spire (QoL Compilation)","StSLib"],"gold_per_floor":[99,116,166,179,190,90,143,143,154,154,165,165,165,200,211,282,282,282,293,293,293,293],"floor_reached":20,"language":"ENG","playtime":976,"items_purged":[],"score":368,"play_id":"7d6e19b7-5168-4481-9cb5-e0dc062e2edb","local_time":"20210218190218","is_ascension_mode":true,"campfire_choices":[{"floor":1,"key":"RECALL"},{"data":"Slimebound:FlameTackle","floor":6,"key":"SMITH"},{"data":"Slimebound:Split","floor":8,"key":"SMITH"},{"data":"Slimebound:GoopTackle","floor":10,"key":"SMITH"},{"data":"Slimebound:FinishingTackle","floor":13,"key":"SMITH"},{"data":"Slimebound:DuplicatedForm","floor":18,"key":"SMITH"}],"circlet_count":0,"master_deck":["AscendersBane","Slimebound:Strike_Slimebound","Slimebound:Strike_Slimebound","Slimebound:Strike_Slimebound","Slimebound:Tackle","Slimebound:Defend_Slimebound","Slimebound:Defend_Slimebound","Slimebound:Defend_Slimebound","Slimebound:Defend_Slimebound","Slimebound:Split+1","Slimebound:CorrosiveSpit","Slimebound:HauntingLick","Slimebound:LivingWall","Slimebound:SplitMire","Slimebound:FlameTackle+1","Slimebound:GoopTackle+1","Slimebound:FinishingTackle+1","Slimebound:DuplicatedForm+1","Slimebound:HungryTackle"],"relics":["Slimebound:AbsorbEndCombat","Slimebound:SelfDamagePreventRelic","downfall:HeartBlessingRed","Omamori","Potion Belt","Coffee Dripper"],"acts_visited":["Exordium","TheCity"],"potions_floor_usage":[16],"damage_taken":[{"damage":1,"enemies":"Cultist","floor":2,"turns":3},{"damage":0,"enemies":"2 Louse","floor":4,"turns":3},{"damage":0,"enemies":"Small Slimes","floor":5,"turns":2},{"damage":10,"enemies":"3 Louse","floor":9,"turns":3},{"damage":13,"enemies":"Red Slaver","floor":11,"turns":4},{"damage":0,"enemies":"Lagavulin","floor":14,"turns":4},{"damage":4,"enemies":"Blue Slaver","floor":15,"turns":4},{"damage":9,"enemies":"IC_STATUS_ARCHETYPE","floor":16,"turns":3},{"damage":42,"enemies":"Shell Parasite","floor":19,"turns":3},{"damage":34,"enemies":"3 Byrds","floor":20,"turns":3}],"seed_played":"-1941020148069085853","potions_obtained":[{"floor":9,"key":"hexamod:SoulburnPotion"},{"floor":15,"key":"SkillPotion"},{"floor":16,"key":"Explosive Potion"}],"is_trial":false,"path_per_floor":["R","M","?","M","M","R","T","R","M","R","M","?","R","E","M","B",null,"R","M","M"],"character_chosen":"SLIMEBOUND","items_purchased":[],"campfire_rested":0,"item_purchase_floors":[],"current_hp_per_floor":[53,58,58,59,59,59,59,59,53,53,44,44,44,48,46,43,55,55,32,0,0,0],"gold":293,"neow_bonus":"THREE_CARDS","is_daily":false,"chose_seed":false,"campfire_upgraded":5,"win_rate":0.0,"timestamp":1613667738,"path_taken":["R","M","?","M","M","R","T","R","M","R","M","?","R","E","M","BOSS","R","M","M"],"items_purchased_type":[],"build_version":"2020-12-22","purchased_purges":0,"victory":false,"max_hp_per_floor":[59,59,59,59,59,59,59,59,59,59,59,59,59,59,59,59,59,59,59,59,59,59],"card_choices":[{"not_picked":["Slimebound:SlimeSpikes","Slimebound:RollThrough"],"picked":"Slimebound:HauntingLick","floor":0},{"not_picked":["Slimebound:PressTheAttack","Slimebound:LeadByExample"],"picked":"Slimebound:LivingWall","floor":2},{"not_picked":["Slimebound:LevelUp","Slimebound:Repurpose"],"picked":"Slimebound:SplitMire","floor":4},{"not_picked":["Slimebound:ComboTackle","Slimebound:Equalize"],"picked":"Slimebound:FlameTackle","floor":5},{"not_picked":["Slimebound:SlimeBarrage","Slimebound:SplitAcid"],"picked":"Slimebound:GoopTackle","floor":9},{"not_picked":["Slimebound:LeadByExample","Slimebound:FlameTackle"],"picked":"Slimebound:FinishingTackle","floor":11},{"not_picked":["Slimebound:LeechingTouch","Slimebound:SlimeTap","Slimebound:SamplingLick"],"picked":"SKIP","floor":14},{"not_picked":["Slimebound:LivingWall","Slimebound:SplitLeeching","Slimebound:Schlurp"],"picked":"SKIP","floor":15},{"not_picked":["Slimebound:TagTeam","Slimebound:Overexert"],"picked":"Slimebound:DuplicatedForm","floor":16},{"not_picked":["Slimebound:SplitMire+1","Slimebound:SplitSpecialist"],"picked":"Slimebound:HungryTackle","floor":19}],"player_experience":546785,"relics_obtained":[{"floor":7,"key":"Omamori"},{"floor":14,"key":"Potion Belt"}],"event_choices":[],"is_beta":false,"boss_relics":[{"not_picked":["Astrolabe","bronze:MakeshiftBattery"],"picked":"Coffee Dripper"}],"items_purged_floors":[],"is_endless":false,"potions_floor_spawned":[9,15,16],"killed_by":"3 Byrds","ascension_level":17}}