{"host":"6pietnjer90du4bs","time":1613659682,"event":{"mods":["Aspiration","BaseMod","Bossed Relics","Colored Map","Infinite Spire","Minty Spire (QoL Compilation)","Replay The Spire","StSLib"],"gold_per_floor":[111,37,37,52,152,187,200,225,251,251,268,31,31,46,46,46,46],"floor_reached":16,"language":"ENG","playtime":335,"items_purged":["Defend_R"],"score":244,"play_id":"aba560c0-f2bd-4035-8a12-4e428e761e45","local_time":"20210218154802","is_ascension_mode":true,"campfire_choices":[{"floor":13,"key":"REST"}],"circlet_count":0,"master_deck":["AscendersBane","Strike_R+1","Strike_R","Strike_R+1","Strike_R","Strike_R+1","Defend_R","Defend_R","Defend_R","Bash","Heavy Blade","Massacre+1","Combust","Sword Boomerang+1","Second Wind"],"relics":["Burning Blood","NeowsBlessing","Replay:Bottled Flurry","Odd Mushroom","Whetstone","InkBottle","Chemical X"],"acts_visited":["Exordium"],"potions_floor_usage":[8,8],"damage_taken":[{"damage":0,"enemies":"Jaw Worm","floor":1,"turns":1},{"damage":0,"enemies":"Small Slimes","floor":4,"turns":1},{"damage":0,"enemies":"3 Sentries","floor":6,"turns":1},{"damage":2,"enemies":"Cultist","floor":7,"turns":4},{"damage":14,"enemies":"The Mushroom Lair","floor":8,"turns":3},{"damage":21,"enemies":"Blue Slaver","floor":11,"turns":3},{"damage":22,"enemies":"3 Louse","floor":14,"turns":3},{"damage":27,"enemies":"Slime Boss","floor":16,"turns":5}],"seed_played":"-8137365797451015247","potions_obtained":[{"floor":4,"key":"Toxic Potion"},{"floor":7,"key":"Adrenaline Potion"}],"is_trial":false,"path_per_floor":["M","$","?","M","?","E","M","?","T","?","M","$","R","M","R_BF","B"],"character_chosen":"IRONCLAD","items_purchased":["Massacre","Chemical X"],"campfire_rested":1,"item_purchase_floors":[2,12],"current_hp_per_floor":[74,74,51,57,57,63,67,59,59,48,33,33,55,39,61,34,34],"gold":46,"neow_bonus":"THREE_ENEMY_KILL","is_daily":false,"chose_seed":false,"campfire_upgraded":0,"win_rate":0.0,"timestamp":1613659682,"path_taken":["M","$","?","M","?","E","?","?","T","?","M","$","R","M","R_BF","BOSS"],"items_purchased_type":["Card","Relic"],"build_version":"2020-12-22","purchased_purges":1,"victory":false,"max_hp_per_floor":[75,75,75,75,75,75,75,75,75,75,75,75,75,75,75,75,75],"card_choices":[{"not_picked":["Run Through","ReplayTheSpireMod:Strike From Hell"],"picked":"Heavy Blade","floor":1},{"not_picked":["Pommel Strike","Burning Pact","Twin Strike"],"picked":"SKIP","floor":4},{"not_picked":["True Grit","Flame Barrier"],"picked":"Combust","floor":6},{"not_picked":["Iron Wave","Pommel Strike"],"picked":"Sword Boomerang","floor":7},{"not_picked":["Seeing Red","Dark Embrace"],"picked":"Second Wind","floor":8},{"not_picked":["Clothesline","Replay:Many Hands","Dropkick"],"picked":"SKIP","floor":11},{"not_picked":["Run Through","Fire Breathing","Flame Barrier"],"picked":"SKIP","floor":14}],"player_experience":745524,"relics_obtained":[{"floor":6,"key":"Replay:Bottled Flurry"},{"floor":8,"key":"Odd Mushroom"},{"floor":9,"key":"Whetstone"}],"event_choices":[{"damage_healed":0,"gold_gain":0,"player_choice":"Entered Light","damage_taken":23,"max_hp_gain":0,"max_hp_loss":0,"event_name":"Shining Light","floor":3,"gold_loss":0,"cards_upgraded":["Strike_R","Massacre"]},{"damage_healed":0,"gold_gain":100,"player_choice":"Gold","damage_taken":0,"max_hp_gain":0,"max_hp_loss":0,"event_name":"Wheel of Change","floor":5,"gold_loss":0},{"damage_healed":0,"gold_gain":0,"player_choice":"Fought Mushrooms","damage_taken":0,"max_hp_gain":0,"max_hp_loss":0,"event_name":"Mushrooms","floor":8,"gold_loss":0},{"damage_healed":0,"gold_gain":0,"player_choice":"Success","damage_taken":11,"relics_obtained":["InkBottle"],"max_hp_gain":0,"max_hp_loss":0,"event_name":"Scrap Ooze","floor":10,"gold_loss":0}],"is_beta":false,"boss_relics":[],"items_purged_floors":[12],"is_endless":false,"potions_floor_spawned":[4,7],"killed_by":"Slime Boss","ascension_level":19}}