{"host":"ad59wuc8ynh8u2z6","time":1613672160,"event":{"mods":["AchievementEnabler","BaseMod","Colored Powertips","DeckTracker","Highlight Path","Minty Spire (QoL Compilation)","Permanent Neow"],"gold_per_floor":[118,128,53,53,53,53,88,88,88,38,54,86,86,114,114,114,114],"floor_reached":16,"language":"ENG","playtime":547,"items_purged":["Strike_R","Strike_R"],"score":176,"play_id":"d71bf455-3c92-4183-885f-71ff5339f70d","local_time":"20210218191600","is_ascension_mode":true,"campfire_choices":[{"data":"Cleave","floor":6.0,"key":"SMITH"},{"data":"Pommel Strike","floor":13.0,"key":"SMITH"},{"data":"Bash","floor":15.0,"key":"SMITH"}],"circlet_count":0,"master_deck":["Strike_R","Strike_R","Defend_R","Defend_R","Defend_R","Defend_R","Bash+1","Shrug It Off","Cleave+1","Pommel Strike+1"],"relics":["Burning Blood","Smiling Mask","Shuriken","Blood Vial","Bag of Preparation","Strawberry"],"acts_visited":["Exordium"],"potions_floor_usage":[16],"damage_taken":[{"damage":1.0,"enemies":"Cultist","floor":1.0,"turns":3.0},{"damage":3.0,"enemies":"Jaw Worm","floor":2.0,"turns":6.0},{"damage":31.0,"enemies":"Lagavulin","floor":7.0,"turns":8.0},{"damage":0.0,"enemies":"2 Louse","floor":11.0,"turns":1.0},{"damage":19.0,"enemies":"3 Sentries","floor":12.0,"turns":5.0},{"damage":27.0,"enemies":"Lagavulin","floor":14.0,"turns":7.0},{"damage":21,"enemies":"The Guardian","floor":16,"turns":11}],"seed_played":"8319197460897800274","potions_obtained":[{"floor":2.0,"key":"Explosive Potion"},{"floor":14.0,"key":"SkillPotion"}],"is_trial":false,"path_per_floor":["M","M","$","?","?","R","E","?","T","$","M","E","R","E","R","B"],"character_chosen":"IRONCLAD","items_purchased":[],"campfire_rested":0,"item_purchase_floors":[],"current_hp_per_floor":[72,75,75,57,57,57,32,32,32,32,40,29,29,17,17,0,0],"gold":114,"neow_bonus":"TWENTY_PERCENT_HP_BONUS","is_daily":false,"chose_seed":false,"campfire_upgraded":3,"win_rate":0.0,"timestamp":1613672160,"path_taken":["M","M","?","?","?","R","E","?","T","?","M","E","R","E","R","BOSS"],"items_purchased_type":[],"build_version":"2020-12-22","purchased_purges":2,"victory":false,"max_hp_per_floor":[96,96,96,96,96,96,96,96,96,96,96,96,96,103,103,103,103],"card_choices":[{"not_picked":["Body Slam","Cleave"],"picked":"Shrug It Off","floor":1.0},{"not_picked":["Feel No Pain","Armaments"],"picked":"Cleave","floor":2.0},{"not_picked":["Seeing Red","Iron Wave"],"picked":"Pommel Strike","floor":7.0},{"not_picked":["Blood for Blood","Dual Wield","Demon Form"],"picked":"SKIP","floor":11.0},{"not_picked":["Iron Wave","Twin Strike","Rage"],"picked":"SKIP","floor":12.0},{"not_picked":["Cleave","Rupture","Heavy Blade"],"picked":"SKIP","floor":14.0}],"player_experience":102159,"relics_obtained":[{"floor":7.0,"key":"Shuriken"},{"floor":9.0,"key":"Blood Vial"},{"floor":12.0,"key":"Bag of Preparation"},{"floor":14.0,"key":"Strawberry"}],"event_choices":[{"damage_healed":0.0,"max_hp_gain":0.0,"max_hp_loss":0.0,"gold_gain":0.0,"event_name":"Scrap Ooze","player_choice":"Success","floor":4.0,"gold_loss":0.0,"damage_taken":18.0,"relics_obtained":["Smiling Mask"]},{"cards_removed":["Strike_R"],"damage_healed":0.0,"max_hp_gain":0.0,"max_hp_loss":0.0,"gold_gain":0.0,"event_name":"Living Wall","player_choice":"Forget","floor":5.0,"gold_loss":0.0,"damage_taken":0.0},{"damage_healed":0.0,"max_hp_gain":0.0,"max_hp_loss":0.0,"gold_gain":0.0,"event_name":"Liars Game","player_choice":"Ignored","floor":8.0,"gold_loss":0.0,"damage_taken":0.0}],"is_beta":false,"boss_relics":[],"items_purged_floors":[3,10],"is_endless":false,"potions_floor_spawned":[2,14],"killed_by":"The Guardian","ascension_level":6}}