{"host":"8i4doyxqctgl5qb0","time":1613681541,"event":{"mods":["AchievementEnabler","BaseMod","Block Reminder","Colored Powertips","Downfall","Minty Spire (QoL Compilation)","Permanent Neow","Potion Indicator Mod","Rare Cards Sparkle","StSLib","SuperFastMode","The Jungle"],"gold_per_floor":[118,133,133,133,148,148,175,175,175,206,225,235,185,203,203,298,298,313,238,264,229,239,239,256,256,327,355,81,94,94,9,9,104,104,120,120,135,135,357,357,67,96,121,121,171,171,198,210,210,210,210],"floor_reached":50,"language":"ZHS","playtime":1832,"items_purged":["Writhe"],"score":842,"play_id":"c3758b77-f8ae-43c1-ba53-5955fdcdcf5f","local_time":"20210219045221","is_ascension_mode":true,"campfire_choices":[{"data":"Zap","floor":6.0,"key":"SMITH"},{"floor":8.0,"key":"REST"},{"floor":15.0,"key":"REST"},{"floor":23.0,"key":"REST"},{"floor":25.0,"key":"REST"},{"floor":30.0,"key":"REST"},{"floor":32.0,"key":"REST"},{"data":"Creative AI","floor":40.0,"key":"SMITH"},{"floor":46.0,"key":"REST"},{"floor":49,"key":"REST"}],"circlet_count":0,"master_deck":["AscendersBane","Strike_B","Strike_B","Defend_B","Defend_B","Defend_B","Zap+1","Dualcast","Hello World","Cold Snap","Storm","Skim","Hologram","Core Surge","Conserve Battery","Creative AI+1","Turbo","Defragment","Capacitor","Lockon","Force Field","Reboot","Consume","Force Field+1","Biased Cognition","Heatsinks+1","Loop","Loop","Magnetism","Recycle","BootSequence"],"relics":["FrozenCore","Akabeko","Kunai","DataDisk","Bag of Marbles","Nuclear Battery","Red Mask","White Beast Statue","Turnip","Oddly Smooth Stone","Strawberry","Lantern","Art of War","TungstenRod","Boot"],"acts_visited":["Exordium","TheCity","TheBeyond"],"potions_floor_usage":[48],"damage_taken":[{"damage":1.0,"enemies":"Cultist","floor":1.0,"turns":3.0},{"damage":6.0,"enemies":"2 Louse","floor":2.0,"turns":2.0},{"damage":4.0,"enemies":"Jaw Worm","floor":5.0,"turns":3.0},{"damage":12.0,"enemies":"Gremlin Nob","floor":7.0,"turns":4.0},{"damage":17.0,"enemies":"3 Sentries","floor":10.0,"turns":6.0},{"damage":0.0,"enemies":"Large Slime","floor":11.0,"turns":3.0},{"damage":2.0,"enemies":"Exordium Wildlife","floor":12.0,"turns":2.0},{"damage":0.0,"enemies":"2 Fungi Beasts","floor":14.0,"turns":2.0},{"damage":40.0,"enemies":"The Guardian","floor":16.0,"turns":12.0},{"damage":0.0,"enemies":"Spheric Guardian","floor":18.0,"turns":3.0},{"damage":53.0,"enemies":"Masked Bandits","floor":20.0,"turns":4.0},{"damage":9.0,"enemies":"Shell Parasite","floor":22.0,"turns":6.0},{"damage":7.0,"enemies":"3 Cultists","floor":24.0,"turns":4.0},{"damage":35.0,"enemies":"Book of Stabbing","floor":27.0,"turns":5.0},{"damage":0.0,"enemies":"Chosen and Byrds","floor":29.0,"turns":4.0},{"damage":51.0,"enemies":"Automaton","floor":33.0,"turns":10.0},{"damage":22.0,"enemies":"3 Darklings","floor":35.0,"turns":6.0},{"damage":5.0,"enemies":"Orb Walker","floor":37.0,"turns":4.0},{"damage":28.0,"enemies":"Giant Head","floor":42.0,"turns":8.0},{"damage":11.0,"enemies":"Mind Bloom Boss Battle","floor":45.0,"turns":7.0},{"damage":8.0,"enemies":"Reptomancer","floor":47.0,"turns":4.0},{"damage":2,"enemies":"4 Shapes","floor":48,"turns":6},{"damage":62,"enemies":"Time Eater","floor":50,"turns":7}],"seed_played":"8873727890159279614","potions_obtained":[{"floor":1.0,"key":"Weak Potion"},{"floor":5.0,"key":"ColorlessPotion"},{"floor":11.0,"key":"ColorlessPotion"},{"floor":14.0,"key":"SteroidPotion"},{"floor":20.0,"key":"Ancient Potion"},{"floor":27.0,"key":"Swift Potion"},{"floor":29.0,"key":"LiquidBronze"},{"floor":37.0,"key":"EntropicBrew"},{"floor":47.0,"key":"SteroidPotion"},{"floor":48,"key":"Explosive Potion"}],"is_trial":false,"path_per_floor":["M","M","?","$","M","R","E","R","T","E","M","M","?","M","R","B",null,"M","?","?","$","M","R","M","R","T","E","$","M","R","?","R","B",null,"M","?","M","?","?","R","$","E","T","?","?","R","E","M","R","B"],"character_chosen":"DEFECT","items_purchased":["Capacitor","Consume","Oddly Smooth Stone","PowerPotion","Loop","Magnetism"],"campfire_rested":8,"item_purchase_floors":[21,28,28,28,41,41],"current_hp_per_floor":[67,61,61,61,57,57,45,67,67,50,50,48,48,48,70,30,64,64,64,11,11,2,24,17,39,39,4,4,4,26,33,57,6,63,41,41,36,57,57,57,57,29,29,29,18,42,34,32,56,0,0],"gold":210,"neow_bonus":"RANDOM_COMMON_RELIC","is_daily":false,"chose_seed":false,"campfire_upgraded":2,"win_rate":0.0,"timestamp":1613681541,"path_taken":["M","M","?","$","M","R","E","R","T","E","?","M","?","M","R","BOSS","M","?","?","?","M","R","M","R","T","E","$","M","R","?","R","BOSS","M","?","M","?","?","R","?","E","T","?","?","R","E","M","R","BOSS"],"items_purchased_type":["Card","Card","Relic","Potion","Card","Card"],"build_version":"2020-12-22","purchased_purges":1,"victory":false,"max_hp_per_floor":[75,75,75,75,75,75,75,75,75,75,75,75,75,75,75,75,75,75,75,75,75,75,75,75,75,75,75,75,75,75,82,82,82,82,82,82,82,82,82,82,82,82,82,82,82,82,82,82,82,82,82],"card_choices":[{"not_picked":["Barrage","Gash"],"picked":"Hello World","floor":1.0},{"not_picked":["Chill","Gash"],"picked":"Barrage","floor":2.0},{"not_picked":["Redo","Ball Lightning"],"picked":"Cold Snap","floor":5.0},{"not_picked":["Beam Cell","Double Energy"],"picked":"Storm","floor":7.0},{"not_picked":["Hologram","FTL"],"picked":"Skim","floor":10.0},{"not_picked":["Go for the Eyes","FTL"],"picked":"Hologram","floor":11.0},{"not_picked":["Doom and Gloom","Conserve Battery"],"picked":"Core Surge","floor":12.0},{"not_picked":["Leap","Chill"],"picked":"Conserve Battery","floor":14.0},{"not_picked":["Core Surge","Machine Learning"],"picked":"Creative AI","floor":16.0},{"not_picked":["Reprogram","Rip and Tear"],"picked":"Turbo","floor":18.0},{"not_picked":["Barrage","Ball Lightning"],"picked":"Defragment","floor":20.0},{"not_picked":["Genetic Algorithm","Rebound+1"],"picked":"Lockon","floor":22.0},{"not_picked":["Go for the Eyes","Compile Driver"],"picked":"Force Field","floor":24.0},{"not_picked":["Streamline","FTL"],"picked":"Reboot","floor":27.0},{"not_picked":["Compile Driver","Turbo"],"picked":"Force Field+1","floor":29.0},{"not_picked":["Amplify","Core Surge"],"picked":"Biased Cognition","floor":33.0},{"not_picked":["Steam+1","FTL"],"picked":"Heatsinks+1","floor":35.0},{"not_picked":["Undo","Fusion"],"picked":"Loop","floor":37.0},{"not_picked":["Streamline","Compile Driver","Redo+1"],"picked":"SKIP","floor":42.0},{"not_picked":["Compile Driver","Barrage+1"],"picked":"Recycle","floor":45.0},{"not_picked":["Ball Lightning","Darkness","Doom and Gloom"],"picked":"SKIP","floor":47.0},{"not_picked":["Rebound","Recycle"],"picked":"BootSequence","floor":48}],"player_experience":283684,"relics_obtained":[{"floor":7.0,"key":"Kunai"},{"floor":9.0,"key":"DataDisk"},{"floor":10.0,"key":"Bag of Marbles"},{"floor":20.0,"key":"Red Mask"},{"floor":26.0,"key":"White Beast Statue"},{"floor":27.0,"key":"Turnip"},{"floor":42.0,"key":"Lantern"},{"floor":43.0,"key":"Art of War"},{"floor":45.0,"key":"TungstenRod"},{"floor":47.0,"key":"Boot"}],"event_choices":[{"cards_removed":["Strike_B"],"damage_healed":0.0,"max_hp_gain":0.0,"max_hp_loss":0.0,"gold_gain":0.0,"event_name":"Bonfire Elementals","player_choice":"Offered Basic","floor":3.0,"gold_loss":0.0,"damage_taken":0.0},{"cards_removed":["Strike_B"],"damage_healed":0.0,"max_hp_gain":0.0,"max_hp_loss":0.0,"gold_gain":0.0,"event_name":"The Cleric","player_choice":"Card Removal","floor":13.0,"gold_loss":50.0,"damage_taken":0.0},{"cards_removed":["Defend_B"],"damage_healed":0.0,"max_hp_gain":0.0,"max_hp_loss":0.0,"gold_gain":0.0,"event_name":"Beggar","player_choice":"Gave Gold","floor":19.0,"gold_loss":75.0,"damage_taken":0.0},{"damage_healed":0.0,"max_hp_gain":0.0,"max_hp_loss":0.0,"gold_gain":0.0,"event_name":"Masked Bandits","player_choice":"Fought Bandits","floor":20.0,"gold_loss":0.0,"damage_taken":0.0},{"damage_healed":0.0,"max_hp_gain":0.0,"max_hp_loss":0.0,"gold_gain":0.0,"event_name":"Addict","player_choice":"Obtained Relic","floor":31.0,"gold_loss":85.0,"damage_taken":0.0,"relics_obtained":["Strawberry"]},{"damage_healed":0.0,"max_hp_gain":0.0,"max_hp_loss":0.0,"gold_gain":0.0,"event_name":"The Moai Head","player_choice":"Ignored","floor":36.0,"gold_loss":0.0,"damage_taken":0.0},{"damage_healed":21.0,"max_hp_gain":0.0,"max_hp_loss":0.0,"gold_gain":0.0,"event_name":"Winding Halls","player_choice":"Writhe","floor":38.0,"gold_loss":0.0,"damage_taken":0.0,"cards_obtained":["Writhe"]},{"damage_healed":0.0,"max_hp_gain":0.0,"max_hp_loss":0.0,"gold_gain":222.0,"event_name":"Tomb of Lord Red Mask","player_choice":"Wore Mask","floor":39.0,"gold_loss":0.0,"damage_taken":0.0},{"cards_removed":["Barrage"],"damage_healed":0.0,"max_hp_gain":0.0,"max_hp_loss":0.0,"gold_gain":0.0,"event_name":"Falling","player_choice":"Removed Attack","floor":44.0,"gold_loss":0.0,"damage_taken":0.0},{"damage_healed":0.0,"max_hp_gain":0.0,"max_hp_loss":0.0,"gold_gain":0.0,"event_name":"MindBloom","player_choice":"Fight","floor":45.0,"gold_loss":0.0,"damage_taken":0.0}],"is_beta":false,"boss_relics":[{"not_picked":["Snecko Eye","Tiny House"],"picked":"Nuclear Battery"},{"not_picked":["Fusion Hammer","SacredBark"],"picked":"FrozenCore"}],"items_purged_floors":[41],"is_endless":false,"potions_floor_spawned":[1,5,11,14,20,27,29,33,35,37,42,45,47,48],"killed_by":"Time Eater","ascension_level":12}}