{"host":"2l5k2wp87eek7qja","time":1613665656,"event":{"mods":["BaseMod","Colored Map","Minty Spire (QoL Compilation)","Relic Stats"],"gold_per_floor":[219,219,231,231,245,245,245,261,287,321,339,367,367,383,383,383,383],"floor_reached":16,"language":"ENG","playtime":499,"items_purged":[],"score":224,"play_id":"c980e256-4c31-4292-9f4c-752cfa05d258","local_time":"20210218182736","is_ascension_mode":true,"campfire_choices":[{"data":"Blade Dance","floor":6,"key":"SMITH"},{"floor":13,"key":"REST"},{"data":"Leg Sweep","floor":15,"key":"SMITH"}],"circlet_count":0,"master_deck":["AscendersBane","Strike_G+1","Strike_G","Strike_G","Strike_G+1","Strike_G","Defend_G+1","Defend_G","Defend_G","Defend_G","Survivor","Neutralize","Leg Sweep+1","Blade Dance+1","Bane","Pain","Corpse Explosion","Dash+1","Bouncing Flask","Accuracy"],"relics":["Ring of the Snake","WarpedTongs","Vajra","Whetstone","Omamori"],"acts_visited":["Exordium"],"potions_floor_usage":[8,8,16],"damage_taken":[{"damage":0.0,"enemies":"2 Louse","floor":1.0,"turns":4.0},{"damage":0,"enemies":"Small Slimes","floor":3,"turns":4},{"damage":0,"enemies":"Cultist","floor":5,"turns":4},{"damage":1,"enemies":"Lots of Slimes","floor":8,"turns":5},{"damage":10,"enemies":"3 Sentries","floor":10,"turns":3},{"damage":1,"enemies":"2 Fungi Beasts","floor":11,"turns":4},{"damage":15,"enemies":"Lagavulin","floor":12,"turns":5},{"damage":0,"enemies":"Large Slime","floor":14,"turns":2},{"damage":31,"enemies":"Slime Boss","floor":16,"turns":6}],"seed_played":"-8172753663966555098","potions_obtained":[{"floor":1.0,"key":"ColorlessPotion"},{"floor":5,"key":"Strength Potion"},{"floor":14,"key":"GamblersBrew"}],"is_trial":false,"path_per_floor":["M","?","M","?","M","R","?","M","T","E","M","E","R","M","R","B"],"character_chosen":"THE_SILENT","items_purchased":[],"campfire_rested":1,"item_purchase_floors":[],"current_hp_per_floor":[59,52,52,32,32,32,32,31,31,21,20,5,24,24,24,0,0],"gold":383,"neow_bonus":"HUNDRED_GOLD","is_daily":false,"chose_seed":false,"campfire_upgraded":2,"win_rate":0.0,"timestamp":1613665656,"path_taken":["M","?","M","?","M","R","?","?","T","E","M","E","R","M","R","BOSS"],"items_purchased_type":[],"build_version":"2020-12-22","purchased_purges":0,"victory":false,"max_hp_per_floor":[66,66,66,66,66,66,66,66,66,66,66,66,66,66,66,66,66],"relic_stats":{"counters":[9,37],"Whetstone":["Dash","Strike_G"],"obtain_stats":[{"Vajra":9,"Omamori":12,"Whetstone":10,"Ring of the Snake":0,"WarpedTongs":7},{"Vajra":4,"Omamori":7,"Whetstone":5,"Ring of the Snake":0,"WarpedTongs":3},{"Vajra":17,"Omamori":29,"Whetstone":20,"Ring of the Snake":0,"WarpedTongs":12}],"Ring of the Snake":[18],"WarpedTongs":[24]},"card_choices":[{"not_picked":["Escape Plan","Heel Hook"],"picked":"Leg Sweep","floor":1.0},{"not_picked":["Outmaneuver","Dagger Throw"],"picked":"Blade Dance","floor":3},{"not_picked":["Backflip","Tactician"],"picked":"Bane","floor":5},{"not_picked":["Leg Sweep","Cloak And Dagger"],"picked":"Corpse Explosion","floor":8},{"not_picked":["Finisher","Calculated Gamble"],"picked":"Dash","floor":10},{"not_picked":["Acrobatics","PiercingWail"],"picked":"Bouncing Flask","floor":11},{"not_picked":["Flying Knee","Dagger Spray"],"picked":"Accuracy","floor":12},{"not_picked":["Heel Hook","Tactician","Acrobatics"],"picked":"SKIP","floor":14}],"player_experience":802413,"relics_obtained":[{"floor":9,"key":"Vajra"},{"floor":10,"key":"Whetstone"},{"floor":12,"key":"Omamori"}],"event_choices":[{"cards_removed":["Defend_G"],"damage_healed":0.0,"max_hp_gain":0.0,"max_hp_loss":0.0,"gold_gain":0.0,"event_name":"Golden Wing","player_choice":"Card Removal","floor":2.0,"gold_loss":0.0,"damage_taken":7.0},{"damage_healed":0,"gold_gain":0,"player_choice":"Entered Light","damage_taken":20,"max_hp_gain":0,"max_hp_loss":0,"event_name":"Shining Light","floor":4,"gold_loss":0,"cards_upgraded":["Strike_G","Defend_G"]},{"damage_healed":0,"gold_gain":0,"player_choice":"Rummage","damage_taken":0,"relics_obtained":["WarpedTongs"],"max_hp_gain":0,"max_hp_loss":0,"event_name":"Accursed Blacksmith","floor":7,"gold_loss":0,"cards_obtained":["Pain"]}],"is_beta":false,"boss_relics":[],"items_purged_floors":[],"is_endless":false,"potions_floor_spawned":[1,5,14],"killed_by":"Slime Boss","ascension_level":20}}