{"host":"zy8sn0tmwn4g7fne","time":1613634745,"event":{"mods":["ATMod(阿瑾Mod)","BaseMod","Better-Laid Plans","FanaticalFans","Minty Spire (QoL Compilation)","MostiFishMod","Quick Restart","StSLib","[IsaacMod]以撒尖塔","【功能Mod】Neow奖励","【功能Mod】强力的原版药水"],"gold_per_floor":[117,117,133,153,171,201,218,218,270,300,300,317,335,347,347,347,347],"floor_reached":16,"language":"ZHS","playtime":661,"items_purged":[],"score":212,"play_id":"43db6822-e002-4e46-b888-d857be6b892f","local_time":"20210218155225","is_ascension_mode":true,"campfire_choices":[{"floor":8.0,"key":"REST"},{"data":"Armaments","floor":15.0,"key":"SMITH"}],"circlet_count":0,"master_deck":["AscendersBane","Strike_R+1","Strike_R","Strike_R","Strike_R+1","Defend_R","Defend_R","Defend_R","Defend_R","Bash","Armaments+1","AT_BodySlamDance","True Grit","AT_BodySlamDance","Seeing Red","Regret","Feel No Pain","Feel No Pain"],"relics":["Fans:FanaticalFans","AT_ATBox","DaveBox","HushsDoor","White Beast Statue","PunchingBag","HereWithMe","SynthV:TestCard","Whetstone","Anchor","AT_TimeSand"],"acts_visited":["Exordium"],"potions_floor_usage":[16,16],"damage_taken":[{"damage":21.0,"enemies":"Small Slimes","floor":1.0,"turns":4.0},{"damage":6.0,"enemies":"Cultist","floor":3.0,"turns":5.0},{"damage":6.0,"enemies":"Jaw Worm","floor":4.0,"turns":4.0},{"damage":0.0,"enemies":"3 Louse","floor":5.0,"turns":1.0},{"damage":15.0,"enemies":"Lagavulin","floor":6.0,"turns":4.0},{"damage":0.0,"enemies":"Large Slime","floor":7.0,"turns":2.0},{"damage":0.0,"enemies":"Red Slaver","floor":12.0,"turns":2.0},{"damage":1.0,"enemies":"3 Louse","floor":13.0,"turns":3.0},{"damage":2.0,"enemies":"2 Fungi Beasts","floor":14.0,"turns":3.0},{"damage":33,"enemies":"The Guardian","floor":16,"turns":8}],"seed_played":"1501993640298112161","potions_obtained":[{"floor":1.0,"key":"SteroidPotion"},{"floor":3.0,"key":"ColorlessPotion"},{"floor":4.0,"key":"SkillPotion"},{"floor":6.0,"key":"Dexterity Potion"},{"floor":13.0,"key":"AttackPotion"},{"floor":14.0,"key":"AttackPotion"}],"is_trial":false,"path_per_floor":["M","?","M","M","M","E","M","R","T","?","?","M","M","M","R","B"],"character_chosen":"IRONCLAD","items_purchased":[],"campfire_rested":1,"item_purchase_floors":[],"current_hp_per_floor":[47,40,34,28,28,13,13,35,35,35,35,35,34,32,32,0,0],"gold":347,"neow_bonus":"BOSS_RELIC","is_daily":false,"chose_seed":false,"campfire_upgraded":1,"win_rate":0.0,"timestamp":1613634745,"path_taken":["M","?","?","M","M","E","M","R","T","?","?","M","?","M","R","BOSS"],"items_purchased_type":[],"build_version":"2020-12-22","purchased_purges":0,"victory":false,"max_hp_per_floor":[75,75,75,75,75,75,75,75,75,75,75,75,75,75,75,75,75],"card_choices":[{"not_picked":[],"picked":"Bomb","floor":0.0},{"not_picked":["Shrug It Off","Bomb"],"picked":"Armaments","floor":1.0},{"not_picked":["Iron Wave","Sword Boomerang","Ghostly Armor","Infernal Blade"],"picked":"AT_BodySlamDance","floor":3.0},{"not_picked":["MostiFishMod:RacingGame","AT_ShrugMaster","Thunderclap","Heavy Blade"],"picked":"True Grit","floor":4.0},{"not_picked":["Sword Boomerang","Twin Strike","Warcry","Headbutt"],"picked":"AT_BodySlamDance","floor":5.0},{"not_picked":["Armaments","Infernal Blade","Cleave","Flex"],"picked":"Bomb","floor":6.0},{"not_picked":["Flex","Rupture","Wild Strike","MostiFishMod:RacingGame"],"picked":"Seeing Red","floor":7.0},{"not_picked":["Body Slam","Dual Wield","Wild Strike","Twin Strike","True Grit"],"picked":"SKIP","floor":12.0},{"not_picked":["Second Wind","Perfected Strike","True Grit","Cleave"],"picked":"Feel No Pain","floor":13.0},{"not_picked":["Spot Weakness","Sentinel","Immolate","Reckless Charge"],"picked":"Feel No Pain","floor":14.0}],"player_experience":463633,"relics_obtained":[{"floor":1.0,"key":"SynthV:TestCard"},{"floor":6.0,"key":"Whetstone"},{"floor":9.0,"key":"Anchor"}],"event_choices":[{"cards_removed":["Strike_R"],"damage_healed":0.0,"max_hp_gain":0.0,"max_hp_loss":0.0,"gold_gain":0.0,"event_name":"Golden Wing","player_choice":"Card Removal","floor":2.0,"gold_loss":0.0,"damage_taken":7.0},{"damage_healed":0.0,"max_hp_gain":0.0,"max_hp_loss":0.0,"gold_gain":30.0,"event_name":"Dead Adventurer","player_choice":"Searched \u00271\u0027 times","floor":10.0,"gold_loss":0.0,"damage_taken":0.0},{"damage_healed":0.0,"max_hp_gain":0.0,"max_hp_loss":0.0,"gold_gain":0.0,"event_name":"Big Fish","player_choice":"Box","floor":11.0,"gold_loss":0.0,"damage_taken":0.0,"relics_obtained":["AT_TimeSand"],"cards_obtained":["Regret"]}],"is_beta":false,"boss_relics":[],"items_purged_floors":[],"is_endless":false,"potions_floor_spawned":[1,3,4,5,6,7,12,13,14],"killed_by":"The Guardian","ascension_level":20}}