{"host":"80x1ozqd5wpd4nvo","time":1613613732,"event":{"mods":["2.2 Compatiblity","Aspiration","BaseMod","Better Altar","Better Match","Better Note","Better Sensory Stone","Better Skull","Better Third Choice","BetterRewards","Card Forge","Custom Start","DNKmod","Defuse TimeMaze Blight","Dota2Spire","Downfall","Energized Spire","Friendly Minions","GifTheSpireLib","Hubris","Infinite Spire","Jedi Mod","Minty Spire (QoL Compilation)","MostiFishMod","Permanent Neow","Poor People Problems","Shop Mod","Spicy Shops","StSLib","The Blue Laboratory","??????REMEMod"],"gold_per_floor":[1200,1200,1200,1200,1213,1213,1213,1228,1257,1257,1277,1297,1297,396,414,518,518,518,532,532,543,643,643,643,674,674,740,740,766,784,816,832,935,935,835,848,861,911,930,1030,1030,1044,1071,270,284,301,101,177,192,192,192,224,2,2,2,2],"floor_reached":57,"language":"ENG","playtime":3669,"items_purged":["Guardian:Strike_Guardian+1","Guardian:Strike_Guardian+1"],"score":1831,"play_id":"1dc9f21b-cb02-4a0a-b405-3204652598f0","local_time":"20210218030212","is_ascension_mode":true,"campfire_choices":[{"data":"Guardian:TwinSlam","floor":1,"key":"SMITH"},{"data":"Guardian:ShieldCharger","floor":6,"key":"SMITH"},{"data":"Guardian:StasisField","floor":13,"key":"SMITH"},{"data":"Guardian:Repulse","floor":18,"key":"SMITH"},{"data":"Guardian:CompilePackage","floor":26,"key":"SMITH"},{"data":"Guardian:PrismaticBarrier","floor":28,"key":"SMITH"},{"floor":35,"key":"RECALL"},{"data":"1","floor":47,"key":"LIFT"},{"data":"2","floor":54,"key":"LIFT"}],"circlet_count":0,"master_deck":["Guardian:Strike_Guardian+1","Guardian:Strike_Guardian+1","Guardian:Defend_Guardian+1","Guardian:Defend_Guardian+1","Guardian:Defend_Guardian+1","Guardian:Defend_Guardian+1","Guardian:CurlUp+1","Guardian:TwinSlam+1","Tools of the Trade+1","Guardian:Reroute+1","Guardian:ShieldCharger+1","Guardian:RollAttack+1","Guardian:Planning+1","Guardian:StasisField+1","Guardian:SpikerProtocol+1","Guardian:MultiBeam+1","Guardian:Repulse+1","Guardian:GuardianWhirl+1","Guardian:CompilePackage+1","Guardian:AncientConstruct+1","Guardian:PrismaticBarrier+1","InnerPeace+1","Guardian:TimeCapacitor+1","infinitespire:Collect+1","infinitespire:Starlight+1","infinitespire:Execution+1","Guardian:CrystalBeam+1","Guardian:EvasiveProtocol+1","Guardian:ShieldSpikes+1","Guardian:TimeSifter+1","Guardian:PiercingHide+1","Guardian:Repulse+1","Metallicize+1","Guardian:RevengeProtocol+1","Barricade+1","hubris:ReadiedAction+1","Guardian:Orbwalk+1","Guardian:Gem_White","MostiFishMod:UltimateDefense+2"],"relics":["Guardian:ModeShifter","Hammer of Thor","Seething Fire","Anvil of the Gods","REME_ComplimentaryCards","DaveBox","downfall:HeartsMalice","DSteel32","hubris:Metronome","aspiration:SeaSaltIceCream","aspiration:Nostalgia","champ:ChampionCrown","hubris:Icosahedron","Medical Kit","Dota2Spire:Satanic","Question Card","NightmareShop","downfall:CloakOfManyFaces","CultistMask","FaceOfCleric","NlothsMask","GremlinMask","SsserpentHead","hubris:HollowSoul","Centennial Puzzle","aspiration:HummingbirdHeart","REME_HourglassOfDeath","aspiration:IroncladSkillbook","downfall:HeartBlessingGreen","Girya","jedi:heavyjacket","Mummified Hand","ClockworkSouvenir","jedi:windupbox","downfall:HeartBlessingBlue","downfall:HeartBlessingRed","Dream Catcher","jedi:bottledfury","Chemical X"],"acts_visited":["Exordium","TheCity","TheBeyond","TheEnding"],"potions_floor_usage":[12,14,33,39,50,55],"damage_taken":[{"damage":0,"enemies":"infinitespire:Voidling","floor":2,"turns":1},{"damage":0,"enemies":"2 Louse","floor":3,"turns":1},{"damage":0,"enemies":"Jaw Worm","floor":4,"turns":1},{"damage":0,"enemies":"Large Slime","floor":5,"turns":3},{"damage":11,"enemies":"Exordium Thugs","floor":8,"turns":2},{"damage":0,"enemies":"Gremlin Nob","floor":9,"turns":3},{"damage":8,"enemies":"3 Louse","floor":11,"turns":3},{"damage":2,"enemies":"Lots of Slimes","floor":12,"turns":2},{"damage":0,"enemies":"downfall:FleeingMerchant","floor":14,"turns":4},{"damage":0,"enemies":"Large Slime","floor":15,"turns":2},{"damage":4,"enemies":"IC_STATUS_ARCHETYPE","floor":16,"turns":5},{"damage":10,"enemies":"3 Byrds","floor":19,"turns":4},{"damage":1,"enemies":"Shell Parasite","floor":21,"turns":3},{"damage":4,"enemies":"downfall:FaceTrader","floor":22,"turns":5},{"damage":0,"enemies":"REME_1_Revenger","floor":25,"turns":3},{"damage":14,"enemies":"Snake Plant","floor":27,"turns":2},{"damage":0,"enemies":"Gremlin Leader","floor":29,"turns":3},{"damage":0,"enemies":"Chosen and Byrds","floor":30,"turns":3},{"damage":8,"enemies":"REME_1_Revenger","floor":31,"turns":4},{"damage":0,"enemies":"Shelled Parasite and Fungi","floor":32,"turns":4},{"damage":24,"enemies":"WA_ARCHETYPE_CALM","floor":33,"turns":5},{"damage":0,"enemies":"3 Shapes","floor":36,"turns":4},{"damage":5,"enemies":"3 Darklings","floor":37,"turns":3},{"damage":8,"enemies":"Spire Growth","floor":39,"turns":5},{"damage":1,"enemies":"Spire Growth","floor":40,"turns":5},{"damage":0,"enemies":"Writhing Mass","floor":42,"turns":5},{"damage":4,"enemies":"Reptomancer","floor":43,"turns":3},{"damage":0,"enemies":"downfall:FleeingMerchant","floor":44,"turns":4},{"damage":1,"enemies":"3 Darklings","floor":45,"turns":5},{"damage":0,"enemies":"Maw","floor":46,"turns":7},{"damage":0,"enemies":"Sphere and 2 Shapes","floor":49,"turns":4},{"damage":0,"enemies":"DF_ARCHETYPE_ORBS","floor":50,"turns":6},{"damage":0,"enemies":"downfall:CharBossMerchant","floor":52,"turns":7},{"damage":0,"enemies":"downfall:NeowBoss","floor":55,"turns":10},{"damage":0,"enemies":"downfall:NeowBossFinal","floor":56,"turns":6}],"seed_played":"830681274462541051","potions_obtained":[{"floor":5,"key":"blueLaboratory:PyrophylliteBrew"},{"floor":11,"key":"DistilledChaos"},{"floor":12,"key":"jedi:tentaclejuice"},{"floor":15,"key":"blueLaboratory:PhilterOfMotion"},{"floor":19,"key":"Strength Potion"},{"floor":33,"key":"AttackPotion"},{"floor":42,"key":"Strength Potion"}],"is_trial":false,"path_per_floor":["R","M","M","M","M","R","T","M","E","?","M","M","R","$","M","B",null,"R","M","?","M","?","AVR","T","E","R","M","R","E","M","E","M","B",null,"R","M","M","?","M","?","T","M","E","$","M","M","R","T","M","B",null,"E","$","R","B","B",null],"character_chosen":"GUARDIAN","items_purchased":["Guardian:Gem_Lightblue","Guardian:Gem_Orange","Medical Kit","Dota2Spire:Satanic","Guardian:Repulse","Guardian:GuardianWhirl","Question Card","Mummified Hand","ClockworkSouvenir","jedi:windupbox","Guardian:Gem_Green","Chemical X","DuplicationPotion"],"campfire_rested":0,"item_purchase_floors":[14,14,14,14,14,14,14,44,44,44,44,53,53],"current_hp_per_floor":[100,100,100,100,100,100,100,89,89,89,81,79,79,79,79,75,100,100,90,90,89,85,85,85,96,96,83,83,99,100,97,106,83,107,107,108,109,109,106,110,110,112,113,114,115,116,126,126,127,128,128,129,129,129,130,131],"gold":2,"neow_bonus":"THREE_ENEMY_KILL","is_daily":false,"chose_seed":false,"campfire_upgraded":6,"win_rate":0.0,"timestamp":1613613732,"path_taken":["R","M","M","M","?","R","T","M","E","?","M","M","R","$","M","BOSS","R","M","?","?","?","AVR","T","E","R","?","R","E","M","E","M","BOSS","R","M","M","?","M","?","T","M","E","$","M","M","R","?","M","BOSS","E","$","R","BOSS","BOSS"],"items_purchased_type":["Card","Card","Relic","Relic","Card","Card","Relic","Relic","Relic","Relic","Card","Relic","Potion"],"build_version":"2020-12-22","purchased_purges":2,"victory":true,"max_hp_per_floor":[100,100,100,100,100,100,100,100,100,100,100,100,100,100,100,100,100,100,100,100,100,100,100,100,101,101,102,102,103,104,105,106,107,107,107,108,109,109,110,111,111,112,113,114,115,116,126,126,127,128,128,129,129,129,130,131],"card_choices":[{"not_picked":["Guardian:Recover","Guardian:PolyBeam"],"picked":"Guardian:Reroute","floor":2},{"not_picked":["Guardian:RollAttack","Guardian:FloatingOrbs"],"picked":"Guardian:ShieldCharger","floor":3},{"not_picked":["Guardian:Reroute","Guardian:WalkerClaw"],"picked":"Guardian:RollAttack","floor":4},{"not_picked":["Guardian:CrystalBeam","Guardian:FloatingOrbs"],"picked":"Guardian:Planning","floor":5},{"not_picked":["Guardian:PrismaticBeam","Guardian:Incinerate"],"picked":"Guardian:StasisField","floor":8},{"not_picked":["Guardian:Planning","Guardian:TemporalStrike"],"picked":"Guardian:Gem_Red","floor":9},{"not_picked":["Guardian:ShieldSpikes","Guardian:Gem_Red"],"picked":"Guardian:Gem_White","floor":11},{"not_picked":["Guardian:TemporalStrike","Guardian:RollAttack"],"picked":"Guardian:SpikerProtocol","floor":12},{"not_picked":["Guardian:Emergency","Guardian:Gem_Lightblue"],"picked":"Guardian:MultiBeam","floor":14},{"not_picked":["Guardian:PrismaticBeam","Guardian:Gem_Red","Guardian:PrimingBeam"],"picked":"Guardian:CompilePackage","floor":15},{"not_picked":["Guardian:Gem_Orange","Guardian:ExploitGems","Guardian:StasisField"],"picked":"Guardian:AncientConstruct","floor":16},{"not_picked":["Guardian:Recover","Guardian:ShieldCharger+1","Guardian:TemporalStrike+1"],"picked":"Guardian:PrismaticBarrier","floor":19},{"not_picked":["Guardian:TimeBomb","Guardian:GuardianWhirl","Guardian:Incinerate"],"picked":"Guardian:Gem_Crimson","floor":21},{"not_picked":["Guardian:Recover","Guardian:Gem_Fragmented","Guardian:Gem_Green"],"picked":"Guardian:TimeCapacitor","floor":22},{"not_picked":["Guardian:Gem_Cyan","Guardian:Reroute","Guardian:Recover+1"],"picked":"Guardian:CrystalBeam","floor":25},{"not_picked":["Guardian:BronzeArmor","Guardian:BronzeOrb+1","Guardian:WalkerClaw"],"picked":"Guardian:Gem_Green","floor":27},{"not_picked":["Guardian:PrimingBeam","Guardian:CompilePackage","Guardian:TemporalShield"],"picked":"Guardian:EvasiveProtocol","floor":29},{"not_picked":["Guardian:Suspension","Guardian:WalkerClaw","Guardian:RollAttack"],"picked":"Guardian:ShieldSpikes","floor":30},{"not_picked":["Guardian:PiercingHide","Guardian:SentryBeam","Guardian:WalkerClaw"],"picked":"Guardian:Gem_Green","floor":31},{"not_picked":["Guardian:Gem_Blue","Guardian:Clone","Guardian:PolyBeam"],"picked":"Guardian:TimeSifter","floor":32},{"not_picked":["Guardian:ExploitGems","Guardian:AncientConstruct","Guardian:GatlingBeam"],"picked":"Guardian:Gem_Orange","floor":33},{"not_picked":["Warcry","Pommel Strike+1","jedi:hate","Guardian:ShieldCharger+1"],"picked":"Guardian:PiercingHide","floor":36},{"not_picked":["Bludgeon","Thunderclap","REME_Cut","Guardian:TemporalShield+1"],"picked":"Guardian:Repulse","floor":37},{"not_picked":["Clothesline+1","Blood for Blood","Guardian:ChargeCore+1","Guardian:Harden"],"picked":"Metallicize+1","floor":39},{"not_picked":["Clothesline+1","Cleave+1","Intimidate","Guardian:TimeCapacitor+1"],"picked":"Guardian:Gem_Red","floor":40},{"not_picked":["Guardian:CrystalBeam+1","Guardian:Planning","Body Slam","Iron Wave","Guardian:PrismaticBarrier+1"],"picked":"SKIP","floor":42},{"not_picked":["Inflame","Power Through","Uppercut+1","Thunderclap"],"picked":"Guardian:RevengeProtocol","floor":43},{"not_picked":["Pommel Strike+1","Guardian:CrystalBeam+1","Twin Strike","hubris:ReadiedAction"],"picked":"Barricade","floor":44},{"not_picked":["Power Through+1","Sword Boomerang","Guardian:Reroute+1","Guardian:SpikerProtocol+1"],"picked":"hubris:ReadiedAction+1","floor":45},{"not_picked":["Guardian:CrystalBeam+1","hubris:CleavingFinish","Guardian:Clone+1","Power Through"],"picked":"Guardian:Orbwalk+1","floor":46},{"not_picked":["Carnage+1","Guardian:ShieldCharger","Guardian:CrystalBeam","Guardian:Recover+1"],"picked":"Guardian:Gem_White","floor":49},{"not_picked":["Guardian:PrismaticBeam","Cleave","Second Wind+1","Havoc+1"],"picked":"MostiFishMod:UltimateDefense","floor":52}],"player_experience":317170,"relics_obtained":[{"floor":7,"key":"hubris:Metronome"},{"floor":9,"key":"aspiration:SeaSaltIceCream"},{"floor":22,"key":"downfall:CloakOfManyFaces"},{"floor":25,"key":"Centennial Puzzle"},{"floor":29,"key":"aspiration:HummingbirdHeart"},{"floor":31,"key":"REME_HourglassOfDeath"},{"floor":40,"key":"Girya"},{"floor":43,"key":"jedi:heavyjacket"},{"floor":48,"key":"Dream Catcher"},{"floor":52,"key":"jedi:bottledfury"}],"event_choices":[{"damage_healed":0,"gold_gain":0,"player_choice":"Read","damage_taken":0,"max_hp_gain":0,"max_hp_loss":0,"event_name":"The Library","floor":20,"gold_loss":0,"cards_obtained":["InnerPeace"]}],"is_beta":false,"boss_relics":[{"not_picked":["hubris:BlackHole","Cursed Key"],"picked":"NightmareShop"},{"not_picked":["energizedSpire:SpiderWeb","Busted Crown"],"picked":"aspiration:IroncladSkillbook"}],"items_purged_floors":[44,44],"is_endless":false,"potions_floor_spawned":[5,11,12,15,19,22,25,29,33,37,42,43,45],"ascension_level":3}}