{"host":"vdohis8gfezcjpr9","time":1613625297,"event":{"mods":["2.2 Compatiblity","Abigail Mod","Act Like it!","BaseMod","BetterRewards","Colored Powertips","Custom Start","Friendly Minions","Gensokyo","Kiyohime£¨?ýï£©","Koishi","Marisa£¨Ùöéë¡¡Øª×âÞÞ£©","Minty Spire (QoL Compilation)","Permanent Neow","Prisma Mod","Rare Cards Sparkle","Reimu£¨ÚÏ???£©","Shop Mod","StSLib","Swap Starting Deck Mod","The Animator"],"gold_per_floor":[113,113,127,137,97,129,140,140,166,166,166,26,57,68,68,172,172,190,190,200,600,600,600],"floor_reached":22,"language":"KOR","playtime":1369,"items_purged":[],"score":254,"play_id":"c70c0723-37d5-4b76-9ddb-569a519b4f83","local_time":"20210218141457","is_ascension_mode":true,"campfire_choices":[{"floor":8,"key":"RECALL"},{"floor":10,"key":"REST"},{"floor":15,"key":"REST"}],"circlet_count":0,"master_deck":["OrbThrow:ReiMu","Amulet:ReiMu","Meditation:ReiMu","RainPray2:ReiMu","SubcavityInstant:ReiMu","SubcavityInstant:ReiMu","Amulet:ReiMu","SpreadBorder2:ReiMu","AlertArray:ReiMu","SubAcupoint:ReiMu","RainPray2:ReiMu","SubcavityInstant:ReiMu","UpKicking:ReiMu","Amulet:ReiMu","TightArray:ReiMu","Meditation:ReiMu","TightArray:ReiMu","Dreaming:ReiMu","TightArray:ReiMu","Gensokyo:FourOfAKind","Gensokyo:FourOfAKind","Gensokyo:FourOfAKind","Gensokyo:FourOfAKind","RainPray2:ReiMu"],"relics":["FlyPower:ReiMu","Regal Pillow","Mango","Du-Vu Doll","Smiling Mask","Busted Crown","Incense Burner","Old Coin"],"acts_visited":["Gensokyo:Gensokyo","Gensokyo:Gensokyoer"],"potions_floor_usage":[16,16,18,21],"damage_taken":[{"damage":0,"enemies":"Gensokyo:Python","floor":1,"turns":4},{"damage":0,"enemies":"Gensokyo:Gryphon","floor":3,"turns":3},{"damage":1,"enemies":"Gensokyo:2_Kodama","floor":4,"turns":3},{"damage":2,"enemies":"Gensokyo:Mamizou","floor":6,"turns":6},{"damage":3,"enemies":"Gensokyo:VengefulSpirit","floor":7,"turns":4},{"damage":10,"enemies":"Gensokyo:Aya","floor":13,"turns":6},{"damage":0,"enemies":"Gensokyo:2_Rabbits","floor":14,"turns":4},{"damage":1,"enemies":"Gensokyo:Yukari","floor":16,"turns":9},{"damage":38,"enemies":"Gensokyo:3_Dogs","floor":18,"turns":6},{"damage":10,"enemies":"Gensokyo:AngelMirror","floor":20,"turns":5},{"damage":13,"enemies":"Gensokyo:AngelMirror","floor":21,"turns":7},{"damage":18,"enemies":"Gensokyo:Monolith_and_Dog","floor":22,"turns":3}],"seed_played":"798894654936408817","potions_obtained":[{"floor":7,"key":"PinkPotion"},{"floor":13,"key":"GamblersBrew"},{"floor":14,"key":"LiquidFlight:ReiMu"},{"floor":18,"key":"Block Potion"}],"is_trial":false,"path_per_floor":["M","?","M","M","$","E","M","R","T","R","?","?","E","M","R","B",null,"M","?","M","?","M"],"character_chosen":"REIMU","items_purchased":["UpKicking:ReiMu"],"campfire_rested":2,"item_purchase_floors":[5],"current_hp_per_floor":[33,33,33,32,32,30,27,27,27,61,54,54,44,44,79,78,79,41,41,31,18,0,0],"gold":600,"neow_bonus":"","is_daily":false,"chose_seed":false,"campfire_upgraded":0,"win_rate":0.0,"timestamp":1613625297,"path_taken":["M","?","M","M","$","E","M","R","T","R","?","?","E","M","R","BOSS","M","?","M","?","M"],"items_purchased_type":["Card"],"build_version":"2020-12-22","purchased_purges":0,"victory":false,"max_hp_per_floor":[65,65,65,65,65,65,65,65,65,65,79,79,79,79,79,79,79,79,56,56,56,56,56],"card_choices":[{"not_picked":["Conquer:ReiMu","SealNeedle:ReiMu"],"picked":"CareerPray:ReiMu","floor":1},{"not_picked":["Intuition:ReiMu","SafetyPray:ReiMu"],"picked":"RainPray2:ReiMu","floor":3},{"not_picked":["YinYangSign:ReiMu","Meditation:ReiMu"],"picked":"SubcavityInstant:ReiMu","floor":4},{"not_picked":["PhosphorusFlame:ReiMu","CollectionFlower2:ReiMu"],"picked":"Amulet:ReiMu","floor":6},{"not_picked":["FoulBorder2:ReiMu","SealNeedle:ReiMu"],"picked":"TightArray:ReiMu","floor":7},{"not_picked":["ForcedLanding:ReiMu","FantasyBorder:ReiMu"],"picked":"Meditation:ReiMu","floor":13},{"not_picked":["SpringWay:ReiMu","OrbThrow:ReiMu"],"picked":"TightArray:ReiMu","floor":14},{"not_picked":["CeremonyResonance:ReiMu","PrayRite:ReiMu"],"picked":"Dreaming:ReiMu","floor":16},{"not_picked":[],"picked":"TightArray:ReiMu","floor":18},{"not_picked":["ManaGlint:ReiMu"],"picked":"SKIP","floor":20},{"not_picked":[],"picked":"RainPray2:ReiMu","floor":21}],"player_experience":148524,"relics_obtained":[{"floor":6,"key":"Regal Pillow"},{"floor":13,"key":"Smiling Mask"},{"floor":21,"key":"Incense Burner"},{"floor":21,"key":"Old Coin"}],"event_choices":[],"is_beta":false,"boss_relics":[{"not_picked":["ShineYinYang:ReiMu","DonationBox:ReiMu"],"picked":"Busted Crown"}],"items_purged_floors":[],"is_endless":false,"potions_floor_spawned":[7,13,14,18],"killed_by":"Gensokyo:Monolith_and_Dog","ascension_level":4}}