{"host":"7z347kdhnquy3q4q","time":1613608657,"event":{"mods":["BaseMod","Hubris","Minty Spire (QoL Compilation)","MostiFishMod","Permanent Neow","StSLib","Wandering Minibosses"],"gold_per_floor":[117,22,41,11,11,11,44,68,68,218,218,218,238,256,256,345,408,363,388,427,150,350,350,376,391,391,429,443,479,530,543,543,637,637,1430,1430,1448,90,114,153,177,215,215,215,229,244,13,31,31,31,31],"floor_reached":52,"language":"ENG","playtime":1874,"items_purged":["Defend_R","Defend_R","Defend_R","Strike_R"],"score":2623,"play_id":"90ca3bcb-c5db-433e-a5bd-f4098733a71b","local_time":"20210217183737","is_ascension_mode":true,"campfire_choices":[{"data":"Whirlwind","floor":6.0,"key":"SMITH"},{"floor":15.0,"key":"REST"},{"data":"MostiFishMod:CullingBlade","floor":23.0,"key":"SMITH"},{"data":"MostiFishMod:#F4004","floor":32.0,"key":"SMITH"},{"data":"MostiFishMod:BrokenBlackCloak","floor":49,"key":"SMITH"}],"circlet_count":0,"master_deck":["AscendersBane","Strike_R","Strike_R","Strike_R","Bash","Dramatic Entrance","Iron Wave","MostiFishMod:ButterFly","Whirlwind+1","Iron Wave+1","MostiFishMod:#F4004","Rampage","Shockwave","MostiFishMod:RainCloud","MostiFishMod:UltimateDefense","Pummel","Shrug It Off","MostiFishMod:#F4004+1","MostiFishMod:CullingBlade+1","Finesse","hubris:StunningStrike","MostiFishMod:404NotFound","MostiFishMod:BrokenBlackCloak+1","Impervious","MostiFishMod:#F4004","Iron Wave+1"],"relics":["Burning Blood","DaveBox","RhineCircuit","SynthV:TestCard","Golden Idol","hubris:MysteriousPyramids","hubris:TenFootPole","Kunai","Tiny House","Red Mask","hubris:PeanutButter","Calipers","Strawberry","Pear","Boot","Empty Cage","wanderingMiniBosses:MasterThiefsPresence","hubris:Icosahedron","MetatronsCube","Pen Nib","Champion Belt","Molten Egg 2","Happy Flower","Bag of Marbles"],"acts_visited":["Exordium","TheCity","TheBeyond"],"potions_floor_usage":[51],"damage_taken":[{"damage":3.0,"enemies":"2 Louse","floor":1.0,"turns":2.0},{"damage":0.0,"enemies":"Small Slimes","floor":3.0,"turns":2.0},{"damage":21.0,"enemies":"Gremlin Nob","floor":7.0,"turns":4.0},{"damage":0.0,"enemies":"Cultist","floor":8.0,"turns":2.0},{"damage":15.0,"enemies":"Exordium Wildlife","floor":13.0,"turns":3.0},{"damage":2.0,"enemies":"Looter","floor":14.0,"turns":2.0},{"damage":0.0,"enemies":"Slime Boss","floor":16.0,"turns":4.0},{"damage":0.0,"enemies":"Spheric Guardian","floor":18.0,"turns":5.0},{"damage":0.0,"enemies":"3 Byrds","floor":19.0,"turns":4.0},{"damage":1.0,"enemies":"Masked Bandits","floor":20.0,"turns":3.0},{"damage":0.0,"enemies":"hubris:Merchant","floor":21.0,"turns":1.0},{"damage":0.0,"enemies":"Book of Stabbing","floor":24.0,"turns":2.0},{"damage":0.0,"enemies":"Snake Plant","floor":25.0,"turns":1.0},{"damage":9.0,"enemies":"Slavers","floor":27.0,"turns":3.0},{"damage":0.0,"enemies":"Chosen and Byrds","floor":28.0,"turns":3.0},{"damage":0.0,"enemies":"Gremlin Leader","floor":29.0,"turns":2.0},{"damage":0.0,"enemies":"Centurion and Healer","floor":31.0,"turns":2.0},{"damage":0.0,"enemies":"Automaton","floor":33.0,"turns":3.0},{"damage":3.0,"enemies":"Orb Walker","floor":35.0,"turns":4.0},{"damage":0.0,"enemies":"3 Darklings","floor":37.0,"turns":2.0},{"damage":0.0,"enemies":"Writhing Mass","floor":39.0,"turns":3.0},{"damage":0.0,"enemies":"Giant Head","floor":40.0,"turns":3.0},{"damage":0.0,"enemies":"Maw","floor":41.0,"turns":2.0},{"damage":0.0,"enemies":"Reptomancer","floor":42.0,"turns":2.0},{"damage":0.0,"enemies":"3 Darklings","floor":45.0,"turns":3.0},{"damage":0,"enemies":"Spire Growth","floor":46,"turns":2},{"damage":0,"enemies":"Maw","floor":48,"turns":2},{"damage":0,"enemies":"Awakened One","floor":50,"turns":4},{"damage":0,"enemies":"hubris:GrandSnecko","floor":51,"turns":2}],"seed_played":"-8876052407519725076","potions_obtained":[{"floor":8.0,"key":"SkillPotion"},{"floor":16.0,"key":"Block Potion"},{"floor":20.0,"key":"Explosive Potion"},{"floor":29.0,"key":"HeartOfIron"},{"floor":37.0,"key":"Block Potion"},{"floor":45.0,"key":"Explosive Potion"}],"is_trial":false,"path_per_floor":["M","$","M","$","?","R","E","M","T","?","?","T","M","M","R","B",null,"M","M","?","$","?","R","E","M","T","E","M","E","T","M","R","B",null,"M","?","M","$","M","E","M","E","T","?","M","M","$","M","R","B","B",null],"character_chosen":"IRONCLAD","items_purchased":["MostiFishMod:ButterFly","Iron Wave","Finesse","MetatronsCube","MostiFishMod:BrokenBlackCloak","Pen Nib","MostiFishMod:#F4004"],"campfire_rested":1,"item_purchase_floors":[2,4,21,38,38,38,47],"current_hp_per_floor":[71,71,75,75,49,49,38,48,48,48,45,45,40,48,70,75,80,80,80,80,80,80,80,80,80,80,84,87,97,97,97,97,97,97,97,97,97,97,97,97,97,97,97,97,97,97,97,97,97,97,97],"gold":31,"neow_bonus":"RANDOM_COLORLESS","is_daily":false,"chose_seed":false,"campfire_upgraded":4,"win_rate":0.0,"timestamp":1613608657,"path_taken":["M","$","M","$","?","R","E","M","T","?","?","?","M","M","R","BOSS","M","?","?","$","?","R","E","M","T","E","?","E","?","M","R","BOSS","M","?","M","$","M","E","M","E","T","?","M","?","?","M","R","BOSS","BOSS"],"items_purchased_type":["Card","Card","Card","Relic","Card","Relic","Card"],"build_version":"2020-12-22","purchased_purges":4,"victory":true,"max_hp_per_floor":[75,75,75,75,75,75,75,75,75,75,75,75,75,75,75,75,80,80,80,80,80,80,80,80,80,80,87,87,97,97,97,97,97,97,97,97,97,97,97,97,97,97,97,97,97,97,97,97,97,97,97],"card_choices":[{"not_picked":["Madness","hubris:Insight"],"picked":"Dramatic Entrance","floor":0.0},{"not_picked":["Headbutt","Pommel Strike"],"picked":"Iron Wave","floor":1.0},{"not_picked":["Hemokinesis","Infernal Blade","Sword Boomerang","Uppercut"],"picked":"Whirlwind","floor":3.0},{"not_picked":["Shrug It Off","Twin Strike","hubris:ReadiedAction","Disarm"],"picked":"MostiFishMod:#F4004","floor":7.0},{"not_picked":["Heavy Blade","Rupture","Clash","Twin Strike"],"picked":"Rampage","floor":8.0},{"not_picked":["Twin Strike","Body Slam","Headbutt","Heavy Blade"],"picked":"Shockwave","floor":13.0},{"not_picked":["Warcry","Uppercut","Rage","Dual Wield"],"picked":"MostiFishMod:RainCloud","floor":14.0},{"not_picked":["Barricade","hubris:StunningStrike","MostiFishMod:TemporaryOutbreak","Bludgeon"],"picked":"MostiFishMod:UltimateDefense","floor":16.0},{"not_picked":["Havoc","Power Through","Clothesline","Armaments"],"picked":"Pummel","floor":17.0},{"not_picked":["hubris:ReadiedAction","Headbutt","Heavy Blade","Clothesline"],"picked":"Shrug It Off","floor":18.0},{"not_picked":["Sword Boomerang","Warcry+1","hubris:CleavingFinish","Shrug It Off+1"],"picked":"MostiFishMod:#F4004","floor":19.0},{"not_picked":["Flex+1","Headbutt","Armaments","True Grit"],"picked":"MostiFishMod:CullingBlade","floor":20.0},{"not_picked":["Warcry","MostiFishMod:BrandingRite+1","Burning Pact","Spot Weakness","Shrug It Off"],"picked":"SKIP","floor":24.0},{"not_picked":["Sentinel","Clothesline","Burning Pact+1","Shockwave","Bloodletting+1"],"picked":"SKIP","floor":25.0},{"not_picked":["True Grit","Reckless Charge+1","Battle Trance","Shrug It Off","Rampage"],"picked":"SKIP","floor":27.0},{"not_picked":["Intimidate","Clash","Rage","True Grit"],"picked":"hubris:StunningStrike","floor":28.0},{"not_picked":["Cleave","Heavy Blade","MostiFishMod:BrandingRite+1","Infernal Blade","Flex"],"picked":"SKIP","floor":29.0},{"not_picked":["Sword Boomerang","hubris:SharpeningStone","Fire Breathing+1","Wild Strike","Seeing Red"],"picked":"SKIP","floor":31.0},{"not_picked":["MostiFishMod:CullingBlade","MostiFishMod:FireWorks","MostiFishMod:OrdinaryWorld","MostiFishMod:KnuckleDown"],"picked":"MostiFishMod:404NotFound","floor":33.0},{"not_picked":["Perfected Strike+1","Blood for Blood","Wild Strike","Cleave","MostiFishMod:BrandingRite+1"],"picked":"SKIP","floor":35.0},{"not_picked":["Havoc","Dropkick","True Grit","Warcry","hubris:ReadiedAction"],"picked":"SKIP","floor":37.0},{"not_picked":["Anger","Flame Barrier+1","Infernal Blade","Perfected Strike","Headbutt+1"],"picked":"SKIP","floor":39.0},{"not_picked":["Searing Blow","Armaments","Dark Embrace","Perfected Strike"],"picked":"Impervious","floor":40.0},{"not_picked":["Entrench","Armaments+1","Carnage+1","Thunderclap","Bloodletting"],"picked":"SKIP","floor":41.0},{"not_picked":["Rampage+1","Rage","Bloodletting+1","Clothesline+1","Clash+1"],"picked":"SKIP","floor":42.0},{"not_picked":["Sever Soul+1","Warcry","Sentinel+1","Hemokinesis+1","Heavy Blade+1"],"picked":"SKIP","floor":45.0},{"not_picked":["hubris:CleavingFinish+1","Feel No Pain+1","Metallicize+1","Wild Strike+1","Sword Boomerang+1"],"picked":"SKIP","floor":46},{"not_picked":["Heavy Blade+1","Uppercut+1","Clothesline+1","Thunderclap+1"],"picked":"Iron Wave+1","floor":48}],"player_experience":1856076,"relics_obtained":[{"floor":1.0,"key":"SynthV:TestCard"},{"floor":7.0,"key":"hubris:MysteriousPyramids"},{"floor":9.0,"key":"hubris:TenFootPole"},{"floor":12.0,"key":"Kunai"},{"floor":20.0,"key":"Red Mask"},{"floor":24.0,"key":"hubris:PeanutButter"},{"floor":26.0,"key":"Calipers"},{"floor":27.0,"key":"Strawberry"},{"floor":29.0,"key":"Pear"},{"floor":30.0,"key":"Boot"},{"floor":35.0,"key":"wanderingMiniBosses:MasterThiefsPresence"},{"floor":40.0,"key":"Champion Belt"},{"floor":42.0,"key":"Molten Egg 2"},{"floor":43.0,"key":"Happy Flower"}],"event_choices":[{"damage_healed":0.0,"max_hp_gain":0.0,"max_hp_loss":0.0,"gold_gain":0.0,"event_name":"Golden Idol","player_choice":"Take Damage","floor":5.0,"gold_loss":0.0,"damage_taken":26.0,"relics_obtained":["Golden Idol"]},{"damage_healed":0.0,"max_hp_gain":0.0,"max_hp_loss":0.0,"gold_gain":150.0,"event_name":"Liars Game","player_choice":"AGREE","floor":10.0,"gold_loss":0.0,"damage_taken":0.0,"cards_obtained":["Doubt"]},{"cards_removed":["Doubt"],"damage_healed":0.0,"max_hp_gain":0.0,"max_hp_loss":0.0,"gold_gain":0.0,"event_name":"Golden Wing","player_choice":"Card Removal","floor":11.0,"gold_loss":0.0,"damage_taken":7.0},{"damage_healed":0.0,"max_hp_gain":0.0,"max_hp_loss":0.0,"gold_gain":0.0,"event_name":"Masked Bandits","player_choice":"Fought Bandits","floor":20.0,"gold_loss":0.0,"damage_taken":0.0},{"damage_healed":0.0,"max_hp_gain":0.0,"max_hp_loss":0.0,"gold_gain":250.0,"event_name":"The Joust","player_choice":"Bet on Owner","floor":22.0,"gold_loss":50.0,"damage_taken":0.0},{"damage_healed":0.0,"max_hp_gain":0.0,"max_hp_loss":0.0,"gold_gain":0.0,"event_name":"WeMeetAgain","player_choice":"Gave Potion","floor":44.0,"gold_loss":0.0,"damage_taken":0.0,"relics_obtained":["Bag of Marbles"]}],"is_beta":false,"boss_relics":[{"not_picked":["Ectoplasm","PatriotShield"],"picked":"Tiny House"},{"not_picked":["Black Blood","HereWithMe"],"picked":"Empty Cage"}],"items_purged_floors":[21,21,38,47],"is_endless":false,"potions_floor_spawned":[8,16,20,25,29,31,33,37,40,45,48],"ascension_level":20}}