{"host":"ffqn1azj9urswy62","time":1613666684,"event":{"mods":["BaseMod","Better Third Choice","Googly Eyes","Minty Spire (QoL Compilation)","StSLib","The Disciple","Wandering Minibosses","slay the spire mod where everything is the same but ironclad has a cowboy hat"],"gold_per_floor":[112,131,144,144,49,80,80,107,155,155,168,162,162,162,162,250,250,260,23,23,23,23,44,58,58,104,39,39],"floor_reached":27,"language":"ENG","playtime":1714,"items_purged":["OverTime"],"score":239,"play_id":"788fbf75-5273-4080-852b-380f7f669669","local_time":"20210218114444","is_ascension_mode":false,"campfire_choices":[{"data":"Echoward","floor":10,"key":"SMITH"},{"data":"WatchCommand","floor":15,"key":"SMITH"},{"data":"Sadistic Nature","floor":25,"key":"SMITH"}],"circlet_count":0,"master_deck":["Presto+1","Defend_Br","Defend_Br","Defend_Br","Defend_Br","SecondHand","PatternShift","Keepsakes","BiteCommand","LockedWhetstone","Flash of Steel","Goo","Echoward+1","WatchCommand+1","Chronoelasticity+1","AlternateTimeline+1","AlternateTimeline+1","Engulf+1","Sadistic Nature+1","Writhe","BeatsPerMinute+1","ExoVibe"],"relics":["Chronometer","NeowsBlessing","Lizard Tail","Torii","Bronze Scales","Astrolabe","Happy Flower","HornCleat","Boot"],"acts_visited":["Exordium","TheCity"],"potions_floor_usage":[8,16,16,27,27],"damage_taken":[{"damage":0,"enemies":"2 Louse","floor":1,"turns":2},{"damage":0,"enemies":"Jaw Worm","floor":2,"turns":1},{"damage":0,"enemies":"Small Slimes","floor":3,"turns":1},{"damage":32,"enemies":"Lagavulin","floor":6,"turns":7},{"damage":35,"enemies":"Gremlin Nob","floor":8,"turns":5},{"damage":13,"enemies":"3 Louse","floor":11,"turns":4},{"damage":3,"enemies":"Exordium Wildlife","floor":12,"turns":9},{"damage":24,"enemies":"The Guardian","floor":16,"turns":9},{"damage":2,"enemies":"Spheric Guardian","floor":18,"turns":7},{"damage":47,"enemies":"Book of Stabbing","floor":23,"turns":5},{"damage":6,"enemies":"2 Thieves","floor":24,"turns":5},{"damage":14,"enemies":"3 Cultists","floor":27,"turns":4}],"seed_played":"-5828444462682143771","potions_obtained":[{"floor":2,"key":"Block Potion"},{"floor":3,"key":"SmokeBomb"},{"floor":6,"key":"EssenceOfSteel"},{"floor":12,"key":"SpeedPotion"},{"floor":18,"key":"GamblersBrew"},{"floor":23,"key":"Swift Potion"}],"is_trial":false,"path_per_floor":["M","M","M","?","$","E","T","E","T","R","M","M","?","?","R","B",null,"M","$","$","?","$","E","M","R","T","M"],"character_chosen":"CHRONO_CLASS","items_purchased":["Flash of Steel","Sadistic Nature"],"campfire_rested":0,"item_purchase_floors":[5,19],"current_hp_per_floor":[65,65,65,58,58,26,26,32,32,32,19,16,37,37,37,13,65,63,63,63,63,63,16,10,10,10,0,0],"gold":39,"neow_bonus":"THREE_ENEMY_KILL","is_daily":false,"chose_seed":false,"campfire_upgraded":3,"win_rate":0.0,"timestamp":1613666684,"path_taken":["M","M","M","?","$","E","?","E","T","R","M","M","?","?","R","BOSS","M","?","$","?","?","E","M","R","T","M"],"items_purchased_type":["Card","Card"],"build_version":"2020-12-22","purchased_purges":1,"victory":false,"max_hp_per_floor":[65,65,65,65,65,65,65,65,65,65,65,65,65,65,65,65,65,65,65,65,65,65,65,65,65,65,65,65],"card_choices":[{"not_picked":["ExoVibe","LockedAnchor"],"picked":"Keepsakes","floor":1},{"not_picked":["Stagnate","LockedMedicine"],"picked":"BiteCommand","floor":2},{"not_picked":["LockedWarPaint","PrimeTime"],"picked":"LockedWhetstone","floor":3},{"not_picked":["LockedScales","HandsUpB"],"picked":"Goo","floor":6},{"not_picked":["Keepsakes","LockedUrn"],"picked":"Echoward","floor":8},{"not_picked":["BlueShift","AlternateTimeline"],"picked":"WatchCommand","floor":11},{"not_picked":["Backlash","LockedScales","Goo"],"picked":"SKIP","floor":12},{"not_picked":["LockedFlame","Chronoelasticity"],"picked":"OverTime","floor":16},{"not_picked":["Parity","BiteCommand"],"picked":"Engulf+1","floor":18},{"not_picked":["CrunchTime","Engulf"],"picked":"BeatsPerMinute+1","floor":23},{"not_picked":["LockedMedicine","LockedAnchor"],"picked":"ExoVibe","floor":24}],"player_experience":696221,"relics_obtained":[{"floor":6,"key":"Lizard Tail"},{"floor":8,"key":"Torii"},{"floor":9,"key":"Bronze Scales"},{"floor":23,"key":"HornCleat"},{"floor":26,"key":"Boot"}],"event_choices":[{"cards_removed":["Strike_Br"],"damage_healed":0,"gold_gain":0,"player_choice":"Card Removal","damage_taken":7,"max_hp_gain":0,"max_hp_loss":0,"event_name":"Golden Wing","floor":4,"gold_loss":0},{"damage_healed":21,"gold_gain":0,"player_choice":"Banana","damage_taken":0,"max_hp_gain":0,"max_hp_loss":0,"event_name":"Big Fish","floor":13,"gold_loss":0},{"damage_healed":0,"gold_gain":0,"player_choice":"Bought 0 Potions","damage_taken":0,"max_hp_gain":0,"max_hp_loss":0,"event_name":"The Woman in Blue","floor":14,"gold_loss":0},{"damage_healed":0,"gold_gain":0,"player_choice":"Opened","damage_taken":0,"relics_obtained":["Happy Flower"],"max_hp_gain":0,"max_hp_loss":0,"event_name":"The Mausoleum","floor":21,"gold_loss":0,"cards_obtained":["Writhe"]}],"is_beta":false,"boss_relics":[{"not_picked":["Pandora\u0027s Box","SacredBark"],"picked":"Astrolabe"}],"items_purged_floors":[19],"is_endless":false,"potions_floor_spawned":[2,3,6,12,18,23],"killed_by":"3 Cultists","ascension_level":0}}