{"host":"g3js2eermvvpeiqn","time":1613679936,"event":{"mods":["BaseMod","DeckTracker","Downfall","Minty Spire (QoL Compilation)","Quick Restart","StSLib"],"gold_per_floor":[114,39,39,39,54,85,105,105,105,123,123,182,202,182,182,260,260,270,288,302,14,24,24,43,43,93,40,40,40,0,0,0,0,0],"floor_reached":33,"language":"ENG","playtime":1615,"items_purged":["Strike_B","Pain"],"score":540,"play_id":"5a520b0a-7cfe-4900-ae48-9f35b97ef8cc","local_time":"20210218142536","is_ascension_mode":true,"campfire_choices":[{"data":"Hologram","floor":8.0,"key":"SMITH"},{"data":"White Noise","floor":11.0,"key":"SMITH"},{"floor":15.0,"key":"REST"},{"floor":23.0,"key":"REST"},{"floor":25.0,"key":"DIG"},{"floor":29.0,"key":"DIG"},{"floor":32.0,"key":"REST"}],"circlet_count":0,"master_deck":["AscendersBane","Strike_B","Strike_B","Strike_B","Defend_B+1","Defend_B","Defend_B","Defend_B","Zap","Dualcast","Beam Cell","Cold Snap","White Noise+1","Hologram+1","Gash","Sweeping Beam","Hologram+1","Biased Cognition","Glacier","Capacitor","Buffer","Coolheaded","Beam Cell","Buffer"],"relics":["Cracked Core","NeowsBlessing","WarpedTongs","DataDisk","Pear","Shovel","Black Star","War Paint","Oddly Smooth Stone","Orichalcum"],"acts_visited":["Exordium","TheCity"],"potions_floor_usage":[33],"damage_taken":[{"damage":0.0,"enemies":"Jaw Worm","floor":1.0,"turns":1.0},{"damage":0.0,"enemies":"Cultist","floor":5.0,"turns":1.0},{"damage":0.0,"enemies":"3 Sentries","floor":6.0,"turns":1.0},{"damage":10.0,"enemies":"2 Louse","floor":7.0,"turns":2.0},{"damage":20.0,"enemies":"Gremlin Gang","floor":10.0,"turns":5.0},{"damage":19.0,"enemies":"3 Sentries","floor":12.0,"turns":4.0},{"damage":16.0,"enemies":"Lots of Slimes","floor":13.0,"turns":4.0},{"damage":23.0,"enemies":"Slime Boss","floor":16.0,"turns":6.0},{"damage":18.0,"enemies":"Shell Parasite","floor":18.0,"turns":6.0},{"damage":7.0,"enemies":"Spheric Guardian","floor":19.0,"turns":4.0},{"damage":33.0,"enemies":"Shelled Parasite and Fungi","floor":20.0,"turns":10.0},{"damage":0.0,"enemies":"3 Cultists","floor":22.0,"turns":3.0},{"damage":9.0,"enemies":"Snake Plant","floor":24.0,"turns":6.0},{"damage":51,"enemies":"Collector","floor":33,"turns":9}],"seed_played":"-5259429316072615879","potions_obtained":[{"floor":5.0,"key":"DuplicationPotion"},{"floor":6.0,"key":"FocusPotion"},{"floor":13.0,"key":"champ:CounterPotion"},{"floor":14.0,"key":"CultistPotion"},{"floor":16.0,"key":"Swift Potion"},{"floor":20.0,"key":"SteroidPotion"}],"is_trial":false,"path_per_floor":["M","$","?","$","M","E","M","R","T","M","R","?","M","?","R","B",null,"M","M","M","$","M","R","M","R","T","$","?","R","?","?","R","B"],"character_chosen":"DEFECT","items_purchased":["Buffer","Coolheaded","FocusPotion"],"campfire_rested":3,"item_purchase_floors":[21,21,27],"current_hp_per_floor":[64,64,64,64,64,64,54,54,64,44,44,25,9,9,33,10,63,45,38,5,5,5,29,20,20,20,20,20,20,20,20,44,0,0],"gold":0,"neow_bonus":"THREE_ENEMY_KILL","is_daily":false,"chose_seed":false,"campfire_upgraded":2,"win_rate":0.0,"timestamp":1613679936,"path_taken":["M","$","?","$","M","E","?","R","T","M","R","?","M","?","R","BOSS","M","?","M","?","M","R","?","R","T","$","?","R","?","?","R","BOSS"],"items_purchased_type":["Card","Card","Potion"],"build_version":"2020-12-22","purchased_purges":2,"victory":false,"max_hp_per_floor":[71,71,71,71,71,71,71,71,81,81,81,81,81,81,81,81,81,81,81,81,81,81,81,81,81,81,81,81,81,81,81,81,81,81],"card_choices":[{"not_picked":["Lockon","Conserve Battery"],"picked":"Beam Cell","floor":1.0},{"not_picked":["Force Field","Loop"],"picked":"Cold Snap","floor":5.0},{"not_picked":["Barrage","Meteor Strike"],"picked":"White Noise","floor":6.0},{"not_picked":["Skim","Streamline"],"picked":"Hologram","floor":7.0},{"not_picked":["Compile Driver","Steam Power"],"picked":"Gash","floor":10.0},{"not_picked":["Steam","Machine Learning"],"picked":"Sweeping Beam","floor":12.0},{"not_picked":["Compile Driver","Rebound"],"picked":"Hologram","floor":13.0},{"not_picked":["Rainbow","Fission"],"picked":"Biased Cognition","floor":16.0},{"not_picked":["Sweeping Beam+1","Ball Lightning"],"picked":"Glacier","floor":18.0},{"not_picked":["Compile Driver","BootSequence","Ball Lightning"],"picked":"SKIP","floor":19.0},{"not_picked":["Streamline","Barrage"],"picked":"Capacitor","floor":20.0},{"not_picked":["Conserve Battery","Steam Power+1"],"picked":"Beam Cell","floor":22.0},{"not_picked":["Sweeping Beam","Static Discharge"],"picked":"Buffer","floor":24.0}],"player_experience":1490930,"relics_obtained":[{"floor":6.0,"key":"DataDisk"},{"floor":9.0,"key":"Pear"},{"floor":12.0,"key":"Shovel"},{"floor":25.0,"key":"War Paint"},{"floor":26.0,"key":"Oddly Smooth Stone"},{"floor":29.0,"key":"Orichalcum"}],"event_choices":[{"damage_healed":0.0,"max_hp_gain":0.0,"max_hp_loss":0.0,"gold_gain":0.0,"event_name":"Accursed Blacksmith","player_choice":"Rummage","floor":3.0,"gold_loss":0.0,"damage_taken":0.0,"relics_obtained":["WarpedTongs"],"cards_obtained":["Pain"]},{"damage_healed":0.0,"max_hp_gain":0.0,"max_hp_loss":0.0,"gold_gain":0.0,"event_name":"Dead Adventurer","player_choice":"Searched \u00271\u0027 times","floor":12.0,"gold_loss":0.0,"damage_taken":0.0},{"damage_healed":0.0,"max_hp_gain":0.0,"max_hp_loss":0.0,"gold_gain":0.0,"event_name":"The Woman in Blue","player_choice":"Bought 1 Potion","floor":14.0,"gold_loss":0.0,"damage_taken":0.0},{"damage_healed":0.0,"max_hp_gain":0.0,"max_hp_loss":0.0,"gold_gain":0.0,"event_name":"Cursed Tome","player_choice":"Ignored","floor":28.0,"gold_loss":0.0,"damage_taken":0.0},{"damage_healed":0.0,"max_hp_gain":0.0,"max_hp_loss":0.0,"gold_gain":0.0,"event_name":"Masked Bandits","player_choice":"Paid Fearfully","floor":30.0,"gold_loss":40.0,"damage_taken":0.0},{"damage_healed":0.0,"max_hp_gain":0.0,"max_hp_loss":0.0,"gold_gain":0.0,"event_name":"Ghosts","player_choice":"Ignored","floor":31.0,"gold_loss":0.0,"damage_taken":0.0}],"is_beta":false,"boss_relics":[{"not_picked":["Velvet Choker","SacredBark"],"picked":"Black Star"}],"items_purged_floors":[2,21],"is_endless":false,"potions_floor_spawned":[5,6,13,16,20],"killed_by":"Collector","ascension_level":20}}