{"host":"p1xsuo25udtrkbq2","time":1613613098,"event":{"mods":["BaseMod","Colored Map","Googly Eyes","Highlight Path","Minty Spire (QoL Compilation)","Quick Restart","Rare Cards Sparkle","Relic Stats","Slay the Relics Exporter","StSLib","everything is the same but u backflip on backflip"],"gold_per_floor":[116,130,148,148,161,175,205,59,105,105,117,128,141,169,169,169,169],"floor_reached":16,"language":"ENG","playtime":1211,"items_purged":["Strike_R"],"score":203,"play_id":"c4d25f48-dbe7-48a9-884b-9bc083bf98c4","local_time":"20210217205138","is_ascension_mode":true,"campfire_choices":[{"data":"True Grit","floor":10.0,"key":"SMITH"},{"data":"Clothesline","floor":15.0,"key":"SMITH"}],"circlet_count":0,"master_deck":["AscendersBane","Strike_R","Strike_R","Strike_R","Defend_R","Defend_R","Defend_R","Defend_R","Bash","Feel No Pain","Wild Strike","Shrug It Off","Wild Strike","Offering","Evolve","True Grit+1","Warcry","Clothesline+1","Second Wind","Battle Trance","Feel No Pain"],"relics":["Burning Blood","NeowsBlessing","Strawberry","Orichalcum","Pear"],"acts_visited":["Exordium"],"potions_floor_usage":[16],"damage_taken":[{"damage":0.0,"enemies":"Jaw Worm","floor":1.0,"turns":1.0},{"damage":0.0,"enemies":"Cultist","floor":2.0,"turns":1.0},{"damage":0.0,"enemies":"Small Slimes","floor":3.0,"turns":1.0},{"damage":4.0,"enemies":"2 Fungi Beasts","floor":5.0,"turns":4.0},{"damage":16.0,"enemies":"3 Louse","floor":6.0,"turns":4.0},{"damage":33.0,"enemies":"Lagavulin","floor":7.0,"turns":5.0},{"damage":6.0,"enemies":"Gremlin Gang","floor":11.0,"turns":4.0},{"damage":15.0,"enemies":"Red Slaver","floor":12.0,"turns":5.0},{"damage":13.0,"enemies":"3 Louse","floor":13.0,"turns":3.0},{"damage":18.0,"enemies":"3 Sentries","floor":14.0,"turns":10.0},{"damage":24,"enemies":"The Guardian","floor":16,"turns":10}],"seed_played":"-6278338037025356082","potions_obtained":[{"floor":1.0,"key":"SteroidPotion"},{"floor":3.0,"key":"SkillPotion"},{"floor":11.0,"key":"Fire Potion"},{"floor":14.0,"key":"FearPotion"}],"is_trial":false,"path_per_floor":["M","M","M","?","M","M","E","$","T","R","M","M","M","E","R","B"],"character_chosen":"IRONCLAD","items_purchased":["True Grit","Warcry"],"campfire_rested":0,"item_purchase_floors":[8,8],"current_hp_per_floor":[74,75,75,68,70,60,40,40,40,40,40,31,24,22,22,0,0],"gold":169,"neow_bonus":"THREE_ENEMY_KILL","is_daily":false,"chose_seed":false,"campfire_upgraded":2,"win_rate":0.0,"timestamp":1613613098,"path_taken":["M","M","M","?","M","M","E","$","T","R","M","M","M","E","R","BOSS"],"items_purchased_type":["Card","Card"],"build_version":"2020-12-22","purchased_purges":1,"victory":false,"max_hp_per_floor":[75,75,75,75,75,75,82,82,82,82,82,82,82,92,92,92,92],"relic_stats":{"counters":[11,48],"Orichalcum":[48],"obtain_stats":[{"Pear":14,"NeowsBlessing":0,"Strawberry":7,"Orichalcum":9,"Burning Blood":0},{"Pear":10,"NeowsBlessing":0,"Strawberry":6,"Orichalcum":6,"Burning Blood":0},{"Pear":38,"NeowsBlessing":0,"Strawberry":16,"Orichalcum":16,"Burning Blood":0}],"Burning Blood":49},"card_choices":[{"not_picked":["Sword Boomerang","Pummel"],"picked":"Feel No Pain","floor":1.0},{"not_picked":["Headbutt","Iron Wave"],"picked":"Wild Strike","floor":2.0},{"not_picked":["Fire Breathing","Clash"],"picked":"Shrug It Off","floor":3.0},{"not_picked":["Seeing Red","Clash"],"picked":"Wild Strike","floor":5.0},{"not_picked":["Cleave","Battle Trance"],"picked":"Offering","floor":6.0},{"not_picked":["Dark Embrace","Warcry"],"picked":"Evolve","floor":7.0},{"not_picked":["Flex","Body Slam"],"picked":"Clothesline","floor":11.0},{"not_picked":["Sword Boomerang","Thunderclap"],"picked":"Second Wind","floor":12.0},{"not_picked":["Thunderclap","Inflame"],"picked":"Battle Trance","floor":13.0},{"not_picked":["Flex","Searing Blow"],"picked":"Feel No Pain","floor":14.0}],"player_experience":1086265,"relics_obtained":[{"floor":7.0,"key":"Strawberry"},{"floor":9.0,"key":"Orichalcum"},{"floor":14.0,"key":"Pear"}],"event_choices":[{"cards_removed":["Strike_R"],"damage_healed":0.0,"max_hp_gain":0.0,"max_hp_loss":0.0,"gold_gain":0.0,"event_name":"Golden Wing","player_choice":"Card Removal","floor":4.0,"gold_loss":0.0,"damage_taken":7.0}],"is_beta":false,"boss_relics":[],"items_purged_floors":[8],"is_endless":false,"potions_floor_spawned":[1,3,11,14],"killed_by":"The Guardian","ascension_level":15}}