{"host":"bkvp8h802zvp9d7d","time":1613648520,"event":{"mods":["Act Like it!","BaseMod","Minty Spire (QoL Compilation)","StSLib","The Bug Knight"],"gold_per_floor":[117,67,67,67,85,99,99,124,151,13,13,38,57,73,73,192,192,215,66,66,66,32,32,32,32,55,88,88,112,112,12,12,12,12],"floor_reached":33,"language":"ZHS","playtime":1582,"items_purged":["HollowMod:NailStrikeStart","HollowMod:QuickDashStart"],"score":253,"play_id":"a68795f9-ece7-41c6-9c70-8bb1aaade94c","local_time":"20210218194200","is_ascension_mode":false,"campfire_choices":[{"data":"HollowMod:InfectedCysts","floor":7,"key":"SMITH"},{"data":"HollowMod:Weaversong","floor":11,"key":"SMITH"},{"floor":15,"key":"REST"},{"data":"HollowMod:HornetsHelp","floor":23,"key":"SMITH"},{"data":"HollowMod:FocusHealStart","floor":25,"key":"SMITH"},{"floor":28,"key":"REST"},{"floor":30,"key":"REST"},{"data":"HollowMod:GrimmsGift","floor":32,"key":"SMITH"}],"circlet_count":0,"master_deck":["HollowMod:NailStrikeStart","HollowMod:QuickDashStart","HollowMod:QuickDashStart","HollowMod:QuickDashStart","HollowMod:FocusHealStart+1","HollowMod:PogoStrike","HollowMod:Grubsong","HollowMod:MonarchWings+1","HollowMod:SoulStrike","HollowMod:InfectedCysts+1","HollowMod:Weaversong+1","HollowMod:GrimmsGift+1","HollowMod:CycloneSlash","HollowMod:CloakDash+1","HollowMod:HornetsHelp+1","HollowMod:CornifersMapStart","HollowMod:ShapeofUnn","HollowMod:HowlingWraiths+1","HollowMod:DungDefenderAura","HollowMod:SoulSplash","HollowMod:SoulVessel+1"],"relics":["HollowMod:VesselMask","HollowMod:KingsBrand","Golden Idol","Lantern","Sozu","HollowMod:PaleOreRelic","War Paint"],"acts_visited":["Exordium","TheCity"],"potions_floor_usage":[16,16,27],"damage_taken":[{"damage":0,"enemies":"Small Slimes","floor":1,"turns":3},{"damage":12,"enemies":"2 Louse","floor":5,"turns":3},{"damage":5,"enemies":"Cultist","floor":6,"turns":4},{"damage":4,"enemies":"Lots of Slimes","floor":8,"turns":2},{"damage":18,"enemies":"Exordium Wildlife","floor":12,"turns":2},{"damage":4,"enemies":"3 Louse","floor":13,"turns":1},{"damage":12,"enemies":"Exordium Thugs","floor":14,"turns":3},{"damage":54,"enemies":"HollowMod:FalseKnight","floor":16,"turns":9},{"damage":22,"enemies":"Spheric Guardian","floor":18,"turns":4},{"damage":43,"enemies":"Slavers","floor":27,"turns":4},{"damage":17,"enemies":"Chosen","floor":29,"turns":7},{"damage":65,"enemies":"Automaton","floor":33,"turns":6}],"seed_played":"-7205368328444519365","potions_obtained":[{"floor":6,"key":"Weak Potion"},{"floor":8,"key":"Swift Potion"},{"floor":13,"key":"Explosive Potion"},{"floor":16,"key":"Fire Potion"}],"is_trial":false,"path_per_floor":["M","?","?","?","M","M","R","M","T","$","R","M","M","M","R","B",null,"M","$","$","?","$","R","?","R","T","E","R","M","R","$","R","B"],"character_chosen":"THE_BUGKNIGHT","items_purchased":["HollowMod:Weaversong","HollowMod:ShapeofUnn","HollowMod:DungDefenderAura"],"campfire_rested":3,"item_purchase_floors":[10,19,22],"current_hp_per_floor":[75,75,57,57,51,56,56,52,52,52,52,40,36,24,46,4,75,53,53,53,53,53,53,53,53,53,10,32,25,47,47,47,0,0],"gold":12,"neow_bonus":"RANDOM_COMMON_RELIC","is_daily":false,"chose_seed":false,"campfire_upgraded":5,"win_rate":0.0,"timestamp":1613648520,"path_taken":["M","?","?","?","M","M","R","M","T","$","R","?","M","M","R","BOSS","M","?","$","?","$","R","?","R","T","E","R","?","R","?","R","BOSS"],"items_purchased_type":["Card","Card","Card"],"build_version":"2020-12-22","purchased_purges":2,"victory":false,"max_hp_per_floor":[75,75,75,75,75,75,75,75,75,75,75,75,75,75,75,75,75,75,75,75,75,75,75,75,75,75,75,75,75,75,75,75,75,75],"card_choices":[{"not_picked":["HollowMod:TaintedHusks","HollowMod:InfectionAssault"],"picked":"HollowMod:Grubsong","floor":1},{"not_picked":["HollowMod:DungDefenderAura","HollowMod:NewJinnsSoul"],"picked":"HollowMod:SoulStrike","floor":5},{"not_picked":["HollowMod:BlackTendrils","HollowMod:DreamGate"],"picked":"HollowMod:InfectedCysts","floor":6},{"not_picked":["HollowMod:ShadowDash","HollowMod:MawleksShell","HollowMod:DashSlash"],"picked":"SKIP","floor":8},{"not_picked":["HollowMod:ChannelNail","HollowMod:NewLittleFool"],"picked":"HollowMod:GrimmsGift","floor":12},{"not_picked":["HollowMod:HeavyBlow","HollowMod:DashSlash"],"picked":"HollowMod:CycloneSlash","floor":13},{"not_picked":["HollowMod:SharpenedNail","HollowMod:Weaversong"],"picked":"HollowMod:CloakDash","floor":14},{"not_picked":["HollowMod:NewInfectedGuardian","HollowMod:Weaversong"],"picked":"HollowMod:HornetsHelp","floor":16},{"not_picked":["HollowMod:HeavyBlow","HollowMod:SoulStrike"],"picked":"HollowMod:CornifersMapStart","floor":18},{"not_picked":["HollowMod:MonarchWings","HollowMod:InfectedAttack"],"picked":"HollowMod:SoulSplash","floor":27},{"not_picked":["HollowMod:SiblingsSouls+1","HollowMod:VengefulVoid"],"picked":"HollowMod:SoulVessel+1","floor":29}],"player_experience":398660,"relics_obtained":[{"floor":9,"key":"Lantern"},{"floor":26,"key":"HollowMod:PaleOreRelic"},{"floor":27,"key":"War Paint"}],"event_choices":[{"cards_removed":["HollowMod:NailStrikeStart"],"damage_healed":0,"gold_gain":0,"player_choice":"Card Removal","damage_taken":0,"max_hp_gain":0,"max_hp_loss":0,"event_name":"The Cleric","floor":2,"gold_loss":50},{"damage_healed":0,"gold_gain":0,"player_choice":"Take Damage","damage_taken":18,"relics_obtained":["Golden Idol"],"max_hp_gain":0,"max_hp_loss":0,"event_name":"Golden Idol","floor":3,"gold_loss":0},{"damage_healed":0,"gold_gain":0,"cards_transformed":["HollowMod:NailStrikeStart"],"player_choice":"Transformed","damage_taken":0,"max_hp_gain":0,"max_hp_loss":0,"event_name":"Transmorgrifier","floor":4,"gold_loss":0,"cards_obtained":["HollowMod:MonarchWings"]},{"damage_healed":0,"gold_gain":0,"player_choice":"Read","damage_taken":0,"max_hp_gain":0,"max_hp_loss":0,"event_name":"The Library","floor":21,"gold_loss":0,"cards_obtained":["HollowMod:HowlingWraiths"]},{"damage_healed":0,"gold_gain":0,"player_choice":"Upgraded","damage_taken":0,"max_hp_gain":0,"max_hp_loss":0,"event_name":"Upgrade Shrine","floor":24,"gold_loss":0,"cards_upgraded":["HollowMod:HowlingWraiths"]}],"is_beta":false,"boss_relics":[{"not_picked":["Tiny House","SlaversCollar"],"picked":"Sozu"}],"items_purged_floors":[19,31],"is_endless":false,"potions_floor_spawned":[6,8,13,14,16],"killed_by":"Automaton","ascension_level":0}}