{"host":"agl6880ykeaxaurv","time":1613685446,"event":{"mods":["AchievementEnabler","BaseMod","Colored Map","Colored Powertips","Downfall","Hermit","Highlight Path","Infinite Spire","Minty Spire (QoL Compilation)","Robot Space Explorer","Shop Mod","StSLib","The Cursed","The Disciple","The Runesmith","The Servant 0.9.4"],"gold_per_floor":[115,127,127,127,141,141,141],"floor_reached":6,"language":"ENG","playtime":413,"items_purged":[],"score":36,"play_id":"71d3cf85-2336-461a-a72a-2e5041b45e36","local_time":"20210218215726","is_ascension_mode":false,"campfire_choices":[],"circlet_count":0,"master_deck":["RobotSpaceExplorer:Strike","RobotSpaceExplorer:Strike","RobotSpaceExplorer:Strike","RobotSpaceExplorer:Defend","RobotSpaceExplorer:Defend","RobotSpaceExplorer:Defend","RobotSpaceExplorer:Scan","RobotSpaceExplorer:MiniLasers","RobotSpaceExplorer:SlimeMissile","RobotSpaceExplorer:GearShield","RobotSpaceExplorer:Electropulse"],"relics":["Empty Cage","Eternal Feather","infinitespire:Cubic Diamond"],"acts_visited":["Exordium"],"potions_floor_usage":[],"damage_taken":[{"damage":10,"enemies":"Small Slimes","floor":1,"turns":6},{"damage":0,"enemies":"2 Louse","floor":2,"turns":2},{"damage":4,"enemies":"Jaw Worm","floor":5,"turns":2},{"damage":29,"enemies":"3 Sentries","floor":6,"turns":9}],"seed_played":"2674955132966865743","potions_obtained":[{"floor":1,"key":"SmokeBomb"},{"floor":2,"key":"champ:CounterPotion"}],"is_trial":false,"path_per_floor":["M","M","?","?","M","E"],"character_chosen":"RobotSpaceExplorer","items_purchased":[],"campfire_rested":0,"item_purchase_floors":[],"current_hp_per_floor":[65,65,65,65,61,32,32],"gold":141,"neow_bonus":"BOSS_RELIC","is_daily":false,"chose_seed":false,"campfire_upgraded":0,"win_rate":0.0,"timestamp":1613685446,"path_taken":["M","M","?","?","M","E"],"items_purchased_type":[],"build_version":"2020-12-22","purchased_purges":0,"victory":false,"max_hp_per_floor":[75,75,75,75,75,75,75],"card_choices":[{"not_picked":["RobotSpaceExplorer:PlasmaMissile","RobotSpaceExplorer:ScrapMissile"],"picked":"RobotSpaceExplorer:SlimeMissile","floor":1},{"not_picked":["RobotSpaceExplorer:Blitz","RobotSpaceExplorer:GlueShot"],"picked":"RobotSpaceExplorer:GearShield","floor":2},{"not_picked":["RobotSpaceExplorer:GlueShot","RobotSpaceExplorer:Probe"],"picked":"RobotSpaceExplorer:Electropulse","floor":5}],"player_experience":288984,"relics_obtained":[{"floor":3,"key":"Eternal Feather"}],"event_choices":[],"is_beta":false,"boss_relics":[],"items_purged_floors":[],"is_endless":false,"potions_floor_spawned":[1,2],"killed_by":"3 Sentries","ascension_level":0}}