{"host":"z8galgznf6llawpn","time":1613618154,"event":{"mods":["AchievementEnabler","Act Like it!","Aspiration","BaseMod","Colored Map","Conspire","Defuse TimeMaze Blight","Energized Spire","Friendly Minions","Hubris","Menagerie","Minty Spire (QoL Compilation)","Permanent Neow","Relic Sorter","Replay The Spire","Shapeshifter Mod","StSLib","Unceasing Turn Reminder"],"gold_per_floor":[117,133,146,0,0,0,31,46,46,46,46,79,97,110,110,211,211,226,226,226,151,151,184,194,212,235,270,286,286,7,7,7,107,107,117,117,128,144,160,193,193,227,310,350,374,404,416,454,466,478],"floor_reached":51,"language":"ENG","playtime":3453,"items_purged":["StSShapeShifter:ShapeShifter_Strike"],"score":892,"play_id":"ac120c02-23f7-4e73-b9cf-f896c3721b4b","local_time":"20210217221554","is_ascension_mode":false,"campfire_choices":[{"data":"StSShapeShifter:AdaptiveStrikes","floor":6,"key":"SMITH"},{"data":"StSShapeShifter:WolfsBane","floor":10,"key":"SMITH"},{"floor":15,"key":"REST"},{"data":"StSShapeShifter:Garden","floor":29,"key":"SMITH"},{"data":"StSShapeShifter:BarkSkin","floor":32,"key":"SMITH"},{"data":"StSShapeShifter:BurstingSpore","floor":41,"key":"SMITH"},{"data":"StSShapeShifter:SquirrelForm","floor":49,"key":"SMITH"}],"circlet_count":0,"master_deck":["StSShapeShifter:ShapeShifter_Strike+1","StSShapeShifter:ShapeShifter_Strike","StSShapeShifter:ShapeShifter_Defend","StSShapeShifter:ShapeShifter_Defend","StSShapeShifter:ShapeShifter_Defend","StSShapeShifter:ShapeShifter_Defend","StSShapeShifter:ShapeShifter_Defend","StSShapeShifter:Tortoise_Form","StSShapeShifter:Lynx_Form","StSShapeShifter:AdaptiveStrikes+1","StSShapeShifter:BloomingSlash+1","StSShapeShifter:Garden+1","StSShapeShifter:MonkeyForm","StSShapeShifter:WolfsBane+1","StSShapeShifter:AdaptiveStrikes","StSShapeShifter:BladeOfGrass","StSShapeShifter:SquirrelForm+1","StSShapeShifter:BurrBomb","StSShapeShifter:BarkSkin+1","StSShapeShifter:MysticalSeed+1","StSShapeShifter:BurstingSpore+1","StSShapeShifter:BurstingSpore+1","StSShapeShifter:TopazSkin","StSShapeShifter:Sapling+1"],"relics":["StSShapeShifter:AnimalHeart","StSShapeShifter:TheShapeShiftersMagnolia","Bronze Scales","StSShapeShifter:EmeraldPantherFigurine","hubris:Metronome","CaptainsWheel","Blood Vial","energizedSpire:DeadBattery","Blue Doll","Pet Ghost","Replay:Rubber Ducky","Membership Card","aspiration:HummingbirdHeart","Whetstone","MawBank","hubris:Reverence","Iron Hammer","StSShapeShifter:AlarmClock"],"acts_visited":["Exordium","TheCity","TheBeyond"],"potions_floor_usage":[16,23,38],"damage_taken":[{"damage":2,"enemies":"Small Slimes","floor":1,"turns":4},{"damage":6,"enemies":"Jaw Worm","floor":2,"turns":2},{"damage":0,"enemies":"2 Louse","floor":3,"turns":1},{"damage":15,"enemies":"Replay:BlueRogue","floor":7,"turns":7},{"damage":0,"enemies":"Looter","floor":8,"turns":3},{"damage":21,"enemies":"3 Sentries","floor":12,"turns":7},{"damage":11,"enemies":"Lots of Slimes","floor":13,"turns":4},{"damage":7,"enemies":"Blue Slaver","floor":14,"turns":3},{"damage":24,"enemies":"Hexaghost","floor":16,"turns":7},{"damage":10,"enemies":"Chosen","floor":18,"turns":3},{"damage":20,"enemies":"Slavers","floor":23,"turns":4},{"damage":0,"enemies":"Spheric Guardian","floor":24,"turns":4},{"damage":13,"enemies":"Snake Plant","floor":25,"turns":4},{"damage":10,"enemies":"conspire:SneckoGhost","floor":27,"turns":5},{"damage":0,"enemies":"Snecko","floor":28,"turns":4},{"damage":0,"enemies":"conspire:MysteriousRune","floor":33,"turns":6},{"damage":0,"enemies":"3 Shapes","floor":35,"turns":6},{"damage":0,"enemies":"3 Darklings","floor":37,"turns":4},{"damage":2,"enemies":"Transient","floor":38,"turns":5},{"damage":3,"enemies":"Sphere and 2 Shapes","floor":39,"turns":5},{"damage":1,"enemies":"R_Hoarder","floor":40,"turns":8},{"damage":17,"enemies":"Nemesis","floor":42,"turns":7},{"damage":4,"enemies":"R_Hoarder","floor":44,"turns":7},{"damage":0,"enemies":"Jaw Worm Horde","floor":45,"turns":4},{"damage":16,"enemies":"Transient","floor":46,"turns":5},{"damage":0,"enemies":"Giant Head","floor":48,"turns":7},{"damage":5,"enemies":"hubris:GrandSnecko","floor":50,"turns":8}],"seed_played":"-8578135347150806656","potions_obtained":[{"floor":3,"key":"AttackPotion"},{"floor":12,"key":"Adrenaline Potion"},{"floor":16,"key":"Adrenaline Potion"},{"floor":25,"key":"Reflective Coating"},{"floor":27,"key":"Ancient Potion"},{"floor":38,"key":"BlessingOfTheForge"}],"is_trial":false,"path_per_floor":["M","M","M","$","?","R","E","M","T","R","?","E","M","M","R","B",null,"M","?","?","$","?","E","M","M","T","E","M","R","$","?","R","B",null,"M","?","M","M","M","E","R","E","T","E","M","M","?","E","R","B",null],"character_chosen":"SHAPESHIFTER","items_purchased":["StSShapeShifter:EmeraldPantherFigurine","Membership Card","aspiration:HummingbirdHeart"],"campfire_rested":1,"item_purchase_floors":[4,30,30],"current_hp_per_floor":[76,70,70,70,70,70,55,55,55,55,48,27,18,13,36,14,78,68,68,68,68,68,50,52,41,41,33,35,35,35,35,35,37,78,78,78,78,76,75,76,76,61,61,63,65,51,51,53,53,50],"gold":490,"neow_bonus":"RANDOM_COMMON_RELIC","is_daily":false,"chose_seed":false,"campfire_upgraded":6,"win_rate":0.0,"timestamp":1613618154,"path_taken":["M","M","M","$","?","R","E","M","T","R","?","E","M","M","R","BOSS","M","?","?","$","?","E","M","?","T","E","M","R","$","?","R","BOSS","M","?","?","M","M","E","R","E","T","E","M","?","?","E","R","BOSS"],"items_purchased_type":["Relic","Relic","Relic"],"build_version":"2020-12-22","purchased_purges":1,"victory":true,"max_hp_per_floor":[78,78,78,78,78,78,78,78,78,78,78,78,78,78,78,78,78,78,78,78,78,78,78,78,78,78,78,78,78,78,78,78,78,78,78,78,78,78,78,78,78,78,78,78,78,78,78,78,78,78],"card_choices":[{"not_picked":["StSShapeShifter:SquirrelForm","StSShapeShifter:BloomingSlash"],"picked":"StSShapeShifter:AdaptiveStrikes","floor":1},{"not_picked":["StSShapeShifter:LeapingSlash","StSShapeShifter:Flourish"],"picked":"StSShapeShifter:BloomingSlash","floor":2},{"not_picked":["StSShapeShifter:PoisonIvy","StSShapeShifter:Roar"],"picked":"StSShapeShifter:Garden","floor":3},{"not_picked":["StSShapeShifter:TopazSkin","StSShapeShifter:OakBlade"],"picked":"StSShapeShifter:MonkeyForm","floor":7},{"not_picked":["StSShapeShifter:Consume","StSShapeShifter:SquirrelForm"],"picked":"StSShapeShifter:WolfsBane","floor":8},{"not_picked":["StSShapeShifter:Bonk","StSShapeShifter:LionForm"],"picked":"StSShapeShifter:AdaptiveStrikes","floor":12},{"not_picked":["StSShapeShifter:FlowerShield","StSShapeShifter:Roar"],"picked":"StSShapeShifter:BladeOfGrass","floor":13},{"not_picked":["StSShapeShifter:ReplenishingNectar","StSShapeShifter:PoisonIvy"],"picked":"StSShapeShifter:SquirrelForm","floor":14},{"not_picked":["StSShapeShifter:MammothForm","StSShapeShifter:Flood"],"picked":"StSShapeShifter:BurrBomb","floor":16},{"not_picked":["StSShapeShifter:ThornToss","StSShapeShifter:FesteringBite","StSShapeShifter:Rest"],"picked":"SKIP","floor":18},{"not_picked":["StSShapeShifter:CosmicShifter","StSShapeShifter:ReplenishingNectar","StSShapeShifter:ForestFire"],"picked":"SKIP","floor":23},{"not_picked":["StSShapeShifter:AdaptiveStrikes+1","StSShapeShifter:ThornToss"],"picked":"StSShapeShifter:BarkSkin","floor":24},{"not_picked":["StSShapeShifter:SunflowerShuriken+1","StSShapeShifter:Wildfire2","StSShapeShifter:VineHandcuffs"],"picked":"SKIP","floor":25},{"not_picked":["StSShapeShifter:BladeOfGrass+1","StSShapeShifter:Flourish+1","StSShapeShifter:BulwarkOfDiscovery"],"picked":"SKIP","floor":27},{"not_picked":["StSShapeShifter:WiltingWrath","StSShapeShifter:Garden+1","StSShapeShifter:MammothForm"],"picked":"SKIP","floor":28},{"not_picked":["StSShapeShifter:Vengeance","StSShapeShifter:RitualOfTheElders"],"picked":"StSShapeShifter:MysticalSeed","floor":33},{"not_picked":["StSShapeShifter:Rabid+1","StSShapeShifter:WolfForm"],"picked":"StSShapeShifter:BurstingSpore","floor":35},{"not_picked":["StSShapeShifter:PoisonIvy","StSShapeShifter:BearForm+1","StSShapeShifter:RockSlide"],"picked":"SKIP","floor":37},{"not_picked":["StSShapeShifter:HippoForm","StSShapeShifter:FesteringBite+1","StSShapeShifter:SquirrelForm"],"picked":"SKIP","floor":38},{"not_picked":["StSShapeShifter:FallingLeaves+1","StSShapeShifter:Evolution+1"],"picked":"StSShapeShifter:BurstingSpore","floor":39},{"not_picked":["StSShapeShifter:ClimbTree","StSShapeShifter:FesteringBite+1"],"picked":"StSShapeShifter:TopazSkin","floor":40},{"not_picked":["StSShapeShifter:FesteringBite+1","StSShapeShifter:Roar+1","StSShapeShifter:OakBlade"],"picked":"SKIP","floor":42},{"not_picked":["StSShapeShifter:RatForm+1","StSShapeShifter:BulwarkOfDiscovery","StSShapeShifter:Earthquake"],"picked":"SKIP","floor":44},{"not_picked":["StSShapeShifter:BladeOfGrass+1","StSShapeShifter:DeerForm","StSShapeShifter:SquirrelForm+1"],"picked":"SKIP","floor":45},{"not_picked":["StSShapeShifter:MonkeyForm","StSShapeShifter:SpiritOfTheEarth+1","StSShapeShifter:SquirrelForm"],"picked":"SKIP","floor":46},{"not_picked":["StSShapeShifter:EmbraceTheCycle","StSShapeShifter:LeapingSlash+1"],"picked":"StSShapeShifter:Sapling+1","floor":48}],"player_experience":430685,"relics_obtained":[{"floor":7,"key":"hubris:Metronome"},{"floor":9,"key":"CaptainsWheel"},{"floor":12,"key":"Blood Vial"},{"floor":23,"key":"Blue Doll"},{"floor":26,"key":"Pet Ghost"},{"floor":27,"key":"Replay:Rubber Ducky"},{"floor":40,"key":"Whetstone"},{"floor":42,"key":"MawBank"},{"floor":43,"key":"hubris:Reverence"},{"floor":44,"key":"Iron Hammer"},{"floor":48,"key":"StSShapeShifter:AlarmClock"}],"event_choices":[{"cards_removed":["StSShapeShifter:ShapeShifter_Strike"],"damage_healed":0,"gold_gain":0,"player_choice":"Card Removal","damage_taken":7,"max_hp_gain":0,"max_hp_loss":0,"event_name":"Golden Wing","floor":11,"gold_loss":0},{"cards_removed":["StSShapeShifter:ShapeShifter_Strike"],"damage_healed":0,"gold_gain":0,"player_choice":"Offered Basic","damage_taken":0,"max_hp_gain":0,"max_hp_loss":0,"event_name":"Bonfire Elementals","floor":22,"gold_loss":0},{"damage_healed":0,"gold_gain":0,"player_choice":"Upgraded","damage_taken":0,"max_hp_gain":0,"max_hp_loss":0,"event_name":"Upgrade Shrine","floor":36,"gold_loss":0,"cards_upgraded":["StSShapeShifter:MysticalSeed"]},{"damage_healed":0,"gold_gain":0,"player_choice":"Ignored","damage_taken":0,"max_hp_gain":0,"max_hp_loss":0,"event_name":"NoteForYourself","floor":47,"gold_loss":0}],"is_beta":false,"boss_relics":[{"not_picked":["aspiration:DefectSkillbook","Replay:Drink Me"],"picked":"energizedSpire:DeadBattery"},{"not_picked":["energizedSpire:RedRose","aspiration:RandomNobGenerator","energizedSpire:EnergizedDie"]}],"items_purged_floors":[21],"is_endless":false,"potions_floor_spawned":[3,12,16,25,27,33,37,38,39,40,46],"ascension_level":0}}