{"host":"zk2wr01vh49shv6l","time":1613660643,"event":{"mods":["BaseMod","Hermit","Minty Spire (QoL Compilation)","Replay The Spire","StSLib","The Bug Knight"],"gold_per_floor":[117,117,137,150,169,194,194,211,259,279,296,308,26,42,42,144,144,62,62,81,27,45,45,74,74,74,90,90,107,207,125,125,125,125],"floor_reached":33,"language":"PTB","playtime":2513,"items_purged":[],"score":287,"play_id":"36663082-b467-4e7b-a04f-099d64f682ac","local_time":"20210218130403","is_ascension_mode":true,"campfire_choices":[{"data":"Clash","floor":7,"key":"SMITH"},{"data":"Demon Form","floor":15,"key":"SMITH"},{"floor":23,"key":"REST"},{"floor":25,"key":"REST"},{"floor":28,"key":"REST"},{"floor":32,"key":"REST"}],"circlet_count":0,"master_deck":["Strike_R","Strike_R","Strike_R","Strike_R","Strike_R","Defend_R","Defend_R","Defend_R","Defend_R","Bash","Cleave","Clash","Iron Wave","Clash+1","Perfected Strike","Clash","Flame Barrier","Shrug It Off","Seeing Red","Demon Form+1","Secret Weapon","Whirlwind","Limit Break","Twin Strike","Hallucinations","Carnage","Seeing Red+1","ReplayTheSpireMod:Splinters","Twin Strike","Headbutt","Shrug It Off","Carnage","Impervious"],"relics":["Burning Blood","ReplayTheSpireMod:TigerMarble","Centennial Puzzle","ReplayTheSpireMod:Shallot","Replay:Wax Seal","Boot","Philosopher\u0027s Stone","Bronze Scales","Girya","Nunchaku","Unceasing Top","Question Card"],"acts_visited":["Exordium","TheCity"],"potions_floor_usage":[6,8,11,12,14,14,24,29,33],"damage_taken":[{"damage":9,"enemies":"Cultist","floor":1,"turns":4},{"damage":0,"enemies":"2 Louse","floor":3,"turns":2},{"damage":5,"enemies":"Small Slimes","floor":4,"turns":3},{"damage":7,"enemies":"Gremlin Gang","floor":5,"turns":3},{"damage":6,"enemies":"Gremlin Nob","floor":6,"turns":3},{"damage":0,"enemies":"Looter","floor":8,"turns":2},{"damage":0,"enemies":"Exordium Wildlife","floor":10,"turns":2},{"damage":0,"enemies":"Exordium Thugs","floor":11,"turns":3},{"damage":0,"enemies":"Blue Slaver","floor":12,"turns":2},{"damage":0,"enemies":"Large Slime","floor":14,"turns":2},{"damage":25,"enemies":"Fading Forest","floor":16,"turns":11},{"damage":5,"enemies":"Chosen","floor":18,"turns":4},{"damage":41,"enemies":"Shell Parasite","floor":20,"turns":7},{"damage":20,"enemies":"Book of Stabbing","floor":24,"turns":4},{"damage":19,"enemies":"Sentry and Sphere","floor":27,"turns":5},{"damage":19,"enemies":"Chosen and Byrds","floor":29,"turns":6},{"damage":0,"enemies":"Colosseum Slavers","floor":30,"turns":3},{"damage":11,"enemies":"Colosseum Nobs","floor":30,"turns":4},{"damage":8,"enemies":"Centurion and Healer","floor":31,"turns":3},{"damage":93,"enemies":"Automaton","floor":33,"turns":8}],"seed_played":"6225810998510641142","potions_obtained":[{"floor":3,"key":"ElixirPotion"},{"floor":5,"key":"Fire Potion"},{"floor":6,"key":"Flashbang"},{"floor":10,"key":"Languid Potion"},{"floor":11,"key":"DuplicationPotion"},{"floor":12,"key":"BlessingOfTheForge"},{"floor":20,"key":"LifebloodPotion"},{"floor":27,"key":"Energy Potion"},{"floor":31,"key":"LiquidMemories"}],"is_trial":false,"path_per_floor":["M","T","M","M","M","E","R","M","T","M","M","M","$","M","R","B",null,"M","?","M","$","?","R","E","R","T","M","R","M","?","M","R","B"],"character_chosen":"IRONCLAD","items_purchased":["Boot","Demon Form","Secret Weapon","Seeing Red+1"],"campfire_rested":4,"item_purchase_floors":[13,13,13,21],"current_hp_per_floor":[77,77,80,80,79,79,79,80,80,80,80,80,80,80,80,61,80,80,80,45,45,45,69,55,79,79,66,80,67,68,66,80,0,0],"gold":125,"neow_bonus":"RANDOM_COMMON_RELIC","is_daily":false,"chose_seed":false,"campfire_upgraded":2,"win_rate":0.0,"timestamp":1613660643,"path_taken":["M","?","M","M","M","E","R","M","T","?","M","M","$","M","R","BOSS","M","?","M","?","?","R","E","R","T","M","R","?","?","M","R","BOSS"],"items_purchased_type":["Relic","Card","Card","Card"],"build_version":"2020-12-22","purchased_purges":0,"victory":false,"max_hp_per_floor":[80,80,80,80,80,80,80,80,80,80,80,80,80,80,80,80,80,80,80,80,80,80,80,80,80,80,80,80,80,80,80,80,80,80],"card_choices":[{"not_picked":["Wild Strike","Spot Weakness"],"picked":"Cleave","floor":1},{"not_picked":["Infernal Blade","ReplayTheSpireMod:Strike From Hell"],"picked":"Clash","floor":3},{"not_picked":["Battle Trance","ReplayReversal"],"picked":"Iron Wave","floor":4},{"not_picked":["Searing Blow","Carnage"],"picked":"Clash","floor":5},{"not_picked":["Battle Trance","Clash"],"picked":"Perfected Strike","floor":6},{"not_picked":["Headbutt","Clothesline"],"picked":"Clash","floor":8},{"not_picked":["Anger","Seeing Red"],"picked":"Flame Barrier","floor":10},{"not_picked":["Dual Wield","Anger"],"picked":"Shrug It Off","floor":11},{"not_picked":["Uppercut","Armaments"],"picked":"Seeing Red","floor":12},{"not_picked":["ReplayTheSpireMod:Strike From Hell","Dropkick"],"picked":"Whirlwind","floor":14},{"not_picked":["Feed","Reaper"],"picked":"Limit Break","floor":16},{"not_picked":["Infernal Blade","Fire Breathing+1"],"picked":"Twin Strike","floor":18},{"not_picked":["Spot Weakness+1","Heavy Blade"],"picked":"Carnage","floor":20},{"not_picked":["Replay:Undeath\u0027s Touch+1","Run Through"],"picked":"Twin Strike","floor":22},{"not_picked":["Sever Soul+1","Second Wind"],"picked":"Headbutt","floor":24},{"not_picked":["Thunderclap","ReplayTheSpireMod:Limb From Limb"],"picked":"Shrug It Off","floor":27},{"not_picked":["Run Through","ReplayTheSpireMod:Strike From Hell","Replay:Undeath\u0027s Touch"],"picked":"SKIP","floor":29},{"not_picked":["Clothesline","Combust"],"picked":"Carnage","floor":30},{"not_picked":["Clothesline","Thunderclap","Body Slam"],"picked":"Impervious","floor":31}],"player_experience":208670,"relics_obtained":[{"floor":2,"key":"Centennial Puzzle"},{"floor":6,"key":"ReplayTheSpireMod:Shallot"},{"floor":9,"key":"Replay:Wax Seal"},{"floor":22,"key":"Girya"},{"floor":24,"key":"Nunchaku"},{"floor":30,"key":"Unceasing Top"},{"floor":30,"key":"Question Card"}],"event_choices":[{"damage_healed":0,"gold_gain":0,"player_choice":"Fight","damage_taken":0,"max_hp_gain":0,"max_hp_loss":0,"event_name":"Colosseum","floor":30,"gold_loss":0},{"damage_healed":0,"gold_gain":0,"player_choice":"Fought Nobs","damage_taken":0,"max_hp_gain":0,"max_hp_loss":0,"event_name":"Colosseum","floor":30,"gold_loss":0}],"is_beta":false,"boss_relics":[{"not_picked":["Calling Bell","ChewingGum"],"picked":"Philosopher\u0027s Stone"}],"items_purged_floors":[],"is_endless":false,"potions_floor_spawned":[3,5,6,10,11,12,20,27,30,31],"killed_by":"Automaton","ascension_level":1}}