{"host":"q3vq4336jf8kx1x8","time":1613649101,"event":{"mods":["BaseMod","Colored Powertips","Downfall","Minty Spire (QoL Compilation)","StSLib"],"gold_per_floor":[99,118,118,131,149,149,149,249,149,163,163,182,202,221,236,236,236,236],"floor_reached":16,"language":"DEU","playtime":2620,"items_purged":[],"score":96,"play_id":"d992a876-0017-457f-be86-d881ce78b06e","local_time":"20210218125141","is_ascension_mode":false,"campfire_choices":[{"floor":1.0,"key":"RECALL"},{"data":"Guardian:TwinSlam","floor":9,"key":"SMITH"},{"data":"Guardian:CurlUp","floor":11,"key":"SMITH"}],"circlet_count":0,"master_deck":["Guardian:Strike_Guardian+1","Guardian:Strike_Guardian","Guardian:Strike_Guardian+1","Guardian:Strike_Guardian","Guardian:Defend_Guardian+1","Guardian:Defend_Guardian","Guardian:Defend_Guardian","Guardian:Defend_Guardian","Guardian:CurlUp+1","Guardian:TwinSlam+1","downfall:Malfunctioning","Guardian:RevengeProtocol","Guardian:ChargeCore","Regret","Guardian:Recover","Guardian:MultiBeam","Guardian:ShieldCharger","Guardian:Gem_Orange"],"relics":["Guardian:ModeShifter","Gremlin Horn","Centennial Puzzle","downfall:HeartBlessingRed"],"acts_visited":["Exordium"],"potions_floor_usage":[16,16,16],"damage_taken":[{"damage":0.0,"enemies":"Small Slimes","floor":2.0,"turns":4.0},{"damage":0,"enemies":"2 Louse","floor":4,"turns":4},{"damage":1,"enemies":"Cultist","floor":5,"turns":4},{"damage":14,"enemies":"Large Slime","floor":10,"turns":7},{"damage":2,"enemies":"Gremlin Gang","floor":12,"turns":2},{"damage":8,"enemies":"Blue Slaver","floor":13,"turns":4},{"damage":3,"enemies":"2 Fungi Beasts","floor":14,"turns":3},{"damage":0,"enemies":"Lots of Slimes","floor":15,"turns":1},{"damage":102,"enemies":"DF_ARCHETYPE_STREAMLINE","floor":16,"turns":14}],"seed_played":"-8461406891265948699","potions_obtained":[{"floor":2.0,"key":"EntropicBrew"},{"floor":10,"key":"BlessingOfTheForge"},{"floor":13,"key":"LiquidMemories"},{"floor":15,"key":"DuplicationPotion"}],"is_trial":false,"path_per_floor":["R","M","?","M","M","?","T","?","R","M","R","M","M","M","M","B"],"character_chosen":"GUARDIAN","items_purchased":[],"campfire_rested":0,"item_purchase_floors":[],"current_hp_per_floor":[88,88,88,88,87,87,87,87,87,73,73,71,63,60,60,0,0,0],"gold":236,"neow_bonus":"TEN_PERCENT_HP_BONUS","is_daily":false,"chose_seed":false,"campfire_upgraded":2,"win_rate":0.0,"timestamp":1613649101,"path_taken":["R","M","?","M","M","?","T","?","R","M","R","M","M","M","M","BOSS"],"items_purchased_type":[],"build_version":"2020-12-22","purchased_purges":0,"victory":false,"max_hp_per_floor":[88,88,88,88,88,88,88,88,88,88,88,88,88,88,88,88,88,88],"card_choices":[{"not_picked":["Guardian:Gem_White","Guardian:Suspension"],"picked":"Guardian:Gem_Lightblue","floor":2.0},{"not_picked":["Guardian:Suspension","Guardian:Gem_Cyan"],"picked":"Guardian:RevengeProtocol","floor":4},{"not_picked":["Guardian:TemporalStrike","Guardian:RollAttack"],"picked":"Guardian:ChargeCore","floor":5},{"not_picked":["Guardian:Reroute","Guardian:BodySlam"],"picked":"Guardian:Gem_Green","floor":10},{"not_picked":["Guardian:RollAttack","Guardian:Preprogram"],"picked":"Guardian:Recover","floor":12},{"not_picked":["Guardian:Gem_Green","Guardian:TemporalStrike"],"picked":"Guardian:MultiBeam","floor":13},{"not_picked":["Guardian:PrimingBeam","Guardian:Gem_Red"],"picked":"Guardian:ShieldCharger","floor":14},{"not_picked":["Guardian:Gem_Fragmented","Guardian:BronzeArmor"],"picked":"Guardian:Gem_Orange","floor":15}],"player_experience":165330,"relics_obtained":[{"floor":7,"key":"Centennial Puzzle"}],"event_choices":[{"damage_healed":0,"gold_gain":0,"player_choice":"Box","damage_taken":0,"relics_obtained":["Gremlin Horn"],"max_hp_gain":0,"max_hp_loss":0,"event_name":"Big Fish","floor":6,"gold_loss":0,"cards_obtained":["Regret"]}],"is_beta":false,"boss_relics":[],"items_purged_floors":[],"is_endless":false,"potions_floor_spawned":[2,10,13,15],"killed_by":"DF_ARCHETYPE_STREAMLINE","ascension_level":0}}