{"host":"abdxwahegzejqccj","time":1613640348,"event":{"mods":["BaseMod","Better Note","BetterRewards","Colored Powertips","Downfall","Hermit","Minty Spire (QoL Compilation)","StSLib","The Cursed"],"gold_per_floor":[109,123,140,158,177,177,6,38,38,64,26,39,50,62,62,162,162,178,196,206,0,16,50,50,80,131,141,151,29,29,43,43,43,43],"floor_reached":33,"language":"ENG","playtime":1598,"items_purged":["Strike_B"],"score":546,"play_id":"88a9700b-fcdb-4014-8002-bc18ad4ccc9e","local_time":"20210218202548","is_ascension_mode":true,"campfire_choices":[{"data":"Zap","floor":6,"key":"SMITH"},{"data":"Beam Cell","floor":15,"key":"SMITH"},{"data":"Beam Cell","floor":24,"key":"SMITH"},{"floor":32,"key":"REST"}],"circlet_count":0,"master_deck":["Strike_B","Strike_B","Strike_B","Defend_B","Defend_B","Defend_B","Defend_B","Zap+1","Dualcast","Finesse","Melter","Sweeping Beam","Sweeping Beam","Leap","Glacier","Panache","Beam Cell+1","Good Instincts","Beam Cell+1","Go for the Eyes","Machine Learning","Rip and Tear","Capacitor","Rip and Tear","Echo Form","Flash of Steel","Writhe","Rip and Tear+1"],"relics":["Cracked Core","Membership Card","Thread and Needle","Vajra","Toy Ornithopter","PreservedInsect","Nuclear Battery","Oddly Smooth Stone","Runic Capacitor","Darkstone Periapt","CaptainsWheel","Dream Catcher","HandDrill","White Beast Statue"],"acts_visited":["Exordium","TheCity"],"potions_floor_usage":[4,8,18,22,25,25,31,33],"damage_taken":[{"damage":0,"enemies":"Jaw Worm","floor":1,"turns":3},{"damage":0,"enemies":"2 Louse","floor":2,"turns":2},{"damage":0,"enemies":"Small Slimes","floor":3,"turns":2},{"damage":7,"enemies":"Exordium Wildlife","floor":4,"turns":2},{"damage":4,"enemies":"3 Louse","floor":5,"turns":2},{"damage":0,"enemies":"Gremlin Nob","floor":8,"turns":4},{"damage":6,"enemies":"Lagavulin","floor":10,"turns":6},{"damage":0,"enemies":"Large Slime","floor":12,"turns":5},{"damage":0,"enemies":"Exordium Thugs","floor":13,"turns":4},{"damage":0,"enemies":"Exordium Wildlife","floor":14,"turns":4},{"damage":8,"enemies":"Hexaghost","floor":16,"turns":8},{"damage":9,"enemies":"2 Thieves","floor":18,"turns":3},{"damage":17,"enemies":"Shell Parasite","floor":19,"turns":4},{"damage":18,"enemies":"Snake Plant","floor":20,"turns":4},{"damage":10,"enemies":"Chosen and Byrds","floor":22,"turns":5},{"damage":24,"enemies":"Slavers","floor":23,"turns":3},{"damage":0,"enemies":"Gremlin Leader","floor":25,"turns":4},{"damage":7,"enemies":"Centurion and Healer","floor":27,"turns":3},{"damage":2,"enemies":"Cultist and Chosen","floor":28,"turns":4},{"damage":4,"enemies":"Shelled Parasite and Fungi","floor":31,"turns":4},{"damage":63,"enemies":"Automaton","floor":33,"turns":6}],"seed_played":"5025226934936331590","potions_obtained":[{"floor":1,"key":"DistilledChaos"},{"floor":4,"key":"Guardian:BlockOnCardUsePotion"},{"floor":8,"key":"PotionOfCapacity"},{"floor":12,"key":"FocusPotion"},{"floor":13,"key":"Weak Potion"},{"floor":16,"key":"PowerPotion"},{"floor":19,"key":"Explosive Potion"},{"floor":22,"key":"SpeedPotion"},{"floor":28,"key":"SpeedPotion"},{"floor":31,"key":"LiquidBronze"}],"is_trial":false,"path_per_floor":["M","M","M","M","M","R","$","E","T","E","$","M","M","M","R","B",null,"M","M","M","$","M","E","R","E","T","M","M","$","?","M","R","B"],"character_chosen":"DEFECT","items_purchased":["Membership Card","Thread and Needle","Finesse","Melter","Panache","Beam Cell","Good Instincts","Oddly Smooth Stone","Runic Capacitor","Capacitor","Rip and Tear","HandDrill","Flash of Steel"],"campfire_rested":1,"item_purchase_floors":[0,0,0,0,7,7,7,21,21,21,21,29,29],"current_hp_per_floor":[62,62,62,55,51,51,51,51,51,45,45,45,45,45,45,37,75,66,49,31,31,26,2,2,12,12,5,3,3,9,10,34,0,0],"gold":43,"neow_bonus":"","is_daily":false,"chose_seed":false,"campfire_upgraded":3,"win_rate":0.0,"timestamp":1613640348,"path_taken":["M","M","M","M","M","R","$","E","T","E","$","M","M","M","R","BOSS","M","M","M","$","M","E","R","E","T","M","M","$","?","M","R","BOSS"],"items_purchased_type":["Relic","Relic","Card","Card","Card","Card","Card","Relic","Relic","Card","Card","Relic","Card"],"build_version":"2020-12-22","purchased_purges":1,"victory":false,"max_hp_per_floor":[75,75,75,75,75,75,75,75,75,75,75,75,75,75,75,75,75,75,75,75,75,75,75,75,75,75,75,75,75,81,81,81,81,81],"card_choices":[{"not_picked":["Compile Driver","Gash"],"picked":"Sweeping Beam","floor":1},{"not_picked":["Steam","Blizzard"],"picked":"Sweeping Beam","floor":2},{"not_picked":["Chill","Force Field"],"picked":"Leap","floor":3},{"not_picked":["Streamline","Recycle","Go for the Eyes"],"picked":"SKIP","floor":4},{"not_picked":["Rebound","Storm"],"picked":"Glacier","floor":5},{"not_picked":["Consume","Meteor Strike","Heatsinks"],"picked":"SKIP","floor":8},{"not_picked":["Fission","Stack"],"picked":"Beam Cell","floor":10},{"not_picked":["Compile Driver","Streamline"],"picked":"Go for the Eyes","floor":12},{"not_picked":["Coolheaded","Aggregate","Leap"],"picked":"SKIP","floor":13},{"not_picked":["Double Energy","Stack","Biased Cognition"],"picked":"SKIP","floor":14},{"not_picked":["Buffer","Amplify"],"picked":"Machine Learning","floor":16},{"not_picked":["Beam Cell","Skim"],"picked":"Rip and Tear","floor":18},{"not_picked":["Barrage+1","Conserve Battery","Go for the Eyes"],"picked":"SKIP","floor":19},{"not_picked":["Stack","Sweeping Beam","Redo"],"picked":"SKIP","floor":20},{"not_picked":["Turbo","Redo","Compile Driver"],"picked":"SKIP","floor":22},{"not_picked":["Beam Cell","Coolheaded"],"picked":"Echo Form","floor":23},{"not_picked":["Turbo+1","Skim","Fusion"],"picked":"SKIP","floor":25},{"not_picked":["Turbo","Reinforced Body","Conserve Battery+1"],"picked":"SKIP","floor":27},{"not_picked":["Genetic Algorithm","Reprogram","Beam Cell"],"picked":"SKIP","floor":28},{"not_picked":["Coolheaded","Doom and Gloom","Steam"],"picked":"SKIP","floor":31},{"not_picked":["Turbo+1","Leap+1"],"picked":"Rip and Tear+1","floor":32}],"player_experience":407861,"relics_obtained":[{"floor":8,"key":"Vajra"},{"floor":9,"key":"Toy Ornithopter"},{"floor":10,"key":"PreservedInsect"},{"floor":23,"key":"Darkstone Periapt"},{"floor":25,"key":"CaptainsWheel"},{"floor":26,"key":"Dream Catcher"}],"event_choices":[{"damage_healed":0,"gold_gain":0,"player_choice":"Opened","damage_taken":0,"relics_obtained":["White Beast Statue"],"max_hp_gain":0,"max_hp_loss":0,"event_name":"The Mausoleum","floor":30,"gold_loss":0,"cards_obtained":["Writhe"]}],"is_beta":false,"boss_relics":[{"not_picked":["Runic Dome","Astrolabe"],"picked":"Nuclear Battery"}],"items_purged_floors":[11],"is_endless":false,"potions_floor_spawned":[1,4,8,12,13,14,16,19,20,22,28,31],"killed_by":"Automaton","ascension_level":4}}