{"host":"89iuq2p5kwriuwfq","time":1613659880,"event":{"mods":["BaseMod","Curses Come First","Minty Spire (QoL Compilation)","Permanent Neow","StSLib"],"gold_per_floor":[118,118,129,129,149,175,175,203,284,294,313,323,352,352,352,426,426,440,459,384,396,406,406,99,127,127,127,127],"floor_reached":27,"language":"ENG","playtime":1346,"items_purged":["Strike_B"],"score":503,"play_id":"08ebf8e1-4c53-44be-a031-d51c4d61decd","local_time":"20210218145120","is_ascension_mode":true,"campfire_choices":[{"data":"Self Repair","floor":7,"key":"SMITH"},{"data":"Storm","floor":15,"key":"SMITH"},{"data":"Capacitor","floor":23,"key":"SMITH"}],"circlet_count":0,"master_deck":["AscendersBane","Strike_B","Strike_B","Strike_B+1","Defend_B","Defend_B","Defend_B+1","Zap+1","Dualcast","Self Repair+1","Sweeping Beam","Storm+1","Machine Learning","White Noise","Consume","Self Repair","Creative AI","BootSequence","Capacitor+1","Storm","Conserve Battery"],"relics":["Cracked Core","Ginger","Lantern","StrikeDummy","Akabeko","Sozu","PreservedInsect","Happy Flower","Girya"],"acts_visited":["Exordium","TheCity"],"potions_floor_usage":[6,18,27],"damage_taken":[{"damage":8,"enemies":"Small Slimes","floor":1,"turns":3},{"damage":7,"enemies":"Jaw Worm","floor":3,"turns":4},{"damage":1,"enemies":"2 Louse","floor":5,"turns":4},{"damage":30,"enemies":"Gremlin Nob","floor":6,"turns":4},{"damage":22,"enemies":"Lagavulin","floor":8,"turns":6},{"damage":9,"enemies":"2 Fungi Beasts","floor":10,"turns":3},{"damage":5,"enemies":"Exordium Wildlife","floor":11,"turns":2},{"damage":0,"enemies":"Large Slime","floor":12,"turns":2},{"damage":24,"enemies":"3 Sentries","floor":13,"turns":5},{"damage":0,"enemies":"Slime Boss","floor":16,"turns":8},{"damage":21,"enemies":"3 Byrds","floor":18,"turns":4},{"damage":2,"enemies":"Chosen","floor":19,"turns":3},{"damage":36,"enemies":"Centurion and Healer","floor":21,"turns":6},{"damage":18,"enemies":"Snecko","floor":22,"turns":4},{"damage":36,"enemies":"Book of Stabbing","floor":25,"turns":4},{"damage":24,"enemies":"Slavers","floor":27,"turns":1}],"seed_played":"-6885647650494985461","potions_obtained":[{"floor":3,"key":"AttackPotion"},{"floor":8,"key":"FocusPotion"},{"floor":10,"key":"FearPotion"},{"floor":16,"key":"Block Potion"}],"is_trial":false,"path_per_floor":["M","?","M","?","M","E","R","E","T","M","M","M","E","?","R","B",null,"M","M","?","M","M","R","$","E","T","E"],"character_chosen":"DEFECT","items_purchased":["PreservedInsect","Storm"],"campfire_rested":0,"item_purchase_floors":[24,24],"current_hp_per_floor":[60,45,45,70,75,52,52,40,40,41,46,56,42,42,42,59,71,67,72,72,53,42,42,42,23,23,0,0],"gold":127,"neow_bonus":"UPGRADE_CARD","is_daily":false,"chose_seed":false,"campfire_upgraded":3,"win_rate":0.0,"timestamp":1613659880,"path_taken":["M","?","M","?","M","E","R","E","T","?","M","M","E","?","R","BOSS","M","M","?","M","M","R","$","E","T","E"],"items_purchased_type":["Relic","Card"],"build_version":"2020-12-22","purchased_purges":1,"victory":false,"max_hp_per_floor":[75,75,75,75,75,75,75,75,75,75,75,75,75,75,75,75,75,75,75,75,75,75,75,75,75,75,75,75],"card_choices":[{"not_picked":["Sweeping Beam","Barrage"],"picked":"Self Repair","floor":1},{"not_picked":["Conserve Battery","White Noise","Barrage"],"picked":"SKIP","floor":3},{"not_picked":["Coolheaded","Stack"],"picked":"Sweeping Beam","floor":5},{"not_picked":["Hologram","Rebound"],"picked":"Storm","floor":6},{"not_picked":["Reinforced Body","Hologram","Blizzard"],"picked":"SKIP","floor":8},{"not_picked":["Beam Cell","Conserve Battery"],"picked":"Machine Learning","floor":10},{"not_picked":["Barrage","Lockon"],"picked":"White Noise","floor":11},{"not_picked":["Leap","Streamline"],"picked":"Consume","floor":12},{"not_picked":["Static Discharge","Stack"],"picked":"Self Repair","floor":13},{"not_picked":["Hyperbeam","Electrodynamics"],"picked":"Creative AI","floor":16},{"not_picked":["Compile Driver+1","Cold Snap"],"picked":"BootSequence","floor":18},{"not_picked":["Barrage","Stack","Cold Snap"],"picked":"SKIP","floor":19},{"not_picked":["Sweeping Beam","Redo","Thunder Strike"],"picked":"SKIP","floor":21},{"not_picked":["Hologram","Barrage+1"],"picked":"Capacitor","floor":22},{"not_picked":["Go for the Eyes+1","Redo"],"picked":"Conserve Battery","floor":25}],"player_experience":722037,"relics_obtained":[{"floor":6,"key":"Ginger"},{"floor":8,"key":"Lantern"},{"floor":9,"key":"StrikeDummy"},{"floor":13,"key":"Akabeko"},{"floor":25,"key":"Happy Flower"},{"floor":26,"key":"Girya"}],"event_choices":[{"damage_healed":0,"gold_gain":0,"player_choice":"Entered Light","damage_taken":15,"max_hp_gain":0,"max_hp_loss":0,"event_name":"Shining Light","floor":2,"gold_loss":0,"cards_upgraded":["Defend_B","Strike_B"]},{"damage_healed":25,"gold_gain":0,"player_choice":"Banana","damage_taken":0,"max_hp_gain":0,"max_hp_loss":0,"event_name":"Big Fish","floor":4,"gold_loss":0},{"damage_healed":0,"gold_gain":0,"player_choice":"Ignored","damage_taken":0,"max_hp_gain":0,"max_hp_loss":0,"event_name":"Liars Game","floor":14,"gold_loss":0},{"cards_removed":["Defend_B"],"damage_healed":0,"gold_gain":0,"player_choice":"Gave Gold","damage_taken":0,"max_hp_gain":0,"max_hp_loss":0,"event_name":"Beggar","floor":20,"gold_loss":75}],"is_beta":false,"boss_relics":[{"not_picked":["Empty Cage","SacredBark"],"picked":"Sozu"}],"items_purged_floors":[24],"is_endless":false,"potions_floor_spawned":[3,8,10,16,19,22,25],"killed_by":"Slavers","ascension_level":13}}