{"host":"4i5my69dv6e41930","time":1613683662,"event":{"mods":["AchievementEnabler","BaseMod","Minty Spire (QoL Compilation)","Relic Stats"],"gold_per_floor":[119,119,119,194,210,210,237,250,321,341,357,159,159,190,190,290,290,310,324,324,324,341,341,356,386,411,429,444,444,472,490,490,589,589,606,178,178,178,529,529,563,577,577,109,109,109,109,127,127,127,127,127,127,157,157],"floor_reached":56,"language":"ENG","playtime":6572,"items_purged":["Strike_G","Strike_G","Underhanded Strike+1"],"score":1273,"play_id":"e61eb225-d105-4263-8bcb-cc53a6a5058c","local_time":"20210218162742","is_ascension_mode":true,"campfire_choices":[{"data":"Blade Dance","floor":6.0,"key":"SMITH"},{"data":"Deadly Poison","floor":13.0,"key":"SMITH"},{"data":"Neutralize","floor":15.0,"key":"SMITH"},{"data":"Malaise","floor":23.0,"key":"SMITH"},{"data":"Wraith Form v2","floor":29.0,"key":"SMITH"},{"data":"Well Laid Plans","floor":32.0,"key":"SMITH"},{"data":"Backflip","floor":40.0,"key":"SMITH"},{"data":"Noxious Fumes","floor":45.0,"key":"SMITH"},{"data":"Bouncing Flask","floor":47.0,"key":"SMITH"},{"floor":49.0,"key":"RECALL"},{"data":"Backflip","floor":52.0,"key":"SMITH"}],"circlet_count":0,"master_deck":["Defend_G","Defend_G","Defend_G","Defend_G","Defend_G","Survivor","Neutralize+1","Blade Dance+1","Deadly Poison+1","Blade Dance","Dagger Spray","Dash","Malaise+1","Prepared+1","Riddle With Holes+1","Backflip+1","Cloak And Dagger","Catalyst+1","PiercingWail","Wraith Form v2+1","Well Laid Plans+1","Adrenaline","Footwork+1","Master of Strategy","Backflip+1","PiercingWail+1","Noxious Fumes+1","Bouncing Flask+1","Acrobatics+1","After Image"],"relics":["Ring of the Snake","Art of War","Akabeko","Meat on the Bone","Bag of Marbles","Astrolabe","Pear","Oddly Smooth Stone","Philosopher\u0027s Stone","TwistedFunnel","Old Coin","Boot","Singing Bowl","Chemical X","Turnip"],"acts_visited":["Exordium","TheCity","TheBeyond","TheEnding"],"potions_floor_usage":[55,55],"damage_taken":[{"damage":0.0,"enemies":"Small Slimes","floor":1.0,"turns":4.0},{"damage":0.0,"enemies":"2 Louse","floor":5.0,"turns":3.0},{"damage":29.0,"enemies":"Lagavulin","floor":7.0,"turns":10.0},{"damage":0.0,"enemies":"Jaw Worm","floor":8.0,"turns":2.0},{"damage":0.0,"enemies":"Gremlin Gang","floor":10.0,"turns":1.0},{"damage":0.0,"enemies":"Exordium Thugs","floor":11.0,"turns":2.0},{"damage":0.0,"enemies":"3 Sentries","floor":14.0,"turns":3.0},{"damage":23.0,"enemies":"The Guardian","floor":16.0,"turns":12.0},{"damage":4.0,"enemies":"Shell Parasite","floor":18.0,"turns":5.0},{"damage":2.0,"enemies":"2 Thieves","floor":19.0,"turns":2.0},{"damage":2.0,"enemies":"Shelled Parasite and Fungi","floor":22.0,"turns":4.0},{"damage":4.0,"enemies":"Centurion and Healer","floor":24.0,"turns":4.0},{"damage":15.0,"enemies":"Book of Stabbing","floor":25.0,"turns":4.0},{"damage":0.0,"enemies":"3 Cultists","floor":27.0,"turns":2.0},{"damage":12.0,"enemies":"Snecko","floor":28.0,"turns":6.0},{"damage":9.0,"enemies":"Gremlin Leader","floor":30.0,"turns":5.0},{"damage":0.0,"enemies":"Cultist and Chosen","floor":31.0,"turns":6.0},{"damage":31.0,"enemies":"Champ","floor":33.0,"turns":17.0},{"damage":3.0,"enemies":"Orb Walker","floor":35.0,"turns":3.0},{"damage":1.0,"enemies":"2 Orb Walkers","floor":39.0,"turns":5.0},{"damage":11.0,"enemies":"Giant Head","floor":41.0,"turns":6.0},{"damage":0.0,"enemies":"3 Darklings","floor":42.0,"turns":3.0},{"damage":0.0,"enemies":"Maw","floor":48.0,"turns":7.0},{"damage":22.0,"enemies":"Awakened One","floor":50.0,"turns":19.0},{"damage":13.0,"enemies":"Shield and Spear","floor":54.0,"turns":8.0},{"damage":54,"enemies":"The Heart","floor":55,"turns":10}],"seed_played":"4878707651850059763","potions_obtained":[{"floor":1.0,"key":"SkillPotion"},{"floor":8.0,"key":"Weak Potion"},{"floor":10.0,"key":"ColorlessPotion"},{"floor":11.0,"key":"FairyPotion"},{"floor":16.0,"key":"Explosive Potion"},{"floor":25.0,"key":"Explosive Potion"},{"floor":27.0,"key":"Swift Potion"},{"floor":28.0,"key":"LiquidMemories"},{"floor":33.0,"key":"Dexterity Potion"},{"floor":39.0,"key":"Poison Potion"}],"is_trial":false,"path_per_floor":["M","?","?","?","M","R","E","M","T","M","M","$","R","E","R","B",null,"M","M","?","?","M","R","M","E","T","M","M","R","E","M","R","B",null,"M","$","?","?","?","R","E","M","T","$","R","$","R","M","R","B",null,"R","$","E","B",null],"character_chosen":"THE_SILENT","items_purchased":["Dash","PowerPotion","Master of Strategy","TwistedFunnel","Noxious Fumes","Bouncing Flask","Chemical X","LiquidBronze"],"campfire_rested":0,"item_purchase_floors":[12,12,36,36,44,44,44,44],"current_hp_per_floor":[70,70,70,63,63,63,34,34,34,46,46,46,46,46,46,35,70,66,64,64,64,62,62,58,53,53,53,41,41,44,44,44,25,80,77,77,77,77,76,76,65,65,65,65,65,65,65,65,65,43,80,80,80,67,25],"gold":157,"neow_bonus":"RANDOM_COMMON_RELIC","is_daily":false,"chose_seed":false,"campfire_upgraded":10,"win_rate":0.0,"timestamp":1613683662,"path_taken":["M","?","?","?","?","R","E","M","T","M","M","$","R","E","R","BOSS","M","M","?","?","?","R","?","E","T","M","M","R","E","M","R","BOSS","M","$","?","?","?","R","E","M","T","$","R","?","R","M","R","BOSS","R","$","E","BOSS"],"items_purchased_type":["Card","Potion","Card","Relic","Card","Card","Relic","Potion"],"build_version":"2020-12-22","purchased_purges":3,"victory":true,"max_hp_per_floor":[70,70,70,70,70,70,70,70,70,70,70,70,70,70,70,70,70,70,70,70,70,70,70,70,80,80,80,80,80,80,80,80,80,80,80,80,80,80,80,80,80,80,80,80,80,80,80,80,80,80,80,80,80,80,80],"relic_stats":{"Singing Bowl":0,"counters":[26,153],"Astrolabe":["Underhanded Strike","Prepared","Riddle With Holes"],"Turnip":[2],"Art of War":[30],"Chemical X":[5],"Boot":[92],"obtain_stats":[{"TwistedFunnel":36,"Pear":25,"Singing Bowl":43,"Astrolabe":17,"Oddly Smooth Stone":30,"Boot":41,"Akabeko":7,"Old Coin":39,"Philosopher\u0027s Stone":34,"Turnip":54,"Art of War":0,"Bag of Marbles":14,"Chemical X":44,"Ring of the Snake":0,"Meat on the Bone":9},{"TwistedFunnel":19,"Pear":13,"Singing Bowl":22,"Astrolabe":8,"Oddly Smooth Stone":16,"Boot":21,"Akabeko":3,"Old Coin":20,"Philosopher\u0027s Stone":18,"Turnip":25,"Art of War":0,"Bag of Marbles":7,"Chemical X":22,"Ring of the Snake":0,"Meat on the Bone":4},{"TwistedFunnel":95,"Pear":56,"Singing Bowl":109,"Astrolabe":37,"Oddly Smooth Stone":69,"Boot":106,"Akabeko":17,"Old Coin":100,"Philosopher\u0027s Stone":92,"Turnip":143,"Art of War":0,"Bag of Marbles":25,"Chemical X":109,"Ring of the Snake":0,"Meat on the Bone":19}],"Ring of the Snake":[52],"Meat on the Bone":60},"card_choices":[{"not_picked":["Outmaneuver","Deflect"],"picked":"Blade Dance","floor":1.0},{"not_picked":["Eviscerate","Underhanded Strike"],"picked":"Deadly Poison","floor":5.0},{"not_picked":["Masterful Stab","Distraction"],"picked":"Dagger Spray","floor":7.0},{"not_picked":["Cloak And Dagger","Backflip"],"picked":"Blade Dance","floor":8.0},{"not_picked":["Blade Dance","Flechettes"],"picked":"Dagger Spray","floor":10.0},{"not_picked":["Underhanded Strike","Quick Slash","Caltrops"],"picked":"SKIP","floor":11.0},{"not_picked":["Phantasmal Killer","Flying Knee","Reflex"],"picked":"SKIP","floor":14.0},{"not_picked":["After Image","Venomology"],"picked":"Malaise","floor":16.0},{"not_picked":["Setup","Flechettes","Caltrops+1"],"picked":"SKIP","floor":18.0},{"not_picked":["Deflect","Setup","Deadly Poison"],"picked":"SKIP","floor":19.0},{"not_picked":["Outmaneuver","Deadly Poison","Poisoned Stab"],"picked":"SKIP","floor":22.0},{"not_picked":["Terror","Slice+1"],"picked":"Catalyst+1","floor":24.0},{"not_picked":["Poisoned Stab","Escape Plan"],"picked":"PiercingWail","floor":25.0},{"not_picked":["Dodge and Roll","Quick Slash"],"picked":"Wraith Form v2","floor":27.0},{"not_picked":["Bane+1","Poisoned Stab","Blade Dance"],"picked":"SKIP","floor":28.0},{"not_picked":["Expertise","Infinite Blades","Slice+1"],"picked":"SKIP","floor":30.0},{"not_picked":["Blade Dance+1","A Thousand Cuts"],"picked":"Well Laid Plans","floor":31.0},{"not_picked":["Phantasmal Killer","Bullet Time"],"picked":"Adrenaline","floor":33.0},{"not_picked":["Well Laid Plans+1","Prepared+1"],"picked":"Footwork+1","floor":35.0},{"not_picked":["Acrobatics+1","Infinite Blades+1"],"picked":"Backflip","floor":39.0},{"not_picked":["Expertise","Heel Hook+1","Masterful Stab+1"],"picked":"SKIP","floor":41.0},{"not_picked":["Quick Slash+1","Sucker Punch"],"picked":"PiercingWail+1","floor":42.0},{"not_picked":["Reflex","Blade Dance+1"],"picked":"Acrobatics+1","floor":48.0},{"not_picked":["Sucker Punch+1","Dagger Throw"],"picked":"After Image","floor":54.0}],"player_experience":45072,"relics_obtained":[{"floor":7.0,"key":"Akabeko"},{"floor":9.0,"key":"Meat on the Bone"},{"floor":14.0,"key":"Bag of Marbles"},{"floor":25.0,"key":"Pear"},{"floor":30.0,"key":"Oddly Smooth Stone"},{"floor":39.0,"key":"Old Coin"},{"floor":41.0,"key":"Boot"},{"floor":43.0,"key":"Singing Bowl"},{"floor":54.0,"key":"Turnip"}],"event_choices":[{"damage_healed":0.0,"max_hp_gain":0.0,"max_hp_loss":0.0,"gold_gain":0.0,"event_name":"The Cleric","player_choice":"Leave","floor":2.0,"gold_loss":0.0,"damage_taken":0.0},{"damage_healed":0.0,"max_hp_gain":0.0,"max_hp_loss":0.0,"gold_gain":0.0,"event_name":"Golden Wing","player_choice":"Ignored","floor":3.0,"gold_loss":0.0,"damage_taken":0.0},{"damage_healed":0.0,"max_hp_gain":0.0,"max_hp_loss":0.0,"gold_gain":75.0,"event_name":"FaceTrader","player_choice":"Touch","floor":4.0,"gold_loss":0.0,"damage_taken":7.0},{"damage_healed":0.0,"max_hp_gain":0.0,"max_hp_loss":0.0,"gold_gain":0.0,"event_name":"The Library","player_choice":"Read","floor":20.0,"gold_loss":0.0,"damage_taken":0.0,"cards_obtained":["Backflip"]},{"damage_healed":0.0,"max_hp_gain":0.0,"max_hp_loss":0.0,"gold_gain":0.0,"event_name":"Match and Keep!","player_choice":"1 cards matched","floor":21.0,"gold_loss":0.0,"damage_taken":0.0,"cards_obtained":["Cloak And Dagger"]},{"cards_removed":["Dagger Spray"],"damage_healed":0.0,"max_hp_gain":0.0,"max_hp_loss":0.0,"gold_gain":0.0,"event_name":"Falling","player_choice":"Removed Attack","floor":37.0,"gold_loss":0.0,"damage_taken":0.0},{"damage_healed":0.0,"max_hp_gain":0.0,"max_hp_loss":0.0,"gold_gain":0.0,"event_name":"Tomb of Lord Red Mask","player_choice":"Ignored","floor":38.0,"gold_loss":0.0,"damage_taken":0.0},{"damage_healed":0.0,"max_hp_gain":0.0,"max_hp_loss":0.0,"gold_gain":0.0,"event_name":"Mysterious Sphere","player_choice":"Fight","floor":39.0,"gold_loss":0.0,"damage_taken":0.0}],"is_beta":false,"boss_relics":[{"not_picked":["WristBlade","Ectoplasm"],"picked":"Astrolabe"},{"not_picked":["Black Star","Velvet Choker"],"picked":"Philosopher\u0027s Stone"}],"items_purged_floors":[12,36,44],"is_endless":false,"potions_floor_spawned":[1,8,10,11,16,25,27,28,33,39],"ascension_level":1}}