{"host":"nd1mxfnoqvbitpwh","time":1613615962,"event":{"mods":["Aspiration","BaseMod","Colored Map","Colored Powertips","Conspire","Downfall","Highlight Path","Hubris","Infinite Spire","Marisa????????","Minty Spire (QoL Compilation)","Permanent Neow","Quick Restart","Remilia??????","Shop Mod","StSLib","SuperFastMode","The Animator","The Wild Card"],"gold_per_floor":[109,109,121,121,139,172,172,183,183,201,230,230,243,277,277,277,277],"floor_reached":16,"language":"ENG","playtime":449,"items_purged":[],"score":140,"play_id":"41fa9c68-ddde-4c3a-8293-980e9a3e64d9","local_time":"20210217213922","is_ascension_mode":true,"campfire_choices":[{"floor":12,"key":"REST"},{"floor":15,"key":"REST"}],"circlet_count":0,"master_deck":["Strike_RM","Strike_RM","Strike_RM","Strike_RM","Defend_RM","Defend_RM","Defend_RM","Defend_RM","RedMoon","ScarletShoot","BloodHunter","infinitespire:Collect","BombardNight","Septette","Maim","NightDance","UnstableMagic","RedRainbow","QueenOfMidnight","MastersStateliness"],"relics":["ScarletHat","infinitespire:Joker Card","Bottled Flame","infinitespire:Lucky Rock","Toy Ornithopter"],"acts_visited":["Exordium"],"potions_floor_usage":[11,11,11,14],"damage_taken":[{"damage":0,"enemies":"Cultist","floor":1,"turns":4},{"damage":2,"enemies":"Small Slimes","floor":3,"turns":5},{"damage":0,"enemies":"Jaw Worm","floor":5,"turns":3},{"damage":36,"enemies":"Lagavulin","floor":6,"turns":9},{"damage":2,"enemies":"Looter","floor":8,"turns":3},{"damage":0,"enemies":"Lots of Slimes","floor":10,"turns":2},{"damage":21,"enemies":"Gremlin Nob","floor":11,"turns":5},{"damage":7,"enemies":"Red Slaver","floor":13,"turns":3},{"damage":25,"enemies":"3 Sentries","floor":14,"turns":9},{"damage":60,"enemies":"Slime Boss","floor":16,"turns":10}],"seed_played":"8742506935291616978","potions_obtained":[{"floor":3,"key":"Fire Potion"},{"floor":6,"key":"BlessingOfTheForge"},{"floor":10,"key":"LiquidBronze"},{"floor":13,"key":"AttackPotion"}],"is_trial":false,"path_per_floor":["M","?","M","?","M","E","T","M","T","M","E","R","M","E","R","B"],"character_chosen":"REMILIA","items_purchased":[],"campfire_rested":2,"item_purchase_floors":[],"current_hp_per_floor":[82,63,64,69,70,39,39,38,38,38,19,45,38,17,43,0,0],"gold":277,"neow_bonus":"TEN_PERCENT_HP_BONUS","is_daily":false,"chose_seed":false,"campfire_upgraded":0,"win_rate":0.0,"timestamp":1613615962,"path_taken":["M","?","M","?","M","E","?","M","T","M","E","R","M","E","R","BOSS"],"items_purchased_type":[],"build_version":"2020-12-22","purchased_purges":0,"victory":false,"max_hp_per_floor":[82,82,82,87,87,87,87,87,87,87,87,87,87,87,87,87,87],"card_choices":[{"not_picked":["VampireSweep","ScarletNetherworld"],"picked":"BloodHunter","floor":1},{"not_picked":["infinitespire:FutureSight","infinitespire:SevenWalls"],"picked":"infinitespire:Collect","floor":2},{"not_picked":["BloodHunter","UltimateOffering"],"picked":"BombardNight","floor":3},{"not_picked":["UnderTheZenith","ScarletDevil"],"picked":"Septette","floor":5},{"not_picked":["DevilSight","BloodyHallows"],"picked":"Maim","floor":6},{"not_picked":["StarOfDavid","MillenniumVampire"],"picked":"NightDance","floor":8},{"not_picked":["UnderTheZenith","BlasphemousPunishment"],"picked":"UnstableMagic","floor":10},{"not_picked":["NightLord","EndlessAdversity"],"picked":"RedRainbow","floor":11},{"not_picked":["BloodHunter","VampireKiss"],"picked":"QueenOfMidnight","floor":13},{"not_picked":["ScarletImprint","BombardNight"],"picked":"MastersStateliness","floor":14}],"player_experience":182282,"relics_obtained":[{"floor":6,"key":"infinitespire:Joker Card"},{"floor":7,"key":"Bottled Flame"},{"floor":11,"key":"infinitespire:Lucky Rock"},{"floor":14,"key":"Toy Ornithopter"}],"event_choices":[{"damage_healed":0,"gold_gain":0,"player_choice":"Donut","damage_taken":0,"max_hp_gain":5,"max_hp_loss":0,"event_name":"Big Fish","floor":4,"gold_loss":0}],"is_beta":false,"boss_relics":[],"items_purged_floors":[],"is_endless":false,"potions_floor_spawned":[3,6,10,13],"killed_by":"Slime Boss","ascension_level":3}}