{"host":"373g0ui1bgeshz9m","time":1613676768,"event":{"mods":["Act Like it!","Aspiration","BaseMod","Beaked The Cultist","Better Third Choice","Colored Map","Conspire","Downfall","Halation","Hermit","Hubris","Infinite Spire","Minty Spire (QoL Compilation)","Pale of the Ancients","Permanent Neow","Quick Restart","Replay The Spire","Shade Mod","Shop Mod","Spikes Relics","StSLib","The Animator","The Bladedancer","The Florist","The Jungle","The Necromancer","The Sage","Trackpad"],"gold_per_floor":[112,112,112,130,130,165,185,185,208,65,83,93,93,93,111,142,142,238,238,248,261,261,34,54,54,54],"floor_reached":25,"language":"ENG","playtime":802,"items_purged":[],"score":329,"play_id":"4bc5f5b6-5c6c-40d8-96e8-509e1696361e","local_time":"20210218143248","is_ascension_mode":true,"campfire_choices":[{"data":"Eruption","floor":8,"key":"SMITH"},{"data":"MentalFortress","floor":17,"key":"SMITH"}],"circlet_count":0,"master_deck":["Strike_P","Strike_P","Strike_P","Strike_P+1","Defend_P","Defend_P","Defend_P","Defend_P+1","Eruption+1","Vigilance+1","CarveReality","Nirvana","DeceiveReality","ReachHeaven","Swivel","Brilliance","SandsOfTime","Tantrum","MentalFortress+1","DeusExMachina+1","FollowUp","BowlingBash+1","Crescendo+1"],"relics":["PureWater","NeowsBlessing","aspiration:ChemicalBlood","RollingBoulder","trackpad:WritersBlock","HandDrill"],"acts_visited":["Exordium","TheCity"],"potions_floor_usage":[20],"damage_taken":[{"damage":0,"enemies":"Small Slimes","floor":1,"turns":1},{"damage":0,"enemies":"Jaw Worm","floor":4,"turns":1},{"damage":0,"enemies":"3 Sentries","floor":6,"turns":1},{"damage":0,"enemies":"Cultist","floor":7,"turns":3},{"damage":0,"enemies":"Exordium Wildlife","floor":11,"turns":2},{"damage":2,"enemies":"Lots of Slimes","floor":12,"turns":3},{"damage":4,"enemies":"2 Fungi Beasts","floor":15,"turns":4},{"damage":0,"enemies":"Gremlin Nob","floor":16,"turns":2},{"damage":0,"enemies":"Slime Boss","floor":18,"turns":4},{"damage":6,"enemies":"Shell Parasite","floor":20,"turns":4},{"damage":0,"enemies":"Chosen","floor":21,"turns":3},{"damage":0,"enemies":"3 Cultists","floor":24,"turns":3},{"damage":0,"enemies":"Slavers","floor":25,"turns":1}],"seed_played":"-1442449797035222457","potions_obtained":[{"floor":1,"key":"SteroidPotion"},{"floor":6,"key":"Swift Potion"},{"floor":12,"key":"Block Potion"},{"floor":21,"key":"Dexterity Potion"}],"is_trial":false,"path_per_floor":["M","?","?","M","?","E","M","R","T","$","M","M","PTL","PTL","M","E","R","B",null,"M","M","?","$","M","E"],"character_chosen":"WATCHER","items_purchased":["ReachHeaven","Swivel","FollowUp","HandDrill","BowlingBash+1"],"campfire_rested":0,"item_purchase_floors":[10,10,23,23,23],"current_hp_per_floor":[72,58,58,58,58,58,58,58,58,58,58,56,56,56,52,52,52,52,72,66,66,66,66,66,66,66],"gold":54,"neow_bonus":"THREE_ENEMY_KILL","is_daily":false,"chose_seed":false,"campfire_upgraded":2,"win_rate":0.0,"timestamp":1613676768,"path_taken":["M","?","?","M","?","E","?","R","T","?","M","M","PTL","PTL","M","E","R","BOSS","M","?","?","$","M","E"],"items_purchased_type":["Card","Card","Card","Relic","Card"],"build_version":"2020-12-22","purchased_purges":0,"victory":false,"max_hp_per_floor":[72,72,72,72,72,72,72,72,72,72,72,72,72,72,72,72,72,72,72,72,72,72,72,72,72,72],"card_choices":[{"not_picked":["Replay:Battleflow","Swivel"],"picked":"CarveReality","floor":1},{"not_picked":["Halt","Replay:Battleflow"],"picked":"Nirvana","floor":4},{"not_picked":["EmptyFist","Halt"],"picked":"DeceiveReality","floor":6},{"not_picked":["Replay:BluntJabs","BowlingBash","SashWhip"],"picked":"SKIP","floor":7},{"not_picked":["Worship","CrushJoints"],"picked":"Brilliance","floor":11},{"not_picked":["ClearTheMind","Evaluate"],"picked":"SandsOfTime","floor":12},{"not_picked":["BattleHymn","Replay:DivineShield"],"picked":"Tantrum","floor":15},{"not_picked":["Replay:Anticipation","EmptyBody"],"picked":"MentalFortress","floor":16},{"not_picked":["Establishment","Judgement"],"picked":"DeusExMachina","floor":18},{"not_picked":["Replay:Vibes","Replay:BluntJabs+1","MentalFortress"],"picked":"SKIP","floor":20},{"not_picked":["EmptyBody","WreathOfFlame","Perseverance+1"],"picked":"SKIP","floor":21},{"not_picked":["ThirdEye+1","SashWhip"],"picked":"Crescendo+1","floor":24}],"player_experience":384045,"relics_obtained":[{"floor":6,"key":"aspiration:ChemicalBlood"},{"floor":9,"key":"RollingBoulder"},{"floor":16,"key":"trackpad:WritersBlock"}],"event_choices":[{"damage_healed":72,"gold_gain":0,"player_choice":"Upgrade","damage_taken":14,"max_hp_gain":0,"max_hp_loss":72,"event_name":"betterThird:BetterShining","floor":2,"gold_loss":0,"cards_upgraded":["Defend_P","Strike_P"]},{"damage_healed":0,"gold_gain":0,"player_choice":"Leave","damage_taken":0,"max_hp_gain":0,"max_hp_loss":0,"event_name":"conspire:Investor","floor":3,"gold_loss":0},{"damage_healed":0,"gold_gain":0,"player_choice":"Forge","damage_taken":0,"max_hp_gain":0,"max_hp_loss":0,"event_name":"Accursed Blacksmith","floor":22,"gold_loss":0,"cards_upgraded":["DeusExMachina"]}],"is_beta":false,"boss_relics":[{"not_picked":["halation:CatFaceCupcake","halation:HeavySnake","halation:Yufonium"]}],"items_purged_floors":[],"is_endless":false,"potions_floor_spawned":[1,6,12,15,21,24],"killed_by":"Slavers","ascension_level":1}}