{"host":"d52brwsy6af8zvaq","time":1613628508,"event":{"mods":["AchievementEnabler","BaseMod","Bestiary","Highlight Path","Minty Spire (QoL Compilation)","Quick Restart","Relic Stats","ojb\u0027s Better Paths Mod"],"gold_per_floor":[119,119,119,66,84,84,110,35,60,60,60,91,91,102,102,102,102],"floor_reached":16,"language":"ENG","playtime":399,"items_purged":["Strike_B"],"score":212,"play_id":"a8231d04-beb3-4a87-8e70-c251aab71ec0","local_time":"20210217230828","is_ascension_mode":true,"campfire_choices":[{"data":"Ball Lightning","floor":6.0,"key":"SMITH"},{"floor":10.0,"key":"REST"},{"data":"Reinforced Body","floor":15,"key":"SMITH"}],"circlet_count":0,"master_deck":["AscendersBane","Strike_B","Strike_B","Strike_B","Defend_B","Defend_B","Defend_B","Defend_B","Zap+1","Dualcast","Gash","Ball Lightning+1","Gash","Lockon","Gash","Reinforced Body+1"],"relics":["Cracked Core","Regal Pillow","Bronze Scales","Letter Opener"],"acts_visited":["Exordium"],"potions_floor_usage":[16],"damage_taken":[{"damage":4.0,"enemies":"Small Slimes","floor":1.0,"turns":3.0},{"damage":4.0,"enemies":"Jaw Worm","floor":5.0,"turns":3.0},{"damage":44.0,"enemies":"Gremlin Nob","floor":7.0,"turns":4.0},{"damage":25.0,"enemies":"Lagavulin","floor":12.0,"turns":6.0},{"damage":15,"enemies":"2 Louse","floor":14,"turns":2},{"damage":25,"enemies":"The Guardian","floor":16,"turns":6}],"seed_played":"-7426954555549175646","potions_obtained":[{"floor":5.0,"key":"EssenceOfDarkness"},{"floor":14,"key":"LiquidMemories"}],"is_trial":false,"path_per_floor":["M","?","?","$","M","R","E","$","T","R","?","E","?","M","R","B"],"character_chosen":"DEFECT","items_purchased":["Ball Lightning"],"campfire_rested":1,"item_purchase_floors":[4],"current_hp_per_floor":[67,72,72,72,68,68,24,24,24,63,63,38,38,23,23,0,0],"gold":102,"neow_bonus":"TEN_PERCENT_HP_BONUS","is_daily":false,"chose_seed":false,"campfire_upgraded":2,"win_rate":0.0,"timestamp":1613628508,"path_taken":["M","?","?","$","M","R","E","?","T","R","?","E","?","M","R","BOSS"],"items_purchased_type":["Card"],"build_version":"2020-12-22","purchased_purges":1,"victory":false,"max_hp_per_floor":[78,83,83,83,83,83,83,83,83,83,83,83,83,83,83,83,83],"relic_stats":{"Regal Pillow":15,"counters":[6,24],"Bronze Scales":[30],"Letter Opener":[0],"obtain_stats":[{"Regal Pillow":7,"Bronze Scales":9,"Letter Opener":12,"Cracked Core":0},{"Regal Pillow":3,"Bronze Scales":3,"Letter Opener":4,"Cracked Core":0},{"Regal Pillow":10,"Bronze Scales":10,"Letter Opener":16,"Cracked Core":0}]},"card_choices":[{"not_picked":["Redo","Capacitor"],"picked":"Gash","floor":1.0},{"not_picked":["Barrage","Leap"],"picked":"Gash","floor":5.0},{"not_picked":["Genetic Algorithm","Rebound"],"picked":"Lockon","floor":7.0},{"not_picked":["Cold Snap","Chaos"],"picked":"Gash","floor":12.0},{"not_picked":["Turbo","Sweeping Beam"],"picked":"Reinforced Body","floor":14}],"player_experience":2307976,"relics_obtained":[{"floor":7.0,"key":"Regal Pillow"},{"floor":9.0,"key":"Bronze Scales"},{"floor":12.0,"key":"Letter Opener"}],"event_choices":[{"damage_healed":0.0,"max_hp_gain":5.0,"max_hp_loss":0.0,"gold_gain":0.0,"event_name":"Big Fish","player_choice":"Donut","floor":2.0,"gold_loss":0.0,"damage_taken":0.0},{"damage_healed":0.0,"max_hp_gain":0.0,"max_hp_loss":0.0,"gold_gain":0.0,"event_name":"Living Wall","player_choice":"Grow","floor":3.0,"gold_loss":0.0,"damage_taken":0.0,"cards_upgraded":["Zap"]},{"damage_healed":0.0,"max_hp_gain":0.0,"max_hp_loss":0.0,"gold_gain":0.0,"event_name":"Shining Light","player_choice":"Ignored","floor":11.0,"gold_loss":0.0,"damage_taken":0.0},{"damage_healed":0,"gold_gain":0,"player_choice":"Searched \u00270\u0027 times","damage_taken":0,"max_hp_gain":0,"max_hp_loss":0,"event_name":"Dead Adventurer","floor":13,"gold_loss":0}],"is_beta":false,"boss_relics":[],"items_purged_floors":[8],"is_endless":false,"potions_floor_spawned":[5,14],"killed_by":"The Guardian","ascension_level":20}}