{"host":"r6z36w6seh15s9tg","time":1613671379,"event":{"mods":["ATMod(∞¢Ë™Mod)","Act Like it!","Arknights","BaseMod","Gensokyo","Minty Spire (QoL Compilation)","Reimu£®≤©¿ˆ¡È√Œ£©","Remilia£®¿Ÿ√◊¿Ú—«£©","StSLib","The Marked","The Senshi","The Servant 0.9.4","WarShipGirlsR/’ΩΩ¢…Ÿ≈ÆR mod","°æ“≈ŒÔø®≈∆°øREMEMod"],"gold_per_floor":[109,109,123,141,156,156,4,4,76,2,12,12,31,42,42,140,140,150,170,170,189,22,22,22],"floor_reached":23,"language":"ZHS","playtime":2329,"items_purged":[],"score":210,"play_id":"fb900362-ce1f-4ece-ae70-321e50050588","local_time":"20210219020259","is_ascension_mode":false,"campfire_choices":[{"data":"rmod:salvage","floor":6,"key":"SMITH"},{"data":"rmod:expedition","floor":12,"key":"SMITH"},{"data":"rmod:expedition+1","floor":15,"key":"SMITH"}],"circlet_count":0,"master_deck":["rmod:strick","rmod:strick","rmod:strick","rmod:defend","rmod:defend","rmod:defend","rmod:basicallowance","rmod:maingunfire","rmod:aluminumsupply","rmod:expedition+2","rmod:fuelsupply","rmod:salvage+1","rmod:fletcherpendant","rmod:fletcherpendant+1","rmod:openingtorpedo","rmod:fletcherpendant+1","rmod:goodsister","rmod:fletcherpendant","rmod:fletcher","rmod:fuelsupply+1","rmod:fletcherpendant+1","rmod:bulid","rmod:fletcher+1","rmod:fletcherpendant","Gensokyo:RustyChest","Gensokyo:TarnishedGold","Gensokyo:BlemishedSteel"],"relics":["rmod:firstchargereward","AT_ATBox","REME_ComplimentaryCards","Centennial Puzzle","Membership Card","Gensokyo:Justice","Letter Opener","Bag of Marbles","AT_TrinityForce","Frozen Eye"],"acts_visited":["Gensokyo:Gensokyo","Gensokyo:Gensokyoer"],"potions_floor_usage":[16,16],"damage_taken":[{"damage":0,"enemies":"Gensokyo:3_Fairies","floor":1,"turns":3},{"damage":1,"enemies":"Gensokyo:Python","floor":3,"turns":3},{"damage":0,"enemies":"Gensokyo:2_Kodama","floor":4,"turns":4},{"damage":6,"enemies":"Gensokyo:VengefulSpirit","floor":5,"turns":5},{"damage":2,"enemies":"Gensokyo:2_Rabbits","floor":11,"turns":4},{"damage":7,"enemies":"Gensokyo:Gryphon_and_Rabbit","floor":13,"turns":2},{"damage":0,"enemies":"Gensokyo:Python_and_Kodama","floor":14,"turns":2},{"damage":16,"enemies":"Gensokyo:Yukari","floor":16,"turns":9},{"damage":0,"enemies":"Gensokyo:Chomper","floor":18,"turns":2},{"damage":4,"enemies":"Gensokyo:3_Dogs","floor":19,"turns":2},{"damage":3,"enemies":"Gensokyo:3_Gloops","floor":21,"turns":3},{"damage":62,"enemies":"Gensokyo:Koishi","floor":23,"turns":6}],"seed_played":"-3514336185601744751","potions_obtained":[{"floor":3,"key":"Explosive Potion"},{"floor":5,"key":"ColorlessPotion"},{"floor":11,"key":"Strength Potion"},{"floor":21,"key":"Regen Potion"}],"is_trial":false,"path_per_floor":["M","?","M","M","M","R","$","?","T","$","M","R","M","M","R","B",null,"M","M","?","M","COS","E"],"character_chosen":"PRAEFECT","items_purchased":["Membership Card","Bag of Marbles"],"campfire_rested":0,"item_purchase_floors":[7,10],"current_hp_per_floor":[68,55,54,54,48,48,48,48,48,48,46,46,39,39,39,23,68,68,64,64,61,61,0,0],"gold":22,"neow_bonus":"REMOVE_TWO","is_daily":false,"chose_seed":false,"campfire_upgraded":3,"win_rate":0.0,"timestamp":1613671379,"path_taken":["M","?","?","?","?","R","?","?","T","$","M","R","M","M","R","BOSS","M","M","?","M","COS","E"],"items_purchased_type":["Relic","Relic"],"build_version":"2020-12-22","purchased_purges":0,"victory":false,"max_hp_per_floor":[68,68,68,68,68,68,68,68,68,68,68,68,68,68,68,68,68,68,68,68,68,68,68,68],"card_choices":[{"not_picked":["rmod:heivgo","rmod:fuelsupply"],"picked":"rmod:aluminumsupply","floor":1},{"not_picked":["rmod:ammunitionsupply","rmod:diamondstrike"],"picked":"rmod:expedition","floor":3},{"not_picked":["rmod:garrisonisland","rmod:gendarmerie"],"picked":"rmod:fuelsupply","floor":4},{"not_picked":["rmod:supportescort","rmod:heivgo"],"picked":"rmod:salvage","floor":5},{"not_picked":["rmod:wolves","rmod:smokecover"],"picked":"rmod:openingtorpedo","floor":11},{"not_picked":["rmod:unsinkable","rmod:circuitoustactics"],"picked":"rmod:goodsister","floor":13},{"not_picked":["rmod:aviationdawn","rmod:unsinkable","rmod:circuitoustactics"],"picked":"SKIP","floor":14},{"not_picked":["rmod:desperatesituation","rmod:expeditionaryescort"],"picked":"rmod:fletcher","floor":16},{"not_picked":["rmod:aviationdawn","rmod:firesupport"],"picked":"rmod:fuelsupply+1","floor":18},{"not_picked":["rmod:goodfighter+1","rmod:circuitoustactics","rmod:tearstotiara"],"picked":"SKIP","floor":19},{"not_picked":["rmod:slowdown","rmod:aluminumsupply"],"picked":"rmod:fletcherpendant","floor":21}],"player_experience":99225,"relics_obtained":[{"floor":9,"key":"Letter Opener"}],"event_choices":[],"is_beta":false,"boss_relics":[{"not_picked":["Tiny House","SlaversCollar"],"picked":"AT_TrinityForce"}],"items_purged_floors":[],"is_endless":false,"potions_floor_spawned":[3,5,11,21],"killed_by":"Gensokyo:Koishi","ascension_level":0}}