{"host":"d7v3kvhe79blqf0r","time":1613649790,"event":{"mods":["ATMod(°¢èªMod)","Act Like it!","BaseMod","CapriCore","Dota2Spire","Downfall","Gensokyo","Koishi","Lobotomy","LobotomyExtend","Marisa£¨ìFÓê¡¡Ä§ÀíÉ³£©","Minty Spire (QoL Compilation)","MostiFishMod","Quick Restart","Replay The Spire","RumiaBox-Â¶Ã×æ«µÄÉñÃØºÐ×Ó","StSLib","The Alterego","The Immortal","UnlockEverythingMod","WarShipGirlsR/Õ½½¢ÉÙÅ®R mod","Yakumo Yukari mod","Youmu£¨»êÆÇÑýÃÎ£©","Yuyuko","¡¾ÒÅÎï¿¨ÅÆ¡¿REMEMod"],"gold_per_floor":[99,117,132,152,152,52,78,78,92,92,127,147,159,159,173,275,275,75,91,172,189,189,10,10,24,24,37,37,51,51,51,69,169,169,169,179,199,209,223,86,132,132,147,22,33,33,33,45,45,45,62,62,62,62],"floor_reached":52,"language":"ZHS","playtime":4173,"items_purged":["Looming Evil","Injury","champ:BerserkersShout"],"score":537,"play_id":"4a3f3443-a037-4ed9-a44c-8d18eef365ae","local_time":"20210218200310","is_ascension_mode":false,"campfire_choices":[{"floor":1.0,"key":"RECALL"},{"data":"AT_Desolate","floor":6.0,"key":"SMITH"},{"data":"champ:StanceDance","floor":8.0,"key":"SMITH"},{"data":"champ:GladiatorForm","floor":18.0,"key":"SMITH"},{"data":"Replay:BasicMightCard","floor":26.0,"key":"SMITH"},{"data":"champ:HeavySlash","floor":28.0,"key":"SMITH"},{"data":"champ:ShieldSlam","floor":30.0,"key":"SMITH"},{"data":"champ:Execute","floor":35.0,"key":"PURGE"},{"data":"champ:UltimateStance","floor":42.0,"key":"SMITH"},{"floor":49,"key":"REST"}],"circlet_count":0,"master_deck":["champ:Taunt+1","AT_Desolate+1","MostiFishMod:InvigoratingSolution","champ:DefensiveShout","champ:BladeFlurry","champ:StanceDance+1","champ:GutPunch","champ:Circumvent","champ:GladiatorForm+1","champ:HeavySlash+1","champ:TornadoPunch","champ:ShieldSlam+1","champ:RapidStrikes+1","champ:DeathBlow","Replay:BasicMightCard+1","champ:StanceDance+1","champ:EnGarde+1","champ:StanceDance+1","champ:BringItOn+1","champ:UltimateStance+1","champ:RapidStrikes","champ:FocusedDefense","champ:GladiatorStyle","champ:ShieldSlam","champ:ShieldWall","Parasite"],"relics":["champ:ChampionCrown","AT_ATBox","REME_ComplimentaryCards","DaveBox","ArrowTower","Sundial","downfall:HeartBlessingRed","Orichalcum","Unceasing Top","GuanYuAspect","downfall:HeartBlessingBlue","downfall:HeartBlessingGreen","Akabeko","Dota2Spire:MantaStyle","Pandora\u0027s Box","ReplayTheSpireMod:CursedCoin","Calipers","Dota2Spire:MaskOfMadness"],"acts_visited":["Exordium","TheCity","TheBeyond"],"potions_floor_usage":[43,48,52,52],"damage_taken":[{"damage":0.0,"enemies":"Cultist","floor":2.0,"turns":3.0},{"damage":3.0,"enemies":"Small Slimes","floor":3.0,"turns":2.0},{"damage":0.0,"enemies":"2 Louse","floor":4.0,"turns":2.0},{"damage":22.0,"enemies":"Large Slime","floor":9.0,"turns":4.0},{"damage":8.0,"enemies":"Lagavulin","floor":11.0,"turns":5.0},{"damage":26.0,"enemies":"Gremlin Gang","floor":12.0,"turns":3.0},{"damage":2.0,"enemies":"Blue Slaver","floor":13.0,"turns":2.0},{"damage":0.0,"enemies":"2 Fungi Beasts","floor":15.0,"turns":3.0},{"damage":13.0,"enemies":"DF_ARCHETYPE_STREAMLINE","floor":16.0,"turns":5.0},{"damage":12.0,"enemies":"downfall:LooterAlt2","floor":19.0,"turns":4.0},{"damage":10.0,"enemies":"Chosen","floor":21.0,"turns":3.0},{"damage":15.0,"enemies":"downfall:FleeingMerchant","floor":23.0,"turns":4.0},{"damage":19.0,"enemies":"Sentry and Sphere","floor":25.0,"turns":3.0},{"damage":15.0,"enemies":"Chosen and Byrds","floor":27.0,"turns":4.0},{"damage":21.0,"enemies":"Centurion and Healer","floor":29.0,"turns":3.0},{"damage":14.0,"enemies":"Cultist and Chosen","floor":32.0,"turns":4.0},{"damage":20.0,"enemies":"WA_ARCHETYPE_CALM","floor":33.0,"turns":4.0},{"damage":30.0,"enemies":"3 Darklings","floor":36.0,"turns":4.0},{"damage":12.0,"enemies":"Orb Walker","floor":37.0,"turns":3.0},{"damage":41.0,"enemies":"Writhing Mass","floor":38.0,"turns":4.0},{"damage":27.0,"enemies":"4 Shapes","floor":39.0,"turns":4.0},{"damage":5.0,"enemies":"downfall:FleeingMerchant","floor":40.0,"turns":4.0},{"damage":5,"enemies":"Sphere and 2 Shapes","floor":43,"turns":3},{"damage":15,"enemies":"Writhing Mass","floor":45,"turns":4},{"damage":14,"enemies":"Jaw Worm Horde","floor":48,"turns":3},{"damage":21,"enemies":"4 Shapes","floor":51,"turns":3},{"damage":78,"enemies":"IC_BLOCK_ARCHETYPE","floor":52,"turns":4}],"seed_played":"-6320362987351139752","potions_obtained":[{"floor":3.0,"key":"Dota2Spire:HealingSalve"},{"floor":4.0,"key":"Fire Potion"},{"floor":15.0,"key":"SteroidPotion"},{"floor":21.0,"key":"Dota2Spire:Clarity"},{"floor":25.0,"key":"Energy Potion"},{"floor":32.0,"key":"Dota2Spire:Clarity"},{"floor":37.0,"key":"Ancient Potion"},{"floor":39.0,"key":"Ancient Potion"},{"floor":45,"key":"SpeedPotion"},{"floor":51,"key":"Explosive Potion"}],"is_trial":false,"path_per_floor":["R","M","M","M","?","R","T","R","M","?","E","M","M","T","M","B",null,"R","M","?","M","?","$","T","M","R","M","R","M","R","?","M","B",null,"R","M","M","M","M","$","T","R","M","$","M","PTL","PTL","M","R","?","M","B"],"character_chosen":"THE_CHAMP","items_purchased":["Replay:BasicMightCard","ReplayTheSpireMod:CursedCoin","Calipers","Regen Potion","champ:OpenerPotion","champ:ShieldWall"],"campfire_rested":1,"item_purchase_floors":[23,40,40,40,40,40],"current_hp_per_floor":[99,99,96,96,89,89,89,89,77,77,86,70,68,68,68,60,50,55,50,35,40,40,49,49,43,43,46,46,46,46,46,50,59,60,60,49,44,24,15,19,19,19,32,32,37,37,37,39,48,56,51,0,0,0],"gold":62,"neow_bonus":"TEN_PERCENT_HP_BONUS","is_daily":false,"chose_seed":false,"campfire_upgraded":7,"win_rate":0.0,"timestamp":1613649790,"path_taken":["R","M","M","M","?","R","T","R","M","?","E","M","?","?","M","BOSS","R","M","?","M","?","$","T","?","R","M","R","M","R","?","M","BOSS","R","M","M","?","M","$","T","R","M","$","M","PTL","PTL","M","R","?","M","BOSS"],"items_purchased_type":["Card","Relic","Relic","Potion","Potion","Card"],"build_version":"2020-12-22","purchased_purges":3,"victory":false,"max_hp_per_floor":[99,99,99,99,99,99,99,99,99,99,99,99,99,99,99,99,50,60,60,60,60,60,60,60,60,60,60,60,60,60,60,60,60,60,60,60,60,60,60,60,60,60,60,60,60,60,60,60,60,60,60,60,60,60],"card_choices":[{"not_picked":["champ:FlashCut","champ:PreciseThrust"],"picked":"champ:DefensiveShout","floor":2.0},{"not_picked":["champ:Haymaker","champ:CrownThrow"],"picked":"champ:BladeFlurry","floor":3.0},{"not_picked":["champ:RisingSlash","champ:GutPunch"],"picked":"champ:StanceDance","floor":4.0},{"not_picked":["champ:Shatter","champ:HeartStrike"],"picked":"champ:PreciseThrust","floor":9.0},{"not_picked":["champ:Haymaker","champ:Backstep"],"picked":"champ:GutPunch","floor":11.0},{"not_picked":["champ:Duel","champ:PerfectedStrike"],"picked":"champ:Circumvent","floor":12.0},{"not_picked":["champ:PerfectedStrike","champ:FanOfKnives"],"picked":"champ:GladiatorForm","floor":13.0},{"not_picked":["champ:Shatter","champ:AdrenalArmor","champ:DeathBlow"],"picked":"SKIP","floor":15.0},{"not_picked":["champ:GladiatorForm","champ:Improvising"],"picked":"champ:HeavySlash","floor":16.0},{"not_picked":["champ:DefensiveShout+1","champ:BringItOn"],"picked":"champ:TornadoPunch","floor":19.0},{"not_picked":["champ:StanceDance","champ:FanOfKnives+1"],"picked":"champ:ShieldSlam","floor":20.0},{"not_picked":["champ:Shatter","champ:Circumvent+1"],"picked":"champ:RapidStrikes+1","floor":20.0},{"not_picked":["champ:Shatter+1","champ:RapidStrikes+1"],"picked":"champ:BerserkersShout","floor":21.0},{"not_picked":["champ:FlashCut+1","champ:EnGarde"],"picked":"champ:DeathBlow","floor":23.0},{"not_picked":["champ:Shatter","champ:EndlessRage"],"picked":"champ:StanceDance+1","floor":25.0},{"not_picked":["champ:BladeFlurry","champ:CheapShot"],"picked":"champ:EnGarde+1","floor":27.0},{"not_picked":["champ:RecklessLeap+1","champ:AdrenalArmor"],"picked":"champ:StanceDance+1","floor":29.0},{"not_picked":["champ:FlashCut","champ:HeartStrike"],"picked":"champ:BringItOn+1","floor":32.0},{"not_picked":["champ:CheapShot","champ:GladiatorForm"],"picked":"champ:UltimateStance","floor":33.0},{"not_picked":["champ:FanOfKnives","champ:RisingSlash","champ:Shatter"],"picked":"SKIP","floor":36.0},{"not_picked":["champ:PerfectedStrike+1","champ:Circumvent","champ:Shatter+1"],"picked":"SKIP","floor":37.0},{"not_picked":["champ:EnragedBash","champ:EndlessRage"],"picked":"champ:ShieldSlam","floor":38.0},{"not_picked":["champ:BladeFlurry+1","champ:PerfectedStrike+1","champ:Encircle+1"],"picked":"SKIP","floor":39.0},{"not_picked":["champ:RecklessLeap+1","champ:GladiatorStyle","champ:Haymaker"],"picked":"SKIP","floor":40.0},{"not_picked":["champ:FaceSlap+1","champ:FanOfKnives","champ:Shatter"],"picked":"SKIP","floor":43},{"not_picked":["champ:RapidStrikes","champ:FlashCut+1","champ:RecklessLeap+1"],"picked":"SKIP","floor":45},{"not_picked":["champ:BladeFlurry","champ:CrownThrow","champ:RisingSlash"],"picked":"SKIP","floor":48},{"not_picked":["champ:Circumvent","champ:AdrenalArmor+1","champ:EnGarde"],"picked":"SKIP","floor":51}],"player_experience":98308,"relics_obtained":[{"floor":11.0,"key":"Orichalcum"},{"floor":14.0,"key":"Unceasing Top"},{"floor":20.0,"key":"Akabeko"},{"floor":24.0,"key":"Dota2Spire:MantaStyle"},{"floor":41.0,"key":"Dota2Spire:MaskOfMadness"}],"event_choices":[{"damage_healed":0.0,"max_hp_gain":0.0,"max_hp_loss":0.0,"gold_gain":0.0,"event_name":"Scrap Ooze","player_choice":"Success","floor":5.0,"gold_loss":0.0,"damage_taken":7.0,"relics_obtained":["Sundial"]},{"damage_healed":0.0,"max_hp_gain":0.0,"max_hp_loss":0.0,"gold_gain":0.0,"event_name":"Accursed Blacksmith","player_choice":"Forge","floor":10.0,"gold_loss":0.0,"damage_taken":0.0,"cards_upgraded":["champ:Taunt"]},{"cards_removed":["champ:Defend"],"damage_healed":0.0,"max_hp_gain":0.0,"max_hp_loss":0.0,"gold_gain":0.0,"event_name":"NoteForYourself","player_choice":"Took Card","floor":31.0,"gold_loss":0.0,"damage_taken":0.0,"cards_obtained":["Iron Wave"]}],"is_beta":false,"boss_relics":[{"not_picked":["Coffee Dripper","xbg"],"picked":"GuanYuAspect"},{"not_picked":["Runic Pyramid","Velvet Choker"],"picked":"Pandora\u0027s Box"}],"items_purged_floors":[23,40,44],"is_endless":false,"potions_floor_spawned":[3,4,15,21,25,32,37,39,45,51],"killed_by":"IC_BLOCK_ARCHETYPE","ascension_level":0}}