{"host":"vk2xyavtylxbvrfq","time":1613617025,"event":{"mods":["Bard","BaseMod","Bestiary","Better Altar","Better Match","Better Note","Better Sensory Stone","Better Skull","Better Vampires","Block Reminder","Bossed Relics","Colored Map","Curses Come First","Displayed Cursed Tome","Downfall","Fox Events","Hermit","Ironclad Rager","Marked Mod","Minty Spire (QoL Compilation)","Quick Restart","Rare Cards Sparkle","Relic Sorter","Reliquary","Robot Space Explorer","StSLib","The Hayseed","The Runesmith","TheSurvivalist","Unceasing Turn Reminder"],"gold_per_floor":[110,110,126,126,144,144,176,195,221,246,260,260,260,273,273,369,446,463,373,373,373,373,390,390,315,392,423,423,423,423],"floor_reached":29,"language":"ENG","playtime":863,"items_purged":[],"score":313,"play_id":"6ed18270-3597-42f7-9992-e167277dd50c","local_time":"20210217215705","is_ascension_mode":true,"campfire_choices":[{"floor":6,"key":"REST"},{"floor":12,"key":"REST"},{"floor":15,"key":"REST"},{"data":"hermit:Vantage","floor":24,"key":"SMITH"},{"floor":28,"key":"REST"}],"circlet_count":0,"master_deck":["hermit:Strike_Hermit","hermit:Strike_Hermit","hermit:Strike_Hermit","hermit:Strike_Hermit","hermit:Defend_Hermit","hermit:Defend_Hermit","hermit:Defend_Hermit+1","hermit:Defend_Hermit+1","hermit:Snapshot","hermit:Covet+1","Metamorphosis","hermit:BigShot","hermit:TrackingShot","hermit:Headshot","hermit:Snipe+1","hermit:FlashPowder+1","Dark Shackles","hermit:Gestalt","hermit:OverwhelmingPower","hermit:Enervate+1","hermit:Vantage+1","hermit:WideOpen"],"relics":["hermit:Momento","Ancient Tea Set","reliquary:SharkskinSheath","reliquary:Aerogel","foxEvents:LuckyCharm","Pandora\u0027s Box","reliquary:TridentHead","reliquary:NewFriend","War Paint"],"acts_visited":["Exordium","TheCity"],"potions_floor_usage":[7,8,10,16,18,23],"damage_taken":[{"damage":1,"enemies":"2 Louse","floor":1,"turns":3},{"damage":6,"enemies":"Jaw Worm","floor":3,"turns":3},{"damage":1,"enemies":"Cultist","floor":5,"turns":3},{"damage":17,"enemies":"Gremlin Nob","floor":7,"turns":4},{"damage":7,"enemies":"Large Slime","floor":8,"turns":5},{"damage":9,"enemies":"Colosseum Slavers","floor":10,"turns":4},{"damage":16,"enemies":"Blue Slaver","floor":11,"turns":4},{"damage":8,"enemies":"Exordium Thugs","floor":14,"turns":4},{"damage":32,"enemies":"The Guardian","floor":16,"turns":10},{"damage":3,"enemies":"2 Thieves","floor":18,"turns":4},{"damage":1,"enemies":"Spheric Guardian","floor":23,"turns":3},{"damage":54,"enemies":"Slavers","floor":27,"turns":9},{"damage":0,"enemies":"Cultist and Chosen","floor":29,"turns":1}],"seed_played":"-8293811257103318089","potions_obtained":[{"floor":5,"key":"hermit:Tonic"},{"floor":7,"key":"Energy Potion"},{"floor":8,"key":"hermit:Tonic"},{"floor":14,"key":"SpeedPotion"},{"floor":16,"key":"Fire Potion"},{"floor":18,"key":"AttackPotion"}],"is_trial":false,"path_per_floor":["M","?","M","?","M","R","E","M","T","?","M","R","?","M","R","B",null,"M","?","?","?","?","M","R","?","T","E","R","M"],"character_chosen":"HERMIT","items_purchased":[],"campfire_rested":4,"item_purchase_floors":[],"current_hp_per_floor":[67,52,46,43,42,64,47,40,40,31,15,37,37,29,51,19,61,58,58,58,58,58,57,57,57,57,3,25,25,25],"gold":423,"neow_bonus":"RANDOM_COLORLESS_2","is_daily":false,"chose_seed":false,"campfire_upgraded":1,"win_rate":0.0,"timestamp":1613617025,"path_taken":["M","?","M","?","M","R","E","M","T","?","M","R","?","?","R","BOSS","M","?","?","?","?","M","R","?","T","E","R","?"],"items_purchased_type":[],"build_version":"2020-12-22","purchased_purges":0,"victory":false,"max_hp_per_floor":[75,75,75,75,75,75,75,75,75,75,75,75,75,75,75,75,75,75,75,75,75,75,75,75,75,75,75,75,75,75],"card_choices":[{"not_picked":["Master of Strategy","Thinking Ahead"],"picked":"Metamorphosis","floor":0},{"not_picked":["hermit:Desperado","hermit:LuckOfTheDraw"],"picked":"hermit:BigShot","floor":1},{"not_picked":["hermit:Determination","hermit:NoHoldsBarred"],"picked":"hermit:TrackingShot","floor":3},{"not_picked":["hermit:ItchyTrigger","hermit:Desperado"],"picked":"hermit:Headshot","floor":5},{"not_picked":["hermit:PistolWhip","hermit:CursedWeapon","hermit:HighCaliber"],"picked":"SKIP","floor":7},{"not_picked":["hermit:Vantage","hermit:TakeAim"],"picked":"hermit:Snipe","floor":8},{"not_picked":["hermit:HighCaliber","hermit:Feint"],"picked":"hermit:FlashPowder","floor":11},{"not_picked":["Flash of Steel","Thinking Ahead"],"picked":"Dark Shackles","floor":13},{"not_picked":["hermit:LowProfile","hermit:SprayPray"],"picked":"hermit:Gestalt","floor":14},{"not_picked":["hermit:Purgatory","hermit:EternalForm"],"picked":"hermit:OverwhelmingPower","floor":16},{"not_picked":["hermit:NoHoldsBarred","hermit:Malice"],"picked":"hermit:Enervate+1","floor":18},{"not_picked":["hermit:Glare","hermit:Brawl"],"picked":"hermit:Vantage","floor":23},{"not_picked":["hermit:PistolWhip","hermit:DeadMansHand"],"picked":"hermit:WideOpen","floor":27}],"player_experience":1413591,"relics_obtained":[{"floor":7,"key":"reliquary:SharkskinSheath"},{"floor":9,"key":"reliquary:Aerogel"},{"floor":10,"key":"foxEvents:LuckyCharm"},{"floor":26,"key":"reliquary:NewFriend"},{"floor":27,"key":"War Paint"}],"event_choices":[{"damage_healed":0,"gold_gain":0,"player_choice":"Entered Light","damage_taken":15,"max_hp_gain":0,"max_hp_loss":0,"event_name":"Shining Light","floor":2,"gold_loss":0,"cards_upgraded":["hermit:Defend_Hermit","hermit:Covet"]},{"damage_healed":0,"gold_gain":0,"player_choice":"Success","damage_taken":3,"relics_obtained":["Ancient Tea Set"],"max_hp_gain":0,"max_hp_loss":0,"event_name":"Scrap Ooze","floor":4,"gold_loss":0},{"damage_healed":0,"gold_gain":1,"player_choice":"1","damage_taken":0,"max_hp_gain":0,"max_hp_loss":0,"event_name":"betterStone:BetterStone","floor":13,"gold_loss":0},{"cards_removed":["downfall:Malfunctioning"],"damage_healed":0,"gold_gain":0,"player_choice":"Upgrade and Remove","damage_taken":0,"max_hp_gain":0,"max_hp_loss":0,"event_name":"Designer","floor":19,"gold_loss":90,"cards_upgraded":["hermit:FlashPowder"]},{"cards_removed":["hermit:FlashPowder"],"damage_healed":0,"gold_gain":0,"player_choice":"Give","damage_taken":0,"max_hp_gain":0,"max_hp_loss":0,"event_name":"betterNote:BetterNote","floor":20,"gold_loss":0,"cards_obtained":["None"]},{"damage_healed":0,"gold_gain":0,"player_choice":"Stole Relic","damage_taken":0,"relics_obtained":["reliquary:TridentHead"],"max_hp_gain":0,"max_hp_loss":0,"event_name":"Addict","floor":21,"gold_loss":0,"cards_obtained":["Shame"]},{"damage_healed":0,"gold_gain":0,"player_choice":"Ignored","damage_taken":0,"max_hp_gain":0,"max_hp_loss":0,"event_name":"Ghosts","floor":22,"gold_loss":0},{"cards_removed":["Shame"],"damage_healed":0,"gold_gain":0,"player_choice":"Gave Gold","damage_taken":0,"max_hp_gain":0,"max_hp_loss":0,"event_name":"Beggar","floor":25,"gold_loss":75}],"is_beta":false,"boss_relics":[{"not_picked":["reliquary:Ember","Coffee Dripper"],"picked":"Pandora\u0027s Box"}],"items_purged_floors":[],"is_endless":false,"potions_floor_spawned":[5,7,8,14,16,18],"killed_by":"Cultist and Chosen","ascension_level":6}}