{"host":"bq4pt811tk9yrmjl","time":1613655830,"event":{"mods":["AchievementEnabler","BaseMod","Colored Map","Colored Powertips","Defuse TimeMaze Blight","Minty Spire (QoL Compilation)","Smile Girya","StSLib","SuperFastMode"],"gold_per_floor":[110,185,285,305,67,94,94,124,149,161,161,180,28,28,28,133,133,146,146,146,159,173,173,173,193,247,260,300,309,337,384,384,483,483,502,523,523,523,366,366,384,384,437,471,821,849,849,864,864,864,864,864,53,95,95],"floor_reached":56,"language":"ENG","playtime":1836,"items_purged":["Strike_R"],"score":1430,"play_id":"5631d118-f60f-4b4e-afa3-8e2cd3a5e94f","local_time":"20210218114350","is_ascension_mode":true,"campfire_choices":[{"data":"Ghostly Armor","floor":7.0,"key":"SMITH"},{"data":"Bash","floor":11.0,"key":"SMITH"},{"floor":15.0,"key":"REST"},{"data":"Spot Weakness","floor":23.0,"key":"SMITH"},{"floor":32,"key":"RECALL"},{"data":"Double Tap","floor":40,"key":"SMITH"},{"data":"True Grit","floor":42,"key":"SMITH"},{"data":"Strike_R","floor":49,"key":"SMITH"},{"data":"Strike_R","floor":52,"key":"SMITH"}],"circlet_count":0,"master_deck":["Strike_R","Strike_R","Strike_R+1","Strike_R+1","Defend_R","Defend_R","Defend_R","Defend_R","Bash+1","Ghostly Armor+1","Reaper+1","Twin Strike+1","Whirlwind+1","Double Tap+1","Cleave+1","Spot Weakness+1","Body Slam+1","Clothesline+1","Anger+1","Disarm+1","Bloodletting+1","Necronomicurse","Iron Wave+1","True Grit+1","Heavy Blade+1","Metallicize","Battle Trance","Purity+1"],"relics":["Burning Blood","NeowsBlessing","Molten Egg 2","Art of War","Orichalcum","Chemical X","Bag of Marbles","Philosopher\u0027s Stone","Strawberry","CeramicFish","Necronomicon","Bag of Preparation","Busted Crown","ClockworkSouvenir","Centennial Puzzle","Regal Pillow","Old Coin","Self Forming Clay","Anchor","Red Skull","PrismaticShard","CaptainsWheel"],"acts_visited":["Exordium","TheCity","TheBeyond","TheEnding"],"potions_floor_usage":[33,46,46,50,50,54,54,55],"damage_taken":[{"damage":0.0,"enemies":"Jaw Worm","floor":1.0,"turns":1.0},{"damage":0.0,"enemies":"Cultist","floor":4.0,"turns":1.0},{"damage":0.0,"enemies":"3 Sentries","floor":6.0,"turns":2.0},{"damage":48.0,"enemies":"Gremlin Nob","floor":8.0,"turns":5.0},{"damage":3.0,"enemies":"2 Louse","floor":10.0,"turns":3.0},{"damage":2.0,"enemies":"Large Slime","floor":12.0,"turns":8.0},{"damage":1.0,"enemies":"Hexaghost","floor":16.0,"turns":7.0},{"damage":6.0,"enemies":"Spheric Guardian","floor":18.0,"turns":3.0},{"damage":0.0,"enemies":"2 Thieves","floor":21.0,"turns":1.0},{"damage":0.0,"enemies":"3 Cultists","floor":22.0,"turns":3.0},{"damage":20.0,"enemies":"Snake Plant","floor":25.0,"turns":4.0},{"damage":6.0,"enemies":"Cultist and Chosen","floor":27.0,"turns":2.0},{"damage":10,"enemies":"Gremlin Leader","floor":28,"turns":4},{"damage":8,"enemies":"3 Cultists","floor":30,"turns":3},{"damage":54,"enemies":"Automaton","floor":33,"turns":8},{"damage":11,"enemies":"Orb Walker","floor":35,"turns":2},{"damage":30,"enemies":"3 Darklings","floor":36,"turns":5},{"damage":1,"enemies":"Jaw Worm Horde","floor":41,"turns":3},{"damage":5,"enemies":"Nemesis","floor":44,"turns":3},{"damage":30,"enemies":"Mind Bloom Boss Battle","floor":45,"turns":3},{"damage":57,"enemies":"Reptomancer","floor":46,"turns":5},{"damage":5,"enemies":"Transient","floor":48,"turns":5},{"damage":49,"enemies":"Time Eater","floor":50,"turns":7},{"damage":35,"enemies":"Shield and Spear","floor":54,"turns":3},{"damage":69,"enemies":"The Heart","floor":55,"turns":7}],"seed_played":"-5792852821433032231","potions_obtained":[{"floor":6.0,"key":"Weak Potion"},{"floor":10.0,"key":"DistilledChaos"},{"floor":16.0,"key":"EntropicBrew"},{"floor":25.0,"key":"BlessingOfTheForge"},{"floor":30,"key":"Weak Potion"},{"floor":35,"key":"BloodPotion"},{"floor":41,"key":"DuplicationPotion"},{"floor":48,"key":"Block Potion"}],"is_trial":false,"path_per_floor":["M","?","?","M","$","E","R","E","T","M","R","M","$","?","R","B",null,"M","?","?","M","M","R","?","M","T","M","E","?","M","T","R","B",null,"M","M","?","?","$","R","M","R","T","E","?","E","?","M","R","B",null,"R","$","E","B",null],"character_chosen":"IRONCLAD","items_purchased":["Molten Egg 2","Chemical X","ClockworkSouvenir","Anchor","Red Skull","PrismaticShard","Weak Potion","Fire Potion","BlessingOfTheForge","Metallicize","Battle Trance"],"campfire_rested":1,"item_purchase_floors":[5,13,39,53,53,53,53,53,53,53,53],"current_hp_per_floor":[80,69,69,75,75,80,80,38,38,47,47,61,61,43,67,79,80,80,80,80,80,80,80,80,76,83,83,79,63,85,85,85,37,87,82,77,77,77,77,77,82,82,82,83,77,61,61,87,87,44,87,87,87,58,31],"gold":95,"neow_bonus":"THREE_ENEMY_KILL","is_daily":false,"chose_seed":false,"campfire_upgraded":7,"win_rate":0.0,"timestamp":1613655830,"path_taken":["M","?","?","M","$","E","R","E","T","M","R","?","?","?","R","BOSS","M","?","?","M","M","R","?","?","T","M","E","?","M","?","R","BOSS","M","?","?","?","?","R","M","R","T","E","?","E","?","?","R","BOSS","R","$","E","BOSS"],"items_purchased_type":["Relic","Relic","Relic","Relic","Relic","Relic","Potion","Potion","Potion","Card","Card"],"build_version":"2020-12-22","purchased_purges":1,"victory":true,"max_hp_per_floor":[80,80,80,80,80,80,80,80,80,80,80,80,80,80,80,80,80,80,80,80,80,80,80,80,80,87,87,87,87,87,87,87,87,87,87,87,87,87,87,87,87,87,87,87,87,87,87,87,87,87,87,87,87,87,87],"card_choices":[{"not_picked":["Perfected Strike","Pummel"],"picked":"Ghostly Armor","floor":1.0},{"not_picked":["Evolve","Thunderclap","Perfected Strike"],"picked":"SKIP","floor":4.0},{"not_picked":["Bloodletting","Dark Embrace","Second Wind"],"picked":"SKIP","floor":6.0},{"not_picked":["Second Wind","Combust"],"picked":"Reaper+1","floor":8.0},{"not_picked":["Dual Wield","Flex"],"picked":"Twin Strike+1","floor":10.0},{"not_picked":["Disarm","Power Through"],"picked":"Whirlwind+1","floor":12.0},{"not_picked":["Brutality","Juggernaut"],"picked":"Double Tap","floor":16.0},{"not_picked":["Bloodletting","Rupture"],"picked":"Cleave+1","floor":18.0},{"not_picked":["Feel No Pain","Havoc"],"picked":"Body Slam+1","floor":21.0},{"not_picked":["Thunderclap+1","Havoc"],"picked":"Clothesline+1","floor":22.0},{"not_picked":["Carnage+1","Searing Blow+1"],"picked":"Anger+1","floor":25.0},{"not_picked":["Ghostly Armor+1","Iron Wave+1"],"picked":"Disarm+1","floor":27},{"not_picked":["Barricade","Perfected Strike+1"],"picked":"Bloodletting+1","floor":28},{"not_picked":["Clothesline+1","Battle Trance"],"picked":"Iron Wave+1","floor":30},{"not_picked":[],"picked":"True Grit","floor":35},{"not_picked":[],"picked":"Heavy Blade+1","floor":36},{"not_picked":["Clothesline+1"],"picked":"SKIP","floor":41},{"not_picked":[],"picked":"Feel No Pain+1","floor":44},{"not_picked":["Shrug It Off"],"picked":"SKIP","floor":46},{"not_picked":["Body Slam+1"],"picked":"SKIP","floor":48},{"not_picked":[],"picked":"Purity+1","floor":54}],"player_experience":267098,"relics_obtained":[{"floor":6.0,"key":"Art of War"},{"floor":8.0,"key":"Orichalcum"},{"floor":26.0,"key":"Strawberry"},{"floor":28,"key":"CeramicFish"},{"floor":29,"key":"Necronomicon"},{"floor":31,"key":"Bag of Preparation"},{"floor":43,"key":"Centennial Puzzle"},{"floor":44,"key":"Regal Pillow"},{"floor":45,"key":"Old Coin"},{"floor":46,"key":"Self Forming Clay"},{"floor":54,"key":"CaptainsWheel"}],"event_choices":[{"damage_healed":0.0,"max_hp_gain":0.0,"max_hp_loss":0.0,"gold_gain":75.0,"event_name":"World of Goop","player_choice":"Gather Gold","floor":2.0,"gold_loss":0.0,"damage_taken":11.0},{"damage_healed":0.0,"max_hp_gain":0.0,"max_hp_loss":0.0,"gold_gain":100.0,"event_name":"Golden Shrine","player_choice":"Pray","floor":3.0,"gold_loss":0.0,"damage_taken":0.0},{"damage_healed":0.0,"max_hp_gain":0.0,"max_hp_loss":0.0,"gold_gain":0.0,"event_name":"Scrap Ooze","player_choice":"Success","floor":14.0,"gold_loss":0.0,"damage_taken":18.0,"relics_obtained":["Bag of Marbles"]},{"damage_healed":0.0,"max_hp_gain":0.0,"max_hp_loss":0.0,"gold_gain":0.0,"event_name":"Vampires","player_choice":"Ignored","floor":19.0,"gold_loss":0.0,"damage_taken":0.0},{"damage_healed":0.0,"max_hp_gain":0.0,"max_hp_loss":0.0,"gold_gain":0.0,"event_name":"The Library","player_choice":"Read","floor":20.0,"gold_loss":0.0,"damage_taken":0.0,"cards_obtained":["Spot Weakness"]},{"damage_healed":0.0,"max_hp_gain":0.0,"max_hp_loss":0.0,"gold_gain":0.0,"event_name":"N\u0027loth","player_choice":"Ignored","floor":24.0,"gold_loss":0.0,"damage_taken":0.0},{"damage_healed":0,"gold_gain":0,"player_choice":"Obtained Book","damage_taken":16,"max_hp_gain":0,"max_hp_loss":0,"event_name":"Cursed Tome","floor":29,"gold_loss":0},{"damage_healed":0,"gold_gain":0,"player_choice":"Ignored","damage_taken":0,"max_hp_gain":0,"max_hp_loss":0,"event_name":"Mysterious Sphere","floor":37,"gold_loss":0},{"damage_healed":0,"gold_gain":0,"player_choice":"Memory 1","damage_taken":0,"max_hp_gain":0,"max_hp_loss":0,"event_name":"SensoryStone","floor":38,"gold_loss":0},{"damage_healed":0,"gold_gain":0,"player_choice":"Fight","damage_taken":0,"max_hp_gain":0,"max_hp_loss":0,"event_name":"MindBloom","floor":45,"gold_loss":0},{"cards_removed":["Feel No Pain"],"damage_healed":0,"gold_gain":0,"player_choice":"Removed Power","damage_taken":0,"max_hp_gain":0,"max_hp_loss":0,"event_name":"Falling","floor":47,"gold_loss":0}],"is_beta":false,"boss_relics":[{"not_picked":["Runic Pyramid","Cursed Key"],"picked":"Philosopher\u0027s Stone"},{"not_picked":["Coffee Dripper","Tiny House"],"picked":"Busted Crown"}],"items_purged_floors":[53],"is_endless":false,"potions_floor_spawned":[6,10,16,18,21,25,30,35,36,41,45,48],"ascension_level":1}}