{"host":"3p4eynvdmgjf7qvn","time":1613631668,"event":{"mods":["Aspiration","BaseMod","Better Note","Better Skull","Colored Map","Colored Powertips","Downfall","Hermit","Hubris","Minty Spire (QoL Compilation)","Relic Stats","Robot Space Explorer","StSLib","The Bug Knight","The Disciple","The Forsaken","The Hierophant","The Jungle","The Marked","The Necromancer","TheBandit"],"gold_per_floor":[111,128,78,78,28,12,12],"floor_reached":6,"language":"ENG","playtime":758,"items_purged":[],"score":59,"play_id":"92b0d38b-a7c1-4b31-a110-9a54cb361968","local_time":"20210218080108","is_ascension_mode":false,"campfire_choices":[],"circlet_count":0,"master_deck":["hierophant:Strike_Hierophant","hierophant:Strike_Hierophant","hierophant:Strike_Hierophant","hierophant:Strike_Hierophant","hierophant:Punish","hierophant:Defend_Hierophant","hierophant:Defend_Hierophant","hierophant:Defend_Hierophant","hierophant:ChurchCoffers","hierophant:RepressedViolence","hierophant:RustyCrate","hierophant:Doubloon","hierophant:Doubloon","hierophant:RustyCrate","hierophant:Doubloon","hierophant:Doubloon"],"relics":["hubris:Backtick","TungstenRod","hubris:Icosahedron"],"acts_visited":["Exordium"],"potions_floor_usage":[6,6,6],"damage_taken":[{"damage":1,"enemies":"Cultist","floor":1,"turns":5},{"damage":0,"enemies":"Small Slimes","floor":2,"turns":3},{"damage":77,"enemies":"Lagavulin","floor":6,"turns":14}],"seed_played":"-7802907895302979234","potions_obtained":[{"floor":1,"key":"Block Potion"},{"floor":2,"key":"Block Potion"}],"is_trial":false,"path_per_floor":["M","M","?","?","$","E"],"character_chosen":"HIEROPHANT","items_purchased":["hierophant:RustyCrate"],"campfire_rested":0,"item_purchase_floors":[5],"current_hp_per_floor":[74,74,74,74,74,0,0],"gold":12,"neow_bonus":"BOSS_RELIC","is_daily":false,"chose_seed":false,"campfire_upgraded":0,"win_rate":0.0,"timestamp":1613631668,"path_taken":["M","M","?","?","$","E"],"items_purchased_type":["Card"],"build_version":"2020-12-22","purchased_purges":0,"victory":false,"max_hp_per_floor":[75,75,75,75,75,75,75],"relic_stats":{"counters":[3,22],"obtain_stats":[{"hubris:Backtick":0,"hubris:Icosahedron":4,"hierophant:PropheticMaskRelic":0,"TungstenRod":0},{"hubris:Backtick":0,"hubris:Icosahedron":2,"hierophant:PropheticMaskRelic":0,"TungstenRod":0},{"hubris:Backtick":0,"hubris:Icosahedron":8,"hierophant:PropheticMaskRelic":0,"TungstenRod":0}],"TungstenRod":10},"card_choices":[{"not_picked":["hierophant:Blessing","hierophant:HolyVerse"],"picked":"hierophant:RepressedViolence","floor":1},{"not_picked":["hierophant:OrnateBuckler","hierophant:Prophecy"],"picked":"hierophant:RustyCrate","floor":2}],"player_experience":283396,"relics_obtained":[],"event_choices":[{"cards_removed":["hierophant:Defend_Hierophant"],"damage_healed":0,"gold_gain":0,"player_choice":"Card Removal","damage_taken":0,"max_hp_gain":0,"max_hp_loss":0,"event_name":"The Cleric","floor":3,"gold_loss":50}],"is_beta":false,"boss_relics":[],"items_purged_floors":[],"is_endless":false,"potions_floor_spawned":[1,2],"killed_by":"Lagavulin","ascension_level":0}}