{"host":"7ij4m6ehapfophuy","time":1613651365,"event":{"mods":["BaseMod","Bestiary","Curses Come First","Filter the Spire","Minty Spire (QoL Compilation)","Relic Stats","StSLib","ojb\u0027s Better Paths Mod"],"gold_per_floor":[111,111,125,75,250,250,22,39,65,80,114,125,125,159,159,254,254,266,286,313,8,25,52,52,66,66,66,83,117,133,150,150,251,251,264,282,282,332,346,381,398,99,99,112,132,145,178,195,195,195,195,195,43,77,77],"floor_reached":56,"language":"ENG","playtime":7827,"items_purged":["Doubt","LessonLearned+1"],"score":1985,"play_id":"a089f7fb-b144-49b3-b714-f9068d765a21","local_time":"20210218072925","is_ascension_mode":true,"campfire_choices":[{"data":"Eruption","floor":6.0,"key":"SMITH"},{"data":"Crescendo","floor":13.0,"key":"SMITH"},{"floor":15.0,"key":"REST"},{"floor":24.0,"key":"REST"},{"floor":32,"key":"RECALL"},{"floor":49,"key":"REST"},{"floor":52,"key":"REST"}],"circlet_count":0,"master_deck":["AscendersBane","Eruption+1","Vigilance+1","WaveOfTheHand+1","BattleHymn+1","Sanctity+1","SpiritShield+1","Evaluate+1","EmptyFist+1","Wallop+1","Prostrate+1","CrushJoints+1","CrushJoints+1","Crescendo+1","Scrawl+1","BowlingBash+1","FlurryOfBlows+1","DeusExMachina+1","Tantrum+1","EmptyBody+1","ClearTheMind+1","TalkToTheHand+1","Adaptation+1","TalkToTheHand+1","Wallop+1","Meditate+1"],"relics":["Pandora\u0027s Box","MealTicket","Prayer Wheel","Whetstone","Fusion Hammer","Red Mask","White Beast Statue","Bronze Scales","HornCleat","Potion Belt","VioletLotus","CaptainsWheel","Dream Catcher","FossilizedHelix","CeramicFish","Shuriken"],"acts_visited":["Exordium","TheCity","TheBeyond","TheEnding"],"potions_floor_usage":[31,33,36,38,39,41,47,55,55,55],"damage_taken":[{"damage":0.0,"enemies":"2 Louse","floor":1.0,"turns":3.0},{"damage":0.0,"enemies":"Small Slimes","floor":3.0,"turns":2.0},{"damage":0.0,"enemies":"Cultist","floor":8.0,"turns":4.0},{"damage":0.0,"enemies":"Exordium Wildlife","floor":10.0,"turns":3.0},{"damage":13.0,"enemies":"3 Sentries","floor":11.0,"turns":8.0},{"damage":16.0,"enemies":"Exordium Thugs","floor":12.0,"turns":5.0},{"damage":22.0,"enemies":"Lagavulin","floor":14.0,"turns":8.0},{"damage":16.0,"enemies":"The Guardian","floor":16.0,"turns":9.0},{"damage":6.0,"enemies":"Chosen","floor":18.0,"turns":2.0},{"damage":0.0,"enemies":"Shell Parasite","floor":19.0,"turns":2.0},{"damage":2.0,"enemies":"Masked Bandits","floor":20.0,"turns":3.0},{"damage":8.0,"enemies":"Chosen and Byrds","floor":22.0,"turns":3.0},{"damage":8.0,"enemies":"Gremlin Leader","floor":23.0,"turns":5.0},{"damage":2.0,"enemies":"Centurion and Healer","floor":25.0,"turns":3.0},{"damage":0.0,"enemies":"Shelled Parasite and Fungi","floor":28.0,"turns":3.0},{"damage":0.0,"enemies":"Book of Stabbing","floor":29.0,"turns":2.0},{"damage":0.0,"enemies":"Snecko","floor":30.0,"turns":4.0},{"damage":0,"enemies":"Centurion and Healer","floor":31,"turns":5},{"damage":0,"enemies":"Automaton","floor":33,"turns":6},{"damage":0,"enemies":"3 Darklings","floor":35,"turns":3},{"damage":0,"enemies":"3 Shapes","floor":36,"turns":3},{"damage":4,"enemies":"Mind Bloom Boss Battle","floor":38,"turns":4},{"damage":4,"enemies":"Transient","floor":39,"turns":5},{"damage":0,"enemies":"Giant Head","floor":40,"turns":3},{"damage":13,"enemies":"3 Darklings","floor":41,"turns":4},{"damage":0,"enemies":"Sphere and 2 Shapes","floor":44,"turns":3},{"damage":13,"enemies":"Writhing Mass","floor":45,"turns":5},{"damage":9,"enemies":"4 Shapes","floor":46,"turns":6},{"damage":0,"enemies":"Nemesis","floor":47,"turns":7},{"damage":0,"enemies":"Spire Growth","floor":48,"turns":4},{"damage":2,"enemies":"Donu and Deca","floor":50,"turns":9},{"damage":0,"enemies":"Shield and Spear","floor":54,"turns":5},{"damage":1,"enemies":"The Heart","floor":55,"turns":6}],"seed_played":"6126831419396714715","potions_obtained":[{"floor":1.0,"key":"BlessingOfTheForge"},{"floor":3.0,"key":"Energy Potion"},{"floor":10.0,"key":"DistilledChaos"},{"floor":11.0,"key":"BlessingOfTheForge"},{"floor":12.0,"key":"DistilledChaos"},{"floor":18.0,"key":"Explosive Potion"},{"floor":22.0,"key":"PowerPotion"},{"floor":23.0,"key":"Ambrosia"},{"floor":29.0,"key":"ColorlessPotion"},{"floor":30.0,"key":"Block Potion"},{"floor":31,"key":"Explosive Potion"},{"floor":33,"key":"Ancient Potion"},{"floor":36,"key":"Swift Potion"},{"floor":38,"key":"Ancient Potion"},{"floor":39,"key":"Swift Potion"},{"floor":41,"key":"LiquidMemories"},{"floor":45,"key":"ColorlessPotion"},{"floor":47,"key":"PowerPotion"}],"is_trial":false,"path_per_floor":["M","?","M","?","?","R","$","M","T","M","E","M","R","E","R","B",null,"M","M","?","$","M","E","R","M","T","?","M","E","M","M","R","B",null,"M","M","?","?","M","E","M","$","T","M","M","M","E","M","R","B",null,"R","$","E","B",null],"character_chosen":"WATCHER","items_purchased":["LessonLearned","White Beast Statue","FearPotion","FossilizedHelix","SteroidPotion"],"campfire_rested":4,"item_purchase_floors":[7,21,21,42,53],"current_hp_per_floor":[65,65,65,65,65,65,65,65,65,65,52,36,36,14,35,19,59,53,53,51,66,58,50,71,69,69,56,56,56,56,56,56,56,72,72,72,72,68,64,64,51,66,66,66,53,44,44,44,65,63,71,73,73,73,72],"gold":77,"neow_bonus":"BOSS_RELIC","is_daily":false,"chose_seed":false,"campfire_upgraded":2,"win_rate":0.0,"timestamp":1613651365,"path_taken":["M","?","M","?","?","R","$","M","T","M","E","M","R","E","R","BOSS","M","M","?","$","M","E","R","M","T","?","M","E","M","M","R","BOSS","M","M","?","?","M","E","M","$","T","M","M","M","E","M","R","BOSS","R","$","E","BOSS"],"items_purchased_type":["Card","Relic","Potion","Relic","Potion"],"build_version":"2020-12-22","purchased_purges":2,"victory":true,"max_hp_per_floor":[72,72,72,72,72,72,72,72,72,72,72,72,72,72,72,72,72,72,72,72,72,72,72,72,72,72,77,77,77,77,77,77,77,77,77,77,73,73,73,73,73,73,73,73,73,73,73,73,73,73,73,73,73,73,73],"relic_stats":{"Dream Catcher":2,"counters":[33,147],"Shuriken":[6],"Bronze Scales":[294],"CeramicFish":0,"Pandora\u0027s Box":["WaveOfTheHand","PathToVictory","Pray","BattleHymn","Sanctity","SpiritShield","Evaluate","EmptyFist"],"MealTicket":30,"Prayer Wheel":16,"VioletLotus":[26],"Whetstone":["CrushJoints","Wallop"],"obtain_stats":[{"Potion Belt":29,"CeramicFish":47,"Whetstone":14,"White Beast Statue":21,"CaptainsWheel":38,"Dream Catcher":40,"HornCleat":26,"Shuriken":54,"Bronze Scales":23,"Pandora\u0027s Box":0,"MealTicket":9,"Prayer Wheel":11,"Fusion Hammer":17,"VioletLotus":34,"Red Mask":20,"PureWater":0,"FossilizedHelix":42},{"Potion Belt":16,"CeramicFish":29,"Whetstone":7,"White Beast Statue":11,"CaptainsWheel":22,"Dream Catcher":24,"HornCleat":14,"Shuriken":32,"Bronze Scales":13,"Pandora\u0027s Box":0,"MealTicket":3,"Prayer Wheel":5,"Fusion Hammer":8,"VioletLotus":19,"Red Mask":11,"PureWater":0,"FossilizedHelix":25},{"Potion Belt":65,"CeramicFish":123,"Whetstone":33,"White Beast Statue":49,"CaptainsWheel":90,"Dream Catcher":98,"HornCleat":60,"Shuriken":141,"Bronze Scales":57,"Pandora\u0027s Box":0,"MealTicket":9,"Prayer Wheel":20,"Fusion Hammer":42,"VioletLotus":80,"Red Mask":49,"PureWater":0,"FossilizedHelix":102}]},"card_choices":[{"not_picked":["EmptyFist","Meditate"],"picked":"Wallop","floor":1.0},{"not_picked":["Prostrate","EmptyFist"],"picked":"CrushJoints","floor":3.0},{"not_picked":["ThirdEye","Swivel","Study"],"picked":"SKIP","floor":8.0},{"not_picked":["Prostrate","Evaluate"],"picked":"CrushJoints","floor":10.0},{"not_picked":["ThirdEye","Conclude"],"picked":"Crescendo","floor":11.0},{"not_picked":["Consecrate","Halt"],"picked":"Scrawl","floor":12.0},{"not_picked":["EmptyBody","Evaluate"],"picked":"BowlingBash","floor":12.0},{"not_picked":["DeceiveReality","Halt"],"picked":"FlurryOfBlows","floor":14.0},{"not_picked":["Establishment","Scrawl"],"picked":"DeusExMachina","floor":16.0},{"not_picked":["Prostrate+1","PathToVictory+1","Swivel"],"picked":"SKIP","floor":18.0},{"not_picked":["Study","PathToVictory+1","CrushJoints+1"],"picked":"SKIP","floor":18.0},{"not_picked":["ThirdEye","FlurryOfBlows","Vengeance+1"],"picked":"SKIP","floor":19.0},{"not_picked":["BowlingBash","Fasting2+1","Consecrate"],"picked":"SKIP","floor":19.0},{"not_picked":["CrushJoints+1","ReachHeaven+1"],"picked":"Tantrum+1","floor":22.0},{"not_picked":["Evaluate","Crescendo","Halt"],"picked":"SKIP","floor":22.0},{"not_picked":["EmptyFist+1","Tantrum"],"picked":"EmptyBody","floor":23.0},{"not_picked":["FollowUp+1","EmptyBody+1","EmptyFist"],"picked":"SKIP","floor":25.0},{"not_picked":["WreathOfFlame+1","EmptyBody+1","Protect"],"picked":"SKIP","floor":25.0},{"not_picked":["Study+1","Consecrate"],"picked":"ClearTheMind","floor":28.0},{"not_picked":["DevaForm","EmptyBody+1","ForeignInfluence"],"picked":"SKIP","floor":28.0},{"not_picked":["Crescendo","Protect"],"picked":"TalkToTheHand","floor":29.0},{"not_picked":["Consecrate","Evaluate"],"picked":"Adaptation","floor":30.0},{"not_picked":["Ragnarok","WheelKick","EmptyBody"],"picked":"SKIP","floor":30.0},{"not_picked":["EmptyBody+1","Prostrate+1"],"picked":"TalkToTheHand+1","floor":31},{"not_picked":["Consecrate","CrushJoints","ClearTheMind+1"],"picked":"SKIP","floor":31},{"not_picked":["ClearTheMind","Vengeance+1","PathToVictory+1"],"picked":"SKIP","floor":35},{"not_picked":["ForeignInfluence+1","WaveOfTheHand","Worship+1"],"picked":"SKIP","floor":35},{"not_picked":["Vengeance+1","Protect+1","EmptyFist+1"],"picked":"SKIP","floor":36},{"not_picked":["WindmillStrike+1","PathToVictory+1","ForeignInfluence+1"],"picked":"SKIP","floor":36},{"not_picked":["FlurryOfBlows","Perseverance","Scrawl"],"picked":"SKIP","floor":39},{"not_picked":["FollowUp","ClearTheMind+1","LikeWater+1"],"picked":"SKIP","floor":39},{"not_picked":["BowlingBash","Consecrate","Nirvana"],"picked":"SKIP","floor":40},{"not_picked":["Sanctity+1","FlurryOfBlows+1","DeceiveReality"],"picked":"SKIP","floor":41},{"not_picked":["Establishment","Collect","Protect"],"picked":"SKIP","floor":41},{"not_picked":["Study+1","Swivel+1"],"picked":"Wallop","floor":44},{"not_picked":["Consecrate+1","BowlingBash","Evaluate"],"picked":"SKIP","floor":44},{"not_picked":["ThirdEye+1","FlurryOfBlows","CutThroughFate"],"picked":"SKIP","floor":45},{"not_picked":["Collect","SandsOfTime","CutThroughFate+1"],"picked":"SKIP","floor":45},{"not_picked":["PathToVictory","BattleHymn"],"picked":"Meditate+1","floor":46},{"not_picked":["DevaForm","CutThroughFate+1","Crescendo+1"],"picked":"SKIP","floor":46},{"not_picked":["DevaForm","CutThroughFate+1","Crescendo+1"],"picked":"SKIP","floor":46},{"not_picked":["FollowUp+1","BattleHymn","Vengeance"],"picked":"SKIP","floor":47},{"not_picked":["ReachHeaven","Nirvana+1","SignatureMove"],"picked":"SKIP","floor":48},{"not_picked":["EmptyBody+1","BattleHymn","FlyingSleeves"],"picked":"SKIP","floor":48},{"not_picked":["Halt","CutThroughFate+1","FollowUp+1"],"picked":"SKIP","floor":54}],"player_experience":1149141,"relics_obtained":[{"floor":9.0,"key":"MealTicket"},{"floor":11.0,"key":"Prayer Wheel"},{"floor":14.0,"key":"Whetstone"},{"floor":20.0,"key":"Red Mask"},{"floor":23.0,"key":"Bronze Scales"},{"floor":26.0,"key":"HornCleat"},{"floor":29.0,"key":"Potion Belt"},{"floor":38,"key":"CaptainsWheel"},{"floor":40,"key":"Dream Catcher"},{"floor":47,"key":"CeramicFish"},{"floor":54,"key":"Shuriken"}],"event_choices":[{"damage_healed":0.0,"max_hp_gain":0.0,"max_hp_loss":0.0,"gold_gain":0.0,"cards_transformed":["Pray"],"event_name":"Living Wall","player_choice":"Change","floor":2.0,"gold_loss":0.0,"damage_taken":0.0,"cards_obtained":["Prostrate"]},{"cards_removed":["PathToVictory"],"damage_healed":0.0,"max_hp_gain":0.0,"max_hp_loss":0.0,"gold_gain":0.0,"event_name":"The Cleric","player_choice":"Card Removal","floor":4.0,"gold_loss":50.0,"damage_taken":0.0},{"damage_healed":0.0,"max_hp_gain":0.0,"max_hp_loss":0.0,"gold_gain":175.0,"event_name":"Liars Game","player_choice":"AGREE","floor":5.0,"gold_loss":0.0,"damage_taken":0.0,"cards_obtained":["Doubt"]},{"damage_healed":0.0,"max_hp_gain":0.0,"max_hp_loss":0.0,"gold_gain":0.0,"event_name":"Masked Bandits","player_choice":"Fought Bandits","floor":20.0,"gold_loss":0.0,"damage_taken":0.0},{"damage_healed":0.0,"max_hp_gain":5.0,"max_hp_loss":0.0,"gold_gain":0.0,"event_name":"Forgotten Altar","player_choice":"Shed Blood","floor":27.0,"gold_loss":0.0,"damage_taken":18.0},{"damage_healed":0,"gold_gain":0,"player_choice":"Max HP","damage_taken":0,"max_hp_gain":0,"max_hp_loss":4,"event_name":"Winding Halls","floor":37,"gold_loss":0},{"damage_healed":0,"gold_gain":0,"player_choice":"Fight","damage_taken":0,"max_hp_gain":0,"max_hp_loss":0,"event_name":"MindBloom","floor":38,"gold_loss":0}],"is_beta":false,"boss_relics":[{"not_picked":["SacredBark","Astrolabe"],"picked":"Fusion Hammer"},{"not_picked":["Busted Crown","Cursed Key"],"picked":"VioletLotus"}],"items_purged_floors":[7,53],"is_endless":false,"potions_floor_spawned":[1,3,10,11,12,18,22,23,25,28,29,30,31,33,35,36,38,39,40,41,44,45,46,47,48,54],"ascension_level":10}}