{"host":"urzvr6030gsf1sd7","time":1613610395,"event":{"mods":["AchievementEnabler","BaseMod","Block Reminder","Colored Powertips","Minty Spire (QoL Compilation)","Permanent Neow","StSLib"],"gold_per_floor":[110,124,124,140,154,186,186,215,215,241,241,253,328,328,328,328,328],"floor_reached":16,"language":"ENG","playtime":891,"items_purged":[],"score":132,"play_id":"723719ec-5b76-43c8-a0f2-0d0d7b02a259","local_time":"20210217200635","is_ascension_mode":true,"campfire_choices":[{"data":"Blood for Blood","floor":11,"key":"SMITH"},{"data":"Whirlwind","floor":15,"key":"SMITH"}],"circlet_count":0,"master_deck":["Strike_R","Strike_R","Strike_R+1","Strike_R","Strike_R","Defend_R","Defend_R","Defend_R","Defend_R","Bash+1","Blood for Blood+1","Whirlwind+1","Thunderclap","Armaments","Pain","True Grit"],"relics":["Burning Blood","Unceasing Top","Orichalcum","WarpedTongs","Lizard Tail","Mummified Hand","InkBottle"],"acts_visited":["Exordium"],"potions_floor_usage":[0,4,8,10,16],"damage_taken":[{"damage":1,"enemies":"2 Louse","floor":1,"turns":2},{"damage":7,"enemies":"Jaw Worm","floor":2,"turns":3},{"damage":1,"enemies":"Cultist","floor":4,"turns":3},{"damage":16,"enemies":"3 Louse","floor":5,"turns":2},{"damage":30,"enemies":"3 Sentries","floor":6,"turns":5},{"damage":27,"enemies":"Gremlin Nob","floor":8,"turns":5},{"damage":24,"enemies":"Lagavulin","floor":10,"turns":8},{"damage":3,"enemies":"Large Slime","floor":12,"turns":2},{"damage":51,"enemies":"Slime Boss","floor":16,"turns":6}],"seed_played":"8600494946975563914","potions_obtained":[{"floor":0,"key":"ElixirPotion"},{"floor":0,"key":"Dexterity Potion"},{"floor":0,"key":"Fruit Juice"},{"floor":1,"key":"EssenceOfSteel"},{"floor":2,"key":"Energy Potion"},{"floor":10,"key":"SpeedPotion"}],"is_trial":false,"path_per_floor":["M","M","?","M","M","E","?","E","T","E","R","M","?","?","R","B"],"character_chosen":"IRONCLAD","items_purchased":[],"campfire_rested":0,"item_purchase_floors":[],"current_hp_per_floor":[85,84,77,82,72,48,48,27,27,9,9,12,1,42,42,0,0],"gold":328,"neow_bonus":"THREE_SMALL_POTIONS","is_daily":false,"chose_seed":false,"campfire_upgraded":2,"win_rate":0.0,"timestamp":1613610395,"path_taken":["M","M","?","M","M","E","?","E","T","E","R","?","?","?","R","BOSS"],"items_purchased_type":[],"build_version":"2020-12-22","purchased_purges":0,"victory":false,"max_hp_per_floor":[85,85,85,85,85,85,85,85,85,85,85,85,85,85,85,85,85],"card_choices":[{"not_picked":["Heavy Blade","Wild Strike"],"picked":"Blood for Blood","floor":1},{"not_picked":["Headbutt","Searing Blow"],"picked":"Whirlwind","floor":2},{"not_picked":["Headbutt","Clash"],"picked":"Thunderclap","floor":4},{"not_picked":["Iron Wave","Wild Strike","Flex"],"picked":"SKIP","floor":5},{"not_picked":["Shrug It Off","Exhume"],"picked":"Armaments","floor":6},{"not_picked":["Fire Breathing","Infernal Blade","Iron Wave"],"picked":"SKIP","floor":8},{"not_picked":["Anger","Armaments","Reckless Charge"],"picked":"SKIP","floor":10},{"not_picked":["Pommel Strike","Shrug It Off"],"picked":"True Grit","floor":12}],"player_experience":316801,"relics_obtained":[{"floor":6,"key":"Orichalcum"},{"floor":8,"key":"Lizard Tail"},{"floor":9,"key":"Mummified Hand"},{"floor":10,"key":"InkBottle"}],"event_choices":[{"damage_healed":0,"gold_gain":0,"player_choice":"Success","damage_taken":7,"relics_obtained":["Unceasing Top"],"max_hp_gain":0,"max_hp_loss":0,"event_name":"Scrap Ooze","floor":3,"gold_loss":0},{"damage_healed":0,"gold_gain":0,"player_choice":"Rummage","damage_taken":0,"relics_obtained":["WarpedTongs"],"max_hp_gain":0,"max_hp_loss":0,"event_name":"Accursed Blacksmith","floor":7,"gold_loss":0,"cards_obtained":["Pain"]},{"damage_healed":0,"gold_gain":75,"player_choice":"Gather Gold","damage_taken":11,"max_hp_gain":0,"max_hp_loss":0,"event_name":"World of Goop","floor":13,"gold_loss":0},{"damage_healed":0,"gold_gain":0,"player_choice":"Entered Light","damage_taken":17,"max_hp_gain":0,"max_hp_loss":0,"event_name":"Shining Light","floor":14,"gold_loss":0,"cards_upgraded":["Strike_R","Bash"]}],"is_beta":false,"boss_relics":[],"items_purged_floors":[],"is_endless":false,"potions_floor_spawned":[1,2,10],"killed_by":"Slime Boss","ascension_level":2}}