{"host":"p1xsuo25udtrkbq2","time":1613635517,"event":{"mods":["BaseMod","Colored Map","Googly Eyes","Highlight Path","Minty Spire (QoL Compilation)","Quick Restart","Rare Cards Sparkle","Relic Stats","Slay the Relics Exporter","StSLib","everything is the same but u backflip on backflip"],"gold_per_floor":[116,116,41,41,57,57,92,92,117,117,130,168,168,184,184,307,307,298,314,314,314,330,330,330,330],"floor_reached":24,"language":"ENG","playtime":1377,"items_purged":["Strike_B"],"score":326,"play_id":"65d75278-a3a3-4606-8fd9-669152b9d345","local_time":"20210218030517","is_ascension_mode":true,"campfire_choices":[{"data":"Zap","floor":6.0,"key":"SMITH"},{"data":"Coolheaded","floor":8.0,"key":"SMITH"},{"floor":15.0,"key":"REST"},{"floor":23,"key":"REST"}],"circlet_count":0,"master_deck":["AscendersBane","Strike_B","Strike_B","Defend_B","Defend_B","Defend_B","Defend_B","Zap+1","Dualcast","Coolheaded+1","BootSequence","Gash","Gash","Hologram+1","Consume+1","Turbo+1","Conserve Battery+1","Fission+1","Beam Cell","Reprogram+1","Static Discharge","Leap+1"],"relics":["Cracked Core","Golden Idol","Toxic Egg 2","Blood Vial","Dream Catcher","Letter Opener","Philosopher\u0027s Stone","Matryoshka"],"acts_visited":["Exordium","TheCity"],"potions_floor_usage":[22,24],"damage_taken":[{"damage":2.0,"enemies":"2 Louse","floor":1.0,"turns":3.0},{"damage":0.0,"enemies":"Jaw Worm","floor":5.0,"turns":3.0},{"damage":27.0,"enemies":"3 Sentries","floor":7.0,"turns":9.0},{"damage":0.0,"enemies":"Small Slimes","floor":11.0,"turns":3.0},{"damage":11.0,"enemies":"Lagavulin","floor":12.0,"turns":6.0},{"damage":0.0,"enemies":"2 Fungi Beasts","floor":14.0,"turns":3.0},{"damage":9.0,"enemies":"Hexaghost","floor":16.0,"turns":9.0},{"damage":16.0,"enemies":"2 Thieves","floor":18.0,"turns":4.0},{"damage":34.0,"enemies":"3 Byrds","floor":19.0,"turns":4.0},{"damage":16,"enemies":"3 Cultists","floor":22,"turns":6},{"damage":33,"enemies":"Gremlin Leader","floor":24,"turns":4}],"seed_played":"-6371142730590921920","potions_obtained":[{"floor":1.0,"key":"Block Potion"},{"floor":11.0,"key":"AttackPotion"},{"floor":14.0,"key":"ColorlessPotion"},{"floor":16.0,"key":"EssenceOfSteel"},{"floor":22,"key":"Swift Potion"}],"is_trial":false,"path_per_floor":["M","?","$","?","M","R","E","R","T","?","M","E","?","M","R","B",null,"M","M","?","?","M","R","E"],"character_chosen":"DEFECT","items_purchased":[],"campfire_rested":2,"item_purchase_floors":[],"current_hp_per_floor":[66,71,71,71,71,71,44,44,44,26,28,19,12,14,36,29,63,49,17,17,17,3,25,0,0],"gold":330,"neow_bonus":"THREE_CARDS","is_daily":false,"chose_seed":true,"campfire_upgraded":2,"win_rate":0.0,"timestamp":1613635517,"path_taken":["M","?","$","?","M","R","E","R","T","?","M","E","?","M","R","BOSS","M","M","?","?","?","R","E"],"items_purchased_type":[],"build_version":"2020-12-22","purchased_purges":1,"victory":false,"max_hp_per_floor":[75,80,80,74,74,74,74,74,74,74,74,74,74,74,74,74,74,74,74,74,74,74,74,74,74],"relic_stats":{"Blood Vial":16,"Dream Catcher":2,"counters":[11,54],"Golden Idol":59,"Letter Opener":[216],"obtain_stats":[{"Blood Vial":9,"Dream Catcher":10,"Matryoshka":21,"Golden Idol":4,"Philosopher\u0027s Stone":17,"Letter Opener":12,"Toxic Egg 2":7,"Cracked Core":0},{"Blood Vial":3,"Dream Catcher":3,"Matryoshka":9,"Golden Idol":1,"Philosopher\u0027s Stone":7,"Letter Opener":5,"Toxic Egg 2":3,"Cracked Core":0},{"Blood Vial":15,"Dream Catcher":15,"Matryoshka":44,"Golden Idol":3,"Philosopher\u0027s Stone":36,"Letter Opener":24,"Toxic Egg 2":15,"Cracked Core":0}]},"card_choices":[{"not_picked":["Steam","Compile Driver"],"picked":"Coolheaded","floor":0.0},{"not_picked":["Loop","Auto Shields"],"picked":"BootSequence","floor":1.0},{"not_picked":["Stack","Double Energy"],"picked":"Gash","floor":5.0},{"not_picked":["Sweeping Beam","Stack+1"],"picked":"Gash","floor":7.0},{"not_picked":["Cold Snap","Go for the Eyes"],"picked":"Hologram+1","floor":11.0},{"not_picked":["Static Discharge","Sweeping Beam"],"picked":"Consume+1","floor":12.0},{"not_picked":["Aggregate+1","Scrape"],"picked":"Turbo+1","floor":14.0},{"not_picked":["Rip and Tear","Sweeping Beam"],"picked":"Conserve Battery+1","floor":15.0},{"not_picked":["Meteor Strike","Core Surge"],"picked":"Fission+1","floor":16.0},{"not_picked":["FTL","Sweeping Beam"],"picked":"Beam Cell","floor":18.0},{"not_picked":["FTL","Barrage"],"picked":"Reprogram+1","floor":19.0},{"not_picked":["Undo+1","Beam Cell"],"picked":"Static Discharge","floor":22},{"not_picked":["Ball Lightning","Go for the Eyes"],"picked":"Leap+1","floor":23}],"player_experience":1105328,"relics_obtained":[{"floor":7.0,"key":"Toxic Egg 2"},{"floor":9.0,"key":"Blood Vial"},{"floor":12.0,"key":"Letter Opener"},{"floor":21.0,"key":"Matryoshka"}],"event_choices":[{"damage_healed":0.0,"max_hp_gain":5.0,"max_hp_loss":0.0,"gold_gain":0.0,"event_name":"Big Fish","player_choice":"Donut","floor":2.0,"gold_loss":0.0,"damage_taken":0.0},{"damage_healed":0.0,"max_hp_gain":0.0,"max_hp_loss":6.0,"gold_gain":0.0,"event_name":"Golden Idol","player_choice":"Lose Max HP","floor":4.0,"gold_loss":0.0,"damage_taken":0.0,"relics_obtained":["Golden Idol"]},{"damage_healed":0.0,"max_hp_gain":0.0,"max_hp_loss":0.0,"gold_gain":0.0,"event_name":"Scrap Ooze","player_choice":"Success","floor":10.0,"gold_loss":0.0,"damage_taken":18.0,"relics_obtained":["Dream Catcher"]},{"cards_removed":["Strike_B"],"damage_healed":0.0,"max_hp_gain":0.0,"max_hp_loss":0.0,"gold_gain":0.0,"event_name":"Golden Wing","player_choice":"Card Removal","floor":13.0,"gold_loss":0.0,"damage_taken":7.0},{"damage_healed":0.0,"max_hp_gain":0.0,"max_hp_loss":0.0,"gold_gain":0.0,"event_name":"Cursed Tome","player_choice":"Ignored","floor":20.0,"gold_loss":0.0,"damage_taken":0.0},{"damage_healed":0.0,"max_hp_gain":0.0,"max_hp_loss":0.0,"gold_gain":0.0,"event_name":"Wheel of Change","player_choice":"Relic","floor":21.0,"gold_loss":0.0,"damage_taken":0.0}],"is_beta":false,"boss_relics":[{"not_picked":["Sozu","SlaversCollar"],"picked":"Philosopher\u0027s Stone"}],"items_purged_floors":[3],"is_endless":false,"potions_floor_spawned":[1,11,14,16,22],"killed_by":"Gremlin Leader","ascension_level":12}}