{"host":"rb2p2z6v6vieend5","time":1613610047,"event":{"mods":["BaseMod","Block Reminder","Colored Map","DeckTracker","Highlight Path","Minty Spire (QoL Compilation)","Random Character Button","Relic Stats"],"gold_per_floor":[17,17,34,34,34,34,69,69,92,156,156,156],"floor_reached":11,"language":"ENG","playtime":418,"items_purged":[],"score":131,"play_id":"238c26aa-e089-4aa1-a6ec-9adce5ad0531","local_time":"20210218020047","is_ascension_mode":true,"campfire_choices":[{"data":"Rampage","floor":6,"key":"SMITH"},{"data":"Strike_R","floor":8,"key":"PURGE"}],"circlet_count":0,"master_deck":["AscendersBane","Strike_R","Strike_R","Strike_R+1","Strike_R+1","Defend_R","Defend_R","Bash","Limit Break","Feel No Pain","Rampage+1","Headbutt"],"relics":["Burning Blood","Bag of Preparation","Peace Pipe","Ancient Tea Set","Whetstone"],"acts_visited":["Exordium"],"potions_floor_usage":[],"damage_taken":[{"damage":5,"enemies":"2 Louse","floor":1,"turns":3},{"damage":1,"enemies":"Cultist","floor":3,"turns":3},{"damage":35,"enemies":"Lagavulin","floor":7,"turns":6},{"damage":14,"enemies":"3 Sentries","floor":10,"turns":9},{"damage":37,"enemies":"3 Sentries","floor":11,"turns":5}],"seed_played":"9126555782801272522","potions_obtained":[{"floor":7,"key":"FearPotion"},{"floor":10,"key":"Dexterity Potion"}],"is_trial":false,"path_per_floor":["M","?","M","$","$","R","E","R","T","?","E"],"character_chosen":"IRONCLAD","items_purchased":[],"campfire_rested":0,"item_purchase_floors":[],"current_hp_per_floor":[69,69,74,74,74,74,45,45,45,37,0,0],"gold":156,"neow_bonus":"TRANSFORM_TWO_CARDS","is_daily":false,"chose_seed":false,"campfire_upgraded":1,"win_rate":0.0,"timestamp":1613610047,"path_taken":["M","?","?","?","$","R","E","R","T","?","E"],"items_purchased_type":[],"build_version":"2020-12-22","purchased_purges":0,"victory":false,"max_hp_per_floor":[75,75,75,75,75,75,75,75,75,75,75,75],"relic_stats":{"Peace Pipe":1,"counters":[5,26],"Bag of Preparation":[8],"Whetstone":["Strike_R","Strike_R"],"obtain_stats":[{"Peace Pipe":7,"Bag of Preparation":2,"Whetstone":10,"Ancient Tea Set":9,"Burning Blood":0},{"Peace Pipe":3,"Bag of Preparation":1,"Whetstone":4,"Ancient Tea Set":3,"Burning Blood":0},{"Peace Pipe":12,"Bag of Preparation":3,"Whetstone":21,"Ancient Tea Set":12,"Burning Blood":0}],"Burning Blood":24},"card_choices":[{"not_picked":["Rage","Sentinel"],"picked":"Pommel Strike","floor":1},{"not_picked":["Second Wind","Sever Soul"],"picked":"Rampage","floor":3},{"not_picked":["Infernal Blade","Clothesline","Dual Wield"],"picked":"SKIP","floor":7},{"not_picked":["Power Through","Fire Breathing"],"picked":"Headbutt","floor":10}],"player_experience":771705,"relics_obtained":[{"floor":7,"key":"Peace Pipe"},{"floor":9,"key":"Ancient Tea Set"},{"floor":10,"key":"Whetstone"}],"event_choices":[{"cards_removed":["Pommel Strike"],"damage_healed":0,"gold_gain":0,"player_choice":"Gave Card","damage_taken":0,"relics_obtained":["Bag of Preparation"],"max_hp_gain":0,"max_hp_loss":0,"event_name":"WeMeetAgain","floor":2,"gold_loss":0},{"damage_healed":0,"gold_gain":30,"player_choice":"Searched \u00273\u0027 times","damage_taken":0,"max_hp_gain":0,"max_hp_loss":0,"event_name":"Dead Adventurer","floor":10,"gold_loss":0}],"is_beta":false,"boss_relics":[],"items_purged_floors":[],"is_endless":false,"potions_floor_spawned":[7,10],"killed_by":"3 Sentries","ascension_level":18}}