{"host":"Kubo","time":1613682659,"event":{"mods":["BaseMod","Downfall","Minty Spire (QoL Compilation)","Replay The Spire","StSLib"],"gold_per_floor":[110,110,124,147,161,193,193,220,220,250,250,262,139,156,156,256,256,298,336,376,376,412,412,452,452,476,539,539,290,290,336,336,437,437,447,322,335,379,379,379,440,481,508,567,579,128,158,172,172,172],"floor_reached":51,"language":"ENG","playtime":3646,"items_purged":["Pain","Strike_P","Strike_P","Consecrate"],"score":1178,"play_id":"e8c6e9a4-a76b-4271-8448-f74f5aee3ddb","local_time":"20210218221059","is_ascension_mode":true,"campfire_choices":[{"data":"Tantrum","floor":11,"key":"SMITH"},{"data":"SandsOfTime","floor":15,"key":"SMITH"},{"data":"Wish","floor":23,"key":"SMITH"},{"data":"CrushJoints","floor":25,"key":"SMITH"},{"data":"BowlingBash","floor":30,"key":"SMITH"},{"floor":32,"key":"REST"},{"data":"Vigilance","floor":40,"key":"SMITH"},{"data":"FlurryOfBlows","floor":45,"key":"SMITH"}],"circlet_count":0,"master_deck":["Strike_P+1","Defend_P","Defend_P","Defend_P","Defend_P","Eruption","Vigilance+1","SandsOfTime+1","ThirdEye+1","Tantrum+1","Meditate","FearNoEvil+1","FearNoEvil","FlurryOfBlows+1","BowlingBash+1","Wish+1","CrushJoints+1","ClearTheMind+1","DevaForm+1","Omniscience+1","FlyingSleeves+1","Wallop+1","Protect+1","Parasite","Replay:DivineShield+1","Halt+1"],"relics":["PureWater","NeowsBlessing","FaceOfCleric","Akabeko","Bag of Marbles","WarpedTongs","Happy Flower","Gremlin Horn","Toy Ornithopter","Snecko Eye","Boot","Vajra","Enchiridion","Blue Doll","Ring of Chaos","Du-Vu Doll","MawBank","Guide Book","Replay:Mystery Machine","Whetstone"],"acts_visited":["TheCity","TheBeyond"],"potions_floor_usage":[33,33,50,50],"damage_taken":[{"damage":0,"enemies":"Jaw Worm","floor":1,"turns":1},{"damage":0,"enemies":"Cultist","floor":3,"turns":1},{"damage":0,"enemies":"2 Louse","floor":5,"turns":1},{"damage":14,"enemies":"Replay:BlueRogue","floor":6,"turns":4},{"damage":0,"enemies":"Gremlin Nob","floor":8,"turns":1},{"damage":6,"enemies":"Replay:BlueRogue","floor":10,"turns":4},{"damage":0,"enemies":"Gremlin Gang","floor":12,"turns":1},{"damage":0,"enemies":"3 Louse","floor":14,"turns":2},{"damage":14,"enemies":"Hexaghost","floor":16,"turns":7},{"damage":0,"enemies":"3 Byrds","floor":18,"turns":2},{"damage":5,"enemies":"2 Thieves","floor":19,"turns":3},{"damage":0,"enemies":"Shelled Parasite and Fungi","floor":20,"turns":2},{"damage":20,"enemies":"Centurion and Healer","floor":22,"turns":3},{"damage":11,"enemies":"Snake Plant","floor":24,"turns":2},{"damage":0,"enemies":"Slavers","floor":27,"turns":2},{"damage":0,"enemies":"3 Cultists","floor":31,"turns":2},{"damage":12,"enemies":"Pondfish","floor":33,"turns":3},{"damage":0,"enemies":"Orb Walker","floor":35,"turns":1},{"damage":0,"enemies":"3 Darklings","floor":37,"turns":2},{"damage":4,"enemies":"Transient","floor":38,"turns":5},{"damage":0,"enemies":"Giant Head","floor":41,"turns":4},{"damage":0,"enemies":"Writhing Mass","floor":42,"turns":4},{"damage":0,"enemies":"Jaw Worm Horde","floor":44,"turns":3},{"damage":0,"enemies":"Nemesis","floor":47,"turns":3},{"damage":0,"enemies":"Sphere and 2 Shapes","floor":48,"turns":2},{"damage":0,"enemies":"Time Eater","floor":50,"turns":4}],"seed_played":"-2753286837970300089","potions_obtained":[{"floor":1,"key":"SkillPotion"},{"floor":3,"key":"Swift Potion"},{"floor":12,"key":"Dexterity Potion"},{"floor":35,"key":"Ambrosia"},{"floor":38,"key":"BlessingOfTheForge"},{"floor":39,"key":"FairyPotion"}],"is_trial":false,"path_per_floor":["M","?","M","T","M","E","?","E","T","E","R","M","$","M","R","B",null,"M","M","M","?","M","R","M","R","T","E","?","$","R","M","R","B",null,"M","$","M","M","?","R","E","M","T","M","R","$","E","M","R","B",null],"character_chosen":"WATCHER","items_purchased":["FlurryOfBlows","Blue Doll","Guide Book","Replay:Mystery Machine"],"campfire_rested":1,"item_purchase_floors":[13,29,46,46],"current_hp_per_floor":[72,72,73,73,74,61,61,62,62,57,57,58,58,59,59,46,80,81,77,78,78,59,59,49,49,49,50,34,34,34,35,61,60,88,89,89,90,87,87,87,88,89,89,90,90,90,91,92,92,97],"gold":172,"neow_bonus":"THREE_ENEMY_KILL","is_daily":false,"chose_seed":false,"campfire_upgraded":7,"win_rate":0.0,"timestamp":1613682659,"path_taken":["M","?","?","?","M","E","?","E","T","E","R","M","$","M","R","BOSS","M","?","M","?","?","R","M","R","T","E","?","$","R","M","R","BOSS","M","$","M","M","?","R","E","?","T","M","R","$","E","M","R","BOSS"],"items_purchased_type":["Card","Relic","Relic","Relic"],"build_version":"2020-12-18","purchased_purges":4,"victory":true,"max_hp_per_floor":[72,72,73,73,74,75,75,76,76,77,77,78,78,79,79,80,80,81,82,83,83,84,84,85,85,85,86,86,86,86,87,87,88,88,89,89,90,91,91,91,92,93,93,94,94,94,95,96,96,97],"card_choices":[{"not_picked":["Meditate","EmptyMind"],"picked":"SandsOfTime","floor":1},{"not_picked":["JustLucky","WreathOfFlame"],"picked":"ThirdEye","floor":3},{"not_picked":["Replay:BluntJabs","FlyingSleeves"],"picked":"Tantrum","floor":5},{"not_picked":["EmptyMind","JustLucky"],"picked":"Meditate","floor":6},{"not_picked":["Crescendo","FlurryOfBlows"],"picked":"Consecrate","floor":8},{"not_picked":["Replay:BluntJabs","FlyingSleeves"],"picked":"FearNoEvil","floor":10},{"not_picked":["CutThroughFate","Vengeance"],"picked":"FearNoEvil","floor":12},{"not_picked":["SandsOfTime","PathToVictory"],"picked":"BowlingBash","floor":14},{"not_picked":["SpiritShield","Replay:LoomingThreat"],"picked":"Wish","floor":16},{"not_picked":["ClearTheMind","Replay:ManipulateFuture"],"picked":"CrushJoints","floor":18},{"not_picked":["SashWhip","FlyingSleeves","Replay:Hum"],"picked":"SKIP","floor":19},{"not_picked":["DeceiveReality","Evaluate","Judgement"],"picked":"SKIP","floor":20},{"not_picked":["Meditate","Conclude"],"picked":"ClearTheMind+1","floor":22},{"not_picked":["CutThroughFate","CrushJoints","Adaptation"],"picked":"SKIP","floor":24},{"not_picked":["Swivel","Replay:Cycle+1"],"picked":"DevaForm","floor":27},{"not_picked":["Vengeance","CutThroughFate","Replay:Vibes"],"picked":"SKIP","floor":31},{"not_picked":["Replay:LoomingThreat","Blasphemy"],"picked":"Omniscience","floor":33},{"not_picked":["Protect","Replay:Anticipation+1"],"picked":"FlyingSleeves+1","floor":35},{"not_picked":["SignatureMove","Consecrate+1"],"picked":"Wallop+1","floor":37},{"not_picked":["EmptyMind+1","Crescendo"],"picked":"Protect+1","floor":38},{"not_picked":["Perseverance+1","Wish","Halt+1"],"picked":"SKIP","floor":41},{"not_picked":["ClearTheMind+1","WreathOfFlame"],"picked":"Replay:DivineShield+1","floor":42},{"not_picked":["Indignation","Evaluate","FollowUp"],"picked":"SKIP","floor":44},{"not_picked":["Crescendo","WreathOfFlame"],"picked":"Halt+1","floor":47},{"not_picked":["Consecrate+1","Crescendo","FlyingSleeves+1"],"picked":"SKIP","floor":48}],"player_experience":538238,"relics_obtained":[{"floor":4,"key":"Akabeko"},{"floor":6,"key":"Bag of Marbles"},{"floor":8,"key":"Happy Flower"},{"floor":9,"key":"Gremlin Horn"},{"floor":10,"key":"Toy Ornithopter"},{"floor":26,"key":"Boot"},{"floor":27,"key":"Vajra"},{"floor":28,"key":"Enchiridion"},{"floor":41,"key":"Du-Vu Doll"},{"floor":43,"key":"MawBank"},{"floor":47,"key":"Whetstone"}],"event_choices":[{"damage_healed":0,"gold_gain":0,"player_choice":"Trade","damage_taken":0,"relics_obtained":["FaceOfCleric"],"max_hp_gain":0,"max_hp_loss":0,"event_name":"FaceTrader","floor":2,"gold_loss":0},{"damage_healed":0,"gold_gain":0,"player_choice":"Rummage","damage_taken":0,"relics_obtained":["WarpedTongs"],"max_hp_gain":0,"max_hp_loss":0,"event_name":"Accursed Blacksmith","floor":7,"gold_loss":0,"cards_obtained":["Pain"]},{"cards_removed":["Strike_P"],"damage_healed":0,"gold_gain":0,"player_choice":"Purged","damage_taken":0,"max_hp_gain":0,"max_hp_loss":0,"event_name":"Purifier","floor":21,"gold_loss":0},{"damage_healed":0,"gold_gain":0,"player_choice":"Obtained Book","damage_taken":16,"max_hp_gain":0,"max_hp_loss":0,"event_name":"Cursed Tome","floor":28,"gold_loss":0},{"damage_healed":0,"gold_gain":0,"player_choice":"Got Potions","damage_taken":0,"max_hp_gain":0,"max_hp_loss":0,"event_name":"Lab","floor":39,"gold_loss":0},{"damage_healed":0,"gold_gain":0,"player_choice":"Upgraded","damage_taken":0,"max_hp_gain":0,"max_hp_loss":0,"event_name":"Upgrade Shrine","floor":49,"gold_loss":0,"cards_upgraded":["ThirdEye"]}],"is_beta":true,"boss_relics":[{"not_picked":["Replay:Wanted Poster","bronze:MakeshiftBattery"],"picked":"Snecko Eye"},{"not_picked":["Sozu","Tiny House"],"picked":"Ring of Chaos"}],"items_purged_floors":[13,29,36,46],"is_endless":false,"potions_floor_spawned":[1,3,12,16,20,24,35,38,42,48],"ascension_level":1}}