{"host":"b5jaqh8y266k2cz4","time":1613688982,"event":{"mods":["AchievementEnabler","Aspiration","BaseMod","Colored Powertips","Conspire","Dio Mod","Downfall","Googly Eyes","Hermit","Highlight Path","Hubris","Infinite Spire","MarisaÅiñ∂âJÅ@ñÇóùçπÅj","Mimic Mod","Minty Spire (QoL Compilation)","Quick Restart","Replay The Spire","Spikes Relics","StSLib","Synergy Search","Td1madao Mod","The Animator","The Cursed","The Jungle","The Necromancer","The Servant 0.9.4","The Wild Card","slay the spire mod where everything is the same but ironclad has a cowboy hat"],"gold_per_floor":[112,112,112,124,124,124,155,155,155,174,191,204,228,245,245,346,346,358,44,44,44],"floor_reached":20,"language":"ENG","playtime":728,"items_purged":[],"score":219,"play_id":"2b71f6a4-a6c9-4cd0-9cb1-1cb4149cf5f0","local_time":"20210218175622","is_ascension_mode":true,"campfire_choices":[{"data":"Provocative","floor":6,"key":"SMITH"},{"data":"Chip","floor":8,"key":"SMITH"},{"data":"Provocative","floor":15,"key":"SMITH"}],"circlet_count":0,"master_deck":["Strike_C","Strike_C","Strike_C","Strike_C","Defend_C","Defend_C","Defend_C","Defend_C","Knight Kick","Chip","Provocative+1","Chip+1","Sub Weapons","Provocative+1"],"relics":["Apod","NeowsBlessing","Juzu Bracelet","aspiration:DSix","Odd Mushroom","SlaversCollar","conspire:InfiniteJournal"],"acts_visited":["Exordium","theJungle:Jungle"],"potions_floor_usage":[16,16,16],"damage_taken":[{"damage":0,"enemies":"Small Slimes","floor":1,"turns":1},{"damage":0,"enemies":"Cultist","floor":4,"turns":1},{"damage":0,"enemies":"Lagavulin","floor":7,"turns":1},{"damage":0,"enemies":"2 Louse","floor":10,"turns":2},{"damage":7,"enemies":"Blue Slaver","floor":11,"turns":4},{"damage":0,"enemies":"Exordium Wildlife","floor":12,"turns":4},{"damage":11,"enemies":"The Mushroom Lair","floor":13,"turns":4},{"damage":0,"enemies":"Exordium Thugs","floor":14,"turns":3},{"damage":30,"enemies":"The Guardian","floor":16,"turns":8},{"damage":37,"enemies":"theJungle:Flameango_and_Byrd","floor":18,"turns":8},{"damage":37,"enemies":"Shell Parasite","floor":20,"turns":8}],"seed_played":"1639425963339120727","potions_obtained":[{"floor":7,"key":"PowerPotion"},{"floor":11,"key":"Weak Potion"},{"floor":13,"key":"Fire Potion"},{"floor":16,"key":"Elixir"}],"is_trial":false,"path_per_floor":["M","?","$","M","?","R","E","R","T","M","M","M","?","M","R","B",null,"M","$","M"],"character_chosen":"TD1MADAO_CLASS","items_purchased":["conspire:InfiniteJournal"],"campfire_rested":0,"item_purchase_floors":[19],"current_hp_per_floor":[70,70,70,70,70,70,70,70,70,70,63,63,52,52,52,22,70,33,33,0,0],"gold":44,"neow_bonus":"THREE_ENEMY_KILL","is_daily":false,"chose_seed":false,"campfire_upgraded":3,"win_rate":0.0,"timestamp":1613688982,"path_taken":["M","?","$","?","?","R","E","R","T","M","M","M","?","M","R","BOSS","M","$","M"],"items_purchased_type":["Relic"],"build_version":"2020-12-22","purchased_purges":0,"victory":false,"max_hp_per_floor":[70,70,70,70,70,70,70,70,70,70,70,70,70,70,70,70,70,70,70,70,70],"card_choices":[{"not_picked":["White Contract","Judgment"],"picked":"Provocative","floor":1},{"not_picked":["Gravity Defend","Black Execution","Fire Up"],"picked":"SKIP","floor":4},{"not_picked":["Im Angry","Reflection Mechanism","Retrieval Recycling"],"picked":"SKIP","floor":7},{"not_picked":["Black Spear","Energy Supply"],"picked":"Sub Weapons","floor":10},{"not_picked":["Resistance","Here Defend Chip","White Contract"],"picked":"SKIP","floor":11},{"not_picked":["Winding Magic","Here Defend Chip","Fire Blade"],"picked":"SKIP","floor":12},{"not_picked":["Sub Weapons","Preloading"],"picked":"Provocative","floor":13},{"not_picked":["Revenge","Black Hand","Twin Teeth"],"picked":"SKIP","floor":14},{"not_picked":["Afterwards+1","Cursed Blade+1","Energy Supply"],"picked":"SKIP","floor":18}],"player_experience":400068,"relics_obtained":[{"floor":7,"key":"Juzu Bracelet"},{"floor":9,"key":"aspiration:DSix"},{"floor":13,"key":"Odd Mushroom"}],"event_choices":[{"damage_healed":0,"gold_gain":0,"player_choice":"1 cards matched","damage_taken":0,"max_hp_gain":0,"max_hp_loss":0,"event_name":"Match and Keep!","floor":2,"gold_loss":0,"cards_obtained":["Chip"]},{"damage_healed":0,"gold_gain":0,"player_choice":"Fought Mushrooms","damage_taken":0,"max_hp_gain":0,"max_hp_loss":0,"event_name":"Mushrooms","floor":13,"gold_loss":0}],"is_beta":false,"boss_relics":[{"not_picked":["aspiration:DefectSkillbook","aspiration:SilentSkillbook"],"picked":"SlaversCollar"}],"items_purged_floors":[],"is_endless":false,"potions_floor_spawned":[7,11,13,16],"killed_by":"Shell Parasite","ascension_level":2}}