{"host":"ace4y8wgj0fxngh2","time":1613623357,"event":{"mods":["BaseMod","Colored Map","Colored Powertips","Minty Spire (QoL Compilation)","StSLib"],"gold_per_floor":[110,285,285,285,298,298,339,353,406,424,424,458,491,523,535,671,683,708,745,111,111,61,96,51,51,75,107,118,18,35,35,35,35,35],"floor_reached":33,"language":"ENG","playtime":1463,"items_purged":["Doubt","Strike_G"],"score":295,"play_id":"7c03177f-37a9-4954-805f-9f8dbec06e62","local_time":"20210217234237","is_ascension_mode":false,"campfire_choices":[{"data":"Crippling Poison","floor":6,"key":"SMITH"},{"data":"Endless Agony","floor":11,"key":"SMITH"},{"floor":15,"key":"REST"},{"floor":25,"key":"REST"},{"data":"Apotheosis","floor":32,"key":"SMITH"}],"circlet_count":0,"master_deck":["Strike_G","Strike_G","Strike_G","Strike_G","Defend_G","Defend_G","Defend_G","Defend_G","Defend_G","Survivor","Neutralize","Crippling Poison+1","Slice","Bane","Endless Agony+1","Catalyst","Deadly Poison","Phantasmal Killer","Endless Agony","Noxious Fumes","Apotheosis+1","Poisoned Stab","Catalyst","PiercingWail","Slice","Die Die Die","Die Die Die"],"relics":["Ring of the Snake","Vajra","Bag of Preparation","MawBank","Black Star","TwistedFunnel","Pen Nib","Nloth\u0027s Gift","Dream Catcher","Matryoshka","Blood Vial","Ninja Scroll","Torii"],"acts_visited":["Exordium","TheCity"],"potions_floor_usage":[10,18,28,28],"damage_taken":[{"damage":6,"enemies":"2 Louse","floor":1,"turns":4},{"damage":0,"enemies":"Jaw Worm","floor":5,"turns":6},{"damage":42,"enemies":"Lagavulin","floor":7,"turns":7},{"damage":0,"enemies":"Cultist","floor":8,"turns":3},{"damage":0,"enemies":"Blue Slaver","floor":10,"turns":3},{"damage":5,"enemies":"Gremlin Nob","floor":12,"turns":4},{"damage":14,"enemies":"Exordium Thugs","floor":13,"turns":2},{"damage":5,"enemies":"3 Louse","floor":14,"turns":2},{"damage":24,"enemies":"Hexaghost","floor":16,"turns":9},{"damage":8,"enemies":"Shell Parasite","floor":18,"turns":2},{"damage":16,"enemies":"Chosen","floor":19,"turns":5},{"damage":26,"enemies":"Book of Stabbing","floor":23,"turns":4},{"damage":18,"enemies":"Gremlin Leader","floor":27,"turns":3},{"damage":7,"enemies":"Shelled Parasite and Fungi","floor":28,"turns":4},{"damage":1,"enemies":"Chosen and Byrds","floor":30,"turns":5},{"damage":81,"enemies":"Champ","floor":33,"turns":7}],"seed_played":"8299419260228258437","potions_obtained":[{"floor":8,"key":"Block Potion"},{"floor":10,"key":"FairyPotion"},{"floor":16,"key":"AttackPotion"},{"floor":23,"key":"CunningPotion"},{"floor":27,"key":"EssenceOfSteel"},{"floor":28,"key":"FearPotion"}],"is_trial":false,"path_per_floor":["M","?","?","$","M","R","E","M","T","M","R","E","M","M","R","B",null,"M","M","$","?","$","E","$","R","T","E","M","$","M","?","R","B"],"character_chosen":"THE_SILENT","items_purchased":["TwistedFunnel","Noxious Fumes","Pen Nib","Apotheosis","Poisoned Stab","PiercingWail"],"campfire_rested":2,"item_purchase_floors":[20,20,20,20,22,24],"current_hp_per_floor":[71,71,71,71,71,71,29,29,29,29,29,24,10,5,26,2,71,63,47,47,47,47,21,21,42,42,26,21,21,22,45,45,0,0],"gold":35,"neow_bonus":"TEN_PERCENT_HP_BONUS","is_daily":false,"chose_seed":false,"campfire_upgraded":3,"win_rate":0.0,"timestamp":1613623357,"path_taken":["M","?","?","?","M","R","E","?","T","M","R","E","M","M","R","BOSS","M","M","$","?","$","E","?","R","T","E","M","$","M","?","R","BOSS"],"items_purchased_type":["Relic","Card","Relic","Card","Card","Card"],"build_version":"2020-12-22","purchased_purges":2,"victory":false,"max_hp_per_floor":[77,77,71,71,71,71,71,71,71,71,71,71,71,71,71,71,71,71,71,71,71,71,71,71,71,71,71,71,71,71,71,71,71,71],"card_choices":[{"not_picked":["Sucker Punch","Outmaneuver"],"picked":"Crippling Poison","floor":1},{"not_picked":["Dagger Spray","Eviscerate"],"picked":"Slice","floor":5},{"not_picked":["Prepared","Tools of the Trade","Distraction"],"picked":"SKIP","floor":7},{"not_picked":["Expertise","Tactician"],"picked":"Bane","floor":8},{"not_picked":["Cloak And Dagger","Slice"],"picked":"Endless Agony","floor":10},{"not_picked":["Bane","Infinite Blades"],"picked":"Catalyst","floor":12},{"not_picked":["Expertise","Leg Sweep","Heel Hook"],"picked":"SKIP","floor":13},{"not_picked":["Dodge and Roll","Phantasmal Killer"],"picked":"Deadly Poison","floor":14},{"not_picked":["Wraith Form v2","Venomology"],"picked":"Phantasmal Killer","floor":16},{"not_picked":["Outmaneuver+1","All Out Attack","Predator"],"picked":"SKIP","floor":18},{"not_picked":["Tactician","Quick Slash"],"picked":"Endless Agony","floor":19},{"not_picked":["Quick Slash","Glass Knife"],"picked":"Catalyst","floor":23},{"not_picked":["Caltrops","Outmaneuver"],"picked":"Slice","floor":25},{"not_picked":["Dash","Acrobatics"],"picked":"Die Die Die","floor":27},{"not_picked":["Dagger Spray","Acrobatics","Poisoned Stab"],"picked":"SKIP","floor":28},{"not_picked":["Outmaneuver","Blade Dance"],"picked":"Die Die Die","floor":30}],"player_experience":156518,"relics_obtained":[{"floor":7,"key":"Vajra"},{"floor":9,"key":"Bag of Preparation"},{"floor":12,"key":"MawBank"},{"floor":23,"key":"Dream Catcher"},{"floor":23,"key":"Matryoshka"},{"floor":26,"key":"Blood Vial"},{"floor":27,"key":"Ninja Scroll"},{"floor":27,"key":"Torii"}],"event_choices":[{"damage_healed":0,"gold_gain":175,"player_choice":"AGREE","damage_taken":0,"max_hp_gain":0,"max_hp_loss":0,"event_name":"Liars Game","floor":2,"gold_loss":0,"cards_obtained":["Doubt"]},{"damage_healed":0,"gold_gain":0,"player_choice":"Lose Max HP","damage_taken":0,"relics_obtained":["Golden Idol"],"max_hp_gain":0,"max_hp_loss":6,"event_name":"Golden Idol","floor":3,"gold_loss":0},{"damage_healed":0,"gold_gain":0,"player_choice":"Traded Relic","damage_taken":0,"relics_obtained":["Nloth\u0027s Gift"],"max_hp_gain":0,"max_hp_loss":0,"event_name":"N\u0027loth","floor":21,"relics_lost":["Golden Idol"],"gold_loss":0},{"damage_healed":23,"gold_gain":0,"player_choice":"Heal","damage_taken":0,"max_hp_gain":0,"max_hp_loss":0,"event_name":"The Library","floor":31,"gold_loss":0}],"is_beta":false,"boss_relics":[{"not_picked":["HoveringKite","Runic Pyramid"],"picked":"Black Star"}],"items_purged_floors":[20,29],"is_endless":false,"potions_floor_spawned":[8,10,16,23,27,28],"killed_by":"Champ","ascension_level":0}}