{"host":"2hea6pl5vmah38iy","time":1613660836,"event":{"mods":["AchievementEnabler","BaseMod","Colored Map","DeckTracker","Keyboard Shortcuts","Minty Spire (QoL Compilation)","Rare Cards Sparkle","StSLib","SuperFastMode","everything is the same but u backflip on backflip"],"gold_per_floor":[118,133,150,150,164,164,197,197,224,246,275,299,323,356,368,453,465,491,513,525,551,580,592,604,628,640,652,678,705,311,311,311,311],"floor_reached":32,"language":"KOR","playtime":1341,"items_purged":["Strike_B"],"score":488,"play_id":"816b89ab-ffdc-459e-bccf-426c1f809e5b","local_time":"20210219000716","is_ascension_mode":true,"campfire_choices":[{"data":"Dualcast","floor":6.0,"key":"SMITH"},{"data":"Defragment","floor":8.0,"key":"SMITH"},{"floor":15.0,"key":"REST"},{"floor":23.0,"key":"REST"},{"data":"Loop","floor":24.0,"key":"SMITH"},{"floor":26.0,"key":"REST"}],"circlet_count":0,"master_deck":["AscendersBane","Strike_B","Strike_B","Defend_B+1","Defend_B+1","Defend_B","Zap","Dualcast+1","Reboot","Cold Snap","Ball Lightning","Glacier","Sweeping Beam","Defragment+1","Loop","Echo Form","Loop+1","Electrodynamics","Coolheaded+1","Conserve Battery","Turbo+1","Hologram","Recycle","Loop","Defragment+1"],"relics":["Cracked Core","War Paint","MawBank","Odd Mushroom","Sozu","Letter Opener","Anchor","DollysMirror"],"acts_visited":["Exordium","TheCity"],"potions_floor_usage":[],"damage_taken":[{"damage":6.0,"enemies":"Cultist","floor":1.0,"turns":3.0},{"damage":2.0,"enemies":"Jaw Worm","floor":2.0,"turns":4.0},{"damage":0.0,"enemies":"Small Slimes","floor":3.0,"turns":2.0},{"damage":0.0,"enemies":"Blue Slaver","floor":5.0,"turns":4.0},{"damage":7.0,"enemies":"Gremlin Nob","floor":7.0,"turns":3.0},{"damage":11.0,"enemies":"3 Louse","floor":10.0,"turns":3.0},{"damage":1.0,"enemies":"Looter","floor":11.0,"turns":2.0},{"damage":18.0,"enemies":"Exordium Wildlife","floor":12.0,"turns":4.0},{"damage":2.0,"enemies":"Exordium Thugs","floor":13.0,"turns":4.0},{"damage":8.0,"enemies":"The Mushroom Lair","floor":14.0,"turns":3.0},{"damage":12.0,"enemies":"Hexaghost","floor":16.0,"turns":11.0},{"damage":10.0,"enemies":"3 Byrds","floor":18.0,"turns":2.0},{"damage":22.0,"enemies":"Spheric Guardian","floor":19.0,"turns":4.0},{"damage":2.0,"enemies":"Chosen and Byrds","floor":21.0,"turns":4.0},{"damage":16.0,"enemies":"Centurion and Healer","floor":22.0,"turns":4.0},{"damage":0.0,"enemies":"Snecko","floor":25.0,"turns":5.0},{"damage":17.0,"enemies":"Shelled Parasite and Fungi","floor":28.0,"turns":4.0},{"damage":22.0,"enemies":"Chosen and Byrds","floor":29.0,"turns":6.0},{"damage":0,"enemies":"3 Cultists","floor":32,"turns":2}],"seed_played":"211800859409481972","potions_obtained":[{"floor":1.0,"key":"BlessingOfTheForge"},{"floor":3.0,"key":"FocusPotion"},{"floor":13.0,"key":"PotionOfCapacity"},{"floor":14.0,"key":"Swift Potion"},{"floor":16.0,"key":"SpeedPotion"}],"is_trial":false,"path_per_floor":["M","M","M","?","M","R","E","R","T","M","M","M","M","?","R","B",null,"M","M","?","M","M","R","R","M","R","T","M","M","$","?","M"],"character_chosen":"DEFECT","items_purchased":["Anchor","DollysMirror"],"campfire_rested":3,"item_purchase_floors":[30,30],"current_hp_per_floor":[58,56,56,56,56,56,49,49,49,38,37,19,17,9,30,18,58,48,26,26,24,8,29,29,29,50,50,33,11,11,11,11,11],"gold":311,"neow_bonus":"ONE_RANDOM_RARE_CARD","is_daily":false,"chose_seed":false,"campfire_upgraded":3,"win_rate":0.0,"timestamp":1613660836,"path_taken":["M","M","M","?","M","R","E","R","T","M","?","M","M","?","R","BOSS","M","M","?","?","M","R","R","M","R","T","M","M","$","?","M"],"items_purchased_type":["Relic","Relic"],"build_version":"2020-12-22","purchased_purges":1,"victory":false,"max_hp_per_floor":[71,71,71,71,71,71,71,71,71,71,71,71,71,71,71,71,71,71,71,71,71,71,71,71,71,71,71,71,71,71,71,71,71],"card_choices":[{"not_picked":["Force Field","Tempest"],"picked":"Cold Snap","floor":1.0},{"not_picked":["Tempest","Hologram"],"picked":"Ball Lightning","floor":2.0},{"not_picked":["Stack","Ball Lightning"],"picked":"Glacier","floor":3.0},{"not_picked":["Coolheaded","Self Repair"],"picked":"Sweeping Beam","floor":5.0},{"not_picked":["All For One","Steam"],"picked":"Defragment","floor":7.0},{"not_picked":["Gash","Barrage","Reprogram"],"picked":"SKIP","floor":10.0},{"not_picked":["Hologram","Beam Cell"],"picked":"Loop","floor":11.0},{"not_picked":["Rebound","Redo","Ball Lightning"],"picked":"SKIP","floor":12.0},{"not_picked":["Conserve Battery","Barrage"],"picked":"Echo Form","floor":13.0},{"not_picked":["Gash","Streamline"],"picked":"Loop","floor":14.0},{"not_picked":["Reboot","Echo Form"],"picked":"Electrodynamics","floor":16.0},{"not_picked":["Hello World","Cold Snap"],"picked":"Coolheaded+1","floor":18.0},{"not_picked":["Leap","Melter","Scrape"],"picked":"SKIP","floor":19.0},{"not_picked":["Rebound","Fusion"],"picked":"Conserve Battery","floor":21.0},{"not_picked":["Compile Driver","Gash+1"],"picked":"Turbo+1","floor":22.0},{"not_picked":["Go for the Eyes","Rebound"],"picked":"Hologram","floor":25.0},{"not_picked":["Glacier","Barrage"],"picked":"Recycle","floor":28.0},{"not_picked":["Leap","Sweeping Beam"],"picked":"Loop","floor":29.0}],"player_experience":593451,"relics_obtained":[{"floor":7.0,"key":"War Paint"},{"floor":9.0,"key":"MawBank"},{"floor":14.0,"key":"Odd Mushroom"},{"floor":27.0,"key":"Letter Opener"}],"event_choices":[{"cards_removed":["Defend_B"],"damage_healed":0.0,"max_hp_gain":0.0,"max_hp_loss":0.0,"gold_gain":0.0,"event_name":"Purifier","player_choice":"Purged","floor":4.0,"gold_loss":0.0,"damage_taken":0.0},{"damage_healed":0.0,"max_hp_gain":0.0,"max_hp_loss":0.0,"gold_gain":0.0,"event_name":"Mushrooms","player_choice":"Fought Mushrooms","floor":14.0,"gold_loss":0.0,"damage_taken":0.0},{"cards_removed":["Strike_B"],"damage_healed":0.0,"max_hp_gain":0.0,"max_hp_loss":0.0,"gold_gain":0.0,"event_name":"Purifier","player_choice":"Purged","floor":20.0,"gold_loss":0.0,"damage_taken":0.0},{"damage_healed":0.0,"max_hp_gain":0.0,"max_hp_loss":0.0,"gold_gain":0.0,"event_name":"Vampires","player_choice":"Ignored","floor":31.0,"gold_loss":0.0,"damage_taken":0.0}],"is_beta":false,"boss_relics":[{"not_picked":["Coffee Dripper","Ectoplasm"],"picked":"Sozu"}],"items_purged_floors":[30],"is_endless":false,"potions_floor_spawned":[1,3,5,13,14,16,19,25,29],"killed_by":"3 Cultists","ascension_level":19}}