{"host":"iodn1af76021fjto","time":1613639508,"event":{"mods":["AchievementEnabler","BaseMod","BetterRewards","Colored Map","Downfall","Hermit","Jorbs\u0027s Wanderer Trilogy","Minty Spire (QoL Compilation)","Quick Restart","StSLib","SuperFastMode","The Cursed","The Hierophant","The Jungle","The Runesmith","The Servant 0.9.4"],"gold_per_floor":[116,62,80,80,98,133,133,158,158,174,174,174,174,174],"floor_reached":13,"language":"ENG","playtime":319,"items_purged":[],"score":102,"play_id":"8ff69019-31a3-4d65-95ec-85e9e9fb0cc2","local_time":"20210218041148","is_ascension_mode":true,"campfire_choices":[{"data":"Neutralize","floor":7,"key":"SMITH"},{"floor":12,"key":"REST"}],"circlet_count":0,"master_deck":["Strike_G","Strike_G","Strike_G","Strike_G","Strike_G","Defend_G","Defend_G","Defend_G+1","Defend_G","Defend_G+1","Survivor","Neutralize+1","Deadly Poison","Poisoned Stab","Dodge and Roll","Envenom","Bane"],"relics":["Ring of the Snake","NeowsBlessing","GremlinMask","Ice Cream","Matryoshka","War Paint","Question Card"],"acts_visited":["Exordium"],"potions_floor_usage":[10],"damage_taken":[{"damage":0,"enemies":"Cultist","floor":1,"turns":1},{"damage":0,"enemies":"2 Louse","floor":3,"turns":1},{"damage":0,"enemies":"Small Slimes","floor":5,"turns":1},{"damage":40,"enemies":"3 Sentries","floor":6,"turns":14},{"damage":26,"enemies":"Lagavulin","floor":8,"turns":7},{"damage":1,"enemies":"2 Fungi Beasts","floor":10,"turns":4},{"damage":25,"enemies":"3 Sentries","floor":13,"turns":8}],"seed_played":"305029496067082905","potions_obtained":[{"floor":3,"key":"SneckoOil"},{"floor":5,"key":"Slimebound:ThreeZeroPotion"},{"floor":10,"key":"Swift Potion"}],"is_trial":false,"path_per_floor":["M","$","M","?","M","E","R","E","T","M","?","R","E"],"character_chosen":"THE_SILENT","items_purchased":["Deadly Poison"],"campfire_rested":1,"item_purchase_floors":[2],"current_hp_per_floor":[70,70,70,70,70,30,30,4,4,3,3,24,0,0],"gold":174,"neow_bonus":"THREE_ENEMY_KILL","is_daily":false,"chose_seed":false,"campfire_upgraded":1,"win_rate":0.0,"timestamp":1613639508,"path_taken":["M","$","?","?","M","E","R","E","T","?","?","R","E"],"items_purchased_type":["Card"],"build_version":"2020-12-22","purchased_purges":0,"victory":false,"max_hp_per_floor":[70,70,70,70,70,70,70,70,70,70,70,70,70,70],"card_choices":[{"not_picked":["Deflect","Concentrate","Calculated Gamble"],"picked":"SKIP","floor":1},{"not_picked":["Infinite Blades","Deflect"],"picked":"Poisoned Stab","floor":3},{"not_picked":["Dagger Spray","Acrobatics"],"picked":"Dodge and Roll","floor":5},{"not_picked":["Riddle With Holes","Cloak And Dagger","Finisher"],"picked":"SKIP","floor":6},{"not_picked":["Reflex","Slice"],"picked":"Envenom","floor":8},{"not_picked":["Setup","Choke","Dodge and Roll"],"picked":"Bane","floor":10}],"player_experience":263869,"relics_obtained":[{"floor":6,"key":"Ice Cream"},{"floor":8,"key":"Matryoshka"},{"floor":9,"key":"War Paint"},{"floor":9,"key":"Question Card"}],"event_choices":[{"damage_healed":0,"gold_gain":0,"player_choice":"Trade","damage_taken":0,"relics_obtained":["GremlinMask"],"max_hp_gain":0,"max_hp_loss":0,"event_name":"FaceTrader","floor":4,"gold_loss":0},{"damage_healed":0,"gold_gain":0,"player_choice":"Ignored","damage_taken":0,"max_hp_gain":0,"max_hp_loss":0,"event_name":"Golden Idol","floor":11,"gold_loss":0}],"is_beta":false,"boss_relics":[],"items_purged_floors":[],"is_endless":false,"potions_floor_spawned":[3,5,10],"killed_by":"3 Sentries","ascension_level":2}}