{"host":"epc8efk9vrywpcsw","time":1613642664,"event":{"mods":["BaseMod","Minty Spire (QoL Compilation)","Relic Stats","StSLib"],"gold_per_floor":[118,135,150,150,168,181,181,181,181],"floor_reached":8,"language":"ENG","playtime":553,"items_purged":[],"score":100,"play_id":"07d351f6-26c5-4f33-be9c-796f62b70598","local_time":"20210218110424","is_ascension_mode":true,"campfire_choices":[{"data":"Neutralize","floor":7,"key":"SMITH"}],"circlet_count":0,"master_deck":["AscendersBane","Strike_G","Strike_G","Strike_G","Strike_G","Strike_G","Defend_G","Defend_G","Defend_G","Defend_G","Defend_G","Survivor","Neutralize+1","Grand Finale","Dagger Spray","Quick Slash","Die Die Die","Quick Slash","Leg Sweep"],"relics":["Ring of the Snake"],"acts_visited":["Exordium"],"potions_floor_usage":[],"damage_taken":[{"damage":6,"enemies":"Cultist","floor":1,"turns":5},{"damage":11,"enemies":"Jaw Worm","floor":2,"turns":7},{"damage":1,"enemies":"2 Louse","floor":3,"turns":3},{"damage":3,"enemies":"Looter","floor":5,"turns":4},{"damage":8,"enemies":"Blue Slaver","floor":6,"turns":4},{"damage":14,"enemies":"Lagavulin","floor":8,"turns":6}],"seed_played":"7994946301590447953","potions_obtained":[{"floor":2,"key":"FairyPotion"},{"floor":6,"key":"BlessingOfTheForge"}],"is_trial":false,"path_per_floor":["M","M","M","$","M","M","R","E"],"character_chosen":"THE_SILENT","items_purchased":[],"campfire_rested":0,"item_purchase_floors":[],"current_hp_per_floor":[53,42,41,41,38,30,30,16,16],"gold":181,"neow_bonus":"THREE_RARE_CARDS","is_daily":false,"chose_seed":false,"campfire_upgraded":1,"win_rate":0.0,"timestamp":1613642664,"path_taken":["M","M","M","?","?","M","R","E"],"items_purchased_type":[],"build_version":"2020-12-22","purchased_purges":0,"victory":false,"max_hp_per_floor":[60,60,60,60,60,60,60,60,60],"relic_stats":{"counters":[6,29],"obtain_stats":[{"Ring of the Snake":0},{"Ring of the Snake":0},{"Ring of the Snake":0}],"Ring of the Snake":[12]},"card_choices":[{"not_picked":["Tools of the Trade","Wraith Form v2"],"picked":"Grand Finale","floor":0},{"not_picked":["Slice","PiercingWail"],"picked":"Dagger Spray","floor":1},{"not_picked":["Acrobatics","Underhanded Strike"],"picked":"Quick Slash","floor":2},{"not_picked":["Distraction","PiercingWail"],"picked":"Die Die Die","floor":3},{"not_picked":["Distraction","Masterful Stab"],"picked":"Quick Slash","floor":5},{"not_picked":["Poisoned Stab","Infinite Blades"],"picked":"Leg Sweep","floor":6}],"player_experience":535417,"relics_obtained":[],"event_choices":[],"is_beta":false,"boss_relics":[],"items_purged_floors":[],"is_endless":false,"potions_floor_spawned":[2,6],"killed_by":"Lagavulin","ascension_level":20}}