{"host":"p0hktren06injwdf","time":1613634261,"event":{"mods":["AchievementEnabler","BaseMod","Colored Map","DeckTracker","Minty Spire (QoL Compilation)","Permanent Neow","StSLib","SuperFastMode"],"gold_per_floor":[110,122,122,43,59,59,59,70,70,86,119,134,159,8,8,8,8],"floor_reached":16,"language":"KOR","playtime":226,"items_purged":["SandsOfTime"],"score":274,"play_id":"09c6a2e8-a5f0-4a4b-be2a-d025f8530298","local_time":"20210218164421","is_ascension_mode":true,"campfire_choices":[{"data":"Eruption","floor":6.0,"key":"SMITH"},{"data":"SignatureMove","floor":15.0,"key":"SMITH"}],"circlet_count":0,"master_deck":["AscendersBane","Strike_P","Strike_P","Strike_P","Defend_P","Defend_P","Eruption+1","Vigilance","FlurryOfBlows","MentalFortress","SignatureMove+1","FollowUp","Consecrate","Vault","Tantrum"],"relics":["PureWater","Pear","WingedGreaves","Tiny Chest"],"acts_visited":["Exordium"],"potions_floor_usage":[16],"damage_taken":[{"damage":0.0,"enemies":"Jaw Worm","floor":1.0,"turns":3.0},{"damage":0.0,"enemies":"Cultist","floor":2.0,"turns":3.0},{"damage":7.0,"enemies":"2 Louse","floor":5.0,"turns":3.0},{"damage":0.0,"enemies":"Exordium Wildlife","floor":8.0,"turns":2.0},{"damage":9.0,"enemies":"3 Louse","floor":10.0,"turns":2.0},{"damage":0.0,"enemies":"Gremlin Nob","floor":11.0,"turns":2.0},{"damage":21.0,"enemies":"Lots of Slimes","floor":12.0,"turns":6.0},{"damage":27.0,"enemies":"Lagavulin","floor":13.0,"turns":6.0},{"damage":0,"enemies":"Hexaghost","floor":16,"turns":3}],"seed_played":"7623278685444163573","potions_obtained":[{"floor":10.0,"key":"SmokeBomb"},{"floor":11.0,"key":"Regen Potion"},{"floor":13.0,"key":"GamblersBrew"}],"is_trial":false,"path_per_floor":["M","M","?","$","M","R","?","M","T","M","E","M","E","$","R","B"],"character_chosen":"WATCHER","items_purchased":["MentalFortress","Tantrum"],"campfire_rested":0,"item_purchase_floors":[4,14],"current_hp_per_floor":[43,43,43,43,36,36,58,58,68,59,59,53,26,26,26,26,26],"gold":8,"neow_bonus":"REMOVE_TWO","is_daily":false,"chose_seed":false,"campfire_upgraded":2,"win_rate":0.0,"timestamp":1613634261,"path_taken":["M","M","?","$","?","R","?","M","T","M","E","M","E","$","R","BOSS"],"items_purchased_type":["Card","Card"],"build_version":"2020-12-22","purchased_purges":1,"victory":false,"max_hp_per_floor":[68,68,68,68,68,68,68,68,78,78,78,78,78,78,78,78,78],"card_choices":[{"not_picked":["PathToVictory","ThirdEye"],"picked":"SandsOfTime","floor":1.0},{"not_picked":["Protect","ClearTheMind"],"picked":"FlurryOfBlows","floor":2.0},{"not_picked":["Evaluate","Vengeance"],"picked":"SignatureMove","floor":5.0},{"not_picked":["Worship","Halt"],"picked":"FollowUp","floor":8.0},{"not_picked":["Protect","ClearTheMind","FollowUp"],"picked":"SKIP","floor":10.0},{"not_picked":["WindmillStrike","Collect","Worship"],"picked":"SKIP","floor":11.0},{"not_picked":["Collect","PathToVictory"],"picked":"Consecrate","floor":12.0},{"not_picked":["WheelKick","Meditate"],"picked":"Vault","floor":13.0}],"player_experience":1085242,"relics_obtained":[{"floor":9.0,"key":"Pear"},{"floor":11.0,"key":"WingedGreaves"},{"floor":13.0,"key":"Tiny Chest"}],"event_choices":[{"cards_removed":["Strike_P"],"damage_healed":0.0,"max_hp_gain":0.0,"max_hp_loss":0.0,"gold_gain":0.0,"event_name":"Bonfire Elementals","player_choice":"Offered Basic","floor":3.0,"gold_loss":0.0,"damage_taken":0.0},{"damage_healed":22.0,"max_hp_gain":0.0,"max_hp_loss":0.0,"gold_gain":0.0,"event_name":"Big Fish","player_choice":"Banana","floor":7.0,"gold_loss":0.0,"damage_taken":0.0}],"is_beta":false,"boss_relics":[],"items_purged_floors":[14],"is_endless":false,"potions_floor_spawned":[10,11,13],"killed_by":"Hexaghost","ascension_level":20}}