{"host":"en4narc5947t7k9n","time":1613631425,"event":{"mods":["AchievementEnabler","BaseMod","Colored Map","Minty Spire (QoL Compilation)","SuperFastMode"],"gold_per_floor":[118,118,118,133,158,191,210,245,245,50,50,64,14,33,33,33,33],"floor_reached":16,"language":"KOR","playtime":636,"items_purged":["Strike_G","Strike_G"],"score":112,"play_id":"bd1e3489-d65a-45ea-a5e2-3b6762dd9cdb","local_time":"20210218155705","is_ascension_mode":false,"campfire_choices":[{"floor":11,"key":"DIG"},{"floor":15,"key":"DIG"}],"circlet_count":0,"master_deck":["Strike_G","Strike_G","Defend_G","Defend_G","Defend_G","Defend_G","Defend_G","Survivor","Neutralize","Slice","Backstab","Quick Slash","Endless Agony","All Out Attack","Deadly Poison","Phantasmal Killer","Backflip"],"relics":["Ring of the Snake","NeowsBlessing","Golden Idol","Smiling Mask","Shovel","Tingsha","Sling","Calipers","TungstenRod"],"acts_visited":["Exordium"],"potions_floor_usage":[16,16],"damage_taken":[{"damage":0,"enemies":"2 Louse","floor":1,"turns":1},{"damage":0,"enemies":"Jaw Worm","floor":4,"turns":1},{"damage":0,"enemies":"Cultist","floor":5,"turns":1},{"damage":10,"enemies":"Gremlin Nob","floor":6,"turns":4},{"damage":1,"enemies":"Exordium Wildlife","floor":7,"turns":3},{"damage":23,"enemies":"3 Sentries","floor":8,"turns":8},{"damage":6,"enemies":"Large Slime","floor":12,"turns":4},{"damage":4,"enemies":"2 Fungi Beasts","floor":14,"turns":2},{"damage":9,"enemies":"The Guardian","floor":16,"turns":3}],"seed_played":"-5607052497395097015","potions_obtained":[{"floor":1,"key":"Energy Potion"},{"floor":8,"key":"SkillPotion"},{"floor":12,"key":"LiquidBronze"}],"is_trial":false,"path_per_floor":["M","?","?","M","M","E","M","E","T","$","R","M","$","M","R","B"],"character_chosen":"THE_SILENT","items_purchased":["Sling"],"campfire_rested":0,"item_purchase_floors":[10],"current_hp_per_floor":[70,53,53,53,53,43,42,19,19,19,19,13,13,9,9,0,0],"gold":33,"neow_bonus":"THREE_ENEMY_KILL","is_daily":false,"chose_seed":false,"campfire_upgraded":0,"win_rate":0.0,"timestamp":1613631425,"path_taken":["M","?","?","?","M","E","M","E","T","$","R","M","$","M","R","BOSS"],"items_purchased_type":["Relic"],"build_version":"2020-12-22","purchased_purges":2,"victory":false,"max_hp_per_floor":[70,70,70,70,70,70,70,70,70,70,70,70,70,70,70,70,70],"card_choices":[{"not_picked":["Footwork","Sucker Punch"],"picked":"Slice","floor":1},{"not_picked":["Dagger Throw","Deflect"],"picked":"Backstab","floor":4},{"not_picked":["Skewer","Underhanded Strike"],"picked":"Quick Slash","floor":5},{"not_picked":["Dodge and Roll","Eviscerate"],"picked":"Endless Agony","floor":6},{"not_picked":["Prepared","Underhanded Strike"],"picked":"All Out Attack","floor":7},{"not_picked":["Skewer","Footwork"],"picked":"Deadly Poison","floor":8},{"not_picked":["Distraction","Poisoned Stab"],"picked":"Phantasmal Killer","floor":12},{"not_picked":["Underhanded Strike","Quick Slash"],"picked":"Backflip","floor":14}],"player_experience":52215,"relics_obtained":[{"floor":6,"key":"Smiling Mask"},{"floor":8,"key":"Shovel"},{"floor":9,"key":"Tingsha"},{"floor":11,"key":"Calipers"},{"floor":15,"key":"TungstenRod"}],"event_choices":[{"damage_healed":0,"gold_gain":0,"player_choice":"Take Damage","damage_taken":17,"relics_obtained":["Golden Idol"],"max_hp_gain":0,"max_hp_loss":0,"event_name":"Golden Idol","floor":2,"gold_loss":0},{"cards_removed":["Strike_G"],"damage_healed":0,"gold_gain":0,"player_choice":"Card Removal","damage_taken":0,"max_hp_gain":0,"max_hp_loss":0,"event_name":"Wheel of Change","floor":3,"gold_loss":0}],"is_beta":false,"boss_relics":[],"items_purged_floors":[10,13],"is_endless":false,"potions_floor_spawned":[1,8,12,14],"killed_by":"The Guardian","ascension_level":0}}