{"host":"0rn20prxkpuv2e47","time":1613640541,"event":{"mods":["100% Spire Juice","ATMod(阿瑾Mod)","Act Like it!","Arknights","Aspiration","BaseMod","Challenge The Spire","Downfall","Friendly Minions","Gensokyo","Hallownest","Hermit","Koishi","KomeijiMod","Marisa（F雨　魔理沙）","Minty Spire (QoL Compilation)","MostiFishMod","Prisma Mod","Quick Restart","Reimu（博丽灵梦）","Remilia（蕾米莉亚）","Robot Space Explorer","StSLib","The Administrix","The Alterego","The Animator","The Blackbeard","The Bug Knight","The Construct","The Cursed","The Jungle","The Mystic","The Runesmith","The Senshi","The Servant 0.9.4","Warlord Emblem","Wide Potions","[GremlinLeader]The Maniac","[IsaacMod]以撒尖塔","[功能]功能增强和修复MOD","noobMod","【功能Mod】聪明的最终Boss","【遗物卡牌】REMEMod"],"gold_per_floor":[112,112,87,87,111,111,111,136,189,189,17,17,35,54,54,453,453,472,472,442,442,442,442,470,470,518,513,513,-887,-887,-869,-869,-764,-764,-764,-764],"floor_reached":35,"language":"ZHS","playtime":1007,"items_purged":["Strike_Komeiji","Strike_Komeiji","Defend_Komeiji","Dash_Komeiji","Defend_Komeiji","Defend_Komeiji","Defend_Komeiji","Strike_Komeiji","Strike_Komeiji","SeekerWire+1","Strike_Komeiji","HisouNoKen+1"],"score":590,"play_id":"a411f5ee-9666-41eb-8ed6-89247d3420e7","local_time":"20210218172901","is_ascension_mode":false,"campfire_choices":[{"data":"AT_MachinaRedman","floor":6,"key":"SMITH"},{"floor":10,"key":"RECALL"},{"floor":12,"key":"REST"},{"data":"SeekerWire+1","floor":15,"key":"SWEEP"},{"data":"MusouMyousyu","floor":23,"key":"SMITH"},{"data":"HisouNoKen","floor":25,"key":"SMITH"},{"data":"MostiFishMod:PerfectForm","floor":30,"key":"SMITH"}],"circlet_count":0,"master_deck":["AT_MachinaRedman+1","ShanghaiNingyou+1","MusouMyousyu+1","Madness+1","MostiFishMod:PerfectForm+1"],"relics":["KomeijisEye","SpellCardsRule","MusicBox","ice","AT_ATBox","REME_ComplimentaryCards","HushsDoor","DaveBox","RhineSuit","Damocles","Anchor","SynthV:TestCard","Gensokyo:Mercy","Oddly Smooth Stone","HollowMod:PaleOreRelic","Toolbox","HowToJump","SpellExtend","Toxic Egg 2","CrystalOfMemory","WarlordEmblem:MantleKazakus","BirthdayGift-Tetrahedron","WarlordEmblem:MantleBaku","Vajra","AT_TrinityForce","AT_ChloranthyRing","theJungle:BirthdayCakeSlice","BFFS","WarlordEmblem:QuestWarrior","Mummified Hand","BirthdayGift-Icosahedron","Kunai","Singing Bowl","WarlordEmblem:MantleWalana","SynthV:C4","Happy Flower","Whetstone","WingedGreaves","TentaclePot:ReiMu","SatanicBible","Molten Egg 2","HandDrill","aspiration:FrozenJewel","WarlordEmblem:QuestDruid","SynthV:MejaisSoulstealer","BookOfRevelations","ExusiaiGun"],"acts_visited":["Gensokyo:Gensokyo","theJungle:Jungle","Hallownest:KingdomsEdge"],"potions_floor_usage":[],"damage_taken":[{"damage":0,"enemies":"Gensokyo:Python","floor":1,"turns":1},{"damage":0,"enemies":"Gensokyo:Aya","floor":8,"turns":2},{"damage":2,"enemies":"Gensokyo:3_Fairies","floor":13,"turns":2},{"damage":0,"enemies":"Gensokyo:2_Kodama","floor":14,"turns":1},{"damage":2,"enemies":"Gensokyo:Yukari","floor":16,"turns":2},{"damage":0,"enemies":"theJungle:GiantWrat","floor":18,"turns":1},{"damage":0,"enemies":"theJungle:MamaSnecko","floor":24,"turns":1},{"damage":0,"enemies":"Shell Parasite","floor":31,"turns":1},{"damage":0,"enemies":"theJungle:TotemBoss","floor":33,"turns":1},{"damage":1,"enemies":"Hallownest:Shield_Heavy","floor":35,"turns":2}],"seed_played":"-6749104231788185354","potions_obtained":[{"floor":8,"key":"PpointPotion"},{"floor":8,"key":"Strength Potion"}],"is_trial":false,"path_per_floor":["M","?","$","?","T","R","T","E","T","R","COS","R","M","M","R","B",null,"M","?","$","?","$","R","E","R","T","$","$","$","R","M","R","B",null,"M"],"character_chosen":"KomeijiSatori","items_purchased":["Oddly Smooth Stone","HollowMod:PaleOreRelic","Toolbox","BFFS","WarlordEmblem:QuestWarrior","Mummified Hand","HisouNoKen","BirthdayGift-Icosahedron","Kunai","Singing Bowl","Madness+1","Whetstone","WingedGreaves","TentaclePot:ReiMu","MostiFishMod:PerfectForm","SatanicBible","Molten Egg 2","HandDrill","aspiration:FrozenJewel","WarlordEmblem:QuestDruid","SynthV:MejaisSoulstealer"],"campfire_rested":1,"item_purchase_floors":[3,3,3,20,20,20,20,22,22,22,22,27,27,27,27,28,28,28,29,29,29],"current_hp_per_floor":[45,45,45,36,36,36,36,36,36,36,36,45,43,43,45,43,45,45,50,50,50,50,50,52,52,52,52,52,52,52,54,54,56,56,0,0],"gold":-764,"neow_bonus":"TRANSFORM_TWO_CARDS","is_daily":false,"chose_seed":false,"campfire_upgraded":4,"win_rate":0.0,"timestamp":1613640541,"path_taken":["M","?","$","?","?","R","?","E","T","R","COS","R","?","M","R","BOSS","M","?","$","?","$","R","E","R","T","?","$","$","R","M","R","BOSS","M"],"items_purchased_type":["Relic","Relic","Relic","Relic","Relic","Relic","Card","Relic","Relic","Relic","Card","Relic","Relic","Relic","Card","Relic","Relic","Relic","Relic","Relic","Relic"],"build_version":"2020-12-22","purchased_purges":12,"victory":false,"max_hp_per_floor":[45,45,45,45,45,45,45,45,45,45,45,45,45,45,45,45,45,45,50,50,50,50,50,52,52,52,52,52,52,52,54,54,56,56,56,56],"card_choices":[{"not_picked":["KinbakuJin+1","KoKei+1"],"picked":"NingyouKisou+1","floor":1},{"not_picked":["LittleLegion+1","Melting","OoedoNingyou+1","SeekerDolls+1"],"picked":"ShanghaiNingyou+1","floor":8},{"not_picked":["DemonsDinnerFork","DochyakuKami+1","NingyouKisou+1","MusuNoYume+1","NarrowSpark","KokorosuKi+1"],"picked":"SKIP","floor":13},{"not_picked":["SenyouGoraku+1","JyouchiJin+1","RikonNoKama+1","SeekerDolls+1","MajikuruSanhai+1"],"picked":"NingyouSP+1","floor":14},{"not_picked":["HisouTensoku","TerribleSouvenir+1","MunenMusou","EverywhereHibernate","AbyssNova"],"picked":"MusouMyousyu","floor":16},{"not_picked":["JyouchiJin+1","Agarareta+1","KouPou+1","GasuOrimono+1","SeekerDolls+1","NingyouShinki+1"],"picked":"SKIP","floor":18},{"not_picked":["KouPou+1","NingyouChiyari+1","Sabishigari+1","NingyouMusou+1","SenyouGoraku+1","DemonsDinnerFork"],"picked":"Singing Bowl","floor":24},{"not_picked":["NingyouSousou+1","MusuNoYume+1","Melting+1","EnMu+1","InscribeRedSoul+1","NingyouSP+1"],"picked":"Singing Bowl","floor":31},{"not_picked":["HelanNingyou+1","SemiAutomaton","TenguhouSokujitsuken","YuumeiNoKurin","LunaDial+1","AbyssNova+1"],"picked":"Singing Bowl","floor":33}],"player_experience":190509,"relics_obtained":[{"floor":1,"key":"Anchor"},{"floor":1,"key":"SynthV:TestCard"},{"floor":5,"key":"SpellExtend"},{"floor":8,"key":"Toxic Egg 2"},{"floor":8,"key":"CrystalOfMemory"},{"floor":9,"key":"WarlordEmblem:MantleKazakus"},{"floor":13,"key":"WarlordEmblem:MantleBaku"},{"floor":14,"key":"Vajra"},{"floor":18,"key":"AT_ChloranthyRing"},{"floor":24,"key":"WarlordEmblem:MantleWalana"},{"floor":24,"key":"SynthV:C4"},{"floor":26,"key":"Happy Flower"},{"floor":31,"key":"BookOfRevelations"}],"event_choices":[],"is_beta":false,"boss_relics":[{"not_picked":["WarlordEmblem:Scar","WarlordEmblem:VoidPower"],"picked":"AT_TrinityForce"},{"not_picked":[]},{"not_picked":["EE1DDrone","WarlordEmblem:HeavyShield"],"picked":"ExusiaiGun"},{"not_picked":[]}],"items_purged_floors":[3,3,3,3,3,20,20,20,20,20,20,27],"is_endless":false,"potions_floor_spawned":[1,8,8,8,13,14,18,24,24,31,33],"killed_by":"Hallownest:Shield_Heavy","ascension_level":0}}