{"host":"kg61lsvem4dxoat8","time":1613637601,"event":{"mods":["AchievementEnabler","BaseMod","Better Altar","Better Match","Better Sensory Stone","Better Skull","Block Reminder","Highlight Path","Minty Spire (QoL Compilation)","Quick Restart","Rare Cards Sparkle","Relic Sorter","Relic Stats","StSLib","Synergy Search","slay the spire mod where everything is the same but ironclad has a cowboy hat"],"gold_per_floor":[119,269,288,128,128,170,185,211,234,262,288,288,288,33,33,120,120,131,140,160,169,44,44,64,24,50,67,81,81,93,107,107,190,190,203,225,259,312,334,377,377,377,404,421,421,421,421,446,446,446,446,446],"floor_reached":51,"language":"ENG","playtime":1301,"items_purged":["Doubt","Strike_G","Strike_G"],"score":1514,"play_id":"3989cd04-1995-4131-a632-c77b24cb9d44","local_time":"20210218164001","is_ascension_mode":true,"campfire_choices":[{"data":"Blade Dance","floor":13.0,"key":"SMITH"},{"data":"Accuracy","floor":15.0,"key":"SMITH"},{"floor":23.0,"key":"REST"},{"floor":29.0,"key":"REST"},{"floor":32.0,"key":"REST"},{"data":"Phantasmal Killer","floor":41,"key":"SMITH"},{"floor":45,"key":"REST"},{"floor":47,"key":"REST"},{"data":"Footwork","floor":49,"key":"SMITH"}],"circlet_count":0,"master_deck":["AscendersBane","Strike_G","Strike_G","Strike_G","Defend_G","Defend_G","Defend_G","Defend_G","Defend_G","Survivor","Neutralize","Footwork+1","Accuracy+1","Backstab+1","Accuracy","Blade Dance+1","Cloak And Dagger","Blade Dance+1","Venomology","PiercingWail","Blade Dance+1","Calculated Gamble","Phantasmal Killer+1","Cloak And Dagger+1","Blade Dance+1","Acrobatics","Adrenaline"],"relics":["Ring of the Snake","NeowsBlessing","CeramicFish","Centennial Puzzle","Odd Mushroom","DollysMirror","Philosopher\u0027s Stone","Art of War","WristBlade","Thread and Needle","Mango","Juzu Bracelet","Bronze Scales","Ornamental Fan"],"acts_visited":["Exordium","TheCity","TheBeyond"],"potions_floor_usage":[36,37,38,40,40,48,48,50,50,51],"damage_taken":[{"damage":0.0,"enemies":"Small Slimes","floor":1.0,"turns":1.0},{"damage":0.0,"enemies":"Cultist","floor":3.0,"turns":1.0},{"damage":0.0,"enemies":"Gremlin Nob","floor":6.0,"turns":1.0},{"damage":0.0,"enemies":"2 Louse","floor":7.0,"turns":3.0},{"damage":4.0,"enemies":"Looter","floor":8.0,"turns":4.0},{"damage":18.0,"enemies":"Large Slime","floor":10.0,"turns":5.0},{"damage":7.0,"enemies":"The Mushroom Lair","floor":11.0,"turns":3.0},{"damage":6.0,"enemies":"The Guardian","floor":16.0,"turns":9.0},{"damage":8.0,"enemies":"2 Thieves","floor":18.0,"turns":2.0},{"damage":27.0,"enemies":"3 Byrds","floor":20.0,"turns":5.0},{"damage":14.0,"enemies":"Centurion and Healer","floor":24.0,"turns":4.0},{"damage":10.0,"enemies":"Snake Plant","floor":27.0,"turns":4.0},{"damage":22.0,"enemies":"Shelled Parasite and Fungi","floor":28.0,"turns":2.0},{"damage":0.0,"enemies":"Sentry and Sphere","floor":30.0,"turns":2.0},{"damage":9.0,"enemies":"Cultist and Chosen","floor":31.0,"turns":3.0},{"damage":25.0,"enemies":"Champ","floor":33.0,"turns":11.0},{"damage":4.0,"enemies":"Orb Walker","floor":35.0,"turns":2.0},{"damage":3,"enemies":"3 Darklings","floor":36,"turns":3},{"damage":13,"enemies":"Mind Bloom Boss Battle","floor":37,"turns":5},{"damage":12,"enemies":"2 Orb Walkers","floor":38,"turns":3},{"damage":1,"enemies":"Writhing Mass","floor":39,"turns":3},{"damage":12,"enemies":"Reptomancer","floor":40,"turns":3},{"damage":19,"enemies":"Jaw Worm Horde","floor":44,"turns":2},{"damage":0,"enemies":"Giant Head","floor":48,"turns":4},{"damage":45,"enemies":"Awakened One","floor":50,"turns":6},{"damage":2,"enemies":"Donu and Deca","floor":51,"turns":1}],"seed_played":"-5675895296059270723","potions_obtained":[{"floor":6.0,"key":"BlessingOfTheForge"},{"floor":8.0,"key":"ColorlessPotion"},{"floor":25.0,"key":"EssenceOfSteel"},{"floor":25.0,"key":"GhostInAJar"},{"floor":28.0,"key":"Fire Potion"},{"floor":31.0,"key":"Block Potion"},{"floor":33.0,"key":"BlessingOfTheForge"},{"floor":35.0,"key":"BlessingOfTheForge"},{"floor":44,"key":"Energy Potion"},{"floor":48,"key":"CultistPotion"}],"is_trial":false,"path_per_floor":["M","?","M","$","?","E","M","M","T","M","?","?","R","$","R","B",null,"M","?","M","?","$","R","M","?","T","M","M","R","M","M","R","B",null,"M","M","?","?","M","E","R","?","T","M","R","?","R","E","R","B","B"],"character_chosen":"THE_SILENT","items_purchased":["Accuracy","DollysMirror"],"campfire_rested":5,"item_purchase_floors":[4,14],"current_hp_per_floor":[59,59,59,59,59,59,59,55,55,37,30,30,30,30,30,24,56,48,48,21,21,21,40,38,38,38,28,6,25,25,16,35,10,52,48,45,32,34,33,21,21,21,21,2,24,24,46,46,46,1,0,0],"gold":446,"neow_bonus":"THREE_ENEMY_KILL","is_daily":false,"chose_seed":false,"campfire_upgraded":4,"win_rate":0.0,"timestamp":1613637601,"path_taken":["M","?","M","$","?","E","M","M","T","M","?","?","R","$","R","BOSS","M","?","M","?","$","R","?","?","T","M","M","R","M","M","R","BOSS","M","?","?","?","M","E","R","?","T","M","R","?","R","E","R","BOSS","BOSS"],"items_purchased_type":["Card","Relic"],"build_version":"2020-12-22","purchased_purges":3,"victory":false,"max_hp_per_floor":[66,66,66,66,66,66,66,66,66,66,66,66,66,66,66,66,66,66,66,66,66,66,66,66,66,66,66,66,66,66,66,66,66,66,66,66,66,80,80,80,80,76,76,76,76,76,76,76,76,76,76,76],"relic_stats":{"Centennial Puzzle":[54],"counters":[26,92],"Ornamental Fan":[48],"CeramicFish":117,"Bronze Scales":[33],"Art of War":[0],"Juzu Bracelet":0,"obtain_stats":[{"NeowsBlessing":0,"CeramicFish":6,"Thread and Needle":37,"Mango":38,"Juzu Bracelet":40,"Odd Mushroom":11,"Centennial Puzzle":9,"WristBlade":34,"DollysMirror":14,"Ornamental Fan":48,"Bronze Scales":43,"Philosopher\u0027s Stone":17,"Art of War":26,"Ring of the Snake":0},{"NeowsBlessing":0,"CeramicFish":3,"Thread and Needle":19,"Mango":20,"Juzu Bracelet":22,"Odd Mushroom":7,"Centennial Puzzle":5,"WristBlade":16,"DollysMirror":7,"Ornamental Fan":24,"Bronze Scales":22,"Philosopher\u0027s Stone":8,"Art of War":11,"Ring of the Snake":0},{"NeowsBlessing":0,"CeramicFish":3,"Thread and Needle":70,"Mango":73,"Juzu Bracelet":79,"Odd Mushroom":18,"Centennial Puzzle":10,"WristBlade":60,"DollysMirror":18,"Ornamental Fan":85,"Bronze Scales":79,"Philosopher\u0027s Stone":27,"Art of War":38,"Ring of the Snake":0}],"Ring of the Snake":[52]},"card_choices":[{"not_picked":["Dagger Throw","Masterful Stab"],"picked":"Footwork","floor":1.0},{"not_picked":["Eviscerate","Sucker Punch","Deadly Poison"],"picked":"SKIP","floor":3.0},{"not_picked":["Eviscerate+1","Endless Agony+1"],"picked":"Backstab+1","floor":5.0},{"not_picked":["Corpse Explosion","Backstab"],"picked":"Accuracy","floor":6.0},{"not_picked":["Predator","Bane","Dodge and Roll"],"picked":"SKIP","floor":7.0},{"not_picked":["Well Laid Plans","PiercingWail"],"picked":"Blade Dance","floor":8.0},{"not_picked":["Skewer","Outmaneuver"],"picked":"Cloak And Dagger","floor":10.0},{"not_picked":["Grand Finale","Storm of Steel"],"picked":"Venomology","floor":16.0},{"not_picked":["Dodge and Roll","Well Laid Plans","Cloak And Dagger"],"picked":"SKIP","floor":18.0},{"not_picked":["Slice+1","Underhanded Strike","PiercingWail"],"picked":"SKIP","floor":20.0},{"not_picked":["Backflip","Infinite Blades"],"picked":"Calculated Gamble","floor":24.0},{"not_picked":["Noxious Fumes","Endless Agony","Finisher"],"picked":"SKIP","floor":27.0},{"not_picked":["Blade Dance","Sucker Punch","Cloak And Dagger"],"picked":"SKIP","floor":28.0},{"not_picked":["Bane","Backflip","Reflex"],"picked":"SKIP","floor":30.0},{"not_picked":["Calculated Gamble","Flying Knee","Sucker Punch+1"],"picked":"SKIP","floor":31.0},{"not_picked":["Venomology","Unload"],"picked":"Phantasmal Killer","floor":33.0},{"not_picked":["Flechettes","Sucker Punch+1","Outmaneuver"],"picked":"SKIP","floor":35.0},{"not_picked":["Flying Knee","Bane+1"],"picked":"Cloak And Dagger+1","floor":36},{"not_picked":["Deadly Poison","Bane"],"picked":"Blade Dance+1","floor":37},{"not_picked":["Expertise","Sucker Punch"],"picked":"Acrobatics","floor":39},{"not_picked":["Poisoned Stab","Dodge and Roll"],"picked":"Adrenaline","floor":40},{"not_picked":["PiercingWail","Outmaneuver","Backflip"],"picked":"SKIP","floor":44},{"not_picked":["Grand Finale","Crippling Poison","Quick Slash"],"picked":"SKIP","floor":48}],"player_experience":1555987,"relics_obtained":[{"floor":6.0,"key":"CeramicFish"},{"floor":9.0,"key":"Centennial Puzzle"},{"floor":11.0,"key":"Odd Mushroom"},{"floor":26.0,"key":"Art of War"},{"floor":37,"key":"Thread and Needle"},{"floor":38,"key":"Mango"},{"floor":40,"key":"Juzu Bracelet"},{"floor":43,"key":"Bronze Scales"},{"floor":48,"key":"Ornamental Fan"}],"event_choices":[{"damage_healed":0.0,"max_hp_gain":0.0,"max_hp_loss":0.0,"gold_gain":150.0,"event_name":"Liars Game","player_choice":"AGREE","floor":2.0,"gold_loss":0.0,"damage_taken":0.0,"cards_obtained":["Doubt"]},{"damage_healed":0.0,"max_hp_gain":0.0,"max_hp_loss":0.0,"gold_gain":0.0,"event_name":"betterMatch:BetterMatch","player_choice":"2","floor":5.0,"gold_loss":0.0,"damage_taken":0.0,"cards_obtained":["betterMatch:UncommonCard"]},{"damage_healed":0.0,"max_hp_gain":0.0,"max_hp_loss":0.0,"gold_gain":0.0,"event_name":"Mushrooms","player_choice":"Fought Mushrooms","floor":11.0,"gold_loss":0.0,"damage_taken":0.0},{"damage_healed":0.0,"max_hp_gain":0.0,"max_hp_loss":0.0,"gold_gain":0.0,"event_name":"Shining Light","player_choice":"Ignored","floor":12.0,"gold_loss":0.0,"damage_taken":0.0},{"damage_healed":0.0,"max_hp_gain":0.0,"max_hp_loss":0.0,"gold_gain":0.0,"event_name":"The Library","player_choice":"Read","floor":19.0,"gold_loss":0.0,"damage_taken":0.0,"cards_obtained":["PiercingWail"]},{"damage_healed":0.0,"max_hp_gain":0.0,"max_hp_loss":0.0,"gold_gain":0.0,"event_name":"Duplicator","player_choice":"Copied","floor":21.0,"gold_loss":0.0,"damage_taken":0.0,"cards_obtained":["Blade Dance"]},{"damage_healed":0.0,"max_hp_gain":0.0,"max_hp_loss":0.0,"gold_gain":0.0,"event_name":"The Woman in Blue","player_choice":"Bought 3 Potions","floor":25.0,"gold_loss":0.0,"damage_taken":0.0},{"damage_healed":0,"gold_gain":0,"player_choice":"Fight","damage_taken":0,"max_hp_gain":0,"max_hp_loss":0,"event_name":"MindBloom","floor":37,"gold_loss":0},{"damage_healed":0,"gold_gain":0,"player_choice":"Fight","damage_taken":0,"max_hp_gain":0,"max_hp_loss":0,"event_name":"Mysterious Sphere","floor":38,"gold_loss":0},{"damage_healed":0,"gold_gain":0,"player_choice":"Max HP","damage_taken":0,"max_hp_gain":0,"max_hp_loss":4,"event_name":"Winding Halls","floor":42,"gold_loss":0},{"damage_healed":0,"gold_gain":0,"player_choice":"Ignored","damage_taken":0,"max_hp_gain":0,"max_hp_loss":0,"event_name":"Tomb of Lord Red Mask","floor":46,"gold_loss":0}],"is_beta":false,"boss_relics":[{"not_picked":["SlaversCollar","Astrolabe"],"picked":"Philosopher\u0027s Stone"},{"not_picked":["Calling Bell","Cursed Key"],"picked":"WristBlade"}],"items_purged_floors":[4,14,22],"is_endless":false,"potions_floor_spawned":[6,8,10,28,31,33,35,39,44,48],"killed_by":"Donu and Deca","ascension_level":20}}