{"host":"hmb95rboouqzgqy7","time":1613671320,"event":{"mods":["BaseMod","Colored Map","Colored Powertips","Highlight Path","Minty Spire (QoL Compilation)","Permanent Neow","Quick Restart","Relic Stats","StSLib"],"gold_per_floor":[112,37,237,256,81,81,111,123,176,206,235,235,261,291,291,394,394,409,259,269,94,94,124,154,188,211,246,277,277,277,291,291,392,392,409,409,409,255,255,290,290,323,323,355,355,355,390,404,404,404,404,404,404,434,434],"floor_reached":56,"language":"ENG","playtime":2608,"items_purged":["Defend_R","Defend_R","Defend_R","Defend_R","Bash"],"score":2184,"play_id":"0c0a3206-870c-4ae0-8c25-25cc8ef6d177","local_time":"20210218120200","is_ascension_mode":true,"campfire_choices":[{"data":"Pommel Strike","floor":6,"key":"SMITH"},{"data":"Perfected Strike","floor":12,"key":"SMITH"},{"data":"Perfected Strike","floor":15,"key":"SMITH"},{"data":"1","floor":29,"key":"LIFT"},{"data":"2","floor":30,"key":"LIFT"},{"data":"3","floor":32,"key":"LIFT"},{"floor":41,"key":"RECALL"},{"data":"Strike_R","floor":45,"key":"SMITH"},{"data":"Strike_R","floor":46,"key":"SMITH"},{"data":"Strike_R","floor":49,"key":"SMITH"}],"circlet_count":0,"master_deck":["Strike_R+1","Strike_R+1","Strike_R+1","Strike_R+1","Strike_R+1","Perfected Strike+1","Pommel Strike+1","Perfected Strike+1","Pommel Strike+1","Perfected Strike+1","Perfected Strike+1","Pommel Strike+1","Perfected Strike+1","Pommel Strike+1","Pommel Strike+1","Perfected Strike+1","Pommel Strike+1","Perfected Strike+1","Pommel Strike+1","Perfected Strike+1","Pommel Strike+1","Perfected Strike+1","Perfected Strike+1","Pommel Strike+1","Pommel Strike+1"],"relics":["Burning Blood","StrikeDummy","Molten Egg 2","Lantern","Bag of Marbles","Paper Frog","Bag of Marbles","Busted Crown","Snecko Eye","Busted Crown","Vajra","Ginger","Bag of Marbles","Lizard Tail","Gambling Chip","WingedGreaves","Girya","Coffee Dripper","Red Skull","Whetstone","Ice Cream","StrikeDummy"],"acts_visited":["Exordium","TheCity","TheBeyond","TheEnding"],"potions_floor_usage":[],"damage_taken":[{"damage":7.0,"enemies":"2 Louse","floor":1.0,"turns":3.0},{"damage":0,"enemies":"Cultist","floor":4,"turns":2},{"damage":16,"enemies":"Gremlin Nob","floor":7,"turns":3},{"damage":12,"enemies":"Jaw Worm","floor":8,"turns":2},{"damage":20,"enemies":"Lagavulin","floor":10,"turns":3},{"damage":10,"enemies":"3 Sentries","floor":11,"turns":3},{"damage":0,"enemies":"Gremlin Nob","floor":13,"turns":1},{"damage":0,"enemies":"Lagavulin","floor":14,"turns":2},{"damage":6,"enemies":"The Guardian","floor":16,"turns":2},{"damage":0,"enemies":"Chosen","floor":18,"turns":1},{"damage":0,"enemies":"3 Byrds","floor":20,"turns":1},{"damage":0,"enemies":"Gremlin Leader","floor":23,"turns":1},{"damage":0,"enemies":"Slavers","floor":24,"turns":1},{"damage":0,"enemies":"Book of Stabbing","floor":25,"turns":1},{"damage":14,"enemies":"Slavers","floor":27,"turns":2},{"damage":0,"enemies":"Book of Stabbing","floor":28,"turns":1},{"damage":0,"enemies":"Cultist and Chosen","floor":31,"turns":1},{"damage":0,"enemies":"Collector","floor":33,"turns":1},{"damage":0,"enemies":"3 Shapes","floor":35,"turns":1},{"damage":0,"enemies":"Nemesis","floor":40,"turns":1},{"damage":0,"enemies":"Giant Head","floor":42,"turns":1},{"damage":0,"enemies":"Nemesis","floor":44,"turns":1},{"damage":0,"enemies":"Giant Head","floor":47,"turns":1},{"damage":0,"enemies":"Orb Walker","floor":48,"turns":1},{"damage":0,"enemies":"Awakened One","floor":50,"turns":2},{"damage":0,"enemies":"Shield and Spear","floor":54,"turns":1},{"damage":51,"enemies":"The Heart","floor":55,"turns":3}],"seed_played":"6220185885747242092","potions_obtained":[{"floor":0.0,"key":"PowerPotion"},{"floor":0.0,"key":"Ancient Potion"},{"floor":0.0,"key":"CultistPotion"},{"floor":7,"key":"PowerPotion"},{"floor":8,"key":"Dexterity Potion"},{"floor":11,"key":"Dexterity Potion"},{"floor":13,"key":"BlessingOfTheForge"},{"floor":20,"key":"ColorlessPotion"},{"floor":31,"key":"Energy Potion"},{"floor":47,"key":"BloodPotion"},{"floor":48,"key":"SneckoOil"}],"is_trial":false,"path_per_floor":["M","$","$","M","$","R","E","M","T","E","E","R","E","E","R","B",null,"M","$","M","$","?","E","E","E","T","E","E","R","R","M","R","B",null,"M","?","?","$","?","E","R","E","T","E","R","R","E","M","R","B",null,"R","$","E","B",null],"character_chosen":"IRONCLAD","items_purchased":["Perfected Strike","Red Skull"],"campfire_rested":0,"item_purchase_floors":[5,38],"current_hp_per_floor":[79,79,79,80,80,80,70,64,64,50,46,46,52,58,58,58,80,80,80,80,80,80,80,80,80,80,72,78,78,78,80,80,80,80,80,80,80,80,80,80,80,80,80,80,80,80,80,80,80,80,80,80,80,80,35],"gold":434,"neow_bonus":"THREE_SMALL_POTIONS","is_daily":false,"chose_seed":false,"campfire_upgraded":6,"win_rate":0.0,"timestamp":1613671320,"path_taken":["M","$","$","M","$","R","E","M","T","E","E","R","E","E","R","BOSS","M","$","M","$","?","E","E","E","T","E","E","R","R","?","R","BOSS","M","?","?","$","?","E","R","E","T","E","R","R","E","M","R","BOSS","R","$","E","BOSS"],"items_purchased_type":["Card","Relic"],"build_version":"2020-12-22","purchased_purges":5,"victory":true,"max_hp_per_floor":[80,80,80,80,80,80,80,80,80,80,80,80,80,80,80,80,80,80,80,80,80,80,80,80,80,80,80,80,80,80,80,80,80,80,80,80,80,80,80,80,80,80,80,80,80,80,80,80,80,80,80,80,80,80,80],"relic_stats":{"Lizard Tail":0,"Busted Crown":66,"counters":[27,43],"Gambling Chip":[43],"Snecko Eye":[55,56,55,52],"Ginger":[2],"Whetstone":["Strike_R","Strike_R"],"obtain_stats":[{"Ice Cream":51,"Girya":28,"Lantern":9,"Happy Flower":14,"Vajra":23,"Ginger":24,"Whetstone":43,"Burning Blood":0,"Lizard Tail":26,"Busted Crown":14,"Gambling Chip":27,"Snecko Eye":17,"Molten Egg 2":7,"WingedGreaves":0,"Bag of Marbles":10,"Coffee Dripper":34,"StrikeDummy":0,"Red Skull":38,"Paper Frog":11},{"Ice Cream":25,"Girya":16,"Lantern":4,"Happy Flower":8,"Vajra":12,"Ginger":13,"Whetstone":21,"Burning Blood":0,"Lizard Tail":14,"Busted Crown":8,"Gambling Chip":15,"Snecko Eye":9,"Molten Egg 2":3,"WingedGreaves":0,"Bag of Marbles":5,"Coffee Dripper":18,"StrikeDummy":0,"Red Skull":19,"Paper Frog":6},{"Ice Cream":39,"Girya":29,"Lantern":10,"Happy Flower":19,"Vajra":24,"Ginger":25,"Whetstone":34,"Burning Blood":0,"Lizard Tail":26,"Busted Crown":19,"Gambling Chip":28,"Snecko Eye":21,"Molten Egg 2":8,"WingedGreaves":0,"Bag of Marbles":13,"Coffee Dripper":31,"StrikeDummy":0,"Red Skull":32,"Paper Frog":16}],"Burning Blood":69},"card_choices":[{"not_picked":["Carnage","Warcry","Pummel"],"picked":"SKIP","floor":1.0},{"not_picked":["Wild Strike","Intimidate","Whirlwind"],"picked":"SKIP","floor":4},{"not_picked":["Inflame","Reckless Charge+1","Havoc"],"picked":"SKIP","floor":7},{"not_picked":["Perfected Strike+1","Whirlwind+1"],"picked":"Uppercut+1","floor":8},{"not_picked":["Clash+1","Whirlwind+1","Fiend Fire+1"],"picked":"SKIP","floor":10},{"not_picked":["Clash+1","Whirlwind+1","Fiend Fire+1"],"picked":"SKIP","floor":10},{"not_picked":["Flame Barrier","Armaments","True Grit"],"picked":"SKIP","floor":11},{"not_picked":["Heavy Blade+1","Dual Wield","Searing Blow+1"],"picked":"SKIP","floor":13},{"not_picked":["Second Wind","Hemokinesis+1","Warcry"],"picked":"SKIP","floor":14},{"not_picked":[],"picked":"Double Tap","floor":16},{"not_picked":[],"picked":"Pommel Strike+1","floor":18},{"not_picked":["Feel No Pain+1"],"picked":"SKIP","floor":20}],"player_experience":136870,"relics_obtained":[{"floor":14,"key":"Happy Flower"},{"floor":25,"key":"Bag of Marbles"},{"floor":43,"key":"Whetstone"},{"floor":54,"key":"StrikeDummy"}],"event_choices":[{"damage_healed":0,"gold_gain":0,"player_choice":"Cursed","damage_taken":0,"max_hp_gain":0,"max_hp_loss":0,"event_name":"Wheel of Change","floor":22,"gold_loss":0,"cards_obtained":["Decay"]},{"damage_healed":20,"gold_gain":0,"player_choice":"Writhe","damage_taken":0,"max_hp_gain":0,"max_hp_loss":0,"event_name":"Winding Halls","floor":36,"gold_loss":0,"cards_obtained":["Writhe"]},{"damage_healed":0,"gold_gain":0,"player_choice":"Ignored","damage_taken":0,"max_hp_gain":0,"max_hp_loss":0,"event_name":"Tomb of Lord Red Mask","floor":37,"gold_loss":0},{"damage_healed":0,"gold_gain":0,"player_choice":"Memory 1","damage_taken":0,"max_hp_gain":0,"max_hp_loss":0,"event_name":"SensoryStone","floor":39,"gold_loss":0}],"is_beta":false,"boss_relics":[{"not_picked":["Empty Cage","Sozu"],"picked":"Snecko Eye"},{"not_picked":["Astrolabe","Black Blood"],"picked":"Coffee Dripper"}],"items_purged_floors":[2,3,5,19,21],"is_endless":false,"potions_floor_spawned":[7,8,11,13,20,25,28,31,42,44,47,48,54],"ascension_level":4}}