{"host":"eaiphzh066bwqdh7","time":1613609229,"event":{"mods":["AchievementEnabler","Aspiration","BaseMod","Better Note","Colored Powertips","Halation","Highlight Path","Hubris","Infinite Spire","Minty Spire (QoL Compilation)","Quick Restart","Reliquary","Replay The Spire","StSLib"],"gold_per_floor":[119,119,138,138,138,171,171,171,171,181,181,161,161,172,172,268,268,283,283,283,303,303,303],"floor_reached":22,"language":"ENG","playtime":601,"items_purged":[],"score":248,"play_id":"faefcddf-0fc3-4200-a2b4-e4ed5cfe17ba","local_time":"20210217194709","is_ascension_mode":true,"campfire_choices":[{"data":"Machine Learning","floor":7,"key":"SMITH"},{"data":"Conserve Battery","floor":11,"key":"SMITH"},{"data":"Chaos","floor":13,"key":"SMITH"},{"data":"Ball Lightning","floor":15,"key":"SMITH"}],"circlet_count":0,"master_deck":["Strike_B","Strike_B","Strike_B","Strike_B","Defend_B","Defend_B","Defend_B","Defend_B","Zap","Dualcast","Ball Lightning+1","Conserve Battery+1","Machine Learning+1","Chaos+1","Redo","Thunder Strike","Storm","infinitespire:Menacing"],"relics":["Cracked Core","NeowsBlessing","halation:EternalFortune","Smiling Mask","Replay:Antivirus Software","hubris:ToyBattleship","reliquary:SilkGlove"],"acts_visited":["Exordium","TheCity"],"potions_floor_usage":[16,18,22,22,22],"damage_taken":[{"damage":0,"enemies":"2 Louse","floor":1,"turns":1},{"damage":0,"enemies":"Jaw Worm","floor":3,"turns":1},{"damage":0,"enemies":"Gremlin Nob","floor":6,"turns":1},{"damage":0,"enemies":"Small Slimes","floor":10,"turns":3},{"damage":4,"enemies":"Red Slaver","floor":14,"turns":3},{"damage":54,"enemies":"Slime Boss","floor":16,"turns":8},{"damage":21,"enemies":"Chosen","floor":18,"turns":5},{"damage":35,"enemies":"2 Thieves","floor":21,"turns":5},{"damage":23,"enemies":"Cultist and Chosen","floor":22,"turns":6}],"seed_played":"-4752306888881567722","potions_obtained":[{"floor":3,"key":"GamblersBrew"},{"floor":10,"key":"SkillPotion"},{"floor":12,"key":"Swift Potion"},{"floor":16,"key":"Adrenaline Potion"},{"floor":21,"key":"FearPotion"}],"is_trial":false,"path_per_floor":["M","?","M","?","?","E","R","T","T","M","R","?","R","M","R","B",null,"M","AVR","?","M","M"],"character_chosen":"DEFECT","items_purchased":[],"campfire_rested":0,"item_purchase_floors":[],"current_hp_per_floor":[75,75,75,75,78,78,78,78,78,78,78,78,78,77,77,23,81,60,60,54,19,0,0],"gold":303,"neow_bonus":"THREE_ENEMY_KILL","is_daily":false,"chose_seed":false,"campfire_upgraded":4,"win_rate":0.0,"timestamp":1613609229,"path_taken":["M","?","M","?","?","E","R","?","T","?","R","?","R","M","R","BOSS","M","AVR","?","M","M"],"items_purchased_type":[],"build_version":"2020-12-22","purchased_purges":0,"victory":false,"max_hp_per_floor":[75,75,75,75,78,78,78,78,78,78,78,78,78,81,81,81,81,81,81,81,81,81,81],"card_choices":[{"not_picked":["Stack","Streamline"],"picked":"Ball Lightning","floor":1},{"not_picked":["Hologram","Turbo"],"picked":"Conserve Battery","floor":3},{"not_picked":["Cold Snap","Reinforced Body"],"picked":"Machine Learning","floor":6},{"not_picked":["Recycle","ReplayTheSpireMod:Calculation Training"],"picked":"Chaos","floor":10},{"not_picked":["Ball Lightning","Go for the Eyes"],"picked":"Redo","floor":14},{"not_picked":["Amplify","Mirror Shield"],"picked":"Thunder Strike","floor":16},{"not_picked":["Panic Button","Leap"],"picked":"Storm","floor":18},{"not_picked":["Aggregate","Steam","Go for the Eyes"],"picked":"SKIP","floor":21}],"player_experience":320841,"relics_obtained":[{"floor":6,"key":"Smiling Mask"},{"floor":8,"key":"Replay:Antivirus Software"},{"floor":9,"key":"hubris:ToyBattleship"},{"floor":14,"key":"halation:EternalFortune"}],"event_choices":[{"damage_healed":0,"gold_gain":0,"player_choice":"Ignored","damage_taken":0,"max_hp_gain":0,"max_hp_loss":0,"event_name":"Liars Game","floor":4,"gold_loss":0},{"damage_healed":0,"gold_gain":0,"player_choice":"Bought 1 Potion","damage_taken":0,"max_hp_gain":0,"max_hp_loss":0,"event_name":"The Woman in Blue","floor":12,"gold_loss":0},{"damage_healed":0,"gold_gain":0,"player_choice":"","damage_taken":6,"max_hp_gain":0,"max_hp_loss":0,"event_name":"Knowing Skull","floor":20,"potions_obtained":[],"gold_loss":0,"cards_obtained":[]}],"is_beta":false,"boss_relics":[{"not_picked":["halation:PlatinumPhoenix","FrozenCore","Coffee Dripper"]}],"items_purged_floors":[],"is_endless":false,"potions_floor_spawned":[3,10,14,16,21],"killed_by":"Cultist and Chosen","ascension_level":4}}