{"host":"u2qrfxkm3wve0vp3","time":1613639158,"event":{"mods":["AchievementEnabler","BaseMod","Downfall","Hermit","Marisa£®ÏF”Í°°ƒß¿Ì…≥£©","Minty Spire (QoL Compilation)","Quick Restart","Shop Mod","StSLib","Td1madao Mod","The Cursed","The Marked","The Poker Player","The Senshi","The Servant 0.9.4"],"gold_per_floor":[116,191,211,19,19,47,47,66,90,117,117,134,152,152,152,253,253,235,10,23,122,122,122,139,139,139],"floor_reached":25,"language":"ZHS","playtime":997,"items_purged":["theMarked:Strike"],"score":236,"play_id":"a02e4923-14c1-4df2-b583-f59d0cb834ae","local_time":"20210218170558","is_ascension_mode":false,"campfire_choices":[{"data":"theMarked:RogueSparks","floor":7,"key":"SMITH"},{"data":"theMarked:Reabsorb","floor":11,"key":"SMITH"},{"data":"theMarked:MuscleMemory","floor":15,"key":"SMITH"},{"data":"theMarked:Generate","floor":23,"key":"SMITH"}],"circlet_count":0,"master_deck":["theMarked:Strike+1","theMarked:Strike","theMarked:Defend","theMarked:Defend","theMarked:Defend","theMarked:Defend","theMarked:SoldierOfQuellstein","theMarked:ChainLightning","theMarked:SwordAndMagic+1","theMarked:Reabsorb+1","theMarked:Parry","theMarked:RogueSparks+1","theMarked:GodGivenPower","theMarked:MuscleMemory+1","theMarked:Generate+1","theMarked:BindingBlade","theMarked:UnarmedFury","theMarked:Generate+1"],"relics":["theMarked:ArtifactOfAir","NeowsBlessing","Akabeko","Eternal Feather","Black Star","Whetstone"],"acts_visited":["Exordium","TheCity"],"potions_floor_usage":[25],"damage_taken":[{"damage":0,"enemies":"2 Louse","floor":1,"turns":1},{"damage":0,"enemies":"Small Slimes","floor":3,"turns":1},{"damage":0,"enemies":"3 Sentries","floor":6,"turns":1},{"damage":1,"enemies":"Jaw Worm","floor":8,"turns":2},{"damage":14,"enemies":"Gremlin Nob","floor":10,"turns":4},{"damage":7,"enemies":"3 Louse","floor":12,"turns":3},{"damage":5,"enemies":"Large Slime","floor":13,"turns":5},{"damage":26,"enemies":"Hexaghost","floor":16,"turns":8},{"damage":32,"enemies":"2 Thieves","floor":18,"turns":4},{"damage":14,"enemies":"Shell Parasite","floor":20,"turns":5},{"damage":33,"enemies":"Chosen and Byrds","floor":24,"turns":7},{"damage":9,"enemies":"Book of Stabbing","floor":25,"turns":1}],"seed_played":"5373901271069423754","potions_obtained":[{"floor":6,"key":"GamblersBrew"},{"floor":8,"key":"Guardian:BlockOnCardUsePotion"},{"floor":12,"key":"Slimebound:ThreeZeroPotion"},{"floor":24,"key":"Slimebound:ThreeZeroPotion"}],"is_trial":false,"path_per_floor":["M","?","M","$","?","E","R","M","T","E","R","M","M","?","R","B",null,"M","$","M","?","?","R","M","E"],"character_chosen":"THE_DEFAULT","items_purchased":["theMarked:Reabsorb","theMarked:Parry","theMarked:RogueSparks","Whetstone"],"campfire_rested":0,"item_purchase_floors":[4,4,4,19],"current_hp_per_floor":[72,61,61,61,54,54,54,53,53,39,48,41,36,60,69,43,72,40,40,26,26,26,35,2,0,0],"gold":139,"neow_bonus":"THREE_ENEMY_KILL","is_daily":false,"chose_seed":false,"campfire_upgraded":4,"win_rate":0.0,"timestamp":1613639158,"path_taken":["M","?","M","$","?","E","R","?","T","E","R","M","M","?","R","BOSS","M","$","M","?","?","R","M","E"],"items_purchased_type":["Card","Card","Card","Relic"],"build_version":"2020-12-22","purchased_purges":1,"victory":false,"max_hp_per_floor":[72,72,72,72,72,72,72,72,72,72,72,72,72,72,72,72,72,72,72,72,72,72,72,72,72,72],"card_choices":[{"not_picked":["theMarked:Memento","theMarked:Overthink"],"picked":"theMarked:ChainLightning","floor":1},{"not_picked":["theMarked:Aftermath","theMarked:BanishingStrike"],"picked":"theMarked:SwordAndMagic","floor":3},{"not_picked":["theMarked:Improvise","theMarked:WardOff","theMarked:Aftermath"],"picked":"SKIP","floor":6},{"not_picked":["theMarked:Convert","theMarked:KeepCalmAndFight"],"picked":"theMarked:GodGivenPower","floor":8},{"not_picked":["theMarked:HeightenedSenses","theMarked:WardOff","theMarked:BanishingStrike"],"picked":"SKIP","floor":10},{"not_picked":["theMarked:OneWithTheBlade","theMarked:EmpowerWeapon"],"picked":"theMarked:MuscleMemory","floor":12},{"not_picked":["theMarked:Seal","theMarked:ChainLightning"],"picked":"theMarked:Generate","floor":13},{"not_picked":["theMarked:Challenge","theMarked:Levitate"],"picked":"theMarked:BindingBlade","floor":16},{"not_picked":["theMarked:Frustration","theMarked:ResourceFulStrike","theMarked:WardOff"],"picked":"SKIP","floor":18},{"not_picked":["theMarked:Parkour","theMarked:MuscleMemory","theMarked:RepellingDischarge+1"],"picked":"SKIP","floor":20},{"not_picked":["theMarked:Aftermath","theMarked:Memento"],"picked":"theMarked:Generate+1","floor":24}],"player_experience":350922,"relics_obtained":[{"floor":6,"key":"Akabeko"},{"floor":10,"key":"Eternal Feather"}],"event_choices":[{"damage_healed":0,"gold_gain":75,"player_choice":"Gather Gold","damage_taken":11,"max_hp_gain":0,"max_hp_loss":0,"event_name":"World of Goop","floor":2,"gold_loss":0},{"cards_removed":["theMarked:Strike"],"damage_healed":0,"gold_gain":0,"player_choice":"Card Removal","damage_taken":7,"max_hp_gain":0,"max_hp_loss":0,"event_name":"Golden Wing","floor":5,"gold_loss":0},{"damage_healed":24,"gold_gain":0,"player_choice":"Banana","damage_taken":0,"max_hp_gain":0,"max_hp_loss":0,"event_name":"Big Fish","floor":14,"gold_loss":0},{"damage_healed":0,"gold_gain":99,"player_choice":"Stole From Cult","damage_taken":0,"max_hp_gain":0,"max_hp_loss":0,"event_name":"Nest","floor":21,"gold_loss":0},{"damage_healed":0,"gold_gain":0,"cards_transformed":["theMarked:Strike"],"player_choice":"Transformed","damage_taken":0,"max_hp_gain":0,"max_hp_loss":0,"event_name":"Transmorgrifier","floor":22,"gold_loss":0,"cards_obtained":["theMarked:UnarmedFury"]}],"is_beta":false,"boss_relics":[{"not_picked":["Philosopher\u0027s Stone","Sozu"],"picked":"Black Star"}],"items_purged_floors":[19],"is_endless":false,"potions_floor_spawned":[6,8,12,16,24],"killed_by":"Book of Stabbing","ascension_level":0}}