{"host":"prxrhpgaxnj4om9r","time":1613662604,"event":{"mods":["AchievementEnabler","BaseMod","Colored Map","DeckTracker","Minty Spire (QoL Compilation)"],"gold_per_floor":[113,63,63,84,161,161,236,236,282,317,342,360,32,72,72,193,193,208,208,229,229,229,229,22,22,45,58,58,58,71,31,31,150,150,180,209,218,248,274,274,283,283,283,321,346,346,66,110,110,110,110,110,4,48,48,48],"floor_reached":55,"language":"KOR","playtime":2538,"items_purged":["Parasite"],"score":726,"play_id":"9df7a3c0-1dda-4cbd-b71b-51a6a2fadc9b","local_time":"20210219003644","is_ascension_mode":false,"campfire_choices":[{"data":"Zap","floor":6,"key":"SMITH"},{"floor":8,"key":"REST"},{"floor":15,"key":"REST"},{"floor":23,"key":"REST"},{"data":"White Noise","floor":25,"key":"SMITH"},{"floor":32,"key":"REST"},{"floor":42,"key":"RECALL"},{"data":"Consume","floor":46,"key":"SMITH"},{"floor":49,"key":"REST"},{"data":"Recycle","floor":52,"key":"SMITH"}],"circlet_count":0,"master_deck":["Zap+1","Dualcast","Bandage Up","Hologram","Streamline","Hologram","Conserve Battery","Defragment+1","Hello World+1","Biased Cognition+1","Electrodynamics+1","White Noise+1","Rip and Tear","Reinforced Body","Core Surge","Stack+1","Melter","BootSequence","Hologram+1","Lockon","Echo Form+1","Recycle+1","White Noise+1","Echo Form+1","Consume+1","Defragment+1","Capacitor+1","Hologram+1","Go for the Eyes","Stack+1"],"relics":["Cracked Core","Golden Idol","Ornamental Fan","Bottled Flame","Frozen Egg 2","Potion Belt","Pandora\u0027s Box","Tiny Chest","Lantern","DataDisk","Omamori","Pen Nib","Bottled Tornado","Calling Bell","CeramicFish","Shuriken","Emotion Chip","Centennial Puzzle","StrikeDummy","Membership Card","Regal Pillow","Mummified Hand","Orichalcum","White Beast Statue"],"acts_visited":["Exordium","TheCity","TheBeyond","TheEnding"],"potions_floor_usage":[10,10,14,16,33,38,48,50,50,54,55],"damage_taken":[{"damage":0,"enemies":"2 Louse","floor":1,"turns":2},{"damage":12,"enemies":"Small Slimes","floor":4,"turns":3},{"damage":22,"enemies":"Lagavulin","floor":10,"turns":5},{"damage":11,"enemies":"Jaw Worm","floor":11,"turns":3},{"damage":7,"enemies":"3 Louse","floor":12,"turns":3},{"damage":15,"enemies":"3 Sentries","floor":14,"turns":5},{"damage":10,"enemies":"Slime Boss","floor":16,"turns":8},{"damage":33,"enemies":"2 Thieves","floor":18,"turns":3},{"damage":3,"enemies":"Chosen","floor":20,"turns":3},{"damage":23,"enemies":"Centurion and Healer","floor":27,"turns":5},{"damage":18,"enemies":"Snake Plant","floor":30,"turns":3},{"damage":7,"enemies":"Collector","floor":33,"turns":6},{"damage":3,"enemies":"Orb Walker","floor":35,"turns":3},{"damage":0,"enemies":"3 Shapes","floor":36,"turns":3},{"damage":16,"enemies":"Maw","floor":38,"turns":5},{"damage":11,"enemies":"Writhing Mass","floor":44,"turns":3},{"damage":0,"enemies":"Transient","floor":45,"turns":5},{"damage":29,"enemies":"Nemesis","floor":48,"turns":7},{"damage":37,"enemies":"Donu and Deca","floor":50,"turns":5},{"damage":45,"enemies":"Shield and Spear","floor":54,"turns":3},{"damage":111,"enemies":"The Heart","floor":55,"turns":5}],"seed_played":"-2323395054264165683","potions_obtained":[{"floor":1,"key":"GamblersBrew"},{"floor":4,"key":"Dexterity Potion"},{"floor":12,"key":"FocusPotion"},{"floor":14,"key":"Swift Potion"},{"floor":18,"key":"DistilledChaos"},{"floor":30,"key":"BlessingOfTheForge"},{"floor":35,"key":"SpeedPotion"},{"floor":38,"key":"FairyPotion"},{"floor":44,"key":"Weak Potion"}],"is_trial":false,"path_per_floor":["M","?","?","M","T","R","?","R","T","E","M","M","$","E","R","B",null,"M","?","M","?","?","R","$","R","T","M","?","T","M","$","R","B",null,"M","M","?","M","T","?","?","R","T","M","M","R","$","E","R","B",null,"R","$","E","B"],"character_chosen":"DEFECT","items_purchased":["Frozen Egg 2","Defragment+1","DataDisk","Fire Potion","Lockon","Membership Card","Regal Pillow","Explosive Potion","Go for the Eyes","Orichalcum","Explosive Potion"],"campfire_rested":5,"item_purchase_floors":[13,13,24,24,31,47,47,47,53,53,53],"current_hp_per_floor":[75,75,57,49,49,49,38,60,60,42,35,32,32,21,43,37,75,46,46,47,47,47,69,69,69,69,50,50,50,36,36,58,55,75,72,75,75,63,63,63,63,63,63,52,56,56,56,31,67,34,72,72,72,27,0,0],"gold":48,"neow_bonus":"RANDOM_COLORLESS","is_daily":false,"chose_seed":false,"campfire_upgraded":4,"win_rate":0.0,"timestamp":1613662604,"path_taken":["M","?","?","M","?","R","?","R","T","E","M","M","$","E","R","BOSS","M","?","M","?","?","R","$","R","T","?","?","?","?","$","R","BOSS","M","M","?","?","?","?","?","R","T","?","M","R","$","E","R","BOSS","R","$","E","BOSS"],"items_purchased_type":["Relic","Card","Relic","Potion","Card","Relic","Relic","Potion","Card","Relic","Potion"],"build_version":"2020-12-22","purchased_purges":1,"victory":false,"max_hp_per_floor":[75,75,75,75,75,75,75,75,75,75,75,75,75,75,75,75,75,75,75,75,75,75,75,75,75,75,75,75,75,75,75,75,75,75,75,75,75,75,75,75,75,75,75,75,75,75,72,72,72,72,72,72,72,72,72,72],"card_choices":[{"not_picked":["Blind","Enlightenment"],"picked":"Bandage Up","floor":0},{"not_picked":["Beam Cell","Static Discharge"],"picked":"Hologram","floor":1},{"not_picked":["Stack","Redo"],"picked":"Streamline","floor":4},{"not_picked":["Compile Driver","Rip and Tear"],"picked":"Hello World","floor":10},{"not_picked":["Lockon","Rebound"],"picked":"Hologram","floor":11},{"not_picked":["Leap","Steam"],"picked":"Conserve Battery","floor":12},{"not_picked":["Beam Cell","Conserve Battery"],"picked":"Hello World+1","floor":14},{"not_picked":["Core Surge","Meteor Strike"],"picked":"Biased Cognition+1","floor":16},{"not_picked":["Rebound","Streamline+1"],"picked":"Stack+1","floor":18},{"not_picked":["Chaos","Loop+1"],"picked":"Melter","floor":20},{"not_picked":["Darkness","Redo"],"picked":"BootSequence","floor":27},{"not_picked":["Double Energy","Cold Snap"],"picked":"Hologram+1","floor":30},{"not_picked":["Amplify","Hyperbeam"],"picked":"Echo Form+1","floor":33},{"not_picked":["Streamline","Compile Driver"],"picked":"Recycle","floor":35},{"not_picked":["Chaos","Ball Lightning"],"picked":"White Noise+1","floor":36},{"not_picked":["Beam Cell+1","Go for the Eyes+1"],"picked":"Consume","floor":38},{"not_picked":["Leap+1","Compile Driver"],"picked":"Capacitor+1","floor":44},{"not_picked":["BootSequence","Glacier","Streamline"],"picked":"SKIP","floor":45},{"not_picked":["Barrage","Chill+1"],"picked":"Hologram+1","floor":48},{"not_picked":["Redo+1","Streamline+1"],"picked":"Stack+1","floor":54}],"player_experience":526531,"relics_obtained":[{"floor":5,"key":"Ornamental Fan"},{"floor":10,"key":"Bottled Flame"},{"floor":14,"key":"Potion Belt"},{"floor":26,"key":"Omamori"},{"floor":29,"key":"Bottled Tornado"},{"floor":34,"key":"CeramicFish"},{"floor":34,"key":"Shuriken"},{"floor":34,"key":"Emotion Chip"},{"floor":39,"key":"Centennial Puzzle"},{"floor":43,"key":"StrikeDummy"},{"floor":48,"key":"Mummified Hand"},{"floor":54,"key":"White Beast Statue"}],"event_choices":[{"cards_removed":["Strike_B"],"damage_healed":0,"gold_gain":0,"player_choice":"Card Removal","damage_taken":0,"max_hp_gain":0,"max_hp_loss":0,"event_name":"The Cleric","floor":2,"gold_loss":50},{"damage_healed":0,"gold_gain":0,"player_choice":"Take Damage","damage_taken":18,"relics_obtained":["Golden Idol"],"max_hp_gain":0,"max_hp_loss":0,"event_name":"Golden Idol","floor":3,"gold_loss":0},{"damage_healed":0,"gold_gain":75,"player_choice":"Gather Gold","damage_taken":11,"max_hp_gain":0,"max_hp_loss":0,"event_name":"World of Goop","floor":7,"gold_loss":0},{"cards_removed":["Amplify"],"damage_healed":0,"gold_gain":0,"player_choice":"Elegance","damage_taken":0,"max_hp_gain":0,"max_hp_loss":0,"event_name":"Back to Basics","floor":19,"gold_loss":0},{"damage_healed":0,"gold_gain":0,"player_choice":"Opened","damage_taken":0,"relics_obtained":["Tiny Chest"],"max_hp_gain":0,"max_hp_loss":0,"event_name":"The Mausoleum","floor":21,"gold_loss":0},{"cards_removed":["Skim"],"damage_healed":0,"gold_gain":0,"player_choice":"Gave Card","damage_taken":0,"relics_obtained":["Lantern"],"max_hp_gain":0,"max_hp_loss":0,"event_name":"WeMeetAgain","floor":22,"gold_loss":0},{"damage_healed":0,"gold_gain":0,"player_choice":"Stole Relic","damage_taken":0,"relics_obtained":["Pen Nib"],"max_hp_gain":0,"max_hp_loss":0,"event_name":"Addict","floor":28,"gold_loss":0,"cards_obtained":["Shame"]},{"damage_healed":0,"gold_gain":0,"player_choice":"1 cards matched","damage_taken":0,"max_hp_gain":0,"max_hp_loss":0,"event_name":"Match and Keep!","floor":37,"gold_loss":0,"cards_obtained":["Echo Form"]},{"cards_removed":["Hello World"],"damage_healed":0,"gold_gain":0,"player_choice":"Removed Power","damage_taken":0,"max_hp_gain":0,"max_hp_loss":0,"event_name":"Falling","floor":40,"gold_loss":0},{"damage_healed":0,"gold_gain":0,"player_choice":"Copied","damage_taken":0,"max_hp_gain":0,"max_hp_loss":0,"event_name":"Duplicator","floor":41,"gold_loss":0,"cards_obtained":["Defragment"]}],"is_beta":false,"boss_relics":[{"not_picked":["FrozenCore","Philosopher\u0027s Stone"],"picked":"Pandora\u0027s Box"},{"not_picked":["Coffee Dripper","SlaversCollar"],"picked":"Calling Bell"}],"items_purged_floors":[47],"is_endless":false,"potions_floor_spawned":[1,4,12,14,18,30,35,38,44],"killed_by":"The Heart","ascension_level":0}}