{"host":"3j2m8n0ywf988fwb","time":1613689096,"event":{"mods":["2.2 Compatiblity","AchievementEnabler","Aspiration","Astrologer","BaseMod","Better Altar","Better Match","Better Note","Better Sensory Stone","Better Skull","Better Third Choice","CCEM2","CapriCore","Colored Map","Colored Powertips","Dark Map","GifTheSpireLib","Halation","Highlight Path","Hubris","Infinite Spire","Jedi Mod","Koishi","Marisa????????","Marked Mod","Mimic Mod","Minty Spire (QoL Compilation)","Random Character Button","Relic Stats","Reliquary","Replay The Spire","Shop Mod","StSLib","Stuff the Spire","The Alterego","The Animator","The Immortal","The Senshi","Unceasing Turn Reminder","Weighted Paths","Yakumo Yukari mod","everything is the same but u backflip on backflip"],"gold_per_floor":[110,110,126,126,126,159,174,226,264,298,298,314,354,379,379,510,510,530,530,530,548,548,548],"floor_reached":22,"language":"ENG","playtime":1570,"items_purged":[],"score":229,"play_id":"244931bb-9cd0-4a83-93e0-3223082fc8cb","local_time":"20210218165816","is_ascension_mode":false,"campfire_choices":[{"data":"alterego_mod:Vow","floor":11,"key":"SMITH"}],"circlet_count":0,"master_deck":["alterego_mod:Strike","alterego_mod:Strike","alterego_mod:Strike","alterego_mod:Strike","alterego_mod:Defend","alterego_mod:Defend","alterego_mod:Defend","alterego_mod:Defend","alterego_mod:Impale","alterego_mod:BigMeatyClaws","alterego_mod:BrynhildrsRune","alterego_mod:BreastValley","alterego_mod:Cooking+1","alterego_mod:Smother","alterego_mod:Cooking","alterego_mod:Vow+1","alterego_mod:BiFurious","alterego_mod:AlterEgo","alterego_mod:Support","alterego_mod:TrickOrTreatment","alterego_mod:Maid"],"relics":["alterego_mod:MasochisticConstitution","NeowsBlessing","halation:StarCompass","Golden Idol","Bottled Lightning","reliquary:ExpiredCoupon","reliquary:PorcupineQuills","Bronze Scales","halation:Prosthetics"],"acts_visited":["Exordium","TheCity"],"potions_floor_usage":[10,16,22],"damage_taken":[{"damage":3,"enemies":"Small Slimes","floor":1,"turns":3},{"damage":7,"enemies":"2 Louse","floor":3,"turns":2},{"damage":0,"enemies":"Gremlin Nob","floor":6,"turns":1},{"damage":21,"enemies":"Jaw Worm","floor":7,"turns":7},{"damage":4,"enemies":"Exordium Thugs","floor":9,"turns":7},{"damage":5,"enemies":"Replay:BlueRogue","floor":10,"turns":13},{"damage":23,"enemies":"Exordium Thugs","floor":12,"turns":6},{"damage":29,"enemies":"3 Sentries","floor":13,"turns":17},{"damage":13,"enemies":"Large Slime","floor":14,"turns":5},{"damage":20,"enemies":"Fading Forest","floor":16,"turns":5},{"damage":6,"enemies":"Chosen","floor":18,"turns":6},{"damage":27,"enemies":"3 Byrds","floor":21,"turns":3},{"damage":36,"enemies":"3 Cultists","floor":22,"turns":5}],"seed_played":"-4757712139276109887","potions_obtained":[{"floor":6,"key":"Energy Potion"},{"floor":7,"key":"Dexterity Potion"},{"floor":12,"key":"SpeedPotion"},{"floor":13,"key":"jedi:tentaclejuice"},{"floor":18,"key":"SpeedPotion"}],"is_trial":false,"path_per_floor":["M","?","M","?","?","E","M","T","MIM","E","R","M","E","M","R_BF","B",null,"M","?","?","M","M"],"character_chosen":"The_Alterego","items_purchased":[],"campfire_rested":0,"item_purchase_floors":[],"current_hp_per_floor":[68,68,62,62,55,55,45,45,55,57,57,41,40,48,71,69,44,45,45,45,22,0,0],"gold":548,"neow_bonus":"THREE_ENEMY_KILL","is_daily":false,"chose_seed":false,"campfire_upgraded":1,"win_rate":0.0,"timestamp":1613689096,"path_taken":["M","?","M","?","?","E","M","?","MIM","E","R","M","E","M","R_BF","BOSS","M","?","?","M","M"],"items_purchased_type":[],"build_version":"2020-12-22","purchased_purges":0,"victory":false,"max_hp_per_floor":[71,71,72,72,72,72,73,73,74,75,75,76,77,78,78,79,44,45,45,45,46,46,46],"relic_stats":{"counters":[13,79],"Golden Idol":75,"Bronze Scales":[104],"obtain_stats":[{"reliquary:ExpiredCoupon":8,"alterego_mod:MasochisticConstitution":0,"reliquary:PorcupineQuills":10,"NeowsBlessing":0,"Golden Idol":4,"Bronze Scales":13,"Bottled Lightning":6,"halation:Prosthetics":17,"halation:StarCompass":2},{"reliquary:ExpiredCoupon":4,"alterego_mod:MasochisticConstitution":0,"reliquary:PorcupineQuills":6,"NeowsBlessing":0,"Golden Idol":2,"Bronze Scales":8,"Bottled Lightning":3,"halation:Prosthetics":10,"halation:StarCompass":1},{"reliquary:ExpiredCoupon":13,"alterego_mod:MasochisticConstitution":0,"reliquary:PorcupineQuills":32,"NeowsBlessing":0,"Golden Idol":5,"Bronze Scales":55,"Bottled Lightning":6,"halation:Prosthetics":65,"halation:StarCompass":3}]},"card_choices":[{"not_picked":["alterego_mod:Collar","alterego_mod:PerceptionDisorder"],"picked":"alterego_mod:BreastValley","floor":1},{"not_picked":["alterego_mod:Belle","alterego_mod:Birthday"],"picked":"alterego_mod:Cooking","floor":3},{"not_picked":["alterego_mod:IdEs","alterego_mod:Lingerie"],"picked":"alterego_mod:Smother","floor":6},{"not_picked":["alterego_mod:SakuraLabyrinth","alterego_mod:BustOut"],"picked":"alterego_mod:Cooking","floor":7},{"not_picked":["alterego_mod:Bunnysuit","alterego_mod:Complex"],"picked":"alterego_mod:Vow","floor":10},{"not_picked":["alterego_mod:Schoolgirl","alterego_mod:Punishment"],"picked":"alterego_mod:BiFurious","floor":12},{"not_picked":["alterego_mod:Jiggle","alterego_mod:Mirror"],"picked":"alterego_mod:AlterEgo","floor":13},{"not_picked":["alterego_mod:Undulate","alterego_mod:Mirror"],"picked":"alterego_mod:Support","floor":14},{"not_picked":["alterego_mod:SideboobHour","alterego_mod:IdEs"],"picked":"alterego_mod:TrickOrTreatment","floor":16},{"not_picked":["alterego_mod:MagicResistance+1","alterego_mod:Cycle"],"picked":"alterego_mod:Maid","floor":18},{"not_picked":["alterego_mod:BreastValley+1","alterego_mod:Cycle","alterego_mod:Clap"],"picked":"SKIP","floor":21}],"player_experience":914220,"relics_obtained":[{"floor":6,"key":"Bottled Lightning"},{"floor":8,"key":"reliquary:ExpiredCoupon"},{"floor":10,"key":"reliquary:PorcupineQuills"},{"floor":13,"key":"Bronze Scales"}],"event_choices":[{"damage_healed":0,"gold_gain":0,"player_choice":"Take Wound","damage_taken":0,"relics_obtained":["Golden Idol"],"max_hp_gain":0,"max_hp_loss":0,"event_name":"Golden Idol","floor":4,"gold_loss":0,"cards_obtained":["Injury"]},{"cards_removed":["Injury"],"damage_healed":0,"gold_gain":0,"player_choice":"Card Removal","damage_taken":7,"max_hp_gain":0,"max_hp_loss":0,"event_name":"Golden Wing","floor":5,"gold_loss":0},{"cards_removed":["alterego_mod:AlterEgo"],"damage_healed":0,"gold_gain":0,"player_choice":"Give","damage_taken":0,"max_hp_gain":0,"max_hp_loss":0,"event_name":"betterNote:BetterNote","floor":19,"gold_loss":0,"cards_obtained":["None"]}],"is_beta":false,"boss_relics":[{"not_picked":["aspiration:SilentSkillbook","Velvet Choker"],"picked":"halation:Prosthetics"}],"items_purged_floors":[],"is_endless":false,"potions_floor_spawned":[6,7,12,13,18],"killed_by":"3 Cultists","ascension_level":0}}