{"host":"21daswlctsv3qaxk","time":1613674755,"event":{"mods":["BaseMod","Downfall","Minty Spire (QoL Compilation)","Replay The Spire","StSLib","The Cursed","The Servant 0.9.4"],"gold_per_floor":[118,118,118,131,150,177,196,196,249,260,292,322,334,360,372,479,491,517,529,145,175,222,275,275,324,350,397,452,145,178,217,217,360,360,404,435,281,281,328,328,371,371,371,413,462,462,495,533,533,567,567,567,492,545,575,575],"floor_reached":55,"language":"ENG","playtime":5527,"items_purged":["Parasite"],"score":827,"play_id":"b7d5e9c1-dde9-4de2-9484-326045b2fc9f","local_time":"20210218195915","is_ascension_mode":true,"campfire_choices":[{"floor":8,"key":"RECALL"},{"floor":13,"key":"REST"},{"floor":15,"key":"REST"},{"data":"Heavy Blade","floor":24,"key":"SMITH"},{"data":"Spot Weakness","floor":32,"key":"SMITH"},{"data":"Infernal Blade","floor":40,"key":"SMITH"},{"floor":46,"key":"REST"},{"data":"Whirlwind","floor":49,"key":"SMITH"},{"data":"Pummel","floor":52,"key":"SMITH"}],"circlet_count":0,"master_deck":["Strike_R+1","Strike_R","Strike_R","Defend_R","Defend_R+1","Bash","Whirlwind+1","Cleave","ReplayTheSpireMod:Muscle Training","Dropkick","Heavy Blade+1","ReplayTheSpireMod:Stacked","Thunderclap","Limit Break","Spot Weakness+1","Infernal Blade+1","Metallicize","Flex+1","Massacre+1","Reaper","CurseOfTheBell","Pummel+1","Combust+1","Blood for Blood+1"],"relics":["Burning Blood","ReplayTheSpireMod:Ring of Addiction","SacredBark","Chameleon Ring","Replay:Ringing Soul","MawBank","Replay:Grab Bag","Painkiller Herb","bronze:MakeshiftBattery","Replay:Drink Me","Chemical X","Potion Belt","Red Mask","Replay:Bandana","Blue Candle","Strawberry","Prayer Wheel","Anchor","Lee\u0027s Waffle","Calling Bell","Red Skull","Paper Frog","Pocketwatch","Brimstone","Pantograph","Simple Rune","Pet Ghost","Replay:Bottled Steam"],"acts_visited":["Exordium","TheCity","TheBeyond","TheEnding"],"potions_floor_usage":[5,6,10,10,16,16,18,21,21,23,28,31,33,33,36,41,50,55],"damage_taken":[{"damage":4,"enemies":"Small Slimes","floor":1,"turns":3},{"damage":1,"enemies":"Cultist","floor":4,"turns":3},{"damage":3,"enemies":"2 Louse","floor":5,"turns":2},{"damage":21,"enemies":"Lagavulin","floor":6,"turns":5},{"damage":17,"enemies":"Looter","floor":7,"turns":4},{"damage":4,"enemies":"Blue Slaver","floor":10,"turns":2},{"damage":47,"enemies":"3 Sentries","floor":11,"turns":6},{"damage":27,"enemies":"Exordium Thugs","floor":12,"turns":4},{"damage":9,"enemies":"3 Louse","floor":14,"turns":3},{"damage":55,"enemies":"Slime Boss","floor":16,"turns":9},{"damage":24,"enemies":"Shell Parasite","floor":18,"turns":7},{"damage":1,"enemies":"Masked Bandits","floor":21,"turns":1},{"damage":26,"enemies":"Replay:Snechameleon","floor":23,"turns":6},{"damage":1,"enemies":"3 Byrds","floor":25,"turns":2},{"damage":12,"enemies":"Sentry and Sphere","floor":27,"turns":3},{"damage":46,"enemies":"Slavers","floor":28,"turns":5},{"damage":19,"enemies":"Snake Plant","floor":30,"turns":3},{"damage":1,"enemies":"Centurion and Healer","floor":31,"turns":3},{"damage":71,"enemies":"Champ","floor":33,"turns":6},{"damage":0,"enemies":"3 Darklings","floor":35,"turns":1},{"damage":1,"enemies":"Orb Walker","floor":36,"turns":2},{"damage":1,"enemies":"Jaw Worm Horde","floor":39,"turns":1},{"damage":33,"enemies":"Nemesis","floor":41,"turns":3},{"damage":31,"enemies":"Writhing Mass","floor":44,"turns":3},{"damage":26,"enemies":"R_Hoarder","floor":45,"turns":4},{"damage":11,"enemies":"Sphere and 2 Shapes","floor":47,"turns":2},{"damage":8,"enemies":"Maw","floor":48,"turns":4},{"damage":88,"enemies":"Replay:Hell Engine","floor":50,"turns":5},{"damage":14,"enemies":"Shield and Spear","floor":54,"turns":2},{"damage":170,"enemies":"The Heart","floor":55,"turns":3}],"seed_played":"-1702909125203852761","potions_obtained":[{"floor":2,"key":"Energy Potion"},{"floor":2,"key":"champ:CounterPotion"},{"floor":2,"key":"Swift Potion"},{"floor":6,"key":"ElixirPotion"},{"floor":7,"key":"Energy Potion"},{"floor":12,"key":"SpeedPotion"},{"floor":14,"key":"Explosive Potion"},{"floor":21,"key":"Strength Potion"},{"floor":27,"key":"BlessingOfTheForge"},{"floor":28,"key":"AttackPotion"},{"floor":30,"key":"ColorlessPotion"},{"floor":31,"key":"Energy Potion"},{"floor":35,"key":"Milkshake"},{"floor":39,"key":"LiquidMemories"},{"floor":45,"key":"sneckomod:MuddlingPotion"},{"floor":54,"key":"Energy Potion"}],"is_trial":false,"path_per_floor":["M","?","?","M","M","E","M","R","T","M","E","M","R","M","R","B",null,"?","?","T","?","T","E","T","?","T","?","E","T","?","?","T","B",null,"?","?","T","?","?","T","E","?","T","?","E","T","?","?","T","B",null,"T","T","E","B"],"character_chosen":"IRONCLAD","items_purchased":["Chemical X","Potion Belt","Strength Potion","Energy Potion","Anchor","Lee\u0027s Waffle","Brimstone"],"campfire_rested":3,"item_purchase_floors":[20,20,20,20,29,29,37],"current_hp_per_floor":[88,88,88,88,88,76,68,68,68,70,32,11,39,39,67,21,75,60,60,60,65,65,48,48,56,63,57,17,96,86,94,94,32,108,111,114,114,114,114,112,86,86,86,64,47,81,76,74,74,46,114,114,111,101,0,0],"gold":575,"neow_bonus":"TEN_PERCENT_HP_BONUS","is_daily":false,"chose_seed":false,"campfire_upgraded":5,"win_rate":0.0,"timestamp":1613674755,"path_taken":["M","?","?","M","M","E","M","R","T","?","E","M","R","M","R","BOSS","?","?","T","?","?","E","T","?","T","?","E","T","?","?","T","BOSS","?","?","T","?","?","T","E","?","T","?","E","T","?","?","T","BOSS","T","T","E","BOSS"],"items_purchased_type":["Relic","Relic","Potion","Potion","Relic","Relic","Relic"],"build_version":"2020-12-22","purchased_purges":1,"victory":false,"max_hp_per_floor":[88,88,88,88,88,91,94,94,94,92,95,95,95,96,96,99,75,78,78,78,78,78,81,81,84,91,89,89,96,99,102,102,105,108,111,114,114,114,114,112,112,112,112,115,116,116,116,114,114,114,114,114,111,109,109,109],"card_choices":[{"not_picked":["Body Slam","Pummel"],"picked":"Whirlwind","floor":1},{"not_picked":["Feel No Pain","Life Link"],"picked":"ReplayTheSpireMod:Muscle Training","floor":4},{"not_picked":["Sever Soul","Defy Death","Fire Breathing"],"picked":"SKIP","floor":5},{"not_picked":["Flame Barrier","Bloodletting"],"picked":"Dropkick","floor":6},{"not_picked":["Warcry","ReplayTheSpireMod:Limb From Limb"],"picked":"Heavy Blade","floor":7},{"not_picked":["Warcry","ReplayTheSpireMod:Strike From Hell","Replay:Many Hands"],"picked":"SKIP","floor":10},{"not_picked":["Perfected Strike","Evolve"],"picked":"ReplayTheSpireMod:Stacked","floor":11},{"not_picked":["ReplayTheSpireMod:Strike From Hell","Replay:Undeath\u0027s Touch","ReplayTheSpireMod:LeadingStrike"],"picked":"SKIP","floor":12},{"not_picked":["Havoc","ReplayTheSpireMod:Muscle Training"],"picked":"Thunderclap","floor":14},{"not_picked":["Corruption","Bludgeon"],"picked":"Limit Break","floor":16},{"not_picked":["Clash","Life Link+1"],"picked":"Spot Weakness","floor":18},{"not_picked":["Offering","Body Slam"],"picked":"Infernal Blade","floor":23},{"not_picked":["Thunderclap","Replay:Undeath\u0027s Touch+1"],"picked":"Metallicize","floor":25},{"not_picked":["ReplayTheSpireMod:Strike From Hell","Wild Strike","ReplayTheSpireMod:Stacked"],"picked":"SKIP","floor":27},{"not_picked":["Intimidate","Havoc","Armaments"],"picked":"SKIP","floor":28},{"not_picked":["Hemogenesis","Dropkick"],"picked":"Flex+1","floor":30},{"not_picked":["Metallicize","ReplayTheSpireMod:Strike From Hell","Run Through+1"],"picked":"SKIP","floor":30},{"not_picked":["Sentinel","Blood for Blood"],"picked":"Massacre+1","floor":31},{"not_picked":["Sever Soul+1","Spot Weakness","Clothesline"],"picked":"SKIP","floor":31},{"not_picked":["Berserk","Bludgeon"],"picked":"Reaper","floor":33},{"not_picked":["Pommel Strike","Thunderclap"],"picked":"Pummel","floor":35},{"not_picked":["Body Slam+1","ReplayTheSpireMod:Strike From Hell","Armaments+1"],"picked":"SKIP","floor":35},{"not_picked":["ReplayTheSpireMod:Strike From Hell","Fire Breathing"],"picked":"Combust+1","floor":36},{"not_picked":["Blood for Blood+1","Thunderclap+1","ReplayTheSpireMod:Strike From Hell"],"picked":"SKIP","floor":36},{"not_picked":["Clothesline","Run Through+1","True Grit"],"picked":"SKIP","floor":39},{"not_picked":["ReplayTheSpireMod:Strike From Hell","Rampage","Entrench+1"],"picked":"SKIP","floor":39},{"not_picked":["Clash+1","Clothesline","True Grit"],"picked":"SKIP","floor":41},{"not_picked":["Spot Weakness","Warcry","ReplayTheSpireMod:Corrosion Curse"],"picked":"SKIP","floor":44},{"not_picked":["Sever Soul+1","Defy Death+1","Anger"],"picked":"SKIP","floor":44},{"not_picked":["Thunderclap","Cleave+1"],"picked":"Blood for Blood+1","floor":45},{"not_picked":["Havoc+1","Reaper","Clash+1"],"picked":"SKIP","floor":47},{"not_picked":["Iron Wave","Headbutt+1","Feel No Pain"],"picked":"SKIP","floor":47},{"not_picked":["Run Through+1","Dual Wield","Sever Soul"],"picked":"SKIP","floor":48},{"not_picked":["Burning Pact","ReplayTheSpireMod:Stacked+1","Shrug It Off+1"],"picked":"SKIP","floor":48},{"not_picked":["Feed","Shrug It Off","Pommel Strike+1"],"picked":"SKIP","floor":54}],"player_experience":207869,"relics_obtained":[{"floor":2,"key":"ReplayTheSpireMod:Ring of Addiction"},{"floor":2,"key":"SacredBark"},{"floor":2,"key":"Chameleon Ring"},{"floor":6,"key":"Replay:Ringing Soul"},{"floor":11,"key":"MawBank"},{"floor":21,"key":"Red Mask"},{"floor":22,"key":"Replay:Bandana"},{"floor":23,"key":"Blue Candle"},{"floor":26,"key":"Strawberry"},{"floor":28,"key":"Prayer Wheel"},{"floor":34,"key":"Red Skull"},{"floor":34,"key":"Paper Frog"},{"floor":34,"key":"Pocketwatch"},{"floor":41,"key":"Pantograph"},{"floor":43,"key":"Simple Rune"},{"floor":45,"key":"Pet Ghost"},{"floor":54,"key":"Replay:Bottled Steam"}],"event_choices":[{"damage_healed":0,"gold_gain":0,"cards_transformed":["Strike_R"],"player_choice":"Transformed","damage_taken":0,"max_hp_gain":0,"max_hp_loss":0,"event_name":"Transmorgrifier","floor":3,"gold_loss":0,"cards_obtained":["Cleave"]},{"damage_healed":0,"gold_gain":0,"player_choice":"Ignored","damage_taken":0,"max_hp_gain":0,"max_hp_loss":0,"event_name":"Vampires","floor":19,"gold_loss":0},{"damage_healed":0,"gold_gain":0,"player_choice":"Fought Bandits","damage_taken":0,"max_hp_gain":0,"max_hp_loss":0,"event_name":"Masked Bandits","floor":21,"gold_loss":0},{"cards_removed":["Defend_R"],"damage_healed":0,"gold_gain":0,"player_choice":"Removed Skill","damage_taken":0,"max_hp_gain":0,"max_hp_loss":0,"event_name":"Falling","floor":38,"gold_loss":0},{"damage_healed":0,"gold_gain":0,"player_choice":"0 cards matched","damage_taken":0,"max_hp_gain":0,"max_hp_loss":0,"event_name":"Match and Keep!","floor":42,"gold_loss":0,"cards_obtained":[]}],"is_beta":false,"boss_relics":[{"not_picked":["Electric Blood","Coffee Dripper"],"picked":"Replay:Grab Bag"},{"not_picked":["Sozu","Replay:Bronze Core"],"picked":"Painkiller Herb"},{"not_picked":["Runic Dome","Ectoplasm"],"picked":"bronze:MakeshiftBattery"},{"not_picked":["Black Blood","SlaversCollar"],"picked":"Replay:Drink Me"},{"not_picked":["Snecko Eye","ReplayTheSpireMod:Onyx Gauntlets"],"picked":"Calling Bell"}],"items_purged_floors":[53],"is_endless":false,"potions_floor_spawned":[4,6,7,12,14,21,27,28,30,31,35,39,45,54],"killed_by":"The Heart","ascension_level":4}}