{"host":"92wx9z21c4p52du4","time":1613683439,"event":{"mods":["Act Like it!","BaseMod","ChefMod","Evolution","GungeonMod","Infinite Spire","Minty Spire (QoL Compilation)","QueenMod","Relic Stats","Reliquary","StSLib","SuperFastMode"],"gold_per_floor":[125,125,135,60,60,60,88,88,112,144,144,156,170,184,184,289,289,301,29,128,0,21,21,32,32,59,59,86,0,13,47,59,168,180,210,222,234,297,314,314],"floor_reached":39,"language":"ENG","playtime":1819,"items_purged":["Parasite","DemoMod:GunstockTap","DemoMod:Defend_Huntress"],"score":577,"play_id":"ff6bbb5f-78ae-4a1f-9d14-50a4e95ca4e2","local_time":"20210218152359","is_ascension_mode":false,"campfire_choices":[{"data":"DemoMod:ManualReload","floor":6,"key":"SMITH"},{"data":"DemoMod:StickyCrossBow","floor":8,"key":"SMITH"},{"data":"DemoMod:HungryBullets","floor":15,"key":"SMITH"},{"data":"DemoMod:TableSutra","floor":23,"key":"SMITH"},{"floor":32,"key":"REST"}],"circlet_count":0,"master_deck":["DemoMod:GunstockTap","DemoMod:GunstockTap","DemoMod:Unmoved","DemoMod:Roll","DemoMod:ManualReload+1","DemoMod:RustySidearm","DemoMod:CrossBow","DemoMod:StickyCrossBow+1","DemoMod:PotionOfGunFriendShip+1","DemoMod:AbyssalTentacle","DemoMod:HardPowerCard","DemoMod:Elimentaler","DemoMod:HungryBullets+1","DemoMod:BSG","DemoMod:HuntsMan","DemoMod:TableSutra+1","DemoMod:BattleInHaste","DemoMod:HardPowerCard+1","J.A.X.","DemoMod:HuntsMan","Bandage Up","DemoMod:Eureka","CurseOfTheBell","DemoMod:ProbeStrike+1","DemoMod:Ejector+1"],"relics":["DemoMod:Dog","EVO:Axolotl","Mango","DemoMod:Metronome","Smiling Mask","Bottled Lightning","reliquary:Ember","DemoMod:LamentConfigurum","DemoMod:MonsterBlood","OrangePellets","Black Star","PreservedInsect","Meat on the Bone","Lantern","MawBank","Kunai","Calling Bell","Tiny Chest","infinitespire:FocusingShard","CaptainsWheel"],"acts_visited":["Exordium","TheCity","TheBeyond"],"potions_floor_usage":[10,16,16,28,30,31,39,39,39],"damage_taken":[{"damage":2,"enemies":"Cultist","floor":1,"turns":4},{"damage":16,"enemies":"infinitespire:Voidling","floor":3,"turns":4},{"damage":8,"enemies":"Gremlin Nob","floor":7,"turns":3},{"damage":0,"enemies":"Lagavulin","floor":10,"turns":5},{"damage":4,"enemies":"Jaw Worm","floor":12,"turns":2},{"damage":0,"enemies":"2 Fungi Beasts","floor":13,"turns":3},{"damage":0,"enemies":"Red Slaver","floor":14,"turns":2},{"damage":0,"enemies":"Slime Boss","floor":16,"turns":5},{"damage":5,"enemies":"Shell Parasite","floor":18,"turns":3},{"damage":2,"enemies":"3 Byrds","floor":22,"turns":4},{"damage":16,"enemies":"Shelled Parasite and Fungi","floor":24,"turns":5},{"damage":6,"enemies":"Gremlin Leader","floor":28,"turns":4},{"damage":12,"enemies":"Snecko","floor":30,"turns":4},{"damage":41,"enemies":"Slavers","floor":31,"turns":4},{"damage":9,"enemies":"Automaton","floor":33,"turns":7},{"damage":10,"enemies":"3 Shapes","floor":35,"turns":3},{"damage":5,"enemies":"3 Darklings","floor":38,"turns":4},{"damage":3,"enemies":"infinitespire:Three Voidlings","floor":39,"turns":3},{"damage":92,"enemies":"Nightmare_Alpha","floor":39,"turns":8}],"seed_played":"1342577372785448250","potions_obtained":[{"floor":7,"key":"ColorlessPotion"},{"floor":12,"key":"Fire Potion"},{"floor":14,"key":"AttackPotion"},{"floor":16,"key":"DuplicationPotion"},{"floor":24,"key":"LiquidMemories"},{"floor":28,"key":"FearPotion"},{"floor":31,"key":"BlessingOfTheForge"},{"floor":33,"key":"Energy Potion"},{"floor":35,"key":"DistilledChaos"},{"floor":36,"key":"Ancient Potion"}],"is_trial":false,"path_per_floor":["M","?","M","$","?","R","E","R","T","E","?","M","M","M","R","B",null,"M","$","?","?","M","R","M","?","T","AVR","E","$","M","E","R","B",null,"M","?","$","M","?"],"character_chosen":"HUNTRESS","items_purchased":["DemoMod:LamentConfigurum","DemoMod:TableSutra","Bandage Up"],"campfire_rested":1,"item_purchase_floors":[19,19,29],"current_hp_per_floor":[82,82,70,70,70,70,62,62,62,62,62,58,58,58,58,58,81,76,76,76,76,74,74,58,58,65,65,59,59,51,26,52,47,88,81,81,81,82,0,0],"gold":314,"neow_bonus":"ONE_RARE_RELIC","is_daily":false,"chose_seed":false,"campfire_upgraded":4,"win_rate":0.0,"timestamp":1613683439,"path_taken":["M","?","?","?","?","R","E","R","T","E","?","M","M","?","R","BOSS","M","$","?","?","M","R","M","?","T","AVR","E","?","M","E","R","BOSS","M","?","?","M","?"],"items_purchased_type":["Relic","Card","Card"],"build_version":"2020-12-22","purchased_purges":3,"victory":false,"max_hp_per_floor":[84,84,84,81,81,81,81,81,81,81,81,81,81,81,81,81,81,81,81,81,81,81,81,81,81,88,88,88,88,88,88,88,88,88,88,88,88,88,88,88],"relic_stats":{"OrangePellets":[2],"counters":[19,77],"Tiny Chest":0,"PreservedInsect":174,"Black Star":2,"Kunai":[15],"Smiling Mask":50,"MawBank":96,"obtain_stats":[{"Lantern":31,"DemoMod:Dog":0,"Mango":0,"DemoMod:GlassGuonStoneRelic":12,"PreservedInsect":28,"infinitespire:FocusingShard":34,"EVO:Axolotl":0,"Smiling Mask":9,"MawBank":31,"Calling Bell":34,"OrangePellets":27,"CaptainsWheel":34,"DemoMod:Metronome":7,"DemoMod:MonsterBlood":26,"DemoMod:LamentConfigurum":19,"Tiny Chest":34,"reliquary:Ember":17,"Black Star":27,"Bottled Lightning":10,"Kunai":33,"Meat on the Bone":28},{"Lantern":14,"DemoMod:Dog":0,"Mango":0,"DemoMod:GlassGuonStoneRelic":5,"PreservedInsect":12,"infinitespire:FocusingShard":15,"EVO:Axolotl":0,"Smiling Mask":3,"MawBank":14,"Calling Bell":15,"OrangePellets":11,"CaptainsWheel":15,"DemoMod:Metronome":3,"DemoMod:MonsterBlood":11,"DemoMod:LamentConfigurum":9,"Tiny Chest":15,"reliquary:Ember":8,"Black Star":11,"Bottled Lightning":4,"Kunai":15,"Meat on the Bone":12},{"Lantern":52,"DemoMod:Dog":0,"Mango":0,"DemoMod:GlassGuonStoneRelic":18,"PreservedInsect":44,"infinitespire:FocusingShard":59,"EVO:Axolotl":0,"Smiling Mask":11,"MawBank":52,"Calling Bell":59,"OrangePellets":40,"CaptainsWheel":59,"DemoMod:Metronome":11,"DemoMod:MonsterBlood":40,"DemoMod:LamentConfigurum":31,"Tiny Chest":59,"reliquary:Ember":28,"Black Star":40,"Bottled Lightning":16,"Kunai":56,"Meat on the Bone":44}],"Meat on the Bone":12},"card_choices":[{"not_picked":["DemoMod:JK47","DemoMod:SpreadAmmo","DemoMod:PracticeMakesPerfect"],"picked":"SKIP","floor":1},{"not_picked":["DemoMod:StickyCrossBow","DemoMod:HighKaliber"],"picked":"DemoMod:PotionOfGunFriendShip","floor":3},{"not_picked":["DemoMod:AC15","DemoMod:FortunesFavor","DemoMod:PracticeMakesPerfect"],"picked":"SKIP","floor":7},{"not_picked":["DemoMod:ShadowBullets","DemoMod:GunstockTap"],"picked":"DemoMod:AbyssalTentacle","floor":10},{"not_picked":["DemoMod:MegaHand","DemoMod:PotionOfGunFriendShip"],"picked":"DemoMod:HardPowerCard","floor":12},{"not_picked":["DemoMod:JK47","DemoMod:FeignSurrender"],"picked":"DemoMod:Elimentaler","floor":12},{"not_picked":["DemoMod:AbyssalTentacle","DemoMod:PracticeMakesPerfect","DemoMod:DoubleSwitch"],"picked":"SKIP","floor":13},{"not_picked":["DemoMod:BoxingGlove","DemoMod:FastSwitch"],"picked":"DemoMod:HungryBullets","floor":14},{"not_picked":["DemoMod:SuppressiveFire","DemoMod:GunslingerForm"],"picked":"DemoMod:BSG","floor":16},{"not_picked":["DemoMod:FortunesFavor","DemoMod:ConditionalReflex"],"picked":"DemoMod:HuntsMan","floor":18},{"not_picked":["DemoMod:Rummage","DemoMod:MachoBrace"],"picked":"DemoMod:BattleInHaste","floor":22},{"not_picked":["DemoMod:BoxingGlove","DemoMod:SniperShot+1"],"picked":"DemoMod:HardPowerCard+1","floor":24},{"not_picked":["DemoMod:DirectionalPad","DemoMod:Ejector"],"picked":"DemoMod:HuntsMan","floor":28},{"not_picked":["DemoMod:Unmoved","DemoMod:JK47","DemoMod:SAA"],"picked":"SKIP","floor":30},{"not_picked":["DemoMod:GunstockTap","DemoMod:FortunesFavor","DemoMod:AWP"],"picked":"SKIP","floor":31},{"not_picked":["DemoMod:BSG","DemoMod:BulletBore"],"picked":"DemoMod:Eureka","floor":33},{"not_picked":["DemoMod:Polaris","DemoMod:DoubleSwitch"],"picked":"DemoMod:ProbeStrike+1","floor":35},{"not_picked":["DemoMod:AbyssalTentacle","DemoMod:DoubleSwitch"],"picked":"DemoMod:Ejector+1","floor":38}],"player_experience":200337,"relics_obtained":[{"floor":7,"key":"DemoMod:Metronome"},{"floor":9,"key":"Smiling Mask"},{"floor":10,"key":"Bottled Lightning"},{"floor":26,"key":"DemoMod:MonsterBlood"},{"floor":28,"key":"PreservedInsect"},{"floor":28,"key":"Meat on the Bone"},{"floor":31,"key":"Lantern"},{"floor":31,"key":"MawBank"},{"floor":34,"key":"Tiny Chest"},{"floor":34,"key":"infinitespire:FocusingShard"},{"floor":34,"key":"CaptainsWheel"}],"event_choices":[{"damage_healed":0,"gold_gain":0,"cards_transformed":["DemoMod:Defend_Huntress"],"player_choice":"Transformed","damage_taken":0,"max_hp_gain":0,"max_hp_loss":0,"event_name":"Transmorgrifier","floor":2,"gold_loss":0,"cards_obtained":["DemoMod:StickyCrossBow"]},{"damage_healed":0,"gold_gain":0,"player_choice":"Grow","damage_taken":0,"max_hp_gain":0,"max_hp_loss":0,"event_name":"Living Wall","floor":5,"gold_loss":0,"cards_upgraded":["DemoMod:PotionOfGunFriendShip"]},{"cards_removed":["DemoMod:Defend_Huntress"],"damage_healed":0,"gold_gain":0,"player_choice":"Card Removal","damage_taken":0,"max_hp_gain":0,"max_hp_loss":0,"event_name":"Wheel of Change","floor":11,"gold_loss":0},{"damage_healed":0,"gold_gain":99,"player_choice":"Stole From Cult","damage_taken":0,"max_hp_gain":0,"max_hp_loss":0,"event_name":"Nest","floor":20,"gold_loss":0},{"damage_healed":0,"gold_gain":0,"player_choice":"Paid Fearfully","damage_taken":0,"max_hp_gain":0,"max_hp_loss":0,"event_name":"Masked Bandits","floor":21,"gold_loss":128},{"damage_healed":0,"gold_gain":0,"player_choice":"Obtain J.A.X.","damage_taken":0,"max_hp_gain":0,"max_hp_loss":0,"event_name":"Drug Dealer","floor":25,"gold_loss":0,"cards_obtained":["J.A.X."]},{"damage_healed":0,"gold_gain":0,"player_choice":"Got Potions","damage_taken":0,"max_hp_gain":0,"max_hp_loss":0,"event_name":"Lab","floor":36,"gold_loss":0}],"is_beta":false,"boss_relics":[{"not_picked":["SacredBark","Philosopher\u0027s Stone"],"picked":"reliquary:Ember"},{"not_picked":["DemoMod:ElasticCartridgeClip","DemoMod:Test1"],"picked":"Calling Bell"}],"items_purged_floors":[4,19,27],"is_endless":false,"potions_floor_spawned":[7,12,14,16,24,28,31,33,35],"killed_by":"Nightmare_Alpha","ascension_level":0}}