{"host":"j0lq4v91luowxwha","time":1613642899,"event":{"mods":["BaseMod","Colored Powertips","Downfall","Hermit","Minty Spire (QoL Compilation)","Quick Restart","Replay The Spire","StSLib","SuperFastMode","The Cursed"],"gold_per_floor":[99,116,131,151,151,179,258,258,274,294,294,324,324,335,350,450,450,450,286,305,305,317,317,317,342,367,367,101,101,101,101,112,209,209,209,209,222,222,241,251,303,303,332,344,356,368,390,502,524,536],"floor_reached":51,"language":"ENG","playtime":2672,"items_purged":[],"score":932,"play_id":"99c727da-2a12-4e35-b438-d20baa263f00","local_time":"20210218050819","is_ascension_mode":false,"campfire_choices":[{"data":"hexamod:SwordOfDarkness","floor":1,"key":"SMITH"},{"data":"hexamod:UnlimitedPower","floor":8,"key":"SMITH"},{"floor":11,"key":"REST"},{"data":"hexamod:RadiantFlame","floor":13,"key":"SMITH"},{"data":"hexamod:ThermalTransfer","floor":18,"key":"SMITH"},{"floor":23,"key":"REST"},{"floor":27,"key":"REST"},{"data":"hexamod:NightmareGuise","floor":29,"key":"SMITH"},{"data":"hexamod:ChargedBarrage","floor":35,"key":"SMITH"},{"floor":42,"key":"REST"},{"data":"hexamod:Haunt","floor":45,"key":"SMITH"}],"circlet_count":0,"master_deck":["hexamod:Strike+1","hexamod:Strike+1","hexamod:Strike+1","hexamod:Strike+1","hexamod:Defend+1","hexamod:Defend+1","hexamod:Defend+1","hexamod:Defend+1","hexamod:Sear","hexamod:Float","hexamod:SwordOfDarkness+1","hexamod:ChargedBarrage+1","hexamod:StepThrough+1","hexamod:ThermalTransfer+1","hexamod:UnlimitedPower+1","hexamod:NightmareGuise+1","Hallucinations","hexamod:GhostLash","hexamod:RadiantFlame+1","hexamod:HeatMetal","hexamod:SearingWound+1","hexamod:HexaLevel+1","hexamod:SoulSteal+1","hexamod:DynamicBlow+1","hexamod:EmpoweredFlame+1","hexamod:BurningTouch","hexamod:Hexaguard+1","hexamod:PhantomFireball","hexamod:SoulSteal+1","hexamod:VolcanoVisage+1","ReplayTheSpireMod:Restless Dread","hexamod:SpectralAdrenaline+1","expansioncontent:AwakenDeath","hexamod:InspiringFlames+1","hexamod:Haunt+1","Shame","Languid","hexamod:VolcanoVisage+1","Clumsy","hexamod:SoulSteal+1"],"relics":["hexamod:SpiritBrand","downfall:ExtraCursedKey","Art of War","Golden Egg","Empty Cage","FossilizedHelix","MealTicket","hexamod:TheBrokenSeal","Replay:Bottled Flurry","Enchiridion","hexamod:IceCube","Dream Catcher","Lantern","MawBank"],"acts_visited":["Exordium","TheCity","TheBeyond"],"potions_floor_usage":[50,50],"damage_taken":[{"damage":0,"enemies":"Cultist","floor":2,"turns":3},{"damage":1,"enemies":"Jaw Worm","floor":3,"turns":3},{"damage":5,"enemies":"Small Slimes","floor":4,"turns":3},{"damage":20,"enemies":"3 Sentries","floor":6,"turns":7},{"damage":0,"enemies":"Blue Slaver","floor":9,"turns":3},{"damage":0,"enemies":"3 Louse","floor":10,"turns":3},{"damage":0,"enemies":"Gremlin Nob","floor":12,"turns":3},{"damage":0,"enemies":"2 Fungi Beasts","floor":14,"turns":3},{"damage":3,"enemies":"Red Slaver","floor":15,"turns":2},{"damage":18,"enemies":"IC_STATUS_ARCHETYPE","floor":16,"turns":6},{"damage":0,"enemies":"downfall:FleeingMerchant","floor":19,"turns":4},{"damage":20,"enemies":"downfall:LooterAlt2","floor":20,"turns":4},{"damage":2,"enemies":"Chosen","floor":22,"turns":3},{"damage":41,"enemies":"Book of Stabbing","floor":25,"turns":6},{"damage":43,"enemies":"Snake Plant","floor":26,"turns":8},{"damage":0,"enemies":"downfall:FleeingMerchant","floor":28,"turns":4},{"damage":0,"enemies":"Sentry and Sphere","floor":32,"turns":3},{"damage":56,"enemies":"DF_ARCHETYPE_CLAW","floor":33,"turns":7},{"damage":0,"enemies":"Orb Walker","floor":37,"turns":2},{"damage":0,"enemies":"3 Shapes","floor":39,"turns":5},{"damage":16,"enemies":"Writhing Mass","floor":40,"turns":6},{"damage":51,"enemies":"Nemesis","floor":43,"turns":7},{"damage":0,"enemies":"Transient","floor":47,"turns":5},{"damage":0,"enemies":"Jaw Worm Horde","floor":49,"turns":3},{"damage":36,"enemies":"SI_POISON_ARCHETYPE","floor":50,"turns":5}],"seed_played":"6312264646481111667","potions_obtained":[{"floor":2,"key":"Fire Potion"},{"floor":4,"key":"SkillPotion"},{"floor":6,"key":"Toxic Potion"},{"floor":14,"key":"hexamod:InfernoChargePotion"},{"floor":49,"key":"hexamod:SoulburnPotion"}],"is_trial":false,"path_per_floor":["R","M","M","M","?","E","T","R","M","M","R","E","R","M","M","B",null,"R","$","M","?","M","R","T","E","M","R","$","R","?","?","M","B",null,"R","?","M","?","M","M","T","R","E","?","R","?","M","?","M","B",null],"character_chosen":"THE_SPIRIT","items_purchased":["hexamod:FourthSeal","hexamod:DynamicBlow","Replay:Bottled Flurry"],"campfire_rested":4,"item_purchase_floors":[19,19,28],"current_hp_per_floor":[70,70,69,64,64,44,44,44,44,44,65,65,65,65,62,44,70,70,70,50,50,48,69,69,35,65,80,80,80,80,64,64,8,80,80,80,80,80,80,64,64,80,29,70,70,70,70,70,70,34],"gold":548,"neow_bonus":"THREE_CARDS","is_daily":false,"chose_seed":false,"campfire_upgraded":7,"win_rate":0.0,"timestamp":1613642899,"path_taken":["R","M","M","M","?","E","T","R","M","M","R","E","R","M","M","BOSS","R","$","M","?","M","R","T","E","M","R","$","R","?","?","M","BOSS","R","?","M","?","M","M","T","R","E","?","R","?","?","?","M","BOSS"],"items_purchased_type":["Card","Card","Relic"],"build_version":"2020-12-22","purchased_purges":0,"victory":true,"max_hp_per_floor":[70,70,70,70,70,70,70,70,70,70,70,70,70,70,70,70,70,70,70,70,70,70,70,70,70,80,80,80,80,80,80,80,80,80,80,80,80,80,80,80,80,80,80,70,70,70,70,70,70,70],"card_choices":[{"not_picked":["hexamod:ShieldOfDarkness","hexamod:Firestarter"],"picked":"hexamod:SwordOfDarkness","floor":0},{"not_picked":["hexamod:HauntingEcho","hexamod:HeatMetal"],"picked":"hexamod:ChargedBarrage","floor":2},{"not_picked":["hexamod:Firestarter","hexamod:Haunt"],"picked":"hexamod:StepThrough","floor":3},{"not_picked":["hexamod:GhostOfSpireFuture","hexamod:AdvancingGuard"],"picked":"hexamod:ThermalTransfer","floor":4},{"not_picked":["hexamod:Hexaguard","hexamod:SwordOfDarkness"],"picked":"hexamod:NightmareGuise","floor":6},{"not_picked":["hexamod:NightmareGuise","hexamod:FastForward"],"picked":"hexamod:GhostLash","floor":9},{"not_picked":["hexamod:GhostOfSpireFuture","hexamod:EmpoweredFlame"],"picked":"hexamod:RadiantFlame","floor":10},{"not_picked":["hexamod:HeatMetal","hexamod:RetreatToShadows"],"picked":"hexamod:ThirdSeal","floor":12},{"not_picked":["hexamod:Firestarter","hexamod:AdvancingGuard"],"picked":"hexamod:HeatMetal","floor":14},{"not_picked":["hexamod:GhostLash","hexamod:ShieldOfDarkness","hexamod:Haunt"],"picked":"SKIP","floor":15},{"not_picked":["hexamod:SearingWound","hexamod:TurnItUp"],"picked":"hexamod:FifthSeal","floor":16},{"not_picked":["hexamod:GhostOfSpirePresent","hexamod:TimeWarp"],"picked":"hexamod:SearingWound","floor":16},{"not_picked":["hexamod:ThirdSeal","hexamod:SixthSeal"],"picked":"hexamod:FirstSeal","floor":19},{"not_picked":["hexamod:NightmareStrike+1","hexamod:NightmareGuise+1"],"picked":"hexamod:HexaLevel","floor":19},{"not_picked":["hexamod:ThermalTransfer","hexamod:ExtraCrispy+1"],"picked":"hexamod:SoulSteal","floor":19},{"not_picked":["hexamod:SkipABeat","hexamod:BacktrackSmack+1"],"picked":"hexamod:EmpoweredFlame","floor":20},{"not_picked":["hexamod:FourthSeal","hexamod:Again"],"picked":"hexamod:BurningTouch","floor":20},{"not_picked":["hexamod:FourthSeal","hexamod:ThirdSeal"],"picked":"hexamod:SecondSeal","floor":22},{"not_picked":["hexamod:FourthSeal","hexamod:ThirdSeal"],"picked":"hexamod:Hexaguard+1","floor":22},{"not_picked":["hexamod:HauntingEcho+1","hexamod:RetreatToShadows","hexamod:Firestarter"],"picked":"SKIP","floor":22},{"not_picked":["hexamod:SecondSeal","hexamod:FirstSeal"],"picked":"hexamod:SixthSeal","floor":25},{"not_picked":["hexamod:GhostLash+1","hexamod:CatchUp"],"picked":"hexamod:PhantomFireball","floor":25},{"not_picked":["hexamod:ParanormalForm","hexamod:ShieldOfDarkness","hexamod:HauntingEcho"],"picked":"SKIP","floor":25},{"not_picked":["hexamod:Incineration","hexamod:ChargedBarrage"],"picked":"hexamod:SoulSteal+1","floor":26},{"not_picked":["hexamod:SwordOfDarkness","hexamod:ShieldOfDarkness","hexamod:NightmareGuise"],"picked":"SKIP","floor":28},{"not_picked":["hexamod:ShieldOfDarkness+1","hexamod:AdvancingGuard","hexamod:HauntingEcho"],"picked":"SKIP","floor":32},{"not_picked":["hexamod:ParanormalForm","hexamod:GhostOfSpirePresent"],"picked":"hexamod:VolcanoVisage","floor":33},{"not_picked":["hexamod:ChargedBarrage+1","hexamod:HeatCrush+1"],"picked":"hexamod:SpectralAdrenaline+1","floor":37},{"not_picked":["Replay:SS_hec_1","expansioncontent:PolyBeam"],"picked":"expansioncontent:AwakenDeath","floor":38},{"not_picked":["hexamod:NightmareGuise+1","hexamod:ShieldOfDarkness+1"],"picked":"hexamod:InspiringFlames+1","floor":39},{"not_picked":["hexamod:BacktrackSmack+1","hexamod:Firestarter+1"],"picked":"hexamod:Haunt","floor":40},{"not_picked":["hexamod:BurningTouch","hexamod:NightmareStrike"],"picked":"hexamod:VolcanoVisage","floor":43},{"not_picked":["hexamod:ThermalTransfer","hexamod:FourthSeal"],"picked":"hexamod:SoulSteal+1","floor":47},{"not_picked":["hexamod:ShieldOfDarkness","hexamod:NightmareGuise","hexamod:FastForward+1"],"picked":"SKIP","floor":49}],"player_experience":235253,"relics_obtained":[{"floor":6,"key":"Art of War"},{"floor":12,"key":"Golden Egg"},{"floor":24,"key":"FossilizedHelix"},{"floor":25,"key":"MealTicket"},{"floor":31,"key":"Enchiridion"},{"floor":36,"key":"Dream Catcher"},{"floor":41,"key":"Lantern"},{"floor":43,"key":"MawBank"}],"event_choices":[],"is_beta":false,"boss_relics":[{"not_picked":["Kintsugi","ReplayTheSpireMod:DimensionalGlitch"],"picked":"Empty Cage"},{"not_picked":["Runic Dome","Sozu"],"picked":"hexamod:IceCube"}],"items_purged_floors":[],"is_endless":false,"potions_floor_spawned":[2,4,6,14,22,26,33,39,40,49],"ascension_level":0}}