{"host":"fiyb7gvx7tok3jeh","time":1613676320,"event":{"mods":["BaseMod","Colored Map","Colored Powertips","DeckTracker","Downfall","Googly Eyes","Highlight Path","Marisa????????","Minty Spire (QoL Compilation)","StSLib","The Cursed","The Servant 0.9.4"],"gold_per_floor":[109,124,124,49,49,84,95,128,201,201,234,3,15,43,43,138,138,156,156,170,181,195,227,243,243,269,294,4,4,4,4,4,104,104,115,2,2,2,15,15,25,60,69,96,112,141,161,16,16,16,16,16,16,46,46],"floor_reached":56,"language":"ENG","playtime":4238,"items_purged":["TheCursedMod:Defend_TheCursed","TheCursedMod:Strike_TheCursed"],"score":1428,"play_id":"f259bbae-d124-427e-8946-581f02a24fe8","local_time":"20210218212520","is_ascension_mode":false,"campfire_choices":[{"data":"TheCursedMod:EmpowerCircles","floor":10,"key":"SMITH"},{"data":"TheCursedMod:CircleOfCorruption","floor":15,"key":"SMITH"},{"data":"TheCursedMod:HellsGateOpen","floor":25,"key":"SMITH"},{"floor":30,"key":"RECALL"},{"data":"TheCursedMod:NeowsMight","floor":32,"key":"SMITH"},{"data":"TheCursedMod:DemonicPact","floor":40,"key":"SMITH"},{"floor":49,"key":"REST"},{"data":"TheCursedMod:CursedArmor","floor":52,"key":"SMITH"}],"circlet_count":0,"master_deck":["TheCursedMod:Strike_TheCursed","TheCursedMod:Strike_TheCursed","TheCursedMod:Defend_TheCursed","TheCursedMod:Defend_TheCursed","TheCursedMod:CursedWand","TheCursedMod:CleanUpWorkshop+1","TheCursedMod:Dregs","TheCursedMod:EmpowerCircles+1","TheCursedMod:SpitefulStrike","TheCursedMod:RapidMovement","TheCursedMod:CircleOfCorruption+1","TheCursedMod:DemonicPact+1","TheCursedMod:HellfireBreathing","TheCursedMod:HellfireBreathing","TheCursedMod:CursedArmor+1","TheCursedMod:RapidMovement","TheCursedMod:SpitefulStrike","TheCursedMod:CursedStaff","TheCursedMod:Neurasthenia+1","TheCursedMod:HellsGateOpen+1","TheCursedMod:FleshFromBone+1","TheCursedMod:FleshFromBone+1","TheCursedMod:CursedArmor+1","downfall:Malfunctioning","TheCursedMod:NeowsMight+1","TheCursedMod:HellfireBreathing","TheCursedMod:CircleOfFlame","downfall:Icky","TheCursedMod:Evocation+1","TheCursedMod:DemonSword","Wraith","Writhe","TheCursedMod:EmpowerCircles+1","TheCursedMod:CircleOfCorruption+1","downfall:Bewildered","TheCursedMod:LuckyCharm+1","TheCursedMod:SpitefulPlan+1","TheCursedMod:CursedArmor"],"relics":["TheCursedMod:BlackMagic101","NeowsBlessing","Lizard Tail","Bronze Scales","The Courier","Mummified Hand","Boot","Cursed Key","Orichalcum","Smiling Mask","War Paint","Membership Card","Bird Faced Urn","Centennial Puzzle","Pear","TheCursedMod:FourLeafCloverCharm","CeramicFish","InkBottle","Mercury Hourglass","Frozen Egg 2","Happy Flower"],"acts_visited":["Exordium","TheCity","TheBeyond","TheEnding"],"potions_floor_usage":[11,27,27,46,47,47,50,50],"damage_taken":[{"damage":0,"enemies":"Small Slimes","floor":1,"turns":1},{"damage":0,"enemies":"Cultist","floor":2,"turns":1},{"damage":0,"enemies":"3 Sentries","floor":6,"turns":2},{"damage":0,"enemies":"Jaw Worm","floor":7,"turns":4},{"damage":18,"enemies":"Lagavulin","floor":8,"turns":5},{"damage":4,"enemies":"3 Sentries","floor":11,"turns":5},{"damage":5,"enemies":"Exordium Wildlife","floor":13,"turns":4},{"damage":11,"enemies":"Lagavulin","floor":14,"turns":8},{"damage":23,"enemies":"Hexaghost","floor":16,"turns":8},{"damage":0,"enemies":"3 Byrds","floor":18,"turns":3},{"damage":4,"enemies":"Spheric Guardian","floor":20,"turns":3},{"damage":11,"enemies":"Snake Plant","floor":21,"turns":3},{"damage":36,"enemies":"3 Cultists","floor":22,"turns":5},{"damage":0,"enemies":"Gremlin Leader","floor":23,"turns":6},{"damage":0,"enemies":"Centurion and Healer","floor":24,"turns":5},{"damage":28,"enemies":"Slavers","floor":27,"turns":3},{"damage":31,"enemies":"Collector","floor":33,"turns":10},{"damage":0,"enemies":"Orb Walker","floor":35,"turns":2},{"damage":10,"enemies":"3 Darklings","floor":39,"turns":4},{"damage":0,"enemies":"4 Shapes","floor":41,"turns":6},{"damage":0,"enemies":"Reptomancer","floor":42,"turns":3},{"damage":30,"enemies":"Nemesis","floor":44,"turns":7},{"damage":32,"enemies":"Writhing Mass","floor":45,"turns":5},{"damage":9,"enemies":"Giant Head","floor":46,"turns":8},{"damage":4,"enemies":"Maw","floor":47,"turns":4},{"damage":48,"enemies":"Awakened One","floor":50,"turns":9},{"damage":48,"enemies":"Shield and Spear","floor":54,"turns":5},{"damage":37,"enemies":"The Heart","floor":55,"turns":6}],"seed_played":"-724917827582390953","potions_obtained":[{"floor":1,"key":"champ:CounterPotion"},{"floor":8,"key":"BlessingOfTheForge"},{"floor":11,"key":"ColorlessPotion"},{"floor":14,"key":"bronze:BurnAndBuffPotion"},{"floor":21,"key":"LiquidMemories"},{"floor":24,"key":"champ:CounterPotion"},{"floor":27,"key":"Fire Potion"},{"floor":39,"key":"GamblersBrew"},{"floor":44,"key":"Fire Potion"},{"floor":46,"key":"GamblersBrew"},{"floor":47,"key":"FearPotion"}],"is_trial":false,"path_per_floor":["M","M","?","$","?","E","M","E","T","R","E","$","M","E","R","B",null,"M","?","M","M","M","E","M","R","T","E","$","?","R","T","R","B",null,"M","$","?","?","M","R","M","E","T","E","M","E","M","$","R","B",null,"R","$","E","B",null],"character_chosen":"THE_CURSED","items_purchased":["TheCursedMod:HellfireBreathing","TheCursedMod:HellfireBreathing","TheCursedMod:CursedArmor","TheCursedMod:RapidMovement","TheCursedMod:SpitefulStrike","Membership Card","Bird Faced Urn","TheCursedMod:HellfireBreathing","TheCursedMod:CircleOfFlame","TheCursedMod:DemonSword","Frozen Egg 2","TheCursedMod:LuckyCharm+1","TheCursedMod:SpitefulPlan+1","TheCursedMod:CursedArmor"],"campfire_rested":1,"item_purchase_floors":[12,12,12,12,12,28,28,28,28,36,48,48,48,48],"current_hp_per_floor":[75,75,75,75,75,75,75,57,57,57,53,53,48,37,37,14,75,75,75,71,60,24,24,24,24,24,37,37,37,37,47,47,28,85,85,85,85,85,85,85,85,85,85,61,41,46,54,54,79,47,85,85,85,49,30],"gold":46,"neow_bonus":"THREE_ENEMY_KILL","is_daily":false,"chose_seed":false,"campfire_upgraded":6,"win_rate":0.0,"timestamp":1613676320,"path_taken":["M","M","?","?","?","E","?","E","T","R","E","$","M","E","R","BOSS","M","?","M","?","M","E","M","R","T","E","$","?","R","?","R","BOSS","M","$","?","?","M","R","M","E","T","E","M","E","M","$","R","BOSS","R","$","E","BOSS"],"items_purchased_type":["Card","Card","Card","Card","Card","Relic","Relic","Card","Card","Card","Relic","Card","Card","Card"],"build_version":"2020-12-22","purchased_purges":2,"victory":true,"max_hp_per_floor":[75,75,75,75,75,75,75,75,75,75,75,75,75,75,75,75,75,75,75,75,75,75,75,75,75,75,75,75,75,75,85,85,85,85,85,85,85,85,85,85,85,85,85,85,85,85,85,85,85,85,85,85,85,85,85],"card_choices":[{"not_picked":["TheCursedMod:Mangle","TheCursedMod:SurpriseAttack"],"picked":"TheCursedMod:EmpowerCircles","floor":1},{"not_picked":["TheCursedMod:Grudge","TheCursedMod:Wield","TheCursedMod:RavingStaff"],"picked":"SKIP","floor":2},{"not_picked":["TheCursedMod:Torture","TheCursedMod:SpitefulStrike"],"picked":"TheCursedMod:RapidMovement","floor":6},{"not_picked":["TheCursedMod:WearCloak","TheCursedMod:LuckyCharm"],"picked":"TheCursedMod:CircleOfCorruption","floor":7},{"not_picked":["TheCursedMod:CursedSpellbook","TheCursedMod:CircleOfWindfury"],"picked":"TheCursedMod:DemonicPact","floor":8},{"not_picked":["TheCursedMod:CursedArmor","TheCursedMod:PrepareRite","TheCursedMod:SpitefulStrike"],"picked":"SKIP","floor":11},{"not_picked":["TheCursedMod:Obscuration","TheCursedMod:WearCloak","TheCursedMod:CircleOfFocus"],"picked":"SKIP","floor":13},{"not_picked":["TheCursedMod:CursedRelics","TheCursedMod:SoulReap"],"picked":"TheCursedMod:CursedStaff","floor":14},{"not_picked":["TheCursedMod:ShockAndAwe","TheCursedMod:AntiAging"],"picked":"TheCursedMod:Neurasthenia","floor":16},{"not_picked":["TheCursedMod:Wield","TheCursedMod:CircleOfWindfury"],"picked":"TheCursedMod:HellsGateOpen","floor":18},{"not_picked":["TheCursedMod:SurpriseAttack","TheCursedMod:CursedBlade","TheCursedMod:Mangle+1"],"picked":"SKIP","floor":20},{"not_picked":["TheCursedMod:SurpriseAttack","TheCursedMod:TacticalStrike"],"picked":"TheCursedMod:FleshFromBone+1","floor":21},{"not_picked":["TheCursedMod:CursedShiv","TheCursedMod:CursedBlade"],"picked":"TheCursedMod:FleshFromBone+1","floor":22},{"not_picked":["TheCursedMod:CursedShiv","TheCursedMod:Wield"],"picked":"TheCursedMod:CursedArmor","floor":23},{"not_picked":["TheCursedMod:SmokeScreen","TheCursedMod:Wield","TheCursedMod:StingEye"],"picked":"SKIP","floor":24},{"not_picked":["TheCursedMod:CircleOfFlame","TheCursedMod:CursedBlade+1"],"picked":"TheCursedMod:NeowsMight","floor":27},{"not_picked":["TheCursedMod:Hemoplague","TheCursedMod:SpitefulStrike"],"picked":"TheCursedMod:Evocation+1","floor":35},{"not_picked":["TheCursedMod:Stretching+1","TheCursedMod:CursedAmulet"],"picked":"TheCursedMod:EmpowerCircles+1","floor":39},{"not_picked":["TheCursedMod:CircleOfFlame","TheCursedMod:SoulReap+1"],"picked":"TheCursedMod:CircleOfCorruption+1","floor":41},{"not_picked":["TheCursedMod:StingEye+1","TheCursedMod:CursedBlade+1","TheCursedMod:BlessingInDisguise"],"picked":"SKIP","floor":42},{"not_picked":["TheCursedMod:WearCloak","TheCursedMod:SpitefulStrike+1","TheCursedMod:CursedShiv+1"],"picked":"SKIP","floor":44},{"not_picked":["TheCursedMod:SurpriseAttack+1","TheCursedMod:ReleasedKnowledge+1","TheCursedMod:RapidMovement"],"picked":"SKIP","floor":45},{"not_picked":["TheCursedMod:BlessingInDisguise","TheCursedMod:SpreadPlague+1","TheCursedMod:ForbiddenAlchemy"],"picked":"SKIP","floor":46},{"not_picked":["TheCursedMod:CursedBlade","TheCursedMod:Wield","TheCursedMod:Stigma"],"picked":"SKIP","floor":47},{"not_picked":["TheCursedMod:TroublousMinions","TheCursedMod:CursedShiv","TheCursedMod:Wield"],"picked":"SKIP","floor":54}],"player_experience":338312,"relics_obtained":[{"floor":6,"key":"Lizard Tail"},{"floor":8,"key":"Bronze Scales"},{"floor":9,"key":"The Courier"},{"floor":11,"key":"Mummified Hand"},{"floor":14,"key":"Boot"},{"floor":23,"key":"Orichalcum"},{"floor":26,"key":"Smiling Mask"},{"floor":27,"key":"War Paint"},{"floor":31,"key":"Pear"},{"floor":42,"key":"CeramicFish"},{"floor":44,"key":"InkBottle"},{"floor":46,"key":"Mercury Hourglass"},{"floor":54,"key":"Happy Flower"}],"event_choices":[{"damage_healed":0,"gold_gain":0,"player_choice":"Forge","damage_taken":0,"max_hp_gain":0,"max_hp_loss":0,"event_name":"Accursed Blacksmith","floor":3,"gold_loss":0,"cards_upgraded":["TheCursedMod:CleanUpWorkshop"]},{"damage_healed":0,"gold_gain":0,"cards_transformed":["TheCursedMod:Defend_TheCursed"],"player_choice":"Transformed","damage_taken":0,"max_hp_gain":0,"max_hp_loss":0,"event_name":"Transmorgrifier","floor":5,"gold_loss":0,"cards_obtained":["TheCursedMod:SpitefulStrike"]},{"cards_removed":["TheCursedMod:Strike_TheCursed"],"damage_healed":0,"gold_gain":0,"player_choice":"Offered Basic","damage_taken":0,"max_hp_gain":0,"max_hp_loss":0,"event_name":"Bonfire Elementals","floor":19,"gold_loss":0},{"damage_healed":0,"gold_gain":0,"player_choice":"Opened","damage_taken":0,"relics_obtained":["Centennial Puzzle"],"max_hp_gain":0,"max_hp_loss":0,"event_name":"The Mausoleum","floor":29,"gold_loss":0},{"damage_healed":0,"gold_gain":0,"player_choice":"Ignored","damage_taken":0,"max_hp_gain":0,"max_hp_loss":0,"event_name":"OrinTheCat","floor":37,"gold_loss":0},{"damage_healed":21,"gold_gain":0,"player_choice":"Writhe","damage_taken":0,"max_hp_gain":0,"max_hp_loss":0,"event_name":"Winding Halls","floor":38,"gold_loss":0,"cards_obtained":["Writhe"]}],"is_beta":false,"boss_relics":[{"not_picked":["Fusion Hammer","Runic Dome"],"picked":"Cursed Key"},{"not_picked":["Sozu","TheCursedMod:BlackMagicAdvanced"],"picked":"TheCursedMod:FourLeafCloverCharm"}],"items_purged_floors":[4,36],"is_endless":false,"potions_floor_spawned":[1,8,11,14,21,24,27,39,44,46,47],"ascension_level":0}}