{"host":"1a1fa2nogmb21qcw","time":1613620911,"event":{"mods":["AchievementEnabler","BaseMod","Better Match","Better Note","Better Sensory Stone","Better Vampires","Block Reminder","Bossed Relics","Colored Map","Colored Powertips","Curses Come First","Downfall","Gremlin Mod","Infinite Spire","Key Reminder","Minty Spire (QoL Compilation)","Potionbrewer","Quick Restart","Rare Cards Sparkle","Relic Stats","Reliquary","Remove Card Discount Mod","Replay The Spire","Shop Mod","StSLib","Swap Starting Deck Mod","The Cursed","The Disciple","The Marked","The Necromancer","The Servant 0.9.4"],"gold_per_floor":[114,114,129,144,159,186,186,216,241,221,221,221,221,251,251,355,355,376,399,399,249,270,272,272],"floor_reached":23,"language":"ENG","playtime":2339,"items_purged":["downfall:Haunted","downfall:Haunted","Strike_Br","Strike_Br","Strike_Br","Strike_Br","Defend_Br","Defend_Br","Defend_Br","Defend_Br"],"score":191,"play_id":"affaed6c-c5a2-4fef-89f9-a5a993508014","local_time":"20210217230151","daily_mods":["downfall:Improvised","ControlledChaos","Night Terrors"],"is_ascension_mode":false,"campfire_choices":[{"floor":7,"key":"REST"},{"floor":11,"key":"REST"},{"data":"sneckomod:UnknownUncommonSkill","floor":15,"key":"SMITH"}],"circlet_count":0,"master_deck":["SecondHand","PatternShift","sneckomod:UnknownCommonAttack","sneckomod:UnknownCommonAttack","sneckomod:UnknownCommonAttack","sneckomod:UnknownCommonSkill","sneckomod:UnknownCommonSkill","sneckomod:UnknownCommonSkill","sneckomod:UnknownUncommonAttack+1","sneckomod:UnknownUncommonSkill+1","sneckomod:UnknownUncommonPower","sneckomod:Unknown","BlueShift","WindUp","Moderato","LockedCalendar","LockedBlood+1"],"relics":["Chronometer","Frozen Eye","Darkstone Periapt","infinitespire:Midas Blood","Happy Flower","Tiny House","Pen Nib"],"acts_visited":["Exordium","TheCity"],"potions_floor_usage":[16,16,19,19],"damage_taken":[{"damage":0,"enemies":"Jaw Worm","floor":1,"turns":3},{"damage":2,"enemies":"2 Louse","floor":3,"turns":2},{"damage":4,"enemies":"Cultist","floor":4,"turns":4},{"damage":0,"enemies":"Large Slime","floor":5,"turns":5},{"damage":38,"enemies":"Exordium Wildlife","floor":6,"turns":7},{"damage":50,"enemies":"Gremlin Nob","floor":8,"turns":5},{"damage":32,"enemies":"Slime Boss","floor":16,"turns":9},{"damage":30,"enemies":"Chosen","floor":18,"turns":7},{"damage":12,"enemies":"Shell Parasite","floor":19,"turns":5},{"damage":21,"enemies":"Snake Plant","floor":22,"turns":5},{"damage":11,"enemies":"Nightmare","floor":23,"turns":1}],"seed_played":"-4060160915487772418","potions_obtained":[{"floor":1,"key":"potionbrewer:DiscountPotion"},{"floor":8,"key":"PowerPotion"},{"floor":16,"key":"Toxic Potion"},{"floor":18,"key":"Venom Potion"},{"floor":22,"key":"Reflective Coating"}],"is_trial":false,"path_per_floor":["M","?","M","M","M","M","R","E","T","$","R","$","?","?","R","B",null,"M","M","?","$","M","NM"],"character_chosen":"CHRONO_CLASS","items_purchased":["Pen Nib"],"campfire_rested":2,"item_purchase_floors":[21],"current_hp_per_floor":[65,77,75,71,71,33,72,22,22,22,67,67,67,67,67,35,67,37,25,25,25,10,0,0],"gold":272,"neow_bonus":"","is_daily":true,"chose_seed":false,"campfire_upgraded":1,"win_rate":0.0,"timestamp":1613620911,"path_taken":["M","?","M","M","M","M","R","E","T","$","R","$","?","?","R","BOSS","M","M","?","$","M","NM"],"items_purchased_type":["Relic"],"build_version":"2020-12-22","purchased_purges":10,"victory":false,"max_hp_per_floor":[65,77,77,77,77,77,72,72,72,72,67,67,67,67,67,67,67,67,67,67,67,67,67,67],"relic_stats":{"Darkstone Periapt":12,"Happy Flower":[9],"counters":[11,53],"Pen Nib":[1],"obtain_stats":[{"Darkstone Periapt":2,"Frozen Eye":0,"Tiny House":17,"Happy Flower":9,"Chronometer":0,"Pen Nib":21,"infinitespire:Midas Blood":8},{"Darkstone Periapt":1,"Frozen Eye":0,"Tiny House":7,"Happy Flower":6,"Chronometer":0,"Pen Nib":9,"infinitespire:Midas Blood":6},{"Darkstone Periapt":3,"Frozen Eye":0,"Tiny House":35,"Happy Flower":26,"Chronometer":0,"Pen Nib":47,"infinitespire:Midas Blood":26}]},"card_choices":[{"not_picked":["HandsUpB","ReapSow"],"picked":"BlueShift","floor":1},{"not_picked":["Engulf","CrunchTime","Echoward"],"picked":"SKIP","floor":3},{"not_picked":["FormalWear","LockedWarPaint","BlueShift"],"picked":"SKIP","floor":4},{"not_picked":["Backlash","ExoVibe"],"picked":"WindUp","floor":5},{"not_picked":["ReapSow","ResonantCall","LockedThread"],"picked":"SKIP","floor":6},{"not_picked":["BlueShift","Tempo","AlternateTimeline"],"picked":"SKIP","floor":8},{"not_picked":["OverTime","LockedFlame"],"picked":"LockedCalendar","floor":16},{"not_picked":["Facsimile","Engulf+1","LockedTurtyl"],"picked":"SKIP","floor":18},{"not_picked":["LockedMercury+1","LockedTornado"],"picked":"LockedBlood+1","floor":19},{"not_picked":["PrimeTime+1","LockedMedicine","Tempo"],"picked":"SKIP","floor":22}],"player_experience":871787,"relics_obtained":[{"floor":8,"key":"infinitespire:Midas Blood"},{"floor":9,"key":"Happy Flower"}],"event_choices":[{"damage_healed":0,"gold_gain":0,"player_choice":"Grow","damage_taken":0,"max_hp_gain":0,"max_hp_loss":0,"event_name":"Living Wall","floor":13,"gold_loss":0,"cards_upgraded":["sneckomod:UnknownUncommonAttack"]},{"damage_healed":0,"gold_gain":30,"player_choice":"Searched \u00272\u0027 times","damage_taken":0,"max_hp_gain":0,"max_hp_loss":0,"event_name":"Dead Adventurer","floor":14,"gold_loss":0},{"damage_healed":0,"gold_gain":0,"player_choice":"Became a vampire","damage_taken":0,"max_hp_gain":0,"max_hp_loss":0,"event_name":"Vampires","floor":20,"gold_loss":0,"cards_obtained":[]}],"is_beta":false,"boss_relics":[{"not_picked":["reliquary:RedPaperclip","Snecko Heart"],"picked":"Tiny House"}],"items_purged_floors":[10,10,10,10,10,10,10,10,10,10],"is_endless":false,"potions_floor_spawned":[1,8,16,18,22],"killed_by":"Nightmare","ascension_level":0}}