{"host":"e8hwgc5hwysw32tq","time":1613634547,"event":{"mods":["BaseMod","Minty Spire (QoL Compilation)","StSLib","Together in Spire"],"gold_per_floor":[115,40,40,57,76,76,103,178,201,217,117,134,168,180,180,283,283,303,303,303,29,41,73,85,123,135,147,172,199,211,241,253,370,382,408,436,448,460,472,515,544,590,627,639,668,280,280,291,291,291],"floor_reached":51,"language":"ENG","playtime":4143,"items_purged":["Defend_B","Strike_B","Strike_B","Defend_B"],"score":482,"play_id":"74884c37-10ca-423e-843d-aefc536ed226","local_time":"20210217234907","is_ascension_mode":false,"campfire_choices":[{"data":"Zap","floor":6.0,"key":"SMITH"},{"data":"Hologram","floor":15.0,"key":"SMITH"},{"data":"Go for the Eyes","floor":24.0,"key":"SMITH"},{"data":"Steam","floor":27.0,"key":"SMITH"},{"data":"Seek","floor":30.0,"key":"SMITH"},{"data":"Dualcast","floor":32.0,"key":"SMITH"},{"floor":44,"key":"REST"},{"data":"Steam","floor":47,"key":"SMITH"},{"data":"All For One","floor":49,"key":"SMITH"}],"circlet_count":0,"master_deck":["Strike_B","Strike_B","Defend_B+1","Zap+1","Dualcast+1","Chill","All For One+1","Beam Cell+1","Gash","Go for the Eyes+1","Gash","Hologram+1","Seek+1","Steam+1","Steam+1","All For One+1","Gash","Madness+1","Madness","BootSequence","Beam Cell+1"],"relics":["Cracked Core","Ancient Tea Set","Potion Belt","Bag of Marbles","SlaversCollar","Sling","MawBank","Tiny Chest","Mercury Hourglass","Black Star","Orichalcum","Lantern","Anchor","PreservedInsect","War Paint","Whetstone"],"acts_visited":[],"potions_floor_usage":[41,42,48,50,50,50],"damage_taken":[{"damage":0.0,"enemies":"2 Louse","floor":1.0,"turns":1.0},{"damage":0.0,"enemies":"Cultist","floor":4.0,"turns":2.0},{"damage":6.0,"enemies":"Jaw Worm","floor":5.0,"turns":2.0},{"damage":9.0,"enemies":"3 Sentries","floor":7.0,"turns":5.0},{"damage":6.0,"enemies":"3 Louse","floor":10.0,"turns":2.0},{"damage":0.0,"enemies":"Exordium Wildlife","floor":12.0,"turns":2.0},{"damage":0.0,"enemies":"Gremlin Nob","floor":13.0,"turns":2.0},{"damage":5.0,"enemies":"2 Fungi Beasts","floor":14.0,"turns":2.0},{"damage":9.0,"enemies":"Hexaghost","floor":16.0,"turns":4.0},{"damage":0.0,"enemies":"Shell Parasite","floor":18.0,"turns":3.0},{"damage":9.0,"enemies":"2 Thieves","floor":22.0,"turns":3.0},{"damage":3.0,"enemies":"Slavers","floor":23.0,"turns":4.0},{"damage":10.0,"enemies":"Book of Stabbing","floor":25.0,"turns":3.0},{"damage":0.0,"enemies":"Cultist and Chosen","floor":28.0,"turns":3.0},{"damage":3.0,"enemies":"Shelled Parasite and Fungi","floor":29.0,"turns":3.0},{"damage":0.0,"enemies":"Snecko","floor":31.0,"turns":3.0},{"damage":0.0,"enemies":"Collector","floor":33.0,"turns":5.0},{"damage":0.0,"enemies":"3 Shapes","floor":35.0,"turns":2.0},{"damage":0.0,"enemies":"3 Darklings","floor":36.0,"turns":3.0},{"damage":7,"enemies":"Giant Head","floor":40,"turns":4},{"damage":12,"enemies":"Sphere and 2 Shapes","floor":41,"turns":4},{"damage":8,"enemies":"Nemesis","floor":42,"turns":3},{"damage":0,"enemies":"Writhing Mass","floor":45,"turns":3},{"damage":0,"enemies":"4 Shapes","floor":48,"turns":2},{"damage":64,"enemies":"Time Eater","floor":50,"turns":8}],"seed_played":"718704687657020506","potions_obtained":[{"floor":1.0,"key":"Swift Potion"},{"floor":5.0,"key":"BlessingOfTheForge"},{"floor":7.0,"key":"FocusPotion"},{"floor":16.0,"key":"BlessingOfTheForge"},{"floor":18.0,"key":"FocusPotion"},{"floor":28.0,"key":"DuplicationPotion"},{"floor":31.0,"key":"SmokeBomb"},{"floor":36.0,"key":"SteroidPotion"},{"floor":40,"key":"Swift Potion"},{"floor":41,"key":"Fire Potion"},{"floor":45,"key":"DistilledChaos"}],"is_trial":false,"path_per_floor":["M","$","?","M","M","R","E","?","T","M","$","M","E","M","R","B",null,"M","?","?","$","M","E","R","E","T","R","M","M","R","M","R","B",null,"M","M","?","?","?","E","M","E","T","R","M","$","R","M","R","B",null],"character_chosen":"DEFECT","items_purchased":["Sling","Whetstone","Dexterity Potion","BlessingOfTheForge"],"campfire_rested":1,"item_purchase_floors":[21,46,46,46],"current_hp_per_floor":[82,82,82,82,76,76,67,56,56,50,50,50,50,45,45,36,82,82,82,82,82,73,70,70,60,60,60,60,57,57,57,57,57,82,82,82,82,82,72,65,53,45,45,69,69,69,69,69,69,5],"gold":291,"neow_bonus":"TEN_PERCENT_HP_BONUS","is_daily":false,"chose_seed":false,"campfire_upgraded":8,"win_rate":0.0,"timestamp":1613634547,"path_taken":["M","$","?","?","M","R","E","?","T","M","$","M","E","M","R","BOSS","M","?","?","?","M","E","R","E","T","R","M","M","R","M","R","BOSS","M","M","?","?","?","E","M","E","T","R","M","$","R","M","R","BOSS"],"items_purchased_type":["Relic","Relic","Potion","Potion"],"build_version":"2020-12-22","purchased_purges":4,"victory":true,"max_hp_per_floor":[82,82,82,82,82,82,82,82,82,82,82,82,82,82,82,82,82,82,82,82,82,82,82,82,82,82,82,82,82,82,82,82,82,82,82,82,82,82,82,82,82,82,82,82,82,82,82,82,82,82],"card_choices":[{"not_picked":["Tempest","Darkness"],"picked":"Chill","floor":1.0},{"not_picked":["Steam","Tempest"],"picked":"Beam Cell","floor":4.0},{"not_picked":["Stack","Compile Driver"],"picked":"Gash","floor":5.0},{"not_picked":["Barrage","Reboot"],"picked":"Go for the Eyes","floor":7.0},{"not_picked":["Tempest","Darkness","Chill"],"picked":"SKIP","floor":10.0},{"not_picked":["Cold Snap","Beam Cell"],"picked":"Steam","floor":12.0},{"not_picked":["Tempest","Cold Snap"],"picked":"Gash","floor":13.0},{"not_picked":["Chill","Barrage"],"picked":"Hologram","floor":14.0},{"not_picked":["Electrodynamics","Buffer"],"picked":"Seek","floor":16.0},{"not_picked":["Redo","Streamline+1","Rip and Tear"],"picked":"SKIP","floor":18.0},{"not_picked":["Glacier","Beam Cell","Sunder"],"picked":"SKIP","floor":22.0},{"not_picked":["Undo","Stack"],"picked":"Steam+1","floor":23.0},{"not_picked":["Rainbow","Coolheaded+1"],"picked":"Steam","floor":25.0},{"not_picked":["Auto Shields+1","Cold Snap+1","Blizzard+1"],"picked":"SKIP","floor":28.0},{"not_picked":["Static Discharge+1","Loop+1","Sweeping Beam"],"picked":"SKIP","floor":29.0},{"not_picked":["Consume+1","Glacier+1","Turbo"],"picked":"SKIP","floor":31.0},{"not_picked":["Electrodynamics","Meteor Strike"],"picked":"All For One","floor":33.0},{"not_picked":["Sweeping Beam+1","Conserve Battery"],"picked":"Gash","floor":35.0},{"not_picked":["Cold Snap","Double Energy","Hello World+1"],"picked":"SKIP","floor":36.0},{"not_picked":["Tempest+1","Electrodynamics","Chill+1"],"picked":"SKIP","floor":40},{"not_picked":["Doom and Gloom","Cold Snap","Turbo+1"],"picked":"SKIP","floor":41},{"not_picked":["Chill","Static Discharge+1"],"picked":"BootSequence","floor":42},{"not_picked":["Steam","Tempest+1"],"picked":"Beam Cell+1","floor":45},{"not_picked":["Conserve Battery","Chaos","Stack+1"],"picked":"SKIP","floor":48}],"player_experience":401280,"relics_obtained":[{"floor":7.0,"key":"Ancient Tea Set"},{"floor":9.0,"key":"Potion Belt"},{"floor":13.0,"key":"Bag of Marbles"},{"floor":23.0,"key":"MawBank"},{"floor":25.0,"key":"Tiny Chest"},{"floor":26.0,"key":"Mercury Hourglass"},{"floor":40,"key":"Orichalcum"},{"floor":40,"key":"Lantern"},{"floor":42,"key":"Anchor"},{"floor":42,"key":"PreservedInsect"},{"floor":43,"key":"War Paint"}],"event_choices":[{"damage_healed":0.0,"max_hp_gain":0.0,"max_hp_loss":0.0,"gold_gain":0.0,"event_name":"Match and Keep!","player_choice":"1 cards matched","floor":3.0,"gold_loss":0.0,"damage_taken":0.0,"cards_obtained":["All For One"]},{"damage_healed":0.0,"max_hp_gain":0.0,"max_hp_loss":0.0,"gold_gain":0.0,"event_name":"Match and Keep!","player_choice":"1 cards matched","floor":3.0,"gold_loss":0.0,"damage_taken":0.0,"cards_obtained":["All For One"]},{"damage_healed":0.0,"max_hp_gain":0.0,"max_hp_loss":0.0,"gold_gain":0.0,"event_name":"Match and Keep!","player_choice":"1 cards matched","floor":3.0,"gold_loss":0.0,"damage_taken":0.0,"cards_obtained":["All For One"]},{"damage_healed":0.0,"max_hp_gain":0.0,"max_hp_loss":0.0,"gold_gain":75.0,"event_name":"World of Goop","player_choice":"Gather Gold","floor":8.0,"gold_loss":0.0,"damage_taken":11.0},{"cards_removed":["Defend_B"],"damage_healed":0.0,"max_hp_gain":0.0,"max_hp_loss":0.0,"gold_gain":0.0,"event_name":"Back to Basics","player_choice":"Elegance","floor":19.0,"gold_loss":0.0,"damage_taken":0.0},{"damage_healed":0.0,"max_hp_gain":0.0,"max_hp_loss":0.0,"gold_gain":0.0,"event_name":"Vampires","player_choice":"Ignored","floor":20.0,"gold_loss":0.0,"damage_taken":0.0},{"cards_removed":["Steam"],"damage_healed":0.0,"max_hp_gain":0.0,"max_hp_loss":0.0,"gold_gain":0.0,"event_name":"Falling","player_choice":"Removed Skill","floor":37.0,"gold_loss":0.0,"damage_taken":0.0},{"damage_healed":0.0,"max_hp_gain":0.0,"max_hp_loss":0.0,"gold_gain":0.0,"event_name":"Mysterious Sphere","player_choice":"Ignored","floor":38.0,"gold_loss":0.0,"damage_taken":0.0},{"damage_healed":0.0,"max_hp_gain":0.0,"max_hp_loss":0.0,"gold_gain":0.0,"event_name":"Winding Halls","player_choice":"Embrace Madness","floor":39.0,"gold_loss":0.0,"damage_taken":10.0,"cards_obtained":["Madness","Madness"]}],"is_beta":false,"boss_relics":[{"not_picked":["Ectoplasm","Busted Crown"],"picked":"SlaversCollar"},{"not_picked":["SacredBark","Coffee Dripper"],"picked":"Black Star"}],"items_purged_floors":[2,11,21,46],"is_endless":false,"potions_floor_spawned":[1,5,7,16,18,28,31,36,40,41,45],"ascension_level":0}}