{"host":"6ggzka4dag2kvku2","time":1613654359,"event":{"mods":["AchievementEnabler","BaseMod","DeckTracker","Minty Spire (QoL Compilation)","Permanent Neow","Quick Restart","SuperFastMode"],"gold_per_floor":[113,126,145,95,3,31,46,46,46,62,237,237,262,187,187,285,285,298,298,298,316,330,330,330,341,341,35,35,35],"floor_reached":28,"language":"KOR","playtime":1099,"items_purged":["Doubt","Writhe"],"score":253,"play_id":"49cebd89-4cb5-4715-a2ec-1bfcc4454de2","local_time":"20210218221919","is_ascension_mode":false,"campfire_choices":[{"data":"Armaments","floor":12,"key":"SMITH"},{"data":"Battle Trance","floor":15,"key":"SMITH"},{"data":"Offering","floor":23,"key":"SMITH"}],"circlet_count":0,"master_deck":["Strike_R","Strike_R","Strike_R","Defend_R","Defend_R","Defend_R","Defend_R","Bash","Battle Trance+1","Headbutt","Armaments+1","Trip","Offering+1","Flame Barrier","Pommel Strike","Inflame","Demon Form","Spot Weakness","True Grit+1","Warcry+1","Bludgeon","Panacea","Heavy Blade"],"relics":["Burning Blood","Lantern","Pear","Singing Bowl","Bottled Flame","Bag of Preparation","Runic Cube","Regal Pillow","WingedGreaves","Centennial Puzzle"],"acts_visited":["Exordium","TheCity"],"potions_floor_usage":[13],"damage_taken":[{"damage":0,"enemies":"2 Louse","floor":1,"turns":2},{"damage":6,"enemies":"Jaw Worm","floor":2,"turns":2},{"damage":8,"enemies":"Small Slimes","floor":3,"turns":2},{"damage":44,"enemies":"Lagavulin","floor":6,"turns":6},{"damage":5,"enemies":"3 Louse","floor":7,"turns":3},{"damage":7,"enemies":"2 Fungi Beasts","floor":10,"turns":3},{"damage":6,"enemies":"3 Sentries","floor":13,"turns":6},{"damage":12,"enemies":"The Guardian","floor":16,"turns":12},{"damage":15,"enemies":"Shell Parasite","floor":18,"turns":6},{"damage":14,"enemies":"Chosen","floor":21,"turns":6},{"damage":15,"enemies":"Centurion and Healer","floor":22,"turns":7},{"damage":19,"enemies":"Snake Plant","floor":25,"turns":4},{"damage":56,"enemies":"Gremlin Leader","floor":28,"turns":4}],"seed_played":"-4071152418910010602","potions_obtained":[{"floor":7,"key":"CultistPotion"},{"floor":10,"key":"SkillPotion"},{"floor":22,"key":"EssenceOfSteel"},{"floor":25,"key":"Strength Potion"}],"is_trial":false,"path_per_floor":["M","M","M","?","$","E","M","?","T","M","?","R","E","$","R","B",null,"M","?","?","M","M","R","?","M","T","$","E"],"character_chosen":"IRONCLAD","items_purchased":["Trip","Centennial Puzzle","Heavy Blade"],"campfire_rested":0,"item_purchase_floors":[5,27,27],"current_hp_per_floor":[80,80,78,78,78,50,51,44,44,43,43,43,43,43,43,37,90,81,81,81,73,64,64,64,53,53,53,0,0],"gold":35,"neow_bonus":"RANDOM_COMMON_RELIC","is_daily":false,"chose_seed":false,"campfire_upgraded":3,"win_rate":0.0,"timestamp":1613654359,"path_taken":["M","M","M","?","$","E","M","?","T","M","?","R","E","$","R","BOSS","M","?","?","M","M","R","?","?","T","$","E"],"items_purchased_type":["Card","Relic","Card"],"build_version":"2020-12-22","purchased_purges":2,"victory":false,"max_hp_per_floor":[80,80,80,80,80,90,90,90,90,90,90,90,90,90,90,90,90,90,90,90,90,90,90,90,92,92,92,92,92],"card_choices":[{"not_picked":["Cleave","Perfected Strike"],"picked":"Battle Trance","floor":1},{"not_picked":["Thunderclap","Havoc"],"picked":"Headbutt","floor":2},{"not_picked":["Battle Trance","Bloodletting"],"picked":"Armaments","floor":3},{"not_picked":["Clash","Armaments"],"picked":"Offering","floor":6},{"not_picked":["Clothesline","Perfected Strike"],"picked":"Flame Barrier","floor":7},{"not_picked":["True Grit","Anger"],"picked":"Pommel Strike","floor":10},{"not_picked":["Double Tap","Flex"],"picked":"Inflame","floor":13},{"not_picked":["Impervious","Berserk"],"picked":"Demon Form","floor":16},{"not_picked":["Iron Wave","Pommel Strike+1"],"picked":"Spot Weakness","floor":18},{"not_picked":["Clothesline","Sever Soul"],"picked":"True Grit+1","floor":21},{"not_picked":["Iron Wave+1","Wild Strike"],"picked":"Warcry+1","floor":22},{"not_picked":["Dark Embrace","Iron Wave","Rage"],"picked":"Singing Bowl","floor":25}],"player_experience":69133,"relics_obtained":[{"floor":6,"key":"Pear"},{"floor":9,"key":"Bottled Flame"},{"floor":13,"key":"Bag of Preparation"},{"floor":26,"key":"WingedGreaves"}],"event_choices":[{"cards_removed":["Strike_R"],"damage_healed":0,"gold_gain":0,"player_choice":"Card Removal","damage_taken":0,"max_hp_gain":0,"max_hp_loss":0,"event_name":"The Cleric","floor":4,"gold_loss":50},{"damage_healed":0,"gold_gain":0,"player_choice":"Success","damage_taken":7,"relics_obtained":["Singing Bowl"],"max_hp_gain":0,"max_hp_loss":0,"event_name":"Scrap Ooze","floor":8,"gold_loss":0},{"damage_healed":0,"gold_gain":175,"player_choice":"AGREE","damage_taken":0,"max_hp_gain":0,"max_hp_loss":0,"event_name":"Liars Game","floor":11,"gold_loss":0,"cards_obtained":["Doubt"]},{"cards_removed":["Strike_R"],"damage_healed":0,"gold_gain":0,"player_choice":"Elegance","damage_taken":0,"max_hp_gain":0,"max_hp_loss":0,"event_name":"Back to Basics","floor":19,"gold_loss":0},{"damage_healed":0,"gold_gain":0,"player_choice":"Opened","damage_taken":0,"relics_obtained":["Regal Pillow"],"max_hp_gain":0,"max_hp_loss":0,"event_name":"The Mausoleum","floor":20,"gold_loss":0,"cards_obtained":["Writhe"]},{"damage_healed":0,"gold_gain":0,"player_choice":"2 cards matched","damage_taken":0,"max_hp_gain":0,"max_hp_loss":0,"event_name":"Match and Keep!","floor":24,"gold_loss":0,"cards_obtained":["Bludgeon","Panacea"]}],"is_beta":false,"boss_relics":[{"not_picked":["Velvet Choker","Black Star"],"picked":"Runic Cube"}],"items_purged_floors":[14,27],"is_endless":false,"potions_floor_spawned":[7,10,22,25],"killed_by":"Gremlin Leader","ascension_level":0}}