{"host":"5n1fl7z5i1vf7jan","time":1613637258,"event":{"mods":["BaseMod","Minty Spire (QoL Compilation)","Quick Restart","Relic Stats"],"gold_per_floor":[369,8,25,42,42,42,73,73,73,73,88,115,115,134,134,210,210,223,1,19,31,31,31,51,78,101,101,101,118,118,43,43,117,117,135,135,1,21,40,40,20,20,20,20,35,35,68,68,68],"floor_reached":48,"language":"ENG","playtime":2351,"items_purged":["Strike_R","Defend_R"],"score":1026,"play_id":"fa20465f-8e4e-453e-9c0e-f81db6a0cd73","local_time":"20210218003418","is_ascension_mode":true,"campfire_choices":[{"data":"Whirlwind","floor":6.0,"key":"SMITH"},{"data":"Bash","floor":8.0,"key":"SMITH"},{"data":"Fire Breathing","floor":10.0,"key":"SMITH"},{"data":"Disarm","floor":15.0,"key":"SMITH"},{"data":"Rupture","floor":23.0,"key":"SMITH"},{"floor":28.0,"key":"REST"},{"data":"Corruption","floor":30.0,"key":"SMITH"},{"floor":32.0,"key":"REST"},{"floor":40.0,"key":"REST"},{"data":"Demon Form","floor":42.0,"key":"SMITH"},{"data":"Feel No Pain","floor":44.0,"key":"SMITH"}],"circlet_count":0,"master_deck":["AscendersBane","Strike_R+1","Defend_R","Defend_R","Defend_R","Bash+1","Fire Breathing+1","Master of Strategy","Whirlwind+1","Carnage+1","Disarm+1","Headbutt","Ghostly Armor","Feel No Pain+1","Double Tap","True Grit","Rupture+1","Hemokinesis","Shrug It Off","Flame Barrier","True Grit+1","Corruption+1","Seeing Red","Demon Form+1","Offering","Combust","Shrug It Off","Bloodletting","Shockwave","Dual Wield+1","Blind","Limit Break"],"relics":["Burning Blood","Membership Card","Turnip","FossilizedHelix","Whetstone","Sozu","Vajra","Bag of Preparation","Darkstone Periapt","MealTicket","Runic Cube","Dream Catcher","Bronze Scales"],"acts_visited":["Exordium","TheCity","TheBeyond"],"potions_floor_usage":[],"damage_taken":[{"damage":3.0,"enemies":"Small Slimes","floor":1.0,"turns":4.0},{"damage":2.0,"enemies":"Cultist","floor":3.0,"turns":4.0},{"damage":4.0,"enemies":"Jaw Worm","floor":4.0,"turns":3.0},{"damage":8.0,"enemies":"Gremlin Nob","floor":7.0,"turns":3.0},{"damage":0.0,"enemies":"Exordium Wildlife","floor":11.0,"turns":3.0},{"damage":14.0,"enemies":"3 Sentries","floor":12.0,"turns":3.0},{"damage":0.0,"enemies":"Red Slaver","floor":14.0,"turns":3.0},{"damage":29.0,"enemies":"Hexaghost","floor":16.0,"turns":10.0},{"damage":0.0,"enemies":"2 Thieves","floor":18.0,"turns":4.0},{"damage":2.0,"enemies":"Chosen","floor":20.0,"turns":3.0},{"damage":29.0,"enemies":"Centurion and Healer","floor":21.0,"turns":5.0},{"damage":6.0,"enemies":"3 Cultists","floor":24.0,"turns":4.0},{"damage":38.0,"enemies":"Book of Stabbing","floor":25.0,"turns":8.0},{"damage":1.0,"enemies":"Sentry and Sphere","floor":29.0,"turns":6.0},{"damage":71.0,"enemies":"Champ","floor":33.0,"turns":15.0},{"damage":40.0,"enemies":"3 Darklings","floor":35.0,"turns":6.0},{"damage":1.0,"enemies":"Orb Walker","floor":38.0,"turns":3.0},{"damage":26.0,"enemies":"4 Shapes","floor":39.0,"turns":6.0},{"damage":5.0,"enemies":"Maw","floor":45.0,"turns":7.0},{"damage":38.0,"enemies":"Giant Head","floor":47.0,"turns":5.0},{"damage":31,"enemies":"Spire Growth","floor":48,"turns":4}],"seed_played":"-9078180700900783051","potions_obtained":[{"floor":1.0,"key":"ElixirPotion"},{"floor":11.0,"key":"EntropicBrew"},{"floor":16.0,"key":"Weak Potion"}],"is_trial":false,"path_per_floor":["M","$","M","M","?","R","E","R","T","R","M","E","?","M","R","B",null,"M","$","M","M","?","R","M","E","T","?","R","M","R","?","R","B",null,"M","?","$","M","M","R","$","R","T","R","M","?","E","M"],"character_chosen":"IRONCLAD","items_purchased":["Membership Card","Fire Potion","Explosive Potion","Master of Strategy","Whirlwind","Vajra","Rupture","Hemokinesis","Shrug It Off","Offering","Combust","Shockwave"],"campfire_rested":3,"item_purchase_floors":[2,2,2,2,2,19,19,19,19,37,37,41],"current_hp_per_floor":[68,68,68,68,68,68,66,66,66,66,68,60,60,66,66,43,62,68,68,68,45,45,45,45,13,13,13,33,38,38,38,58,24,57,23,23,38,43,23,43,58,58,58,58,59,59,27,0,0],"gold":68,"neow_bonus":"TWO_FIFTY_GOLD","is_daily":false,"chose_seed":false,"campfire_upgraded":8,"win_rate":0.0,"timestamp":1613637258,"path_taken":["M","$","M","M","?","R","E","R","T","R","?","E","?","M","R","BOSS","M","$","M","M","?","R","?","E","T","?","R","M","R","?","R","BOSS","M","?","?","M","?","R","$","R","T","R","M","?","E","M"],"items_purchased_type":["Relic","Potion","Potion","Card","Card","Relic","Card","Card","Card","Card","Card","Card"],"build_version":"2020-12-22","purchased_purges":2,"victory":false,"max_hp_per_floor":[68,68,68,68,68,68,68,68,68,68,68,68,68,68,68,68,68,68,68,68,68,68,68,68,68,68,68,68,68,68,68,68,68,68,68,68,68,68,68,68,68,68,68,68,68,68,68,68,68],"relic_stats":{"Sozu":5,"Darkstone Periapt":0,"Dream Catcher":0,"counters":[21,109],"Bronze Scales":[6],"MealTicket":30,"Turnip":[16],"Bag of Preparation":[20],"Whetstone":["Carnage","Strike_R"],"obtain_stats":[{"Darkstone Periapt":25,"Vajra":19,"Bag of Preparation":22,"Whetstone":12,"Burning Blood":0,"Sozu":17,"Dream Catcher":43,"Bronze Scales":47,"MealTicket":26,"Turnip":7,"Membership Card":2,"FossilizedHelix":9,"Runic Cube":34},{"Darkstone Periapt":13,"Vajra":9,"Bag of Preparation":11,"Whetstone":6,"Burning Blood":0,"Sozu":8,"Dream Catcher":18,"Bronze Scales":20,"MealTicket":13,"Turnip":4,"Membership Card":1,"FossilizedHelix":4,"Runic Cube":15},{"Darkstone Periapt":57,"Vajra":37,"Bag of Preparation":45,"Whetstone":20,"Burning Blood":0,"Sozu":33,"Dream Catcher":93,"Bronze Scales":105,"MealTicket":57,"Turnip":14,"Membership Card":4,"FossilizedHelix":14,"Runic Cube":78}],"Burning Blood":103,"Runic Cube":[25]},"card_choices":[{"not_picked":["Clash","Havoc"],"picked":"Fire Breathing","floor":1.0},{"not_picked":["Havoc","Heavy Blade"],"picked":"Carnage","floor":3.0},{"not_picked":["Pommel Strike","Limit Break"],"picked":"Disarm","floor":4.0},{"not_picked":["Flex","Havoc","Searing Blow"],"picked":"SKIP","floor":7.0},{"not_picked":["Entrench","Anger"],"picked":"Headbutt","floor":11.0},{"not_picked":["Havoc","Impervious"],"picked":"Ghostly Armor","floor":12.0},{"not_picked":["Flex","Headbutt"],"picked":"Feel No Pain","floor":14.0},{"not_picked":["Immolate","Barricade"],"picked":"Double Tap","floor":16.0},{"not_picked":["Feel No Pain","Twin Strike"],"picked":"True Grit","floor":18.0},{"not_picked":["Flex","Twin Strike","Headbutt"],"picked":"SKIP","floor":20.0},{"not_picked":["Havoc","Cleave"],"picked":"Flame Barrier","floor":21.0},{"not_picked":["Sword Boomerang+1","Clash"],"picked":"True Grit+1","floor":24.0},{"not_picked":["Intimidate","Clothesline","Evolve"],"picked":"SKIP","floor":25.0},{"not_picked":["Headbutt","Cleave"],"picked":"Seeing Red","floor":29.0},{"not_picked":["Barricade","Double Tap"],"picked":"Demon Form","floor":33.0},{"not_picked":["Warcry","Blood for Blood+1","Armaments"],"picked":"SKIP","floor":35.0},{"not_picked":["Heavy Blade","Clothesline"],"picked":"Shrug It Off","floor":38.0},{"not_picked":["Seeing Red","Evolve"],"picked":"Bloodletting","floor":39.0},{"not_picked":["Burning Pact","Hemokinesis"],"picked":"Dual Wield+1","floor":45.0},{"not_picked":["PanicButton","Panacea"],"picked":"Blind","floor":46.0},{"not_picked":["Sword Boomerang","Pummel+1"],"picked":"Limit Break","floor":47.0}],"player_experience":352544,"relics_obtained":[{"floor":7.0,"key":"Turnip"},{"floor":9.0,"key":"FossilizedHelix"},{"floor":12.0,"key":"Whetstone"},{"floor":25.0,"key":"Darkstone Periapt"},{"floor":26.0,"key":"MealTicket"},{"floor":43.0,"key":"Dream Catcher"},{"floor":47.0,"key":"Bronze Scales"}],"event_choices":[{"cards_removed":["Strike_R"],"damage_healed":0.0,"max_hp_gain":0.0,"max_hp_loss":0.0,"gold_gain":0.0,"event_name":"Bonfire Elementals","player_choice":"Offered Basic","floor":5.0,"gold_loss":0.0,"damage_taken":0.0},{"damage_healed":0.0,"max_hp_gain":0.0,"max_hp_loss":0.0,"gold_gain":0.0,"event_name":"Liars Game","player_choice":"Ignored","floor":13.0,"gold_loss":0.0,"damage_taken":0.0},{"damage_healed":0.0,"max_hp_gain":0.0,"max_hp_loss":0.0,"gold_gain":0.0,"event_name":"WeMeetAgain","player_choice":"Gave Potion","floor":22.0,"gold_loss":0.0,"damage_taken":0.0,"relics_obtained":["Bag of Preparation"]},{"damage_healed":0.0,"max_hp_gain":0.0,"max_hp_loss":0.0,"gold_gain":0.0,"event_name":"The Library","player_choice":"Read","floor":27.0,"gold_loss":0.0,"damage_taken":0.0,"cards_obtained":["Corruption"]},{"cards_removed":["Strike_R"],"damage_healed":0.0,"max_hp_gain":0.0,"max_hp_loss":0.0,"gold_gain":0.0,"event_name":"Beggar","player_choice":"Gave Gold","floor":31.0,"gold_loss":75.0,"damage_taken":0.0},{"cards_removed":["Strike_R"],"damage_healed":0.0,"max_hp_gain":0.0,"max_hp_loss":0.0,"gold_gain":0.0,"event_name":"Purifier","player_choice":"Purged","floor":36.0,"gold_loss":0.0,"damage_taken":0.0},{"damage_healed":0.0,"max_hp_gain":0.0,"max_hp_loss":0.0,"gold_gain":0.0,"event_name":"SensoryStone","player_choice":"Memory 1","floor":46.0,"gold_loss":0.0,"damage_taken":0.0}],"is_beta":false,"boss_relics":[{"not_picked":["Empty Cage","Coffee Dripper"],"picked":"Sozu"},{"not_picked":["SlaversCollar","Calling Bell"],"picked":"Runic Cube"}],"items_purged_floors":[19,37],"is_endless":false,"potions_floor_spawned":[1,3,11,16,20,29,35,38,47],"killed_by":"Spire Growth","ascension_level":20}}