{"host":"t9zjxed0utvsfjwc","time":1613627671,"event":{"mods":["2.2 Compatiblity","Act Like it!","Aspiration","BaseMod","Better Altar","Better Match","Better Note","Better Sensory Stone","Better Skull","Better Third Choice","Block Reminder","Colored Map","Colored Powertips","Conspire","Defuse TimeMaze Blight","Energized Spire","GifTheSpireLib","Hermit","Highlight Path","Hubris","Infinite Spire","Marked Mod","Minty Spire (QoL Compilation)","Quick Restart","Rare Cards Sparkle","Relic Sorter","Relic Stats","Reliquary","Replay The Spire","Ruina","StSLib","Stuff the Spire","The Blue Laboratory","The Jungle","The Marked","Unceasing Turn Reminder","Wandering Minibosses","everything is the same but u backflip on backflip"],"gold_per_floor":[112,112,112,128,145,172,29,29,106,106,106,106],"floor_reached":11,"language":"ENG","playtime":274,"items_purged":[],"score":75,"play_id":"c18e151b-3e33-42ab-8a46-3bb7dfe94a00","local_time":"20210218055431","is_ascension_mode":true,"campfire_choices":[{"data":"hermit:HighNoon","floor":10,"key":"SMITH"}],"circlet_count":0,"master_deck":["hermit:Strike_Hermit","hermit:Strike_Hermit","hermit:Strike_Hermit","hermit:Strike_Hermit","hermit:Defend_Hermit","hermit:Defend_Hermit","hermit:Defend_Hermit","hermit:Defend_Hermit","hermit:Snapshot","hermit:Combo","hermit:HighNoon+1","Burn"],"relics":["hermit:Momento","NeowsBlessing","aspiration:BabyByrd","CaptainsWheel","aspiration:Nostalgia","PureWater","Gremlin Horn"],"acts_visited":["Exordium"],"potions_floor_usage":[6,11],"damage_taken":[{"damage":0,"enemies":"2 Louse","floor":1,"turns":1},{"damage":0,"enemies":"Cultist","floor":4,"turns":1},{"damage":0,"enemies":"Jaw Worm","floor":5,"turns":1},{"damage":36,"enemies":"3 Sentries","floor":6,"turns":10},{"damage":48,"enemies":"Gremlin Nob","floor":11,"turns":4}],"seed_played":"-2123673154460830878","potions_obtained":[{"floor":4,"key":"blueLaboratory:BottledHope"},{"floor":6,"key":"blueLaboratory:RememoryPotion"}],"is_trial":false,"path_per_floor":["M","?","?","M","M","E","$","?","T","R","E"],"character_chosen":"HERMIT","items_purchased":["aspiration:Nostalgia"],"campfire_rested":0,"item_purchase_floors":[7],"current_hp_per_floor":[75,75,75,75,75,39,39,39,39,39,0,0],"gold":106,"neow_bonus":"THREE_ENEMY_KILL","is_daily":false,"chose_seed":false,"campfire_upgraded":1,"win_rate":0.0,"timestamp":1613627671,"path_taken":["M","?","?","M","?","E","$","?","T","R","E"],"items_purchased_type":["Relic"],"build_version":"2020-12-22","purchased_purges":0,"victory":false,"max_hp_per_floor":[75,75,75,75,75,75,75,75,75,75,75,75],"relic_stats":{"Gremlin Horn":[0,0],"counters":[5,17],"obtain_stats":[{"CaptainsWheel":6,"NeowsBlessing":0,"Gremlin Horn":9,"aspiration:BabyByrd":2,"aspiration:Nostalgia":7,"PureWater":7,"hermit:Momento":0},{"CaptainsWheel":4,"NeowsBlessing":0,"Gremlin Horn":4,"aspiration:BabyByrd":1,"aspiration:Nostalgia":4,"PureWater":4,"hermit:Momento":0},{"CaptainsWheel":13,"NeowsBlessing":0,"Gremlin Horn":13,"aspiration:BabyByrd":1,"aspiration:Nostalgia":13,"PureWater":13,"hermit:Momento":0}]},"card_choices":[{"not_picked":["hermit:Vantage","hermit:Shortfuse","hermit:Quickdraw"],"picked":"SKIP","floor":1},{"not_picked":["hermit:WideOpen","hermit:Coalescence","hermit:Dive"],"picked":"SKIP","floor":4},{"not_picked":["hermit:SprayPray","hermit:Feint"],"picked":"hermit:HighNoon","floor":5},{"not_picked":["hermit:LuckOfTheDraw","hermit:DeadOrAlive","hermit:Desperado"],"picked":"SKIP","floor":6}],"player_experience":489047,"relics_obtained":[{"floor":6,"key":"CaptainsWheel"},{"floor":9,"key":"Gremlin Horn"}],"event_choices":[{"damage_healed":0,"gold_gain":0,"cards_transformed":["hermit:Covet"],"player_choice":"Transformed","damage_taken":0,"max_hp_gain":0,"max_hp_loss":0,"event_name":"Transmorgrifier","floor":3,"gold_loss":0,"cards_obtained":["hermit:Combo"]},{"damage_healed":39,"gold_gain":0,"player_choice":"Embrace Burn","damage_taken":0,"max_hp_gain":0,"max_hp_loss":75,"event_name":"betterThird:BetterShining","floor":8,"gold_loss":0}],"is_beta":false,"boss_relics":[],"items_purged_floors":[],"is_endless":false,"potions_floor_spawned":[4,6],"killed_by":"Gremlin Nob","ascension_level":1}}