{"host":"mxox80e574zusnt5","time":1613627884,"event":{"mods":["AchievementEnabler","Act Like it!","BaseMod","Better Match","CapriCore","Challenge The Spire","Energized Spire","Friendly Minions","Gensokyo","GifTheSpireLib","HexUI Lib","Infinite Spire","Minty Spire (QoL Compilation)","Pale of the Ancients","Quick Restart","Reliquary","Replay The Spire","Spire Arcade","StSLib","The Clintock","The Construct","The Elementalist","The Marked","The Servant 0.9.4","The Trickster","TheVacant"],"gold_per_floor":[110,129,143,211,235,270,195,224,274,299,318,337,337,387,387,483,483,503,226,245,259,279,279,279],"floor_reached":23,"language":"ENG","playtime":1894,"items_purged":[],"score":213,"play_id":"41a87bce-9c14-4f7c-a1f7-0238f6677e32","local_time":"20210217235804","is_ascension_mode":false,"campfire_choices":[{"floor":13,"key":"REST"},{"data":"theMarked:EmpowerWeapon","floor":15,"key":"SMITH"}],"circlet_count":0,"master_deck":["theMarked:Strike","theMarked:Strike","theMarked:Strike","theMarked:Strike","theMarked:Strike","theMarked:Defend","theMarked:Defend","theMarked:Defend","theMarked:Defend","theMarked:SoldierOfQuellstein","theMarked:ShockingTouch","theMarked:ResourceFulStrike","ReplayTheSpireMod:Splinters","theMarked:BanishingStrike","theMarked:Vacuum","theMarked:Memento+1","theMarked:Seal","theMarked:ElectricStrings","theMarked:MysticalArsenal","theMarked:EmpowerWeapon+1","theMarked:ElectricStrings","theMarked:BindingBlade","Panache","Master of Strategy","Replay:Dark Deal","theMarked:EmpowerWeapon","theMarked:Parry","theMarked:ParalyzingBlade"],"relics":["theMarked:ArtifactOfAir","NeowsBlessing","reliquary:ExpiredCoupon","Bronze Scales","reliquary:SharkskinSheath","Dream Catcher","reliquary:Stiletto","reliquary:WeakTea","ReplayTheSpireMod:ShopPack","Blood Vial"],"acts_visited":["Gensokyo:Gensokyo","Gensokyo:Gensokyoer"],"potions_floor_usage":[8,16,16,22,23],"damage_taken":[{"damage":0,"enemies":"Gensokyo:3_Fairies","floor":1,"turns":2},{"damage":0,"enemies":"Gensokyo:2_Kodama","floor":2,"turns":1},{"damage":0,"enemies":"Gensokyo:Python","floor":3,"turns":1},{"damage":16,"enemies":"Gensokyo:Cirno","floor":6,"turns":4},{"damage":6,"enemies":"Gensokyo:Aya","floor":8,"turns":4},{"damage":30,"enemies":"Gensokyo:Cirno","floor":10,"turns":5},{"damage":0,"enemies":"Gensokyo:5_Fairies","floor":11,"turns":3},{"damage":8,"enemies":"Gensokyo:CorruptedTreant","floor":12,"turns":2},{"damage":32,"enemies":"Gensokyo:Reimu","floor":16,"turns":5},{"damage":18,"enemies":"Gensokyo:Chomper","floor":18,"turns":3},{"damage":2,"enemies":"Gensokyo:CosmicMonolith","floor":20,"turns":4},{"damage":20,"enemies":"Gensokyo:Mirror_and_Dog","floor":21,"turns":3},{"damage":28,"enemies":"Gensokyo:Monolith_and_Dog","floor":22,"turns":5},{"damage":10,"enemies":"Nightmare","floor":23,"turns":4}],"seed_played":"-2646822858611353553","potions_obtained":[{"floor":1,"key":"Regen Potion"},{"floor":3,"key":"Fire Potion"},{"floor":4,"key":"PowerPotion"},{"floor":4,"key":"Adrenaline Potion"},{"floor":20,"key":"theMarked:ChargePotion"},{"floor":21,"key":"SkillPotion"},{"floor":22,"key":"Block Potion"}],"is_trial":false,"path_per_floor":["M","M","M","?","T","E","?","E","T","E","M","M","R","?","R","B",null,"M","$","M","M","M","NM"],"character_chosen":"THE_DEFAULT","items_purchased":["ReplayTheSpireMod:ShopPack","Blood Vial"],"campfire_rested":1,"item_purchase_floors":[19,19],"current_hp_per_floor":[70,70,70,70,70,54,54,48,48,18,18,10,31,31,31,4,70,52,52,52,34,8,0,0],"gold":279,"neow_bonus":"THREE_ENEMY_KILL","is_daily":false,"chose_seed":false,"campfire_upgraded":1,"win_rate":0.0,"timestamp":1613627884,"path_taken":["M","M","M","?","?","E","?","E","T","E","?","M","R","?","R","BOSS","M","$","M","M","M","NM"],"items_purchased_type":["Relic","Relic"],"build_version":"2020-12-22","purchased_purges":0,"victory":false,"max_hp_per_floor":[70,70,70,70,70,70,70,70,70,70,70,70,70,70,70,70,70,70,70,70,70,70,70,70],"card_choices":[{"not_picked":["theMarked:TakeCover","theMarked:SwordAndMagic"],"picked":"theMarked:ShockingTouch","floor":1},{"not_picked":["theMarked:WastefulAttack","theMarked:RepellingDischarge","theMarked:Overcharge"],"picked":"SKIP","floor":2},{"not_picked":["theMarked:Frustration","theMarked:Aftermath"],"picked":"theMarked:ResourceFulStrike","floor":3},{"not_picked":["theMarked:HeightenedSenses","theMarked:KeepCalmAndFight"],"picked":"theMarked:BanishingStrike","floor":4},{"not_picked":["theMarked:ParalyzingBlade","theMarked:BanishingStrike"],"picked":"theMarked:Vacuum","floor":6},{"not_picked":["theMarked:ChainLightning+1","theMarked:Parkour+1"],"picked":"theMarked:Memento+1","floor":7},{"not_picked":["theMarked:Indomitable","theMarked:RogueSparks"],"picked":"theMarked:Seal","floor":8},{"not_picked":["theMarked:EmpowerWeapon","theMarked:Improvise"],"picked":"theMarked:ElectricStrings","floor":10},{"not_picked":["theMarked:TwofoldDefense","theMarked:Memento"],"picked":"theMarked:MysticalArsenal","floor":11},{"not_picked":["theMarked:Friction","theMarked:Indomitable"],"picked":"theMarked:EmpowerWeapon","floor":12},{"not_picked":["theMarked:Improvise","theMarked:Static"],"picked":"theMarked:ElectricStrings","floor":13},{"not_picked":["theMarked:DispelDoubt","theMarked:TakeOffHeels"],"picked":"theMarked:BindingBlade","floor":16},{"not_picked":["theMarked:TheMission+1","theMarked:Memento","theMarked:Panic"],"picked":"SKIP","floor":18},{"not_picked":["Metamorphosis","Master of Strategy"],"picked":"Panache","floor":19},{"not_picked":["Good Instincts","ReplayTheSpireMod:Trickstab"],"picked":"Master of Strategy","floor":19},{"not_picked":["Swift Strike","ReplayUltimateDefense"],"picked":"Replay:Dark Deal","floor":19},{"not_picked":["theMarked:Memento+1","theMarked:SwordAndMagic"],"picked":"theMarked:EmpowerWeapon","floor":20},{"not_picked":["theMarked:SwordAndMagic","theMarked:TwofoldDefense"],"picked":"theMarked:Parry","floor":21},{"not_picked":["theMarked:WastefulAttack+1","theMarked:TwofoldDefense"],"picked":"theMarked:ParalyzingBlade","floor":22}],"player_experience":961068,"relics_obtained":[{"floor":4,"key":"reliquary:ExpiredCoupon"},{"floor":5,"key":"Bronze Scales"},{"floor":6,"key":"reliquary:SharkskinSheath"},{"floor":8,"key":"Dream Catcher"},{"floor":9,"key":"reliquary:Stiletto"},{"floor":10,"key":"reliquary:WeakTea"}],"event_choices":[{"damage_healed":0,"gold_gain":0,"player_choice":"2","damage_taken":0,"max_hp_gain":0,"max_hp_loss":0,"event_name":"betterMatch:BetterMatch","floor":7,"gold_loss":0,"cards_obtained":["betterMatch:CommonCard"]}],"is_beta":false,"boss_relics":[{"not_picked":["Painkiller Herb","Fusion Hammer","energizedSpire:CursedPentagram"]}],"items_purged_floors":[],"is_endless":false,"potions_floor_spawned":[1,3,6,20,21,22],"killed_by":"Nightmare","ascension_level":0}}