{"host":"t9zjxed0utvsfjwc","time":1613625036,"event":{"mods":["2.2 Compatiblity","Act Like it!","Aspiration","BaseMod","Better Altar","Better Match","Better Note","Better Sensory Stone","Better Skull","Better Third Choice","Block Reminder","Colored Map","Colored Powertips","Conspire","Defuse TimeMaze Blight","Energized Spire","GifTheSpireLib","Hermit","Highlight Path","Hubris","Infinite Spire","Marked Mod","Minty Spire (QoL Compilation)","Quick Restart","Rare Cards Sparkle","Relic Sorter","Relic Stats","Reliquary","Replay The Spire","Ruina","StSLib","Stuff the Spire","The Blue Laboratory","The Jungle","The Marked","Unceasing Turn Reminder","Wandering Minibosses","everything is the same but u backflip on backflip"],"gold_per_floor":[113,132,143,143,143,143,159,184,184,198,198,123,123,142,142,241,191,211,211,71,71,60,60,98,163,213,238,238,238,259,259],"floor_reached":30,"language":"ENG","playtime":1461,"items_purged":["Normality"],"score":263,"play_id":"49d48b92-d41c-4807-af50-929bf0be5257","local_time":"20210218051036","is_ascension_mode":true,"campfire_choices":[{"floor":6,"key":"RECALL"},{"floor":13,"key":"REST"},{"floor":15,"key":"DIG"},{"data":"ReplayTheSpireMod:Faulty Equipment","floor":23,"key":"SMITH"},{"data":"hermit:Quickdraw","floor":28,"key":"SMITH"}],"circlet_count":0,"master_deck":["hermit:Strike_Hermit","hermit:Strike_Hermit","hermit:Strike_Hermit","hermit:Defend_Hermit","hermit:Defend_Hermit","hermit:Defend_Hermit","hermit:Defend_Hermit","hermit:Snapshot","hermit:Covet","hermit:Strike_Hermit","StuffTheSpire:Recharge","StuffTheSpire:FreeRealEstate"],"relics":["hubris:VirtuousBlindfold","hubris:Icosahedron","FaceOfCleric","Pet Ghost","Shuriken","PrismaticShard","hubris:FunFungus","energizedSpire:HugeHouse","theJungle:BirthdayCakeSlice","ReplayTheSpireMod:CursedCoin","White Beast Statue","Replay:Rubber Ducky"],"acts_visited":["Exordium","Exordium"],"potions_floor_usage":[8,16,16,24,25],"damage_taken":[{"damage":2,"enemies":"2 Louse","floor":1,"turns":2},{"damage":0,"enemies":"Cultist","floor":2,"turns":3},{"damage":1,"enemies":"Jaw Worm","floor":3,"turns":3},{"damage":15,"enemies":"Exordium Wildlife","floor":7,"turns":5},{"damage":22,"enemies":"Lagavulin","floor":8,"turns":7},{"damage":0,"enemies":"Exordium Thugs","floor":10,"turns":4},{"damage":2,"enemies":"Large Slime","floor":14,"turns":4},{"damage":15,"enemies":"Fading Forest","floor":16,"turns":11},{"damage":3,"enemies":"Shell Parasite","floor":18,"turns":5},{"damage":7,"enemies":"theJungle:MUSHROOMGANG","floor":22,"turns":7},{"damage":15,"enemies":"theJungle:JungleHuntersEncounter","floor":24,"turns":6},{"damage":41,"enemies":"theJungle:2_Phrogs","floor":25,"turns":7},{"damage":49,"enemies":"theJungle:SlimyTreeVines","floor":27,"turns":13},{"damage":35,"enemies":"theJungle:Cassacara","floor":30,"turns":5}],"seed_played":"-8114787708329625712","potions_obtained":[{"floor":1,"key":"Weak Potion"},{"floor":7,"key":"Weak Potion"},{"floor":14,"key":"EssenceOfSteel"},{"floor":16,"key":"Swift Potion"},{"floor":18,"key":"SpeedPotion"},{"floor":24,"key":"Fire Potion"},{"floor":27,"key":"blueLaboratory:ArtificerPotion"}],"is_trial":false,"path_per_floor":["M","M","M","?","$","R","M","E","T","M","?","$","R","M","R_BF","B",null,"M","?","$","?","M","R","M","E","T","M","R","?","E"],"character_chosen":"HERMIT","items_purchased":["ReplayTheSpireMod:CursedCoin","StuffTheSpire:Recharge","StuffTheSpire:FreeRealEstate"],"campfire_rested":1,"item_purchase_floors":[20,20,20],"current_hp_per_floor":[73,73,72,72,72,72,58,37,37,38,38,38,61,60,60,50,75,76,81,81,81,82,82,80,48,48,32,32,22,0,0],"gold":259,"neow_bonus":"BOSS_RELIC","is_daily":false,"chose_seed":false,"campfire_upgraded":2,"win_rate":0.0,"timestamp":1613625036,"path_taken":["M","M","M","?","$","R","M","E","T","?","?","$","R","M","R_BF","BOSS","M","?","$","?","M","R","M","E","T","M","R","?","E"],"items_purchased_type":["Relic","Card","Card"],"build_version":"2020-12-22","purchased_purges":1,"victory":false,"max_hp_per_floor":[75,75,75,75,75,75,76,77,77,78,78,78,78,79,79,80,75,76,81,81,81,82,82,83,84,84,85,85,85,85,85],"relic_stats":{"FaceOfCleric":10,"counters":[14,82],"Shuriken":[32],"obtain_stats":[{"ReplayTheSpireMod:CursedCoin":20,"hubris:VirtuousBlindfold":0,"PrismaticShard":11,"Pet Ghost":8,"White Beast Statue":25,"Replay:Rubber Ducky":26,"hubris:Icosahedron":21,"FaceOfCleric":4,"Shuriken":9,"theJungle:BirthdayCakeSlice":19,"hubris:FunFungus":15,"energizedSpire:HugeHouse":17,"hermit:Momento":0},{"ReplayTheSpireMod:CursedCoin":9,"hubris:VirtuousBlindfold":0,"PrismaticShard":6,"Pet Ghost":5,"White Beast Statue":12,"Replay:Rubber Ducky":12,"hubris:Icosahedron":9,"FaceOfCleric":3,"Shuriken":5,"theJungle:BirthdayCakeSlice":9,"hubris:FunFungus":7,"energizedSpire:HugeHouse":8,"hermit:Momento":0},{"ReplayTheSpireMod:CursedCoin":44,"hubris:VirtuousBlindfold":0,"PrismaticShard":24,"Pet Ghost":20,"White Beast Statue":64,"Replay:Rubber Ducky":64,"hubris:Icosahedron":44,"FaceOfCleric":8,"Shuriken":20,"theJungle:BirthdayCakeSlice":44,"hubris:FunFungus":28,"energizedSpire:HugeHouse":39,"hermit:Momento":0}]},"card_choices":[{"not_picked":["hermit:TrackingShot","hermit:Headshot","hermit:Spite"],"picked":"SKIP","floor":1},{"not_picked":["hermit:Scavenge","hermit:Coalescence","hermit:Desperado"],"picked":"SKIP","floor":2},{"not_picked":["hermit:BodyArmor","hermit:TrackingShot","hermit:Dive"],"picked":"SKIP","floor":3},{"not_picked":["hermit:HighCaliber","hermit:HoleUp","hermit:GhostlyPresence"],"picked":"SKIP","floor":7},{"not_picked":["hermit:Gambit","hermit:TrackingShot","hermit:Ricochet"],"picked":"SKIP","floor":8},{"not_picked":["hermit:Midnight","hermit:BodyArmor","hermit:NoHoldsBarred"],"picked":"SKIP","floor":10},{"not_picked":["Acrobatics","Sword Boomerang","Disarm"],"picked":"SKIP","floor":14},{"not_picked":["Flex","ReplayTheSpireMod:Scrap Shanks","BasicCrystalCard"],"picked":"SKIP","floor":18},{"not_picked":["Acrobatics","hermit:Manifest+1","Eviscerate"],"picked":"SKIP","floor":22},{"not_picked":["Thunderclap","theMarked:TunnelVision","Life Link+1"],"picked":"SKIP","floor":24},{"not_picked":["BowlingBash","Replay:Cycle","Backflip"],"picked":"SKIP","floor":25},{"not_picked":["ReplayTheSpireMod:Strike From Hell","CrushJoints","hermit:Misfire"],"picked":"SKIP","floor":27}],"player_experience":489047,"relics_obtained":[{"floor":8,"key":"Pet Ghost"},{"floor":9,"key":"Shuriken"},{"floor":15,"key":"hubris:FunFungus"},{"floor":25,"key":"White Beast Statue"},{"floor":26,"key":"Replay:Rubber Ducky"}],"event_choices":[{"damage_healed":0,"gold_gain":0,"player_choice":"Trade","damage_taken":0,"relics_obtained":["FaceOfCleric"],"max_hp_gain":0,"max_hp_loss":0,"event_name":"FaceTrader","floor":4,"gold_loss":0}],"is_beta":false,"boss_relics":[{"not_picked":["hubris:CrackedHourglass","hubris:HollowSoul"],"picked":"energizedSpire:HugeHouse"}],"items_purged_floors":[12],"is_endless":false,"potions_floor_spawned":[1,7,14,16,18,24,27],"killed_by":"theJungle:Cassacara","ascension_level":1}}