{"host":"j37i0m9ltjmpbz2t","time":1613649743,"event":{"mods":["BaseMod","Minty Spire (QoL Compilation)","StSLib","WarShipGirlsR/’ΩΩ¢…Ÿ≈ÆR mod"],"gold_per_floor":[1009,1009,1009,1034,603,637,637,671,671,750,700,739,739,774,774,902,902,918,594,608,622,622,622,651,651,651,651,750,784,784,809,809,907,907,926,945,945,945,221,256,256,4,30,30,55,74,74,87,87,87,87,87,9,36,36],"floor_reached":56,"language":"ZHS","playtime":3011,"items_purged":["rmod:strick","rmod:strick","rmod:defend"],"score":2038,"play_id":"7314c520-5319-45b9-bdb7-8a34a13ef716","local_time":"20210218200223","is_ascension_mode":true,"campfire_choices":[{"data":"rmod:aviationdawn","floor":7.0,"key":"SMITH"},{"data":"rmod:smokecover","floor":15.0,"key":"SMITH"},{"data":"rmod:abidefaith","floor":23.0,"key":"SMITH"},{"data":"Impatience","floor":25.0,"key":"SMITH"},{"data":"Deep Breath","floor":27.0,"key":"SMITH"},{"data":"rmod:secretscript","floor":30.0,"key":"SMITH"},{"data":"rmod:maingunfire","floor":32.0,"key":"SMITH"},{"data":"rmod:defend","floor":41.0,"key":"PURGE"},{"data":"rmod:expeditionaryescort","floor":47.0,"key":"SMITH"},{"floor":49.0,"key":"RECALL"},{"data":"rmod:combined+1","floor":52.0,"key":"PURGE"}],"circlet_count":0,"master_deck":["AscendersBane","rmod:defend","rmod:basicallowance","rmod:maingunfire+1","Deep Breath+1","rmod:aviationdawn+1","Impatience+1","rmod:smokecover+1","rmod:secretscript+1","rmod:abidefaith+1","rmod:mineteam","rmod:acesubmarine+1","rmod:expeditionaryescort+1"],"relics":["rmod:firstchargereward","Bloody Idol","Bag of Marbles","Molten Egg 2","Orichalcum","Boot","Question Card","Akabeko","Eternal Feather","Busted Crown","Toy Ornithopter","PreservedInsect","Mercury Hourglass","Gremlin Horn","Singing Bowl","Coffee Dripper","Peace Pipe","Mango","Ancient Tea Set","Shuriken","rmod:extraamm","rmod:equipmentrecovery","Blue Candle","Bronze Scales"],"acts_visited":["TheCity","TheBeyond","TheEnding"],"potions_floor_usage":[],"damage_taken":[{"damage":0.0,"enemies":"Small Slimes","floor":1.0,"turns":2.0},{"damage":0.0,"enemies":"Jaw Worm","floor":4.0,"turns":1.0},{"damage":43.0,"enemies":"3 Sentries","floor":6.0,"turns":12.0},{"damage":2.0,"enemies":"Gremlin Nob","floor":8.0,"turns":3.0},{"damage":0.0,"enemies":"Gremlin Nob","floor":10.0,"turns":2.0},{"damage":4.0,"enemies":"3 Sentries","floor":12.0,"turns":6.0},{"damage":0.0,"enemies":"Lagavulin","floor":14.0,"turns":6.0},{"damage":12.0,"enemies":"The Guardian","floor":16.0,"turns":12.0},{"damage":0.0,"enemies":"Chosen","floor":18.0,"turns":4.0},{"damage":16.0,"enemies":"2 Thieves","floor":20.0,"turns":4.0},{"damage":3.0,"enemies":"Snake Plant","floor":21.0,"turns":3.0},{"damage":28.0,"enemies":"Slavers","floor":24.0,"turns":6.0},{"damage":8.0,"enemies":"Book of Stabbing","floor":29.0,"turns":4.0},{"damage":6.0,"enemies":"Gremlin Leader","floor":31.0,"turns":3.0},{"damage":22.0,"enemies":"Collector","floor":33.0,"turns":6.0},{"damage":1.0,"enemies":"3 Shapes","floor":35.0,"turns":3.0},{"damage":4.0,"enemies":"3 Darklings","floor":36.0,"turns":3.0},{"damage":0.0,"enemies":"Giant Head","floor":40.0,"turns":4.0},{"damage":16.0,"enemies":"Nemesis","floor":45.0,"turns":3.0},{"damage":10.0,"enemies":"Jaw Worm Horde","floor":46.0,"turns":3.0},{"damage":0.0,"enemies":"Writhing Mass","floor":48.0,"turns":3.0},{"damage":26.0,"enemies":"Time Eater","floor":50.0,"turns":5.0},{"damage":42.0,"enemies":"Shield and Spear","floor":54.0,"turns":3.0},{"damage":158,"enemies":"The Heart","floor":55,"turns":8}],"seed_played":"-2349701047207860736","potions_obtained":[{"floor":1.0,"key":"Dexterity Potion"},{"floor":6.0,"key":"EntropicBrew"},{"floor":16.0,"key":"Fruit Juice"},{"floor":20.0,"key":"Explosive Potion"},{"floor":21.0,"key":"Ancient Potion"},{"floor":29.0,"key":"Regen Potion"},{"floor":36.0,"key":"Strength Potion"},{"floor":46.0,"key":"Dexterity Potion"}],"is_trial":false,"path_per_floor":["M","?","?","M","$","E","R","E","T","?","?","E","?","E","R","B",null,"M","$","M","M","?","R","E","R","T","R","?","E","R","E","R","B",null,"M","M","?","?","$","E","R","$","T","?","E","M","R","M","R","B",null,"R","$","E","B",null],"character_chosen":"PRAEFECT","items_purchased":["Impatience","Molten Egg 2","rmod:mineteam","Toy Ornithopter","Peace Pipe","Mango","Shuriken","rmod:robin"],"campfire_rested":0,"item_purchase_floors":[5,5,19,19,39,39,42,53],"current_hp_per_floor":[68,68,68,68,68,25,25,23,23,23,23,19,19,19,25,13,55,55,55,49,46,46,55,37,46,46,55,60,57,66,67,76,76,76,78,80,80,76,90,97,102,102,102,102,93,90,99,108,108,82,102,108,108,73,9841],"gold":36,"neow_bonus":"RANDOM_COLORLESS","is_daily":false,"chose_seed":false,"campfire_upgraded":8,"win_rate":0.0,"timestamp":1613649743,"path_taken":["M","?","?","?","$","E","R","E","T","?","?","E","?","E","R","BOSS","M","$","M","M","?","R","E","R","T","R","?","E","R","E","R","BOSS","M","M","?","?","$","E","R","$","T","?","E","M","R","M","R","BOSS","R","$","E","BOSS"],"items_purchased_type":["Card","Relic","Card","Relic","Relic","Relic","Relic","Card"],"build_version":"2020-12-22","purchased_purges":3,"victory":true,"max_hp_per_floor":[75,69,69,69,69,69,69,69,69,69,69,69,69,69,69,69,69,69,69,74,74,74,74,74,74,74,74,74,74,74,76,76,76,76,78,80,80,86,100,102,102,102,102,102,104,106,106,108,108,108,108,108,108,110,9999],"card_choices":[{"not_picked":["Bandage Up","Dark Shackles"],"picked":"Deep Breath","floor":0.0},{"not_picked":["rmod:fletcherpendant","rmod:supportescort","rmod:intelligenceanalysis"],"picked":"SKIP","floor":1.0},{"not_picked":["rmod:supportescort","rmod:highspeedshooting"],"picked":"rmod:aviationdawn","floor":4.0},{"not_picked":["rmod:supportescort","rmod:desperatesituation"],"picked":"rmod:combined+1","floor":6.0},{"not_picked":["rmod:intelligenceanalysis+1","rmod:aviationdawn","rmod:gendarmerie"],"picked":"SKIP","floor":8.0},{"not_picked":["rmod:luckystar+1","rmod:advancebysurprise"],"picked":"rmod:smokecover","floor":10.0},{"not_picked":["rmod:stealaluminum","rmod:aggressivemary+1","rmod:guardianhero","rmod:ammunitionsupply"],"picked":"SKIP","floor":12.0},{"not_picked":["rmod:supportescort","rmod:ammunitionsupply","rmod:firesupport+1","rmod:diamondstrike+1"],"picked":"SKIP","floor":14.0},{"not_picked":["rmod:timeschanged+1","rmod:seals","rmod:secretscript"],"picked":"rmod:abidefaith","floor":16.0},{"not_picked":["rmod:overbreakdown","rmod:fuelsupply"],"picked":"SKIP","floor":18.0},{"not_picked":["rmod:intelligenceanalysis+1","rmod:highspeedshooting+1"],"picked":"SKIP","floor":20.0},{"not_picked":["rmod:intelligenceanalysis+1","rmod:highspeedshooting+1"],"picked":"SKIP","floor":20.0},{"not_picked":["rmod:aviationdawn","rmod:heivgo"],"picked":"SKIP","floor":21.0},{"not_picked":["rmod:victimresponsibility+1","rmod:aluminumsupply"],"picked":"SKIP","floor":24.0},{"not_picked":["rmod:u235","rmod:supportescort"],"picked":"SKIP","floor":29.0},{"not_picked":["rmod:selfconfidence+1","rmod:desperatesituation"],"picked":"Singing Bowl","floor":31.0},{"not_picked":["rmod:desperatesituation"],"picked":"rmod:acesubmarine+1","floor":33.0},{"not_picked":["rmod:spoils","rmod:overbreakdown"],"picked":"Singing Bowl","floor":35.0},{"not_picked":["rmod:luckystar+1","rmod:aluminumsupply"],"picked":"Singing Bowl","floor":36.0},{"not_picked":["PanicButton","Violence"],"picked":"Singing Bowl","floor":38.0},{"not_picked":["Bandage Up","The Bomb"],"picked":"Singing Bowl","floor":38.0},{"not_picked":["Panacea","Madness"],"picked":"Singing Bowl","floor":38.0},{"not_picked":["rmod:intelligenceanalysis+1","rmod:victimresponsibility"],"picked":"Singing Bowl","floor":40.0},{"not_picked":[],"picked":"rmod:expeditionaryescort","floor":44.0},{"not_picked":["rmod:intelligenceanalysis+1","rmod:combined+1"],"picked":"Singing Bowl","floor":45.0},{"not_picked":["rmod:windflower","rmod:ammunitionsupply"],"picked":"Singing Bowl","floor":46.0},{"not_picked":["rmod:tearstotiara+1","rmod:victimresponsibility+1"],"picked":"Singing Bowl","floor":48.0},{"not_picked":["rmod:capitalist","rmod:advancebysurprise+1"],"picked":"Singing Bowl","floor":54.0}],"player_experience":233056,"relics_obtained":[{"floor":6.0,"key":"Orichalcum"},{"floor":8.0,"key":"Boot"},{"floor":10.0,"key":"Question Card"},{"floor":12.0,"key":"Akabeko"},{"floor":14.0,"key":"Eternal Feather"},{"floor":24.0,"key":"PreservedInsect"},{"floor":26.0,"key":"Mercury Hourglass"},{"floor":29.0,"key":"Gremlin Horn"},{"floor":31.0,"key":"Singing Bowl"},{"floor":40.0,"key":"Ancient Tea Set"},{"floor":43.0,"key":"rmod:extraamm"},{"floor":45.0,"key":"rmod:equipmentrecovery"},{"floor":54.0,"key":"Blue Candle"}],"event_choices":[{"damage_healed":0.0,"max_hp_gain":0.0,"max_hp_loss":6.0,"gold_gain":0.0,"event_name":"Golden Idol","player_choice":"Lose Max HP","floor":2.0,"gold_loss":0.0,"damage_taken":0.0,"relics_obtained":["Golden Idol"]},{"damage_healed":0.0,"max_hp_gain":0.0,"max_hp_loss":0.0,"gold_gain":0.0,"event_name":"WeMeetAgain","player_choice":"Gave Potion","floor":3.0,"gold_loss":0.0,"damage_taken":0.0,"relics_obtained":["Bag of Marbles"]},{"damage_healed":0.0,"max_hp_gain":0.0,"max_hp_loss":0.0,"gold_gain":0.0,"event_name":"Dead Adventurer","player_choice":"Searched \u00271\u0027 times","floor":10.0,"gold_loss":0.0,"damage_taken":0.0},{"cards_removed":["rmod:strick"],"damage_healed":0.0,"max_hp_gain":0.0,"max_hp_loss":0.0,"gold_gain":0.0,"event_name":"The Cleric","player_choice":"Card Removal","floor":11.0,"gold_loss":50.0,"damage_taken":0.0},{"damage_healed":0.0,"max_hp_gain":0.0,"max_hp_loss":0.0,"gold_gain":0.0,"cards_transformed":["rmod:strick"],"event_name":"Living Wall","player_choice":"Change","floor":13.0,"gold_loss":0.0,"damage_taken":0.0,"cards_obtained":["rmod:secretscript"]},{"damage_healed":0.0,"max_hp_gain":0.0,"max_hp_loss":0.0,"gold_gain":0.0,"event_name":"Forgotten Altar","player_choice":"Gave Idol","floor":22.0,"relics_lost":["Golden Idol"],"gold_loss":0.0,"damage_taken":0.0,"relics_obtained":["Bloody Idol"]},{"damage_healed":0.0,"max_hp_gain":0.0,"max_hp_loss":0.0,"gold_gain":99.0,"event_name":"Nest","player_choice":"Stole From Cult","floor":28.0,"gold_loss":0.0,"damage_taken":0.0},{"damage_healed":0.0,"max_hp_gain":0.0,"max_hp_loss":0.0,"gold_gain":0.0,"event_name":"Tomb of Lord Red Mask","player_choice":"Ignored","floor":37.0,"gold_loss":0.0,"damage_taken":0.0},{"damage_healed":0.0,"max_hp_gain":0.0,"max_hp_loss":0.0,"gold_gain":0.0,"event_name":"SensoryStone","player_choice":"Memory 3","floor":38.0,"gold_loss":0.0,"damage_taken":10.0}],"is_beta":false,"boss_relics":[{"not_picked":["rmod:mogul","Fusion Hammer"],"picked":"Busted Crown"},{"not_picked":["Cursed Key","SacredBark"],"picked":"Coffee Dripper"}],"items_purged_floors":[5,19,39],"is_endless":false,"potions_floor_spawned":[1,6,16,20,21,29,36,45,46],"ascension_level":12}}