{"host":"bxn2em57qlx5u4i0","time":1613614592,"event":{"mods":["BaseMod","Colored Map","Colored Powertips","Highlight Path","Minty Spire (QoL Compilation)","Random Character Button","Relic Sorter","Relic Stats","StSLib","SuperFastMode"],"gold_per_floor":[117,117,137,137,137,137,1,1,1],"floor_reached":8,"language":"ENG","playtime":167,"items_purged":[],"score":88,"play_id":"7162b4fd-0ff9-4dfc-a1f3-28bda649585f","local_time":"20210217211632","is_ascension_mode":true,"campfire_choices":[{"data":"Flying Knee","floor":6,"key":"SMITH"}],"circlet_count":0,"master_deck":["AscendersBane","Strike_G","Strike_G","Strike_G","Strike_G","Strike_G","Defend_G","Defend_G","Defend_G","Defend_G","Defend_G","Survivor","Neutralize+1","Flying Knee+1","Backflip","Crippling Poison"],"relics":["Ring of the Snake","Dead Branch","Golden Idol"],"acts_visited":["Exordium"],"potions_floor_usage":[8],"damage_taken":[{"damage":3,"enemies":"Small Slimes","floor":1,"turns":5},{"damage":12,"enemies":"Jaw Worm","floor":3,"turns":5},{"damage":50,"enemies":"Lagavulin","floor":8,"turns":10}],"seed_played":"-3489762532137512300","potions_obtained":[],"is_trial":false,"path_per_floor":["M","?","M","?","?","R","$","E"],"character_chosen":"THE_SILENT","items_purchased":["Crippling Poison","FearPotion"],"campfire_rested":0,"item_purchase_floors":[7,7],"current_hp_per_floor":[56,38,26,48,48,48,48,0,0],"gold":1,"neow_bonus":"UPGRADE_CARD","is_daily":false,"chose_seed":false,"campfire_upgraded":1,"win_rate":0.0,"timestamp":1613614592,"path_taken":["M","?","M","?","?","R","?","E"],"items_purchased_type":["Card","Potion"],"build_version":"2020-12-22","purchased_purges":0,"victory":false,"max_hp_per_floor":[66,66,66,66,60,60,60,60,60],"relic_stats":{"counters":[3,20],"Golden Idol":0,"Dead Branch":[3],"obtain_stats":[{"Golden Idol":5,"Dead Branch":2,"Ring of the Snake":0},{"Golden Idol":2,"Dead Branch":1,"Ring of the Snake":0},{"Golden Idol":10,"Dead Branch":5,"Ring of the Snake":0}],"Ring of the Snake":[6]},"card_choices":[{"not_picked":["Deflect","Finisher"],"picked":"Flying Knee","floor":1},{"not_picked":["Concentrate","Distraction"],"picked":"Backflip","floor":3}],"player_experience":3038600,"relics_obtained":[],"event_choices":[{"damage_healed":0,"gold_gain":0,"player_choice":"Success","damage_taken":18,"relics_obtained":["Dead Branch"],"max_hp_gain":0,"max_hp_loss":0,"event_name":"Scrap Ooze","floor":2,"gold_loss":0},{"damage_healed":22,"gold_gain":0,"player_choice":"Banana","damage_taken":0,"max_hp_gain":0,"max_hp_loss":0,"event_name":"Big Fish","floor":4,"gold_loss":0},{"damage_healed":0,"gold_gain":0,"player_choice":"Lose Max HP","damage_taken":0,"relics_obtained":["Golden Idol"],"max_hp_gain":0,"max_hp_loss":6,"event_name":"Golden Idol","floor":5,"gold_loss":0}],"is_beta":false,"boss_relics":[],"items_purged_floors":[],"is_endless":false,"potions_floor_spawned":[],"killed_by":"Lagavulin","ascension_level":20}}