{"host":"nwtxriuk34b069je","time":1613625196,"event":{"mods":["AchievementEnabler","BaseMod","Better Skull","Colored Map","Colored Powertips","Hermit","Minty Spire (QoL Compilation)","Relic Stats","StSLib"],"gold_per_floor":[109,284,284,311,325,325,355,355,355,390,25,25,25,43,43,147,147,157,173,185,185,185,199,50,30,30,43,55,65,76,4,4,101,101,117,117,128,128,52,52,27,56,56,66,66,3,3,3,3,3,3],"floor_reached":50,"language":"ENG","playtime":1562,"items_purged":["Defend_R","Shame","Defend_R"],"score":678,"play_id":"ac3f2c20-d73f-47a4-80a1-861338746cf9","local_time":"20210217231316","is_ascension_mode":false,"campfire_choices":[{"data":"Bash","floor":6,"key":"SMITH"},{"floor":8,"key":"REST"},{"floor":12,"key":"REST"},{"data":"Dual Wield","floor":15,"key":"SMITH"},{"data":"Limit Break","floor":32,"key":"SMITH"},{"data":"Limit Break","floor":40,"key":"SMITH"},{"floor":45,"key":"REST"},{"floor":49,"key":"REST"}],"circlet_count":0,"master_deck":["Strike_R","Strike_R","Strike_R","Strike_R","Strike_R","Bash+1","Iron Wave","Clash","Dual Wield+1","Iron Wave","Limit Break+1","Iron Wave","Cleave","Iron Wave","Thunderclap","Flex","Limit Break+1","Heavy Blade+1","Armaments+1","Iron Wave","Swift Strike"],"relics":["Unceasing Top","Bronze Scales","InkBottle","Shuriken","Ornamental Fan","Membership Card","Darkstone Periapt","Philosopher\u0027s Stone","Frozen Egg 2","Lee\u0027s Waffle","Meat on the Bone","Bag of Marbles","Black Star","Blood Vial","Bag of Preparation","Prayer Wheel","Question Card"],"acts_visited":["Exordium","TheCity","TheBeyond"],"potions_floor_usage":[33,33,33,42,50],"damage_taken":[{"damage":11,"enemies":"Jaw Worm","floor":1,"turns":2},{"damage":12,"enemies":"2 Louse","floor":5,"turns":2},{"damage":20,"enemies":"Gremlin Nob","floor":7,"turns":4},{"damage":35,"enemies":"3 Sentries","floor":10,"turns":8},{"damage":0,"enemies":"Small Slimes","floor":14,"turns":2},{"damage":29,"enemies":"Hexaghost","floor":16,"turns":8},{"damage":11,"enemies":"Spheric Guardian","floor":18,"turns":4},{"damage":3,"enemies":"Chosen","floor":19,"turns":2},{"damage":23,"enemies":"Shelled Parasite and Fungi","floor":20,"turns":3},{"damage":29,"enemies":"3 Cultists","floor":23,"turns":6},{"damage":9,"enemies":"Chosen and Byrds","floor":27,"turns":5},{"damage":19,"enemies":"Shelled Parasite and Fungi","floor":28,"turns":3},{"damage":0,"enemies":"3 Cultists","floor":29,"turns":4},{"damage":16,"enemies":"Centurion and Healer","floor":30,"turns":5},{"damage":81,"enemies":"Automaton","floor":33,"turns":9},{"damage":11,"enemies":"Orb Walker","floor":35,"turns":3},{"damage":27,"enemies":"3 Darklings","floor":37,"turns":3},{"damage":43,"enemies":"Nemesis","floor":42,"turns":5},{"damage":14,"enemies":"Maw","floor":44,"turns":6},{"damage":83,"enemies":"Time Eater","floor":50,"turns":6}],"seed_played":"-6649863300187270796","potions_obtained":[{"floor":1,"key":"SpeedPotion"},{"floor":16,"key":"FearPotion"},{"floor":18,"key":"AttackPotion"},{"floor":19,"key":"BloodPotion"},{"floor":25,"key":"BloodPotion"},{"floor":33,"key":"Explosive Potion"},{"floor":37,"key":"FearPotion"},{"floor":42,"key":"AttackPotion"}],"is_trial":true,"path_per_floor":["M","?","?","T","M","R","E","R","T","E","$","R","?","M","R","B",null,"M","M","M","?","?","M","$","?","T","M","M","M","M","$","R","B",null,"M","?","M","?","$","R","$","E","T","M","R","$","?","?","R","B"],"character_chosen":"IRONCLAD","items_purchased":["Membership Card","Clash","Darkstone Periapt","Block Potion","Lee\u0027s Waffle","Iron Wave","Bag of Marbles","Blood Vial","Block Potion"],"campfire_rested":4,"item_purchase_floors":[11,11,11,11,24,24,31,39,41],"current_hp_per_floor":[69,69,69,69,57,57,37,61,61,26,26,50,50,50,50,21,80,69,66,43,49,49,20,93,93,93,84,65,65,49,49,49,16,93,82,82,55,55,55,55,55,26,26,26,53,53,53,53,80,0,0],"gold":3,"neow_bonus":"","is_daily":false,"chose_seed":false,"campfire_upgraded":4,"win_rate":0.0,"timestamp":1613625196,"path_taken":["M","?","?","?","M","R","E","R","T","E","$","R","?","M","R","BOSS","M","M","?","?","?","M","$","?","T","M","M","M","?","$","R","BOSS","M","?","?","?","$","R","$","E","T","M","R","?","?","?","R","BOSS"],"items_purchased_type":["Relic","Card","Relic","Potion","Relic","Card","Relic","Relic","Potion"],"build_version":"2020-12-22","purchased_purges":3,"victory":false,"max_hp_per_floor":[80,80,80,80,80,80,80,80,80,80,80,80,80,80,80,80,80,80,80,80,86,86,86,93,93,93,93,93,93,93,93,93,93,93,93,93,93,93,93,93,93,93,93,93,93,93,93,93,93,93,93],"relic_stats":{"Darkstone Periapt":6,"Lee\u0027s Waffle":73,"counters":[20,90],"Bag of Preparation":[4],"Question Card":3,"Blood Vial":6,"Shuriken":[49],"Ornamental Fan":[192],"Bronze Scales":[269],"Prayer Wheel":1,"Black Star":1,"obtain_stats":[{"Darkstone Periapt":11,"Lee\u0027s Waffle":24,"Bag of Preparation":42,"Frozen Egg 2":21,"Question Card":43,"Blood Vial":39,"Shuriken":9,"Ornamental Fan":10,"Bronze Scales":4,"Philosopher\u0027s Stone":17,"Prayer Wheel":42,"Bag of Marbles":31,"Black Star":34,"Membership Card":11,"Unceasing Top":0,"InkBottle":7,"Meat on the Bone":26},{"Darkstone Periapt":4,"Lee\u0027s Waffle":10,"Bag of Preparation":18,"Frozen Egg 2":9,"Question Card":18,"Blood Vial":17,"Shuriken":3,"Ornamental Fan":4,"Bronze Scales":1,"Philosopher\u0027s Stone":6,"Prayer Wheel":18,"Bag of Marbles":14,"Black Star":15,"Membership Card":4,"Unceasing Top":0,"InkBottle":3,"Meat on the Bone":10},{"Darkstone Periapt":16,"Lee\u0027s Waffle":41,"Bag of Preparation":78,"Frozen Egg 2":35,"Question Card":78,"Blood Vial":73,"Shuriken":8,"Ornamental Fan":16,"Bronze Scales":2,"Philosopher\u0027s Stone":26,"Prayer Wheel":78,"Bag of Marbles":58,"Black Star":67,"Membership Card":16,"Unceasing Top":0,"InkBottle":8,"Meat on the Bone":41}],"Unceasing Top":[11],"InkBottle":[28],"Meat on the Bone":36},"card_choices":[{"not_picked":["Dropkick","Shrug It Off","Pommel Strike"],"picked":"SKIP","floor":1},{"not_picked":["True Grit","Whirlwind","Wild Strike"],"picked":"SKIP","floor":5},{"not_picked":["Pommel Strike","Intimidate","Entrench"],"picked":"SKIP","floor":7},{"not_picked":["Heavy Blade","Impervious"],"picked":"Iron Wave","floor":10},{"not_picked":["Cleave","Twin Strike"],"picked":"Iron Wave","floor":14},{"not_picked":["Fiend Fire","Immolate"],"picked":"Limit Break","floor":16},{"not_picked":["Heavy Blade","Perfected Strike","Hemokinesis"],"picked":"SKIP","floor":18},{"not_picked":["Pommel Strike","Hemokinesis+1","Dark Embrace"],"picked":"SKIP","floor":19},{"not_picked":["Body Slam","Thunderclap"],"picked":"Iron Wave","floor":20},{"not_picked":["Rampage+1","Warcry"],"picked":"Cleave","floor":23},{"not_picked":["Warcry","Brutality+1"],"picked":"Thunderclap","floor":27},{"not_picked":["Body Slam","Armaments"],"picked":"Flex","floor":28},{"not_picked":["Seeing Red","Thunderclap","Perfected Strike"],"picked":"SKIP","floor":29},{"not_picked":["Shrug It Off","Body Slam","Carnage"],"picked":"SKIP","floor":30},{"not_picked":["Impervious","Barricade+1"],"picked":"Limit Break","floor":33},{"not_picked":["Pommel Strike","Combust+1","Dual Wield"],"picked":"SKIP","floor":35},{"not_picked":["Clothesline+1","Flex"],"picked":"Heavy Blade+1","floor":37},{"not_picked":["Metallicize+1","Entrench","Hemokinesis"],"picked":"SKIP","floor":42},{"not_picked":["Shrug It Off","Havoc+1","Exhume"],"picked":"Armaments+1","floor":44},{"not_picked":["Cleave+1","Thunderclap","Sword Boomerang"],"picked":"Iron Wave","floor":44},{"not_picked":["Jack Of All Trades","Finesse","Secret Technique"],"picked":"Swift Strike","floor":47}],"player_experience":554095,"relics_obtained":[{"floor":4,"key":"Bronze Scales"},{"floor":7,"key":"InkBottle"},{"floor":9,"key":"Shuriken"},{"floor":10,"key":"Ornamental Fan"},{"floor":26,"key":"Meat on the Bone"},{"floor":42,"key":"Bag of Preparation"},{"floor":42,"key":"Prayer Wheel"},{"floor":43,"key":"Question Card"}],"event_choices":[{"damage_healed":0,"gold_gain":175,"player_choice":"AGREE","damage_taken":0,"max_hp_gain":0,"max_hp_loss":0,"event_name":"Liars Game","floor":2,"gold_loss":0,"cards_obtained":["Doubt"]},{"cards_removed":["Doubt"],"damage_healed":0,"gold_gain":0,"player_choice":"Forget","damage_taken":0,"max_hp_gain":0,"max_hp_loss":0,"event_name":"Living Wall","floor":3,"gold_loss":0},{"damage_healed":0,"gold_gain":0,"cards_transformed":["Defend_R"],"player_choice":"Transformed","damage_taken":0,"max_hp_gain":0,"max_hp_loss":0,"event_name":"Transmorgrifier","floor":13,"gold_loss":0,"cards_obtained":["Dual Wield"]},{"damage_healed":0,"gold_gain":0,"player_choice":"Stole Relic","damage_taken":0,"relics_obtained":["Frozen Egg 2"],"max_hp_gain":0,"max_hp_loss":0,"event_name":"Addict","floor":21,"gold_loss":0,"cards_obtained":["Shame"]},{"damage_healed":0,"gold_gain":0,"player_choice":"Ignored","damage_taken":0,"max_hp_gain":0,"max_hp_loss":0,"event_name":"Vampires","floor":22,"gold_loss":0},{"damage_healed":0,"gold_gain":0,"player_choice":"Bought 1 Potion","damage_taken":0,"max_hp_gain":0,"max_hp_loss":0,"event_name":"The Woman in Blue","floor":25,"gold_loss":0},{"damage_healed":0,"gold_gain":0,"player_choice":"Ignored","damage_taken":0,"max_hp_gain":0,"max_hp_loss":0,"event_name":"SecretPortal","floor":36,"gold_loss":0},{"cards_removed":["Defend_R"],"damage_healed":0,"gold_gain":0,"player_choice":"Removed Skill","damage_taken":0,"max_hp_gain":0,"max_hp_loss":0,"event_name":"Falling","floor":38,"gold_loss":0},{"damage_healed":0,"gold_gain":0,"player_choice":"Memory 1","damage_taken":0,"max_hp_gain":0,"max_hp_loss":0,"event_name":"SensoryStone","floor":47,"gold_loss":0},{"damage_healed":0,"gold_gain":0,"player_choice":"Ignored","damage_taken":0,"max_hp_gain":0,"max_hp_loss":0,"event_name":"Mysterious Sphere","floor":48,"gold_loss":0}],"is_beta":false,"boss_relics":[{"not_picked":["Coffee Dripper","Astrolabe"],"picked":"Philosopher\u0027s Stone"},{"not_picked":["Tiny House","SacredBark"],"picked":"Black Star"}],"items_purged_floors":[11,24,46],"is_endless":true,"potions_floor_spawned":[1,16,18,19,28,29,33,37,42],"killed_by":"Time Eater","ascension_level":0}}