{"host":"4nk64u0og8aplzuu","time":1613609446,"event":{"mods":["BaseMod","Highlight Path","Minty Spire (QoL Compilation)"],"gold_per_floor":[113,123,142,22,22,56,6,41,65,65,93,93,107,120,120,225,225,244,264,264,279,292,292,322,322,322,340,340,340,360,54,54,155,155,169,169,182,182,232,258,208,208,208,208,239,252,284,284,284,284,284],"floor_reached":50,"language":"ENG","playtime":5243,"items_purged":["Force Field","Regret","Beam Cell"],"score":806,"play_id":"be717284-f554-455a-939f-f48a81af2b72","local_time":"20210217175046","is_ascension_mode":true,"campfire_choices":[{"data":"Fusion","floor":10,"key":"SMITH"},{"data":"Zap","floor":12,"key":"SMITH"},{"data":"Reboot","floor":15,"key":"SMITH"},{"data":"Skim","floor":23,"key":"SMITH"},{"data":"Streamline","floor":25,"key":"SMITH"},{"data":"Multi-Cast","floor":29,"key":"SMITH"},{"floor":32,"key":"REST"},{"data":"Machine Learning","floor":42,"key":"SMITH"},{"data":"Compile Driver","floor":44,"key":"SMITH"},{"data":"Defragment","floor":49,"key":"SMITH"}],"circlet_count":0,"master_deck":["Zap+1","Dualcast+1","Leap","Conserve Battery+1","Reboot+1","Gash","Sweeping Beam+1","Leap","Sweeping Beam","Compile Driver+1","Fusion+1","Multi-Cast+1","Ball Lightning","Seek+1","White Noise+1","Turbo+1","Fusion+1","Skim+1","Compile Driver+1","Beam Cell+1","Streamline+1","Coolheaded+1","Rebound+1","Machine Learning+1","Redo+1","Ball Lightning+1","Beam Cell+1","Scrape+1","Coolheaded+1","Defragment+1","Blizzard+1","Secret Technique","Deep Breath","Violence"],"relics":["Pandora\u0027s Box","Smiling Mask","Lantern","Pocketwatch","Potion Belt","Odd Mushroom","Astrolabe","War Paint","Pantograph","Cables","Chemical X","Oddly Smooth Stone","Nuclear Battery","Torii","Strawberry","Whetstone","Bag of Marbles","Sundial"],"acts_visited":["Exordium","TheCity","TheBeyond"],"potions_floor_usage":[14,24,46,50,50,50],"damage_taken":[{"damage":1,"enemies":"Cultist","floor":1,"turns":4},{"damage":2,"enemies":"2 Louse","floor":2,"turns":3},{"damage":5,"enemies":"Jaw Worm","floor":3,"turns":7},{"damage":22,"enemies":"Lagavulin","floor":6,"turns":6},{"damage":27,"enemies":"Gremlin Nob","floor":8,"turns":4},{"damage":9,"enemies":"The Mushroom Lair","floor":11,"turns":4},{"damage":2,"enemies":"Looter","floor":13,"turns":2},{"damage":0,"enemies":"2 Fungi Beasts","floor":14,"turns":2},{"damage":0,"enemies":"Slime Boss","floor":16,"turns":5},{"damage":12,"enemies":"3 Byrds","floor":18,"turns":3},{"damage":12,"enemies":"Shell Parasite","floor":19,"turns":3},{"damage":22,"enemies":"Snecko","floor":21,"turns":5},{"damage":3,"enemies":"Cultist and Chosen","floor":22,"turns":3},{"damage":7,"enemies":"Book of Stabbing","floor":24,"turns":4},{"damage":0,"enemies":"Centurion and Healer","floor":27,"turns":2},{"damage":0,"enemies":"Sentry and Sphere","floor":30,"turns":2},{"damage":0,"enemies":"Automaton","floor":33,"turns":5},{"damage":0,"enemies":"3 Shapes","floor":35,"turns":3},{"damage":11,"enemies":"Orb Walker","floor":37,"turns":2},{"damage":0,"enemies":"Mind Bloom Boss Battle","floor":39,"turns":2},{"damage":7,"enemies":"Nemesis","floor":40,"turns":3},{"damage":0,"enemies":"Reptomancer","floor":45,"turns":2},{"damage":0,"enemies":"Transient","floor":46,"turns":5},{"damage":0,"enemies":"Giant Head","floor":47,"turns":3},{"damage":88,"enemies":"Time Eater","floor":50,"turns":5}],"seed_played":"8791212660570599693","potions_obtained":[{"floor":8,"key":"EssenceOfSteel"},{"floor":11,"key":"Regen Potion"},{"floor":16,"key":"FearPotion"},{"floor":19,"key":"Explosive Potion"},{"floor":21,"key":"SpeedPotion"},{"floor":24,"key":"GamblersBrew"},{"floor":30,"key":"DistilledChaos"},{"floor":36,"key":"Block Potion"},{"floor":46,"key":"Explosive Potion"}],"is_trial":false,"path_per_floor":["M","M","M","$","?","E","$","E","T","R","?","R","M","M","R","B",null,"M","M","?","M","M","R","E","R","T","M","T","R","M","$","R","B",null,"M","?","M","?","?","E","$","R","T","R","E","M","E","?","R","B"],"character_chosen":"DEFECT","items_purchased":["Compile Driver","Chemical X","Oddly Smooth Stone"],"campfire_rested":1,"item_purchase_floors":[4,31,31],"current_hp_per_floor":[74,72,67,67,67,45,45,18,18,18,9,9,7,12,12,12,75,63,51,51,29,26,26,19,19,19,19,19,19,19,19,41,66,75,75,75,64,64,75,75,75,75,75,75,75,75,75,65,65,0,0],"gold":284,"neow_bonus":"BOSS_RELIC","is_daily":false,"chose_seed":false,"campfire_upgraded":9,"win_rate":0.0,"timestamp":1613609446,"path_taken":["M","M","?","$","?","E","?","E","T","R","?","R","M","M","R","BOSS","M","M","?","?","?","R","E","R","T","M","?","R","?","$","R","BOSS","M","?","?","?","?","E","$","R","T","R","E","M","E","?","R","BOSS"],"items_purchased_type":["Card","Relic","Relic"],"build_version":"2020-12-22","purchased_purges":3,"victory":false,"max_hp_per_floor":[75,75,75,75,75,75,75,75,75,75,75,75,75,75,75,75,75,75,75,75,75,75,75,75,75,75,75,75,75,75,75,75,75,75,75,75,75,75,75,82,82,82,82,82,82,82,82,82,82,82,82],"card_choices":[{"not_picked":["Compile Driver","Steam"],"picked":"Leap","floor":1},{"not_picked":["Sunder","Stack"],"picked":"Sweeping Beam","floor":2},{"not_picked":["Gash","Compile Driver"],"picked":"Beam Cell","floor":3},{"not_picked":["Streamline","Conserve Battery"],"picked":"Fusion","floor":6},{"not_picked":["Sunder","Auto Shields"],"picked":"Doom and Gloom","floor":8},{"not_picked":["Chill","Static Discharge"],"picked":"Multi-Cast","floor":11},{"not_picked":["Conserve Battery","Coolheaded"],"picked":"Ball Lightning","floor":13},{"not_picked":["Sunder","Cold Snap"],"picked":"Beam Cell","floor":14},{"not_picked":["Amplify","Buffer"],"picked":"Seek","floor":16},{"not_picked":["Redo","Hologram","Conserve Battery"],"picked":"SKIP","floor":18},{"not_picked":["Gash","Fission"],"picked":"Skim","floor":19},{"not_picked":["Melter+1","Aggregate+1"],"picked":"Compile Driver","floor":21},{"not_picked":["Conserve Battery","Doom and Gloom"],"picked":"Beam Cell+1","floor":22},{"not_picked":["Reprogram","Blizzard"],"picked":"Streamline","floor":24},{"not_picked":["Go for the Eyes","Redo"],"picked":"Coolheaded+1","floor":27},{"not_picked":["Beam Cell","Undo+1"],"picked":"Rebound+1","floor":30},{"not_picked":["Reboot","Rainbow"],"picked":"Machine Learning","floor":33},{"not_picked":["Reprogram","Go for the Eyes+1"],"picked":"Redo+1","floor":35},{"not_picked":["Leap+1","Sunder+1"],"picked":"Ball Lightning+1","floor":37},{"not_picked":["Streamline+1","Ball Lightning"],"picked":"Beam Cell+1","floor":39},{"not_picked":["Turbo","Static Discharge+1"],"picked":"Scrape+1","floor":40},{"not_picked":["Static Discharge","Ball Lightning"],"picked":"Coolheaded+1","floor":45},{"not_picked":["Fusion+1","Doom and Gloom+1"],"picked":"Defragment","floor":46},{"not_picked":["Chill+1","Rebound"],"picked":"Blizzard+1","floor":47},{"not_picked":["Mayhem","Madness"],"picked":"Secret Technique","floor":48},{"not_picked":["Swift Strike","Purity"],"picked":"Deep Breath","floor":48},{"not_picked":["Sadistic Nature","Impatience"],"picked":"Violence","floor":48}],"player_experience":378695,"relics_obtained":[{"floor":6,"key":"Lantern"},{"floor":8,"key":"Pocketwatch"},{"floor":9,"key":"Potion Belt"},{"floor":11,"key":"Odd Mushroom"},{"floor":24,"key":"War Paint"},{"floor":26,"key":"Pantograph"},{"floor":28,"key":"Cables"},{"floor":39,"key":"Torii"},{"floor":40,"key":"Strawberry"},{"floor":43,"key":"Whetstone"},{"floor":45,"key":"Bag of Marbles"},{"floor":47,"key":"Sundial"}],"event_choices":[{"damage_healed":0,"gold_gain":0,"player_choice":"Box","damage_taken":0,"relics_obtained":["Smiling Mask"],"max_hp_gain":0,"max_hp_loss":0,"event_name":"Big Fish","floor":5,"gold_loss":0,"cards_obtained":["Regret"]},{"damage_healed":0,"gold_gain":0,"player_choice":"Fought Mushrooms","damage_taken":0,"max_hp_gain":0,"max_hp_loss":0,"event_name":"Mushrooms","floor":11,"gold_loss":0},{"damage_healed":0,"gold_gain":0,"player_choice":"Upgraded","damage_taken":0,"max_hp_gain":0,"max_hp_loss":0,"event_name":"Upgrade Shrine","floor":20,"gold_loss":0,"cards_upgraded":["Seek"]},{"damage_healed":0,"gold_gain":0,"player_choice":"Got Potions","damage_taken":0,"max_hp_gain":0,"max_hp_loss":0,"event_name":"Lab","floor":36,"gold_loss":0},{"cards_removed":["Beam Cell"],"damage_healed":0,"gold_gain":0,"player_choice":"Removed Attack","damage_taken":0,"max_hp_gain":0,"max_hp_loss":0,"event_name":"Falling","floor":38,"gold_loss":0},{"damage_healed":0,"gold_gain":0,"player_choice":"Fight","damage_taken":0,"max_hp_gain":0,"max_hp_loss":0,"event_name":"MindBloom","floor":39,"gold_loss":0},{"damage_healed":0,"gold_gain":0,"player_choice":"Memory 3","damage_taken":10,"max_hp_gain":0,"max_hp_loss":0,"event_name":"SensoryStone","floor":48,"gold_loss":0}],"is_beta":false,"boss_relics":[{"not_picked":["Philosopher\u0027s Stone","SlaversCollar"],"picked":"Astrolabe"},{"not_picked":["Velvet Choker","Empty Cage"],"picked":"Nuclear Battery"}],"items_purged_floors":[4,7,41],"is_endless":false,"potions_floor_spawned":[8,11,16,19,21,24,30,37,40,46,47],"killed_by":"Time Eater","ascension_level":2}}