{"host":"9rqk712yu6s3287p","time":1613640547,"event":{"mods":["ATMod(°¢èªMod)","Act Like it!","BaseMod","CapriCore","Chen","Gensokyo","Googly Eyes","Marisa£¨ìFÓê¡¡Ä§ÀíÉ³£©","Minty Spire (QoL Compilation)","MostiFishMod","Onozuka Komachi Mod","Reimu£¨²©ÀöÁéÃÎ£©","Remilia_Scarlet Moed£¨ÀÙÃ×ÀòÑÇ¡¤Ë¹¿¨À×ÌØ£©3.3.5","Remilia£¨ÀÙÃ×ÀòÑÇ£©","RumiaBox-Â¶Ã×æ«µÄÉñÃØºÐ×Ó","StSLib","The Administrix","The Immortal","The Servant 0.9.4","Yakumo Yukari mod","Youmu£¨»êÆÇÑýÃÎ£©","Yuyuko","[IsaacMod]ÒÔÈö¼âËþ","¡¾ÒÅÎï¿¨ÅÆ¡¿REMEMod"],"gold_per_floor":[156,204,258,315,345,492,540,627,704,785,890,941,1034,1064,1064,1289,1289,1328,1382,1412,1454,1484,1583,1664,1748,1824,1908,1968,2067,2151,2229,2229,2466,2466,2550,2595,2700,2226,2226,2316,1641,1641,1641,1728,1806,1890,1986,1500,1500,1630,1786,1913,2122,2304,2457,2566,2687,2768,2939,3078,3267,16,285,285,428,702,702,702,55,422,854],"floor_reached":57,"language":"ZHS","playtime":3951,"items_purged":["BloodRain+1"],"score":5849,"play_id":"18d33665-b362-4685-a7f9-9dfbc37aab84","local_time":"20210218172907","daily_mods":["Shiny","Vintage","Heirloom","Time Dilation","Flight","Elite Swarm","Lethality","Midas","Binary"],"is_ascension_mode":true,"campfire_choices":[{"floor":15.0,"key":"RECALL"},{"floor":32.0,"key":"REST"},{"floor":49,"key":"REST"},{"floor":49,"key":"REST"},{"floor":53,"key":"REST"}],"circlet_count":0,"master_deck":["AscendersBane","TricksterDevil+1","BatForm+1","ForecastOfChange+1","CurseOfVladTepes+1","QueenOfMidnight+1","BloodyHallows+1","HeartBreak+1","EquivalentExchange+1","KillingBlow+1","BloodyCatastrophe+1","ChaoticDestiny+1","BloodySeventeenLaser+1","HellCatastrophe+1","ScarletCoffin+1","DemonKingCradle+1","CeilingFear+1"],"relics":["Snecko Eye","Busted Crown","AT_ATBox","DaveBox","REME_ComplimentaryCards","HushsDoor","GuppysTail","Thread and Needle","ChiXiaoBlade","GuppysHead","Dream Catcher","SynthV:TestCard","Leech","Potion Belt","Oddly Smooth Stone","GodSword4","CeramicFish","Pear","AT_SeraphEmbrace","GodSword6","TypeBBloodRedTea","MoneyPower","Toy Ornithopter","BloodBag","SumBook","AT_SunfireAegis","Happy Flower","ZombieArmy","Bottled Lightning","AT_BellowingDragoncrestRing","FossilizedHelix","Darkstone Periapt","Centennial Puzzle","MostiFishMod:Haymaker","Eternal Feather","Boot","SSSystem","Bag of Marbles","AT_PhaseBoots","CaptainsWheel","Bag of Preparation","TheBean","Orichalcum","ScarletEmblem","GuppysHairball","Vajra","Akabeko","REME_HandOfSuture","Nunchaku","BookofShadows","Regal Pillow","Ccalipers","Art of War","Omamori","MealTicket","Ancient Tea Set","War Paint","HowToJump","TuHaoJin","Mastiff:ReiMu","Gambling Chip","AT_GoldPhoenixTree","Strawberry","RuthlessExorcism:ReiMu","AT_EbonyIvory","White Beast Statue","PreservedInsect","Bronze Scales","Bottled Flame","ScarletDevilRocket","UnicornStump","SalivaCoin","GuppysPaw","Prayer Wheel","D6","PlanX","GodSword7","BelialBook","ChampionBelt","AT_TimeSand","AT_BladeRuinedKing","AnarchistCookbook","Pantograph","Lantern","Blood Vial","SharpPlug","TheAbacus","Dodecahedron","Toolbox","PunchingBag","AT_BellDemon","REME_CardOfGreed","ImprovedEquipment","AT_RedTearstoneRing","MagicDraw1","Singing Bowl","Smiling Mask","Molten Egg 2","AT_ChloranthyRing","Lizard Tail","AT_MibuBalloonWealth","CombinedTypeHook","BookOfRevelations","MagicDraw4","SecretRecord","Pen Nib","Mummified Hand","Whetstone","GodSword5","The Courier","MawBank","REME_LimitBreaker","SynthV:C4","Anchor","BFFS","AT_Kusabimaru","REME_ArchaeologicalTools","DianDianMeat","Question Card","Kunai","OriginationStaff","ChaoDraw","AT_TheCollector","AT_RedNoBalance","Mercury Hourglass","CrazyTorch:ReiMu","Frozen Egg 2","Tea:ReiMu","YumHeart","RedBat","TheBible","Sundial","AT_ForceNature","Blue Candle","PillsDrop","Bottled Tornado","Shuriken"],"acts_visited":["Exordium","TheCity","Gensokyo:Gensokyoest","TheEnding"],"potions_floor_usage":[47,35,44,55,56,56,56,56,56],"damage_taken":[{"damage":4.0,"enemies":"Cultist","floor":1.0,"turns":3.0},{"damage":5.0,"enemies":"Small Slimes","floor":2.0,"turns":4.0},{"damage":9.0,"enemies":"Jaw Worm","floor":3.0,"turns":3.0},{"damage":13.0,"enemies":"Exordium Wildlife","floor":4.0,"turns":4.0},{"damage":12.0,"enemies":"Blue Slaver","floor":5.0,"turns":3.0},{"damage":12.0,"enemies":"3 Sentries","floor":6.0,"turns":7.0},{"damage":8.0,"enemies":"Looter","floor":7.0,"turns":2.0},{"damage":0.0,"enemies":"Gremlin Nob","floor":8.0,"turns":3.0},{"damage":12.0,"enemies":"Lagavulin","floor":10.0,"turns":2.0},{"damage":37.0,"enemies":"3 Sentries","floor":11.0,"turns":3.0},{"damage":0.0,"enemies":"3 Louse","floor":12.0,"turns":2.0},{"damage":0.0,"enemies":"Gremlin Nob","floor":13.0,"turns":1.0},{"damage":0.0,"enemies":"Large Slime","floor":14.0,"turns":4.0},{"damage":0.0,"enemies":"The Guardian","floor":16.0,"turns":3.0},{"damage":0.0,"enemies":"3 Byrds","floor":18.0,"turns":3.0},{"damage":0.0,"enemies":"Chosen","floor":19.0,"turns":1.0},{"damage":0.0,"enemies":"3 Cultists","floor":20.0,"turns":3.0},{"damage":0.0,"enemies":"Cultist and Chosen","floor":21.0,"turns":1.0},{"damage":0.0,"enemies":"Sentry and Sphere","floor":22.0,"turns":3.0},{"damage":0.0,"enemies":"Gremlin Leader","floor":23.0,"turns":2.0},{"damage":0.0,"enemies":"REME_1_Revenger","floor":24.0,"turns":1.0},{"damage":0.0,"enemies":"Gremlin Leader","floor":25.0,"turns":1.0},{"damage":0.0,"enemies":"Book of Stabbing","floor":27.0,"turns":1.0},{"damage":0.0,"enemies":"Snake Plant","floor":28.0,"turns":1.0},{"damage":0.0,"enemies":"Slavers","floor":29.0,"turns":2.0},{"damage":0.0,"enemies":"Gremlin Leader","floor":30.0,"turns":1.0},{"damage":0.0,"enemies":"Book of Stabbing","floor":31.0,"turns":1.0},{"damage":0.0,"enemies":"Champ","floor":33.0,"turns":1.0},{"damage":0.0,"enemies":"Gensokyo:Marisa","floor":35.0,"turns":1.0},{"damage":0,"enemies":"Gensokyo:3_Bats","floor":36,"turns":2},{"damage":0,"enemies":"Gensokyo:Doremy","floor":37,"turns":1},{"damage":0,"enemies":"Gensokyo:Marisa","floor":40,"turns":1},{"damage":0,"enemies":"Gensokyo:Doremy","floor":44,"turns":1},{"damage":0,"enemies":"Gensokyo:Marisa","floor":45,"turns":1},{"damage":0,"enemies":"Gensokyo:Doremy","floor":46,"turns":1},{"damage":0,"enemies":"Gensokyo:Kasen","floor":47,"turns":1},{"damage":0,"enemies":"Nemesis","floor":35,"turns":1},{"damage":0,"enemies":"Reptomancer","floor":36,"turns":1},{"damage":0,"enemies":"Giant Head","floor":37,"turns":1},{"damage":0,"enemies":"2 Orb Walkers","floor":38,"turns":1},{"damage":0,"enemies":"3 Darklings","floor":39,"turns":1},{"damage":0,"enemies":"Reptomancer","floor":40,"turns":1},{"damage":0,"enemies":"Giant Head","floor":41,"turns":1},{"damage":0,"enemies":"Nemesis","floor":42,"turns":1},{"damage":0,"enemies":"Reptomancer","floor":44,"turns":1},{"damage":0,"enemies":"Giant Head","floor":45,"turns":1},{"damage":0,"enemies":"Reptomancer","floor":46,"turns":1},{"damage":0,"enemies":"Giant Head","floor":48,"turns":1},{"damage":0,"enemies":"Time Eater","floor":50,"turns":1},{"damage":0,"enemies":"Donu and Deca","floor":51,"turns":1},{"damage":0,"enemies":"Shield and Spear","floor":55,"turns":1},{"damage":0,"enemies":"LittleHush","floor":56,"turns":5}],"seed_played":"5091122094006944056","potions_obtained":[{"floor":1.0,"key":"Energy Potion"},{"floor":2.0,"key":"LiquidMemories"},{"floor":3.0,"key":"GrandPatriotsElixir:ReiMu"},{"floor":3.0,"key":"SpeedPotion"},{"floor":4.0,"key":"Explosive Potion"},{"floor":5.0,"key":"REME_GoldPotion"},{"floor":6.0,"key":"Dexterity Potion"},{"floor":6.0,"key":"Energy Potion"},{"floor":6.0,"key":"Explosive Potion"},{"floor":7.0,"key":"SkillPotion"},{"floor":8.0,"key":"Swift Potion"},{"floor":10.0,"key":"Swift Potion"},{"floor":12.0,"key":"GrandPatriotsElixir:ReiMu"},{"floor":12.0,"key":"Fire Potion"},{"floor":12.0,"key":"Fire Potion"},{"floor":12.0,"key":"SteroidPotion"},{"floor":13.0,"key":"DuplicationPotion"},{"floor":14.0,"key":"LiquidMemories"},{"floor":16.0,"key":"SpeedPotion"},{"floor":18.0,"key":"SpeedPotion"},{"floor":18.0,"key":"Weak Potion"},{"floor":19.0,"key":"GamblersBrew"},{"floor":20.0,"key":"Energy Potion"},{"floor":20.0,"key":"DistilledChaos"},{"floor":21.0,"key":"Block Potion"},{"floor":25.0,"key":"REME_GoldPotion"},{"floor":25.0,"key":"Energy Potion"},{"floor":27.0,"key":"PanachePotion"},{"floor":27.0,"key":"DestinyDice"},{"floor":28.0,"key":"Swift Potion"},{"floor":29.0,"key":"AttackPotion"},{"floor":30.0,"key":"DistilledChaos"},{"floor":31.0,"key":"REME_GoldPotion"},{"floor":31.0,"key":"Explosive Potion"},{"floor":35,"key":"REME_GoldPotion"},{"floor":36,"key":"SpeedPotion"},{"floor":39,"key":"EntropicBrew"},{"floor":44,"key":"REME_GoldPotion"},{"floor":46,"key":"Explosive Potion"},{"floor":48,"key":"LiquidMemories"},{"floor":55,"key":"GamblersBrew"}],"is_trial":true,"path_per_floor":["M","M","M","M","M","E","M","E","T","E","E","M","E","M","R","B",null,"M","M","M","M","M","E","E","E","T","E","M","E","E","E","R","B",null,"M","M","M","COS","?","E","$","?","T","E","E","M","E","$","R","M","M","M","?","M","E","E","E","T","E","M","E","$","E","R","B","B",null,"R","$","E","B",null],"character_chosen":"REMILIA","items_purchased":["GuppysHairball","REME_CardOfGreed","ImprovedEquipment","AT_RedTearstoneRing","AT_MibuBalloonWealth","CombinedTypeHook","REME_ArchaeologicalTools","DianDianMeat","Question Card","Kunai","OriginationStaff","ChaoDraw","AT_TheCollector","AT_SilverBalance","Mercury Hourglass","CrazyTorch:ReiMu","Frozen Egg 2","Tea:ReiMu","YumHeart","RedBat","TheBible","AT_ForceNature","Blue Candle","PillsDrop"],"campfire_rested":4,"item_purchase_floors":[17,41,41,41,48,48,47,47,47,47,47,47,47,47,47,47,47,47,47,47,47,54,54,54],"current_hp_per_floor":[63,58,59,71,73,79,83,87,87,87,87,87,87,87,87,87,77,77,77,77,77,77,77,84,84,84,84,84,84,84,84,84,84,84,84,84,84,84,84,84,84,84,84,86,88,90,92,92,94,96,98,100,102,102,104,106,108,108,110,112,114,114,66,118,118,118,118,120,120,117,117],"gold":854,"neow_bonus":"","is_daily":false,"chose_seed":false,"campfire_upgraded":0,"win_rate":0.0,"timestamp":1613640547,"path_taken":["M","M","M","M","M","E","M","E","T","E","E","M","E","M","R","BOSS","M","M","M","M","M","E","E","E","T","E","M","E","E","E","R","BOSS","M","M","?","COS","?","E","?","?","T","E","E","M","E","$","R","M","M","M","?","M","E","E","E","T","E","M","E","$","E","R","BOSS","BOSS","R","$","E","BOSS"],"items_purchased_type":["Relic","Relic","Relic","Relic","Relic","Relic","Relic","Relic","Relic","Relic","Relic","Relic","Relic","Relic","Relic","Relic","Relic","Relic","Relic","Relic","Relic","Relic","Relic","Relic"],"build_version":"2020-12-22","purchased_purges":1,"victory":true,"max_hp_per_floor":[70,70,70,80,80,87,87,87,87,87,87,87,87,87,87,87,77,77,77,77,77,77,77,84,84,84,84,84,84,84,84,84,84,84,84,84,84,84,84,84,84,84,84,86,88,90,92,92,94,96,98,100,102,102,104,106,108,108,110,112,114,114,116,118,118,118,118,120,120,117,117],"card_choices":[{"not_picked":["HeartBreak","DemonKingCradle"],"picked":"SKIP","floor":6.0},{"not_picked":["CeilingFear","DemonKingCradle"],"picked":"SKIP","floor":8.0},{"not_picked":["CurseOfVladTepes","HeartBreak"],"picked":"SKIP","floor":10.0},{"not_picked":["HellCatastrophe","HeartBreak"],"picked":"SKIP","floor":11.0},{"not_picked":["KillingBlow","CeilingFear"],"picked":"SKIP","floor":13.0},{"not_picked":["ScarletCoffin","BloodRain"],"picked":"SKIP","floor":23.0},{"not_picked":["HeartBreak","HellCatastrophe"],"picked":"SKIP","floor":24.0},{"not_picked":["DemonKingCradle","ScarletMeister"],"picked":"SKIP","floor":25.0},{"not_picked":["BloodySeventeenLaser","HeartBreak"],"picked":"SKIP","floor":27.0},{"not_picked":["ChaoticDestiny","ScarletCoffin"],"picked":"SKIP","floor":29.0},{"not_picked":["CeilingFear","QueenOfMidnight"],"picked":"SKIP","floor":30.0},{"not_picked":["BatForm","CeilingFear"],"picked":"SKIP","floor":31.0},{"not_picked":["TransientEternity","QueenOfMidnight"],"picked":"SKIP","floor":35.0},{"not_picked":["EquivalentExchange","DemonKingCradle"],"picked":"SKIP","floor":37},{"not_picked":["BloodyCatastrophe","ScarletMeister"],"picked":"SKIP","floor":40},{"not_picked":["CurseOfVladTepes","KillingBlow"],"picked":"Singing Bowl","floor":44},{"not_picked":["ScarletCoffin+1","ChaoticDestiny"],"picked":"Singing Bowl","floor":45},{"not_picked":["HeartBreak+1","DemonKingCradle"],"picked":"Singing Bowl","floor":46},{"not_picked":["BloodRain","ScarletCoffin+1"],"picked":"Singing Bowl","floor":47},{"not_picked":["ReincarnationDial+1","DevilSight"],"picked":"Singing Bowl","floor":49},{"not_picked":["CurseOfVladTepes","ForecastOfChange+1"],"picked":"Singing Bowl","floor":35},{"not_picked":["ScarletCoffin+1","TricksterDevil"],"picked":"Singing Bowl","floor":36},{"not_picked":["TricksterDevil","BloodySeventeenLaser+1"],"picked":"Singing Bowl","floor":37},{"not_picked":["Maim","FavorOfDestiny+1"],"picked":"Singing Bowl","floor":38},{"not_picked":["BloodRain","ForecastOfChange+1"],"picked":"Singing Bowl","floor":40},{"not_picked":["HeartBreak+1","BloodySeventeenLaser+1"],"picked":"Singing Bowl","floor":41},{"not_picked":["ForecastOfChange+1","BloodRain"],"picked":"Singing Bowl","floor":42},{"not_picked":["EquivalentExchange","ScarletCoffin+1"],"picked":"Singing Bowl","floor":44},{"not_picked":["EquivalentExchange","BloodySeventeenLaser+1"],"picked":"Singing Bowl","floor":45},{"not_picked":["CurseOfVladTepes","ScarletCoffin+1"],"picked":"Singing Bowl","floor":46},{"not_picked":["BloodyHallows","CurseOfVladTepes+1","ForecastOfChange+1"],"picked":"Singing Bowl","floor":48},{"not_picked":["AfternoonTea","StarOfDavid+1","EndlessAdversity+1"],"picked":"Singing Bowl","floor":49},{"not_picked":["DiffusionOfMisfortune+1","EndlessAdversity+1","StarOfDavid+1"],"picked":"Singing Bowl","floor":53},{"not_picked":["HeartBreak+1","QueenOfMidnight+1","ScarletCoffin+1"],"picked":"Singing Bowl","floor":55}],"player_experience":544397,"relics_obtained":[{"floor":1.0,"key":"Dream Catcher"},{"floor":1.0,"key":"SynthV:TestCard"},{"floor":2.0,"key":"Leech"},{"floor":2.0,"key":"Potion Belt"},{"floor":2.0,"key":"Oddly Smooth Stone"},{"floor":3.0,"key":"GodSword4"},{"floor":3.0,"key":"CeramicFish"},{"floor":4.0,"key":"Pear"},{"floor":4.0,"key":"AT_ArchangelStaff"},{"floor":4.0,"key":"GodSword6"},{"floor":5.0,"key":"TypeBBloodRedTea"},{"floor":6.0,"key":"MoneyPower"},{"floor":6.0,"key":"Toy Ornithopter"},{"floor":6.0,"key":"BloodDonationMachine"},{"floor":6.0,"key":"SumBook"},{"floor":7.0,"key":"AT_SunfireAegis"},{"floor":7.0,"key":"Happy Flower"},{"floor":8.0,"key":"ZombieArmy"},{"floor":8.0,"key":"Bottled Lightning"},{"floor":9.0,"key":"AT_BellowingDragoncrestRing"},{"floor":10.0,"key":"FossilizedHelix"},{"floor":10.0,"key":"Darkstone Periapt"},{"floor":11.0,"key":"Centennial Puzzle"},{"floor":11.0,"key":"MostiFishMod:Haymaker"},{"floor":11.0,"key":"Eternal Feather"},{"floor":12.0,"key":"Boot"},{"floor":12.0,"key":"SSSystem"},{"floor":12.0,"key":"Bag of Marbles"},{"floor":12.0,"key":"AT_SpeedBoots"},{"floor":13.0,"key":"CaptainsWheel"},{"floor":13.0,"key":"Bag of Preparation"},{"floor":14.0,"key":"TheBean"},{"floor":16.0,"key":"Orichalcum"},{"floor":18.0,"key":"Vajra"},{"floor":18.0,"key":"Akabeko"},{"floor":18.0,"key":"REME_HandOfSuture"},{"floor":18.0,"key":"Nunchaku"},{"floor":19.0,"key":"BookofShadows"},{"floor":19.0,"key":"Regal Pillow"},{"floor":20.0,"key":"Ccalipers"},{"floor":20.0,"key":"Art of War"},{"floor":20.0,"key":"Omamori"},{"floor":21.0,"key":"MealTicket"},{"floor":21.0,"key":"Ancient Tea Set"},{"floor":21.0,"key":"War Paint"},{"floor":22.0,"key":"HowToJump"},{"floor":22.0,"key":"TuHaoJin"},{"floor":22.0,"key":"Mastiff:ReiMu"},{"floor":23.0,"key":"Gambling Chip"},{"floor":23.0,"key":"AT_GoldPhoenixTree"},{"floor":24.0,"key":"Strawberry"},{"floor":24.0,"key":"RuthlessExorcism:ReiMu"},{"floor":25.0,"key":"AT_EbonyIvory"},{"floor":25.0,"key":"White Beast Statue"},{"floor":27.0,"key":"PreservedInsect"},{"floor":27.0,"key":"Bronze Scales"},{"floor":28.0,"key":"Bottled Flame"},{"floor":28.0,"key":"ScarletDevilRocket"},{"floor":29.0,"key":"UnicornStump"},{"floor":29.0,"key":"SalivaCoin"},{"floor":29.0,"key":"GuppysPaw"},{"floor":29.0,"key":"Prayer Wheel"},{"floor":30.0,"key":"D6"},{"floor":30.0,"key":"ForgetMeNow"},{"floor":31.0,"key":"PlanX"},{"floor":31.0,"key":"GodSword7"},{"floor":33.0,"key":"BelialBook"},{"floor":35.0,"key":"AT_TimeSand"},{"floor":35.0,"key":"AT_BladeRuinedKing"},{"floor":36,"key":"AnarchistCookbook"},{"floor":36,"key":"Pantograph"},{"floor":36,"key":"Lantern"},{"floor":37,"key":"Blood Vial"},{"floor":37,"key":"SharpPlug"},{"floor":40,"key":"PunchingBag"},{"floor":40,"key":"AT_BellDemon"},{"floor":43,"key":"MagicDraw1"},{"floor":44,"key":"Singing Bowl"},{"floor":44,"key":"Smiling Mask"},{"floor":45,"key":"Molten Egg 2"},{"floor":47,"key":"AT_ChloranthyRing"},{"floor":47,"key":"Lizard Tail"},{"floor":36,"key":"BookOfRevelations"},{"floor":37,"key":"MagicDraw4"},{"floor":38,"key":"SecretRecord"},{"floor":39,"key":"Pen Nib"},{"floor":39,"key":"Mummified Hand"},{"floor":40,"key":"Whetstone"},{"floor":40,"key":"GodSword5"},{"floor":41,"key":"The Courier"},{"floor":42,"key":"MawBank"},{"floor":43,"key":"REME_LimitBreaker"},{"floor":44,"key":"SynthV:C4"},{"floor":44,"key":"Anchor"},{"floor":45,"key":"BFFS"},{"floor":46,"key":"AT_Kusabimaru"},{"floor":48,"key":"Sundial"},{"floor":55,"key":"Bottled Tornado"},{"floor":55,"key":"Shuriken"}],"event_choices":[{"damage_healed":0,"gold_gain":0,"player_choice":"Fight","damage_taken":0,"max_hp_gain":0,"max_hp_loss":0,"event_name":"Mysterious Sphere","floor":38,"gold_loss":0}],"is_beta":false,"boss_relics":[{"not_picked":["RhineCircuit","Cursed Key"],"picked":"ScarletEmblem"},{"not_picked":[]},{"not_picked":["GreenFoldingFan","REME_LowDesire"],"picked":"ChampionBelt"},{"not_picked":[]}],"items_purged_floors":[41],"is_endless":false,"potions_floor_spawned":[1,3,4,6,10,11,12,13,18,19,20,25,27,28,29,30,31,33,35,36,37,40,44,45,46,47,35,36,37,38,39,40,41,42,44,45,46,48,55],"ascension_level":20}}