{"host":"9709z2dy8v1s63sm","time":1613625037,"event":{"mods":["AchievementEnabler","BaseMod","Minty Spire (QoL Compilation)","StSLib","SuperFastMode"],"gold_per_floor":[110,110,125,125,125,125,160,160,160,179,207,207,221,248,248,324,374,385,385,385,13,24,24,59,70,70,89,117,129,129,129],"floor_reached":30,"language":"KOR","playtime":912,"items_purged":["Strike_R"],"score":579,"play_id":"01b64ac9-d8c9-4cda-b99c-a91b44b21108","local_time":"20210218141037","is_ascension_mode":true,"campfire_choices":[{"data":"Hemokinesis","floor":6.0,"key":"SMITH"},{"data":"Uppercut","floor":8.0,"key":"SMITH"},{"data":"Blood for Blood","floor":12.0,"key":"SMITH"},{"data":"Shrug It Off","floor":15.0,"key":"SMITH"},{"data":"Double Tap","floor":23.0,"key":"SMITH"}],"circlet_count":0,"master_deck":["AscendersBane","Strike_R+1","Strike_R","Strike_R+1","Defend_R+1","Defend_R+1","Defend_R+1","Bash","Hemokinesis+1","Uppercut+1","Blood for Blood+1","Shrug It Off+1","Brutality+1","Headbutt","Shockwave","Double Tap+1","Ghostly Armor+1","Shrug It Off","Blood for Blood"],"relics":["Burning Blood","NeowsBlessing","Lizard Tail","Boot","Pen Nib","Paper Frog","InkBottle","Tiny House","Membership Card","Ancient Tea Set","Matryoshka","Self Forming Clay","War Paint","Vajra"],"acts_visited":["Exordium","TheCity"],"potions_floor_usage":[30,30],"damage_taken":[{"damage":0.0,"enemies":"2 Louse","floor":1.0,"turns":1.0},{"damage":0.0,"enemies":"Cultist","floor":3.0,"turns":1.0},{"damage":0.0,"enemies":"Gremlin Nob","floor":7.0,"turns":1.0},{"damage":6.0,"enemies":"Small Slimes","floor":10.0,"turns":3.0},{"damage":14.0,"enemies":"Lagavulin","floor":11.0,"turns":4.0},{"damage":2.0,"enemies":"Blue Slaver","floor":13.0,"turns":3.0},{"damage":10.0,"enemies":"Gremlin Nob","floor":14.0,"turns":3.0},{"damage":17.0,"enemies":"Slime Boss","floor":16.0,"turns":6.0},{"damage":25.0,"enemies":"Shell Parasite","floor":18.0,"turns":4.0},{"damage":9.0,"enemies":"2 Thieves","floor":22.0,"turns":2.0},{"damage":43.0,"enemies":"Slavers","floor":24.0,"turns":4.0},{"damage":27.0,"enemies":"Snake Plant","floor":25.0,"turns":3.0},{"damage":10.0,"enemies":"Shelled Parasite and Fungi","floor":27.0,"turns":5.0},{"damage":12.0,"enemies":"Gremlin Leader","floor":28.0,"turns":4.0},{"damage":9.0,"enemies":"Sentry and Sphere","floor":29.0,"turns":5.0},{"damage":31,"enemies":"Slavers","floor":30,"turns":4}],"seed_played":"1283543764272781613","potions_obtained":[{"floor":1.0,"key":"Weak Potion"},{"floor":3.0,"key":"Ancient Potion"},{"floor":7.0,"key":"ElixirPotion"},{"floor":13.0,"key":"Energy Potion"},{"floor":14.0,"key":"DuplicationPotion"},{"floor":25.0,"key":"Strength Potion"},{"floor":29.0,"key":"SteroidPotion"}],"is_trial":false,"path_per_floor":["M","?","M","?","?","R","E","R","T","M","E","R","M","E","R","B",null,"M","?","?","$","M","R","E","M","T","M","E","M","E"],"character_chosen":"IRONCLAD","items_purchased":["Membership Card","Ancient Tea Set","Double Tap"],"campfire_rested":0,"item_purchase_floors":[21,21,21],"current_hp_per_floor":[74,74,75,52,57,57,63,63,63,63,55,55,59,55,55,44,76,57,57,57,57,54,54,17,39,39,35,29,26,0,0],"gold":129,"neow_bonus":"THREE_ENEMY_KILL","is_daily":false,"chose_seed":false,"campfire_upgraded":5,"win_rate":0.0,"timestamp":1613625037,"path_taken":["M","?","?","?","?","R","E","R","T","M","E","R","M","E","R","BOSS","M","?","?","$","?","R","E","M","T","M","E","M","E"],"items_purchased_type":["Relic","Relic","Card"],"build_version":"2020-12-22","purchased_purges":1,"victory":false,"max_hp_per_floor":[75,75,75,75,80,80,80,80,80,80,80,80,80,80,80,80,85,85,85,85,85,85,85,85,85,85,85,85,85,85,85],"card_choices":[{"not_picked":["Clash","Wild Strike"],"picked":"Hemokinesis","floor":1.0},{"not_picked":["Reckless Charge","Entrench","Feel No Pain"],"picked":"SKIP","floor":3.0},{"not_picked":["Anger","Cleave"],"picked":"Uppercut","floor":7.0},{"not_picked":["Searing Blow","Body Slam"],"picked":"Blood for Blood","floor":10.0},{"not_picked":["Spot Weakness","Searing Blow"],"picked":"Shrug It Off","floor":11.0},{"not_picked":["Havoc","Disarm","Body Slam"],"picked":"SKIP","floor":13.0},{"not_picked":["Inflame","Fiend Fire","Clash"],"picked":"SKIP","floor":14.0},{"not_picked":["Juggernaut","Corruption"],"picked":"Brutality","floor":16.0},{"not_picked":["Perfected Strike","Havoc","Burning Pact"],"picked":"SKIP","floor":18.0},{"not_picked":["Anger+1","Body Slam"],"picked":"Ghostly Armor+1","floor":22.0},{"not_picked":["Havoc","Armaments","Burning Pact"],"picked":"SKIP","floor":24.0},{"not_picked":["Carnage","Twin Strike","Cleave"],"picked":"SKIP","floor":25.0},{"not_picked":["Flame Barrier","Sword Boomerang","Feel No Pain"],"picked":"SKIP","floor":27.0},{"not_picked":["Rampage","Sword Boomerang"],"picked":"Shrug It Off","floor":28.0},{"not_picked":["Warcry","Perfected Strike"],"picked":"Blood for Blood","floor":29.0}],"player_experience":120743,"relics_obtained":[{"floor":7.0,"key":"Boot"},{"floor":9.0,"key":"Pen Nib"},{"floor":11.0,"key":"Paper Frog"},{"floor":14.0,"key":"InkBottle"},{"floor":24.0,"key":"Matryoshka"},{"floor":26.0,"key":"Self Forming Clay"},{"floor":26.0,"key":"War Paint"},{"floor":28.0,"key":"Vajra"}],"event_choices":[{"damage_healed":0.0,"max_hp_gain":0.0,"max_hp_loss":0.0,"gold_gain":0.0,"event_name":"WeMeetAgain","player_choice":"Gave Potion","floor":2.0,"gold_loss":0.0,"damage_taken":0.0,"relics_obtained":["Lizard Tail"]},{"damage_healed":0.0,"max_hp_gain":0.0,"max_hp_loss":0.0,"gold_gain":0.0,"event_name":"Shining Light","player_choice":"Entered Light","floor":4.0,"gold_loss":0.0,"damage_taken":23.0,"cards_upgraded":["Strike_R","Defend_R"]},{"damage_healed":0.0,"max_hp_gain":5.0,"max_hp_loss":0.0,"gold_gain":0.0,"event_name":"Big Fish","player_choice":"Donut","floor":5.0,"gold_loss":0.0,"damage_taken":0.0},{"damage_healed":0.0,"max_hp_gain":0.0,"max_hp_loss":0.0,"gold_gain":0.0,"cards_transformed":["Strike_R","Defend_R"],"event_name":"Drug Dealer","player_choice":"Became Test Subject","floor":19.0,"gold_loss":0.0,"damage_taken":0.0,"cards_obtained":["Headbutt","Shockwave"]},{"damage_healed":0.0,"max_hp_gain":0.0,"max_hp_loss":0.0,"gold_gain":0.0,"event_name":"Accursed Blacksmith","player_choice":"Forge","floor":20.0,"gold_loss":0.0,"damage_taken":0.0,"cards_upgraded":["Brutality"]}],"is_beta":false,"boss_relics":[{"not_picked":["Snecko Eye","Runic Dome"],"picked":"Tiny House"}],"items_purged_floors":[21],"is_endless":false,"potions_floor_spawned":[1,3,7,13,14,18,25,29],"killed_by":"Slavers","ascension_level":17}}