{"host":"a9gsz7kv8aebwp1f","time":1613690715,"event":{"mods":["AchievementEnabler","BaseMod","Minty Spire (QoL Compilation)"],"gold_per_floor":[118,118,138,138,149,149,167,167,167,180,180,1,13,13,13,13,13],"floor_reached":16,"language":"KOR","playtime":528,"items_purged":[],"score":147,"play_id":"8b91e1d8-913b-4430-9641-7ba8becafb7b","local_time":"20210219082515","is_ascension_mode":true,"campfire_choices":[{"floor":6,"key":"REST"},{"data":"Dualcast","floor":8,"key":"SMITH"},{"floor":11,"key":"REST"},{"floor":15,"key":"REST"}],"circlet_count":0,"master_deck":["AscendersBane","Strike_B","Strike_B","Strike_B","Defend_B","Defend_B","Defend_B","Defend_B","Zap","Dualcast+1","Madness","Gash","Sweeping Beam","Turbo","Auto Shields","Buffer","Steam","Melter"],"relics":["Cracked Core","Pantograph","DataDisk","Meat on the Bone"],"acts_visited":[],"potions_floor_usage":[16],"damage_taken":[{"damage":18,"enemies":"Small Slimes","floor":1,"turns":3},{"damage":4,"enemies":"2 Louse","floor":3,"turns":2},{"damage":6,"enemies":"Cultist","floor":5,"turns":3},{"damage":17,"enemies":"Looter","floor":7,"turns":3},{"damage":28,"enemies":"Exordium Wildlife","floor":10,"turns":6},{"damage":4,"enemies":"Red Slaver","floor":13,"turns":4},{"damage":75,"enemies":"Hexaghost","floor":16,"turns":12}],"seed_played":"6628494662533136043","potions_obtained":[{"floor":3,"key":"Strength Potion"},{"floor":4,"key":"Fire Potion"},{"floor":4,"key":"Weak Potion"}],"is_trial":false,"path_per_floor":["M","?","M","?","M","R","M","R","T","M","R","$","M","?","R","B"],"character_chosen":"DEFECT","items_purchased":["DataDisk","Steam"],"campfire_rested":3,"item_purchase_floors":[12,12],"current_hp_per_floor":[50,43,39,39,33,55,38,38,38,10,32,32,28,28,50,0,0],"gold":13,"neow_bonus":"RANDOM_COLORLESS","is_daily":false,"chose_seed":false,"campfire_upgraded":1,"win_rate":0.0,"timestamp":1613690715,"path_taken":["M","?","M","?","M","R","M","R","T","M","R","$","?","?","R","BOSS"],"items_purchased_type":["Relic","Card"],"build_version":"2020-12-22","purchased_purges":0,"victory":false,"max_hp_per_floor":[75,75,75,75,75,75,75,75,75,75,75,75,75,75,75,75,75],"card_choices":[{"not_picked":["Flash of Steel","Dark Shackles"],"picked":"Madness","floor":0},{"not_picked":["Coolheaded","Compile Driver"],"picked":"Gash","floor":1},{"not_picked":["Ball Lightning","Double Energy"],"picked":"Sweeping Beam","floor":3},{"not_picked":["Stack","Storm"],"picked":"Turbo","floor":5},{"not_picked":["Compile Driver","Doom and Gloom"],"picked":"Auto Shields","floor":7},{"not_picked":["Double Energy","Force Field"],"picked":"Buffer","floor":10},{"not_picked":["Capacitor","Aggregate"],"picked":"Melter","floor":13}],"player_experience":464985,"relics_obtained":[{"floor":9,"key":"Pantograph"}],"event_choices":[{"cards_removed":["Strike_B"],"damage_healed":0,"gold_gain":0,"player_choice":"Card Removal","damage_taken":7,"max_hp_gain":0,"max_hp_loss":0,"event_name":"Golden Wing","floor":2,"gold_loss":0},{"damage_healed":0,"gold_gain":0,"player_choice":"Got Potions","damage_taken":0,"max_hp_gain":0,"max_hp_loss":0,"event_name":"Lab","floor":4,"gold_loss":0},{"damage_healed":0,"gold_gain":0,"player_choice":"Searched \u00271\u0027 times","damage_taken":0,"relics_obtained":["Meat on the Bone"],"max_hp_gain":0,"max_hp_loss":0,"event_name":"Dead Adventurer","floor":14,"gold_loss":0}],"is_beta":false,"boss_relics":[],"items_purged_floors":[],"is_endless":false,"potions_floor_spawned":[3,7,13],"killed_by":"Hexaghost","ascension_level":12}}