{"host":"fbdlh90rovbiajun","time":1613625777,"event":{"mods":["AchievementEnabler","BaseMod","Colored Map","Keyboard Shortcuts","Minty Spire (QoL Compilation)","SuperFastMode"],"gold_per_floor":[117,133,133,133,61,61,61,61,61,61,77,77,94,94,94,199,199,218,230,230,155,155,155,155],"floor_reached":23,"language":"KOR","playtime":674,"items_purged":[],"score":177,"play_id":"d4ae1486-46d1-4eb1-8068-f77a566f17a4","local_time":"20210218142257","is_ascension_mode":false,"campfire_choices":[{"data":"Eruption","floor":6.0,"key":"SMITH"},{"data":"Vigilance","floor":8.0,"key":"SMITH"},{"data":"InnerPeace","floor":10.0,"key":"SMITH"},{"data":"Crescendo","floor":12.0,"key":"SMITH"},{"floor":15.0,"key":"REST"}],"circlet_count":0,"master_deck":["Strike_P","Strike_P+1","Strike_P","Defend_P","Defend_P","Defend_P","Eruption+1","Vigilance+1","CrushJoints+1","InnerPeace+1","Crescendo+1","Halt"],"relics":["Black Star","The Courier","Runic Pyramid"],"acts_visited":["Exordium","TheCity"],"potions_floor_usage":[23,23],"damage_taken":[{"damage":0.0,"enemies":"2 Louse","floor":1.0,"turns":2.0},{"damage":0.0,"enemies":"Jaw Worm","floor":2.0,"turns":4.0},{"damage":0.0,"enemies":"Small Slimes","floor":11.0,"turns":2.0},{"damage":13.0,"enemies":"Exordium Wildlife","floor":13.0,"turns":3.0},{"damage":30.0,"enemies":"The Guardian","floor":16.0,"turns":14.0},{"damage":45.0,"enemies":"2 Thieves","floor":18.0,"turns":3.0},{"damage":0.0,"enemies":"Spheric Guardian","floor":19.0,"turns":3.0},{"damage":42,"enemies":"Book of Stabbing","floor":23,"turns":3}],"seed_played":"-4299001280925420985","potions_obtained":[{"floor":1.0,"key":"LiquidBronze"},{"floor":13.0,"key":"SkillPotion"},{"floor":16.0,"key":"GamblersBrew"}],"is_trial":false,"path_per_floor":["M","M","?","?","$","R","$","R","T","R","M","R","M","?","R","B",null,"M","M","?","?","?","E"],"character_chosen":"WATCHER","items_purchased":["InnerPeace"],"campfire_rested":1,"item_purchase_floors":[5],"current_hp_per_floor":[72,72,65,51,51,51,51,51,51,51,51,51,38,38,59,29,72,27,27,27,27,27,0,0],"gold":155,"neow_bonus":"BOSS_RELIC","is_daily":false,"chose_seed":false,"campfire_upgraded":4,"win_rate":0.0,"timestamp":1613625777,"path_taken":["M","M","?","?","$","R","?","R","T","R","M","R","M","?","R","BOSS","M","M","?","?","?","E"],"items_purchased_type":["Card"],"build_version":"2020-12-22","purchased_purges":0,"victory":false,"max_hp_per_floor":[72,72,72,72,72,72,72,72,72,72,72,72,72,72,72,72,72,72,72,72,72,72,72,72],"card_choices":[{"not_picked":["TalkToTheHand","Protect"],"picked":"CrushJoints","floor":1.0},{"not_picked":["SashWhip","Collect","Wallop"],"picked":"SKIP","floor":2.0},{"not_picked":["ClearTheMind","FollowUp"],"picked":"Crescendo","floor":11.0},{"not_picked":["Crescendo","Protect","Nirvana"],"picked":"SKIP","floor":13.0},{"not_picked":["PathToVictory","Consecrate","SashWhip+1"],"picked":"SKIP","floor":18.0},{"not_picked":["Worship+1","ThirdEye","Protect"],"picked":"SKIP","floor":19.0}],"player_experience":81211,"relics_obtained":[{"floor":9.0,"key":"The Courier"}],"event_choices":[{"cards_removed":["Defend_P"],"damage_healed":0.0,"max_hp_gain":0.0,"max_hp_loss":0.0,"gold_gain":0.0,"event_name":"Golden Wing","player_choice":"Card Removal","floor":3.0,"gold_loss":0.0,"damage_taken":7.0},{"damage_healed":0.0,"max_hp_gain":0.0,"max_hp_loss":0.0,"gold_gain":0.0,"event_name":"Shining Light","player_choice":"Entered Light","floor":4.0,"gold_loss":0.0,"damage_taken":14.0,"cards_upgraded":["CrushJoints","Strike_P"]},{"damage_healed":0.0,"max_hp_gain":0.0,"max_hp_loss":0.0,"gold_gain":0.0,"event_name":"Liars Game","player_choice":"Ignored","floor":14.0,"gold_loss":0.0,"damage_taken":0.0},{"damage_healed":0.0,"max_hp_gain":0.0,"max_hp_loss":0.0,"gold_gain":0.0,"event_name":"Cursed Tome","player_choice":"Ignored","floor":20.0,"gold_loss":0.0,"damage_taken":0.0},{"cards_removed":["Strike_P"],"damage_healed":0.0,"max_hp_gain":0.0,"max_hp_loss":0.0,"gold_gain":0.0,"event_name":"Beggar","player_choice":"Gave Gold","floor":21.0,"gold_loss":75.0,"damage_taken":0.0},{"damage_healed":0.0,"max_hp_gain":0.0,"max_hp_loss":0.0,"gold_gain":0.0,"event_name":"The Library","player_choice":"Read","floor":22.0,"gold_loss":0.0,"damage_taken":0.0,"cards_obtained":["Halt"]}],"is_beta":false,"boss_relics":[{"not_picked":["Tiny House","Pandora\u0027s Box"],"picked":"Runic Pyramid"}],"items_purged_floors":[],"is_endless":false,"potions_floor_spawned":[1,13,16],"killed_by":"Book of Stabbing","ascension_level":0}}