{"host":"njb27ds59h4j3ikk","time":1613621070,"event":{"mods":["AchievementEnabler","BaseMod","Better Altar","Better Match","Better Note","Better Sensory Stone","Better Skull","Better Third Choice","BetterRewards","Downfall","Hermit","Hubris","Minty Spire (QoL Compilation)","Permanent Neow","Quarter Circle Forward PUNCH!","Quick Restart","Rare Cards Sparkle","Replay The Spire","Shop Mod","StSLib","Trackpad","Transform Curses"],"gold_per_floor":[112,184,184,184,198,225,225,292,292,292,312,342,264,295,295,474,474,509,556,612,69,140,140,228,228,298,340,385,72,72,171,171,374,374,410,471,231,345,388,388,473,591,618,618,730,827,827,49,49,151,151,151,28,102,212],"floor_reached":56,"language":"ENG","playtime":2325,"items_purged":[],"score":2159,"play_id":"a350a5cd-85a0-449f-a958-0af2432d9984","local_time":"20210217230430","is_ascension_mode":true,"campfire_choices":[{"data":"hermit:Snipe","floor":7,"key":"SMITH"},{"data":"Replay:Parry","floor":10,"key":"SMITH"},{"floor":15,"key":"REST"},{"floor":23,"key":"REST"},{"floor":25,"key":"REST"},{"data":"hermit:Determination","floor":30,"key":"SMITH"},{"floor":32,"key":"REST"},{"floor":40,"key":"RECALL"},{"floor":44,"key":"REST"},{"data":"hermit:HeroicBravado","floor":49,"key":"SMITH"},{"data":"hermit:FlashPowder","floor":52,"key":"SMITH"}],"circlet_count":0,"master_deck":["hermit:Strike_Hermit","hermit:Strike_Hermit","hermit:Strike_Hermit+1","hermit:Strike_Hermit+1","hermit:Defend_Hermit+1","hermit:Defend_Hermit","hermit:Defend_Hermit+1","hermit:Defend_Hermit+1","hermit:Snapshot","hermit:Covet+1","hermit:GoldenBullet+1","hermit:Headshot+1","Replay:Parry+1","hermit:Vantage+1","hermit:NoHoldsBarred+1","Pain","hermit:CalledShot","hermit:Snipe+1","hermit:FlashPowder+1","hermit:ShadowCloak+1","hermit:Cheat","hermit:LowProfile","hermit:FatalDesire+1","hermit:WideOpen+1","hermit:SprayPray+1","hermit:EyeOfTheStorm+1","hermit:Determination+1","hermit:Virtue","hermit:Scavenge+1","hermit:Adapt","hermit:Coalescence","hermit:Desperado","hermit:OverwhelmingPower","hermit:EternalForm","hermit:HoleUp","hermit:Misfire+1","hermit:Dive+1","Parasite","hermit:Gambit+1","hermit:Glare+1","hermit:HeroicBravado+1","hermit:Feint+1","hermit:Roughhouse"],"relics":["hermit:ClaspedLocket","StrikeDummy","qcfpunch:Unceasing_Flame","Lizard Tail","Counterbalance","hexamod:BolsterEngine","CaptainsWheel","Toy Ornithopter","WarpedTongs","Replay:Bandana","trackpad:AdjectivePendant","Painkiller Herb","trackpad:PetRock","hubris:PeanutButter","TungstenRod","Replay:Bottled Snecko","Garlic","hubris:CuriousFeather","The Courier","Replay:Baseball","Vajra","hubris:Icosahedron","Onion Ring","hubris:EmptyBottle","trackpad:BottledTsunami","Blood Vial","MerchantsRug","qcfpunch:Red_Gi","Bronze Scales","Replay:PocketPolymizer"],"acts_visited":["Exordium","TheCity","TheBeyond","TheEnding"],"potions_floor_usage":[6,8,16,16,18,28,39,42,45,45,45,45,50,50,54,54,55,55],"damage_taken":[{"damage":0,"enemies":"Small Slimes","floor":1,"turns":2},{"damage":7,"enemies":"Jaw Worm","floor":5,"turns":2},{"damage":16,"enemies":"Gremlin Nob","floor":6,"turns":2},{"damage":12,"enemies":"3 Sentries","floor":8,"turns":4},{"damage":0,"enemies":"2 Louse","floor":11,"turns":1},{"damage":13,"enemies":"Exordium Thugs","floor":12,"turns":3},{"damage":15,"enemies":"Exordium Wildlife","floor":14,"turns":2},{"damage":21,"enemies":"Hexaghost","floor":16,"turns":9},{"damage":1,"enemies":"Shell Parasite","floor":18,"turns":2},{"damage":12,"enemies":"2 Thieves","floor":19,"turns":3},{"damage":9,"enemies":"Snake Plant","floor":20,"turns":3},{"damage":12,"enemies":"3 Cultists","floor":22,"turns":4},{"damage":29,"enemies":"Book of Stabbing","floor":24,"turns":4},{"damage":2,"enemies":"Snecko","floor":27,"turns":5},{"damage":0,"enemies":"Centurion and Healer","floor":28,"turns":4},{"damage":0,"enemies":"Gremlin Leader","floor":31,"turns":5},{"damage":27,"enemies":"Automaton","floor":33,"turns":7},{"damage":0,"enemies":"Orb Walker","floor":35,"turns":2},{"damage":17,"enemies":"3 Darklings","floor":36,"turns":5},{"damage":15,"enemies":"2 Orb Walkers","floor":38,"turns":4},{"damage":0,"enemies":"Spire Growth","floor":39,"turns":2},{"damage":0,"enemies":"Writhing Mass","floor":41,"turns":4},{"damage":53,"enemies":"Giant Head","floor":42,"turns":8},{"damage":3,"enemies":"R_Hoarder","floor":45,"turns":5},{"damage":5,"enemies":"Transient","floor":46,"turns":5},{"damage":32,"enemies":"Donu and Deca","floor":50,"turns":4},{"damage":8,"enemies":"Shield and Spear","floor":54,"turns":5},{"damage":23,"enemies":"The Heart","floor":55,"turns":9}],"seed_played":"8698079479505765022","potions_obtained":[{"floor":5,"key":"champ:CounterPotion"},{"floor":8,"key":"Venom Potion"},{"floor":11,"key":"bronze:BurnAndBuffPotion"},{"floor":12,"key":"Fire Potion"},{"floor":19,"key":"Toxic Potion"},{"floor":24,"key":"Ancient Potion"},{"floor":31,"key":"FearPotion"},{"floor":36,"key":"FearPotion"},{"floor":41,"key":"EntropicBrew"},{"floor":42,"key":"Explosive Potion"},{"floor":46,"key":"GamblersBrew"}],"is_trial":false,"path_per_floor":["M","?","T","?","M","E","R","E","T","R","M","M","$","M","R","B",null,"?","?","?","T","?","T","E","T","T","?","?","T","T","E","T","B",null,"?","?","T","?","?","T","?","E","T","T","E","?","?","T","T","B",null,"T","T","E","B",null],"character_chosen":"HERMIT","items_purchased":["StrikeDummy","hermit:GoldenBullet","Lizard Tail","champ:Barbells","Counterbalance","hexamod:BolsterEngine","hermit:Headshot","Replay:Parry","hermit:Vantage","Explosive Potion","hermit:Cheat","War Paint","hubris:64BitClover","hermit:Determination","hermit:Virtue","TungstenRod","Garlic","Onion Ring","hubris:EmptyBottle","trackpad:BottledTsunami","Blood Vial","MerchantsRug","PowerPotion","qcfpunch:Red_Gi","Bronze Scales"],"campfire_rested":5,"item_purchase_floors":[0,0,0,0,0,0,0,0,0,0,13,21,21,21,21,29,37,48,48,48,48,48,48,53,53],"current_hp_per_floor":[75,75,75,75,68,57,57,50,50,50,50,37,37,22,44,33,65,69,57,48,48,36,58,29,51,51,49,54,54,54,54,75,48,68,72,60,60,52,57,57,63,21,21,43,60,61,61,61,61,42,67,67,67,67,55],"gold":212,"neow_bonus":"","is_daily":false,"chose_seed":false,"campfire_upgraded":5,"win_rate":0.0,"timestamp":1613621070,"path_taken":["M","?","?","?","M","E","R","E","T","R","M","M","$","M","R","BOSS","?","?","?","T","?","T","E","T","T","?","?","T","T","E","T","BOSS","?","?","T","?","?","T","?","E","T","T","E","?","?","T","T","BOSS","T","T","E","BOSS"],"items_purchased_type":["Relic","Card","Relic","Relic","Relic","Relic","Card","Card","Card","Potion","Card","Relic","Relic","Card","Card","Relic","Relic","Relic","Relic","Relic","Relic","Relic","Potion","Relic","Relic"],"build_version":"2020-12-22","purchased_purges":0,"victory":true,"max_hp_per_floor":[75,75,75,75,75,75,75,75,75,75,75,75,75,75,75,75,75,75,75,75,75,75,75,75,75,75,75,75,75,75,75,75,75,75,75,75,75,75,75,75,75,75,75,75,75,75,75,75,75,75,75,75,75,75,75],"card_choices":[{"not_picked":["hermit:Desperado","hermit:TakeCover"],"picked":"hermit:NoHoldsBarred","floor":1},{"not_picked":["hermit:HoleUp","hermit:Spite"],"picked":"hermit:CalledShot","floor":5},{"not_picked":["hermit:Vantage","hermit:ItchyTrigger"],"picked":"hermit:Snipe","floor":6},{"not_picked":["hermit:Headshot","hermit:EyeOfTheStorm"],"picked":"hermit:FlashPowder","floor":8},{"not_picked":["hermit:CalledShot","hermit:Desperado"],"picked":"hermit:ShadowCloak","floor":11},{"not_picked":["hermit:Manifest","hermit:Roulette","hermit:Headshot"],"picked":"SKIP","floor":12},{"not_picked":["hermit:TrackingShot","hermit:Vantage"],"picked":"hermit:LowProfile","floor":14},{"not_picked":["hermit:FinalCanter","hermit:BlackWind"],"picked":"hermit:FatalDesire","floor":16},{"not_picked":["hermit:Desperado+1","hermit:Feint"],"picked":"hermit:WideOpen+1","floor":18},{"not_picked":["hermit:Headshot","hermit:Coalescence"],"picked":"hermit:SprayPray+1","floor":19},{"not_picked":["hermit:GhostlyPresence","hermit:Glare"],"picked":"hermit:EyeOfTheStorm+1","floor":20},{"not_picked":["hermit:NoHoldsBarred","hermit:WideOpen"],"picked":"hermit:Scavenge+1","floor":22},{"not_picked":["hermit:Midnight","hermit:LowProfile"],"picked":"hermit:Adapt","floor":24},{"not_picked":["hermit:ShadowCloak","hermit:TakeCover"],"picked":"hermit:Coalescence","floor":27},{"not_picked":["hermit:EyeOfTheStorm","hermit:Feint"],"picked":"hermit:Desperado","floor":28},{"not_picked":["hermit:FlashPowder+1","hermit:FullyLoaded"],"picked":"hermit:OverwhelmingPower","floor":31},{"not_picked":["hermit:Dissolve","hermit:FinalCanter"],"picked":"hermit:EternalForm","floor":33},{"not_picked":["hermit:Headshot","hermit:CalledShot"],"picked":"hermit:HoleUp","floor":35},{"not_picked":["hermit:ShadowCloak","hermit:FullyLoaded+1"],"picked":"hermit:Misfire+1","floor":36},{"not_picked":["hermit:DeadMansHand+1","hermit:Deadeye"],"picked":"hermit:Dive+1","floor":39},{"not_picked":["hermit:WideOpen","hermit:Misfire"],"picked":"hermit:Gambit","floor":41},{"not_picked":["hermit:CalledShot","hermit:FatalDesire"],"picked":"hermit:Glare+1","floor":42},{"not_picked":["hermit:Feint+1","hermit:Spite+1"],"picked":"hermit:HeroicBravado","floor":45},{"not_picked":["hermit:HoleUp+1","hermit:CursedWeapon"],"picked":"hermit:Feint+1","floor":46},{"not_picked":["hermit:HighCaliber","hermit:Dive"],"picked":"hermit:Roughhouse","floor":54}],"player_experience":1371894,"relics_obtained":[{"floor":3,"key":"Toy Ornithopter"},{"floor":6,"key":"Replay:Bandana"},{"floor":8,"key":"trackpad:AdjectivePendant"},{"floor":24,"key":"trackpad:PetRock"},{"floor":26,"key":"hubris:PeanutButter"},{"floor":31,"key":"Replay:Bottled Snecko"},{"floor":38,"key":"hubris:CuriousFeather"},{"floor":39,"key":"qcfpunch:Combat_Fatigues"},{"floor":42,"key":"The Courier"},{"floor":43,"key":"Replay:Baseball"},{"floor":45,"key":"Vajra"},{"floor":54,"key":"Replay:PocketPolymizer"}],"event_choices":[{"damage_healed":0,"gold_gain":72,"player_choice":"Gained Gold","damage_taken":0,"max_hp_gain":0,"max_hp_loss":0,"event_name":"Golden Wing","floor":2,"gold_loss":0},{"damage_healed":0,"gold_gain":0,"player_choice":"Rummage","damage_taken":0,"relics_obtained":["WarpedTongs"],"max_hp_gain":0,"max_hp_loss":0,"event_name":"Accursed Blacksmith","floor":4,"gold_loss":0,"cards_obtained":["Pain"]},{"damage_healed":0,"gold_gain":0,"player_choice":"Fight","damage_taken":0,"max_hp_gain":0,"max_hp_loss":0,"event_name":"Mysterious Sphere","floor":38,"gold_loss":0}],"is_beta":false,"boss_relics":[{"not_picked":["trackpad:Trackpad","Velvet Choker"],"picked":"Painkiller Herb"},{"not_picked":["ChewingGum","hermit:BartenderGlass"],"picked":"hermit:ClaspedLocket"}],"items_purged_floors":[],"is_endless":false,"potions_floor_spawned":[5,8,11,12,19,24,31,36,41,42,46],"ascension_level":5}}