{"host":"fc4hh3zaz3zk8cya","time":1613625508,"event":{"mods":["BaseMod","BetterRewards","Colored Map","Colored Powertips","Downfall","GifTheSpireLib","Highlight Path","Infinite Spire","Minty Spire (QoL Compilation)","Permanent Neow","Quick Restart","Replay The Spire","Shop Mod","StSLib","slay the spire mod where everything is the same but ironclad has a cowboy hat"],"gold_per_floor":[116,116,116,126,126,126,156,156,156,184,184,217,69,84,84,210,210,234,509,527,33,33,33,53,88,112,112,128,147,178,178,178,178,178],"floor_reached":33,"language":"ENG","playtime":1449,"items_purged":["Regret"],"score":342,"play_id":"293c4d18-ac10-4da4-b6dd-3800c872131f","local_time":"20210218001828","is_ascension_mode":true,"campfire_choices":[{"data":"Neutralize","floor":6,"key":"SMITH"},{"floor":8,"key":"REST"},{"floor":15,"key":"REST"},{"data":"Replay:Fractal Strike","floor":23,"key":"SMITH"},{"floor":27,"key":"REST"},{"data":"Footwork","floor":32,"key":"SMITH"}],"circlet_count":0,"master_deck":["Strike_G","Strike_G","Strike_G","Strike_G","Strike_G","Defend_G","Defend_G","Defend_G","Defend_G","Defend_G","Survivor","Neutralize+1","Quick Slash","Hidden Blade","Writhe","Neutralize","Replay:BasicMightCard","Replay:Fractal Strike+1","ReplayTheSpireMod:Tripwire+1","Finesse+1","Noxious Fumes+1","Blur","Sucker Punch+1","Quick Slash","Footwork+1"],"relics":["Ring of Chaos","Pen Nib","WarpedTongs","Replay:WaspNest","infinitespire:BottledMercury","Tiny Chest","Golden Idol","Golden Egg","Sling","ReplayTheSpireMod:SealedPack","Kunai","Mirror","Regal Pillow","Blood Vial","Gambling Chip","Bottled Tornado"],"acts_visited":["Exordium","TheCity"],"potions_floor_usage":[10,16,25,25],"damage_taken":[{"damage":0,"enemies":"2 Louse","floor":1,"turns":4},{"damage":5,"enemies":"Jaw Worm","floor":4,"turns":5},{"damage":20,"enemies":"Gremlin Nob","floor":7,"turns":5},{"damage":8,"enemies":"Lagavulin","floor":10,"turns":6},{"damage":24,"enemies":"Gremlin Nob","floor":12,"turns":4},{"damage":4,"enemies":"Cultist","floor":14,"turns":4},{"damage":20,"enemies":"Hexaghost","floor":16,"turns":11},{"damage":14,"enemies":"2 Thieves","floor":18,"turns":4},{"damage":21,"enemies":"3 Byrds","floor":20,"turns":2},{"damage":11,"enemies":"Shelled Parasite and Fungi","floor":24,"turns":6},{"damage":4,"enemies":"Slavers","floor":25,"turns":6},{"damage":5,"enemies":"Centurion and Healer","floor":28,"turns":6},{"damage":5,"enemies":"Snecko","floor":29,"turns":6},{"damage":5,"enemies":"Replay:Snechameleon","floor":30,"turns":6},{"damage":52,"enemies":"Collector","floor":33,"turns":9}],"seed_played":"2251548570353611233","potions_obtained":[{"floor":1,"key":"Explosive Potion"},{"floor":7,"key":"Doom Potion"},{"floor":20,"key":"SpeedPotion"},{"floor":24,"key":"Adrenaline Potion"},{"floor":30,"key":"SteroidPotion"}],"is_trial":false,"path_per_floor":["M","?","?","M","?","R","E","R","T","E","?","E","$","M","R","B",null,"M","?","M","$","T","R","M","E","T","R","M","M","E","T","R","B"],"character_chosen":"THE_SILENT","items_purchased":["Sling","Finesse","Kunai","Noxious Fumes"],"campfire_rested":3,"item_purchase_floors":[13,21,21,21],"current_hp_per_floor":[70,63,63,58,58,58,38,59,59,51,51,27,27,23,42,22,65,51,51,30,30,30,30,19,15,15,49,46,43,40,40,40,0,0],"gold":178,"neow_bonus":"BOSS_RELIC","is_daily":false,"chose_seed":false,"campfire_upgraded":3,"win_rate":0.0,"timestamp":1613625508,"path_taken":["M","?","?","?","?","R","E","R","T","E","?","E","$","M","R","BOSS","M","?","?","$","?","R","M","E","T","R","?","M","E","?","R","BOSS"],"items_purchased_type":["Relic","Card","Relic","Card"],"build_version":"2020-12-22","purchased_purges":1,"victory":false,"max_hp_per_floor":[70,70,70,70,70,70,70,70,70,70,65,65,65,65,65,65,65,65,65,65,65,65,65,65,65,65,65,65,65,65,65,65,65,65],"card_choices":[{"not_picked":["Calculated Gamble","Hidden Blade"],"picked":"Quick Slash","floor":1},{"not_picked":["PiercingWail","Poisoned Stab","Quick Slash"],"picked":"SKIP","floor":4},{"not_picked":["Slice","Dodge and Roll","Outmaneuver"],"picked":"SKIP","floor":7},{"not_picked":["Skewer","Eviscerate","Predator"],"picked":"SKIP","floor":10},{"not_picked":["Flechettes","ReplayTheSpireMod:Scrap Shanks"],"picked":"Hidden Blade","floor":12},{"not_picked":["Reflex","Outmaneuver","Blur"],"picked":"SKIP","floor":14},{"not_picked":["Guardian:TwinSlam","Slimebound:CorrosiveSpit"],"picked":"Neutralize","floor":17},{"not_picked":["ReplayTheSpireMod:Uncanny Aura","Discovery"],"picked":"Replay:BasicMightCard","floor":17},{"not_picked":["infinitespire:Punishment","ReplayTheSpireMod:Book of Names"],"picked":"Replay:Fractal Strike","floor":17},{"not_picked":["Escape Plan","PiercingWail"],"picked":"ReplayTheSpireMod:Tripwire+1","floor":18},{"not_picked":["Reflex","All Out Attack","Glass Knife"],"picked":"SKIP","floor":20},{"not_picked":["Dodge and Roll","Hidden Blade"],"picked":"Blur","floor":24},{"not_picked":["Sneak Up","Backflip"],"picked":"Sucker Punch+1","floor":25},{"not_picked":["Dodge and Roll","ReplayTheSpireMod:The Works"],"picked":"Quick Slash","floor":28},{"not_picked":["Masterful Stab","PiercingWail"],"picked":"Footwork","floor":29},{"not_picked":["Glass Knife","Dagger Spray+1","Sucker Punch"],"picked":"SKIP","floor":30}],"player_experience":91948,"relics_obtained":[{"floor":7,"key":"Replay:WaspNest"},{"floor":9,"key":"infinitespire:BottledMercury"},{"floor":10,"key":"Tiny Chest"},{"floor":12,"key":"Golden Egg"},{"floor":22,"key":"Mirror"},{"floor":25,"key":"Regal Pillow"},{"floor":26,"key":"Blood Vial"},{"floor":30,"key":"Gambling Chip"},{"floor":31,"key":"Bottled Tornado"}],"event_choices":[{"damage_healed":0,"gold_gain":0,"player_choice":"Success","damage_taken":7,"relics_obtained":["Pen Nib"],"max_hp_gain":0,"max_hp_loss":0,"event_name":"Scrap Ooze","floor":2,"gold_loss":0},{"damage_healed":0,"gold_gain":0,"player_choice":"Rummage","damage_taken":0,"relics_obtained":["WarpedTongs"],"max_hp_gain":0,"max_hp_loss":0,"event_name":"Accursed Blacksmith","floor":3,"gold_loss":0,"cards_obtained":["Pain"]},{"damage_healed":0,"gold_gain":0,"player_choice":"Lose Max HP","damage_taken":0,"relics_obtained":["Golden Idol"],"max_hp_gain":0,"max_hp_loss":5,"event_name":"Golden Idol","floor":11,"gold_loss":0},{"damage_healed":0,"gold_gain":275,"player_choice":"Desecrate","damage_taken":0,"max_hp_gain":0,"max_hp_loss":0,"event_name":"Golden Shrine","floor":19,"gold_loss":0,"cards_obtained":["Regret"]}],"is_beta":false,"boss_relics":[{"not_picked":["SlaversCollar","infinitespire:Cupcake"],"picked":"ReplayTheSpireMod:SealedPack"}],"items_purged_floors":[21],"is_endless":false,"potions_floor_spawned":[1,7,20,24,30],"killed_by":"Collector","ascension_level":1}}