{"host":"pc7bizyp7423q6r6","time":1613675643,"event":{"mods":["BaseMod","Better Note","Block Reminder","Emptier Cage","Minty Spire (QoL Compilation)","Rare Cards Sparkle","Relic Stats","StSLib"],"gold_per_floor":[113,113,124,124,149,149,149],"floor_reached":6,"language":"ENG","playtime":204,"items_purged":[],"score":72,"play_id":"f41024fb-ed03-4698-ba0a-a29e57143da6","local_time":"20210218131403","is_ascension_mode":true,"campfire_choices":[],"circlet_count":0,"master_deck":["AscendersBane","Strike_R","Strike_R","Strike_R","Strike_R","Strike_R","Defend_R","Defend_R","Defend_R","Defend_R","Bash","Exhume","Pommel Strike","Regret","Perfected Strike"],"relics":["Burning Blood","Magic Flower","Golden Idol"],"acts_visited":["Exordium"],"potions_floor_usage":[6],"damage_taken":[{"damage":13.0,"enemies":"Cultist","floor":1.0,"turns":5.0},{"damage":7,"enemies":"Jaw Worm","floor":3,"turns":5},{"damage":6,"enemies":"Small Slimes","floor":5,"turns":4},{"damage":41,"enemies":"3 Sentries","floor":6,"turns":7}],"seed_played":"-3936154090674191979","potions_obtained":[{"floor":3,"key":"AttackPotion"}],"is_trial":false,"path_per_floor":["M","?","M","?","M","E"],"character_chosen":"IRONCLAD","items_purchased":[],"campfire_rested":0,"item_purchase_floors":[],"current_hp_per_floor":[61,61,63,37,40,0,0],"gold":149,"neow_bonus":"ONE_RANDOM_RARE_CARD","is_daily":false,"chose_seed":false,"campfire_upgraded":0,"win_rate":0.0,"timestamp":1613675643,"path_taken":["M","?","M","?","M","E"],"items_purchased_type":[],"build_version":"2020-12-22","purchased_purges":0,"victory":false,"max_hp_per_floor":[75,75,75,75,75,75,75],"relic_stats":{"counters":[4,21],"Golden Idol":5,"Magic Flower":[6],"obtain_stats":[{"Golden Idol":4,"Magic Flower":2,"Burning Blood":0},{"Golden Idol":2,"Magic Flower":1,"Burning Blood":0},{"Golden Idol":10,"Magic Flower":5,"Burning Blood":0}],"Burning Blood":24},"card_choices":[{"not_picked":["Body Slam","Armaments"],"picked":"Pommel Strike","floor":1.0},{"not_picked":["Armaments","Dark Embrace","Havoc"],"picked":"SKIP","floor":3},{"not_picked":["Warcry","Reckless Charge"],"picked":"Perfected Strike","floor":5}],"player_experience":1682814,"relics_obtained":[],"event_choices":[{"damage_healed":0,"gold_gain":0,"player_choice":"Box","damage_taken":0,"relics_obtained":["Magic Flower"],"max_hp_gain":0,"max_hp_loss":0,"event_name":"Big Fish","floor":2,"gold_loss":0,"cards_obtained":["Regret"]},{"damage_healed":0,"gold_gain":0,"player_choice":"Take Damage","damage_taken":26,"relics_obtained":["Golden Idol"],"max_hp_gain":0,"max_hp_loss":0,"event_name":"Golden Idol","floor":4,"gold_loss":0}],"is_beta":false,"boss_relics":[],"items_purged_floors":[],"is_endless":false,"potions_floor_spawned":[3],"killed_by":"3 Sentries","ascension_level":20}}