{"host":"by8i6f8xc0ywpsd5","time":1613666173,"event":{"mods":["BaseMod","Colored Map","Downfall","Minty Spire (QoL Compilation)","Relic Stats","StSLib"],"gold_per_floor":[99,115,565,22,42,42,89,89,124,140,174,349,379,53,67,166,166,166,181,196,196,196,196],"floor_reached":21,"language":"ENG","playtime":5079,"items_purged":["downfall:Icky","Doubt"],"score":217,"play_id":"f5e81ab0-1553-4255-ad22-fa0b43948bf5","local_time":"20210218183613","is_ascension_mode":true,"campfire_choices":[{"data":"champ:Taunt","floor":1.0,"key":"SMITH"},{"data":"champ:DeathBlow","floor":6.0,"key":"SMITH"},{"data":"champ:GladiatorForm","floor":8.0,"key":"SMITH"},{"data":"champ:MurderStrike","floor":18.0,"key":"SMITH"}],"circlet_count":0,"master_deck":["champ:Strike","champ:Strike","champ:Strike","champ:Defend","champ:Defend+1","champ:Defend","champ:Defend","champ:Execute","champ:Taunt+1","champ:EnGarde+1","champ:Haymaker","downfall:Icky","downfall:Icky","champ:GladiatorForm+1","champ:DeathBlow+1","champ:HeartStrike","champ:ShieldSlam","champ:FocusedBerserking","champ:ShieldSigil","champ:Encircle","champ:SteelEdge","champ:ShieldSlam","champ:SwordSigil","champ:EndlessRage","champ:MurderStrike+1","champ:StanceDance+1","champ:StanceDance+1"],"relics":["champ:ChampionCrown","Centennial Puzzle","Vajra","War Paint","Unceasing Top","Mummified Hand","champ:DefensiveTrainingManual","Membership Card","Pen Nib","Sozu"],"acts_visited":["Exordium","TheCity"],"potions_floor_usage":[],"damage_taken":[{"damage":10.0,"enemies":"Jaw Worm","floor":2.0,"turns":3.0},{"damage":20.0,"enemies":"downfall:FleeingMerchant","floor":4.0,"turns":4.0},{"damage":16.0,"enemies":"2 Louse","floor":5.0,"turns":4.0},{"damage":49.0,"enemies":"Gremlin Nob","floor":9.0,"turns":4.0},{"damage":23.0,"enemies":"Small Slimes","floor":10.0,"turns":5.0},{"damage":37.0,"enemies":"3 Sentries","floor":11.0,"turns":7.0},{"damage":88.0,"enemies":"Lagavulin","floor":13.0,"turns":8.0},{"damage":41.0,"enemies":"downfall:FleeingMerchant","floor":14.0,"turns":4.0},{"damage":15.0,"enemies":"Blue Slaver","floor":15.0,"turns":4.0},{"damage":76.0,"enemies":"IC_STATUS_ARCHETYPE","floor":16.0,"turns":8.0},{"damage":67.0,"enemies":"Shell Parasite","floor":19.0,"turns":5.0},{"damage":59,"enemies":"Chosen","floor":20,"turns":6},{"damage":44,"enemies":"Sentry and Sphere","floor":21,"turns":4}],"seed_played":"-2884611734936253417","potions_obtained":[{"floor":5.0,"key":"sneckomod:MuddlingPotion"},{"floor":10.0,"key":"Slimebound:ThreeZeroPotion"},{"floor":13.0,"key":"Block Potion"},{"floor":15.0,"key":"Fire Potion"}],"is_trial":false,"path_per_floor":["R","M","?","$","M","R","T","R","E","M","E","?","E","$","M","B",null,"R","M","M","M"],"character_chosen":"THE_CHAMP","items_purchased":["champ:DeathBlow","champ:HeartStrike","Centennial Puzzle","Vajra","Explosive Potion","Membership Card","champ:SwordSigil","Pen Nib"],"campfire_rested":0,"item_purchase_floors":[4,4,4,4,4,14,14,14],"current_hp_per_floor":[90,90,90,90,84,84,84,84,60,57,55,55,42,42,42,26,90,90,78,44,20,20,20],"gold":196,"neow_bonus":"TRANSFORM_CARD","is_daily":false,"chose_seed":false,"campfire_upgraded":4,"win_rate":0.0,"timestamp":1613666173,"path_taken":["R","M","?","$","M","R","T","R","E","M","E","?","E","$","M","BOSS","R","M","M","M"],"items_purchased_type":["Card","Card","Relic","Relic","Potion","Relic","Card","Relic"],"build_version":"2020-12-22","purchased_purges":2,"victory":false,"max_hp_per_floor":[90,90,90,90,90,90,90,90,90,90,90,90,90,90,90,90,90,90,90,90,90,90,90],"relic_stats":{"Sozu":0,"Centennial Puzzle":[33],"counters":[13,66],"Mummified Hand":[7],"Pen Nib":[3],"War Paint":["champ:EnGarde","champ:Defend"],"obtain_stats":[{"Sozu":17,"Centennial Puzzle":4,"Mummified Hand":11,"champ:DefensiveTrainingManual":13,"Vajra":4,"champ:ChampionCrown":0,"Pen Nib":14,"Membership Card":14,"War Paint":7,"Unceasing Top":9},{"Sozu":10,"Centennial Puzzle":2,"Mummified Hand":6,"champ:DefensiveTrainingManual":7,"Vajra":2,"champ:ChampionCrown":0,"Pen Nib":8,"Membership Card":8,"War Paint":3,"Unceasing Top":4},{"Sozu":51,"Centennial Puzzle":7,"Mummified Hand":27,"champ:DefensiveTrainingManual":35,"Vajra":7,"champ:ChampionCrown":0,"Pen Nib":39,"Membership Card":39,"War Paint":11,"Unceasing Top":15}],"Unceasing Top":[0]},"card_choices":[{"not_picked":["champ:DefensiveShout","champ:DefensiveStyle"],"picked":"champ:Haymaker","floor":2.0},{"not_picked":["champ:PerfectedStrike","champ:StanceDance"],"picked":"champ:GladiatorForm","floor":4.0},{"not_picked":["champ:Duel","champ:Parry"],"picked":"champ:ShieldSlam","floor":5.0},{"not_picked":["champ:FaceSlap","champ:FlashCut"],"picked":"champ:FocusedBerserking","floor":9.0},{"not_picked":["champ:EnragedBash","champ:BerserkersShout"],"picked":"champ:ShieldSigil","floor":10.0},{"not_picked":["champ:BerserkersShout","champ:BladeFlurry"],"picked":"champ:Encircle","floor":11.0},{"not_picked":["champ:FancyFootwork","champ:DefensiveShout"],"picked":"champ:SteelEdge","floor":13.0},{"not_picked":["champ:Shatter","champ:RisingSlash"],"picked":"champ:ShieldSlam","floor":14.0},{"not_picked":["champ:TornadoPunch","champ:PreciseThrust"],"picked":"champ:EndlessRage","floor":15.0},{"not_picked":["champ:IgnorePain","champ:TripleStrike"],"picked":"champ:MurderStrike","floor":16.0},{"not_picked":["champ:BerserkersShout","champ:CrookedStrike"],"picked":"champ:StanceDance+1","floor":19.0},{"not_picked":["champ:Circumvent","champ:FlashCut"],"picked":"champ:StanceDance+1","floor":20}],"player_experience":1818438,"relics_obtained":[{"floor":7.0,"key":"War Paint"},{"floor":9.0,"key":"Unceasing Top"},{"floor":11.0,"key":"Mummified Hand"},{"floor":13.0,"key":"champ:DefensiveTrainingManual"}],"event_choices":[],"is_beta":false,"boss_relics":[{"not_picked":["SlaversCollar","Cursed Key"],"picked":"Sozu"}],"items_purged_floors":[4,14],"is_endless":false,"potions_floor_spawned":[5,10,13,15],"killed_by":"Sentry and Sphere","ascension_level":2}}