{"host":"ujyomg7d1f18u2we","time":1613620684,"event":{"mods":["AchievementEnabler","AlwaysNeverKeys","Aspiration","BaseMod","Colored Map","DeckTracker","Gremlin Skip","Highlight Path","Hubris","Minty Spire (QoL Compilation)","Quick Restart","Random Character Button","StSLib"],"gold_per_floor":[116,116,116,128,128,128,155,155,155,155,155,255,267,283,283,379,379,393,393,393,393,161,161,161],"floor_reached":23,"language":"ENG","playtime":311,"items_purged":["Strike_R+1"],"score":336,"play_id":"25a0953b-ee8e-4272-bac3-191ea1adc2af","local_time":"20210218005804","is_ascension_mode":true,"campfire_choices":[{"data":"Bash","floor":6,"key":"SMITH"},{"data":"Cleave","floor":8,"key":"SMITH"},{"data":"Twin Strike","floor":11,"key":"SMITH"},{"data":"Rampage","floor":15,"key":"SMITH"}],"circlet_count":0,"master_deck":["AscendersBane","Strike_R+1","Strike_R+1","Strike_R+1","Strike_R+1","Defend_R+1","Defend_R+1","Defend_R+1","Defend_R+1","Bash+1","Cleave+1","Twin Strike+1","Dash+1","Rampage+1"],"relics":["Black Blood","NeowsBlessing","hubris:DisguiseKit","Strawberry","MutagenicStrength","Anchor"],"acts_visited":["Exordium","TheCity"],"potions_floor_usage":[16,16,23,23],"damage_taken":[{"damage":0,"enemies":"2 Louse","floor":1,"turns":1},{"damage":0,"enemies":"Cultist","floor":4,"turns":1},{"damage":0,"enemies":"Gremlin Nob","floor":7,"turns":1},{"damage":7,"enemies":"Jaw Worm","floor":13,"turns":3},{"damage":14,"enemies":"Red Slaver","floor":14,"turns":2},{"damage":43,"enemies":"Slime Boss","floor":16,"turns":10},{"damage":22,"enemies":"Spheric Guardian","floor":18,"turns":4},{"damage":72,"enemies":"Gremlin Leader","floor":23,"turns":6}],"seed_played":"4536027138651117084","potions_obtained":[{"floor":4,"key":"FearPotion"},{"floor":7,"key":"Fire Potion"},{"floor":16,"key":"Explosive Potion"},{"floor":18,"key":"Weak Potion"}],"is_trial":false,"path_per_floor":["M","?","$","M","$","R","E","R","T","?","R","?","M","M","R","B",null,"M","?","?","?","$","E"],"character_chosen":"IRONCLAD","items_purchased":["Anchor"],"campfire_rested":0,"item_purchase_floors":[22],"current_hp_per_floor":[78,78,78,80,80,80,80,80,87,87,87,87,86,78,78,41,76,66,66,66,66,66,0,0],"gold":161,"neow_bonus":"THREE_ENEMY_KILL","is_daily":false,"chose_seed":false,"campfire_upgraded":4,"win_rate":0.0,"timestamp":1613620684,"path_taken":["M","?","$","?","$","R","E","R","T","?","R","?","M","?","R","BOSS","M","?","?","?","$","E"],"items_purchased_type":["Relic"],"build_version":"2020-12-22","purchased_purges":1,"victory":false,"max_hp_per_floor":[80,80,80,80,80,80,80,80,87,87,87,87,87,87,87,87,87,87,87,87,87,87,87,87],"card_choices":[{"not_picked":["Clash","Body Slam"],"picked":"Cleave","floor":1},{"not_picked":["Uppercut","Anger","Dual Wield"],"picked":"SKIP","floor":4},{"not_picked":["Reckless Charge","Juggernaut"],"picked":"Twin Strike","floor":7},{"not_picked":["Iron Wave","hubris:ReadiedAction","Shrug It Off"],"picked":"Dash","floor":13},{"not_picked":["Fire Breathing","Twin Strike","Dodge and Roll"],"picked":"Rampage","floor":14},{"not_picked":["Warcry","Fire Breathing","Sword Boomerang+1","Outmaneuver"],"picked":"SKIP","floor":18}],"player_experience":1584193,"relics_obtained":[{"floor":7,"key":"hubris:DisguiseKit"},{"floor":9,"key":"Strawberry"}],"event_choices":[{"damage_healed":0,"gold_gain":0,"player_choice":"Ignored","damage_taken":0,"max_hp_gain":0,"max_hp_loss":0,"event_name":"Shining Light","floor":10,"gold_loss":0},{"damage_healed":0,"gold_gain":100,"player_choice":"Pray","damage_taken":0,"max_hp_gain":0,"max_hp_loss":0,"event_name":"Golden Shrine","floor":12,"gold_loss":0},{"damage_healed":0,"gold_gain":0,"player_choice":"Simplicity","damage_taken":0,"max_hp_gain":0,"max_hp_loss":0,"event_name":"Back to Basics","floor":19,"gold_loss":0,"cards_upgraded":["Strike_R","Strike_R","Strike_R","Strike_R","Strike_R","Defend_R","Defend_R","Defend_R","Defend_R"]},{"damage_healed":0,"gold_gain":0,"player_choice":"Inject Mutagens","damage_taken":0,"relics_obtained":["MutagenicStrength"],"max_hp_gain":0,"max_hp_loss":0,"event_name":"Drug Dealer","floor":21,"gold_loss":0}],"is_beta":false,"boss_relics":[{"not_picked":["hubris:CrackedHourglass","aspiration:WatcherSkillbook"],"picked":"Black Blood"}],"items_purged_floors":[22],"is_endless":false,"potions_floor_spawned":[4,7,14,16,18],"killed_by":"Gremlin Leader","ascension_level":12}}