{"host":"4qp30tywltrhkmjj","time":1613690384,"event":{"mods":["2.2 Compatiblity","AchievementEnabler","Act Like it!","Ascension Unlocker","Aspiration","BaseMod","Bestiary","Better Altar","Better Match","Better Note","Better Skull","Better Third Choice","BetterRewards","CCEM2","CapriCore","Challenge The Spire","Colored Map","Colored Powertips","Conjunction","Conspire","Defuse TimeMaze Blight","Displayed Cursed Tome","Downfall","EXCEPTION","Emptier Cage","Energized Spire","Exacting","Gold Saver","Halation","Highlight Path","Hubris","Infinite Spire","Jedi Mod","Lobotomy","LobotomyExtend","Minty Spire (QoL Compilation)","Poor People Problems","Replay The Spire","Ruina","SacredBarkPlus","Shop Mod","Spicy Shops","Spire Arcade","StSLib","The Blue Laboratory","Transform Curses","Uncapped","Unceasing Turn Reminder","Wandering Minibosses","Yuri Mod"],"gold_per_floor":[273,118,308,308,308,308,308,308,308,308,308,308,308,308,308,308,308,308,308,308,1,35,84,84,84],"floor_reached":24,"language":"ENG","playtime":1315,"items_purged":[],"score":409,"play_id":"995c81f4-8c50-4851-b753-4c598b897903","local_time":"20210219001944","is_ascension_mode":true,"campfire_choices":[{"data":"Fire Breathing","floor":7.0,"key":"SMITH"},{"data":"Madness","floor":10.0,"key":"SMITH"},{"data":"sneckomod:UnendingSupply","floor":15.0,"key":"SMITH"}],"circlet_count":0,"master_deck":["Woodsman","LongBird","Strike_R","Strike_R","Strike_R","Defend_R","Defend_R","Defend_R","Bash","Fire Breathing+1","Doubt","Dagger Spray","Choke","Replay:Bag of Tricks","Madness+1","hexamod:SpectersWail","champ:GladiatorStyle","OSAHOGD","sneckomod:UnendingSupply+1","hubris:NaturalOne","yuri:RelentlessStrikes","PunishingBird","jedi:forcepush+1","Doubt","hexamod:Rewind+1","ruina:Smile","downfall:Malfunctioning","bronze:OilSpill+1","Atom Bomb"],"relics":["Burning Blood","CogitoBucket","LetterFromLob","Toolbox","PrismaticShard","jedi:ominousloannote","aspiration:TomeofQuesting","Shuriken","hubris:CrystalStatue","Toy Ornithopter","Bag of Preparation","HellTrain","Replay:Ringing Soul","hubris:Icosahedron","Honey Jar","Replay:Mystery Machine","ReplayTheSpireMod:CursedCoin","CeramicFish","SkinProphecy","Justitia_r","halation:PrussianBluePaint","Logging_r"],"acts_visited":["Exordium","ruina:Briah"],"potions_floor_usage":[24,24],"damage_taken":[{"damage":5.0,"enemies":"Cultist","floor":1.0,"turns":5.0},{"damage":3.0,"enemies":"Small Slimes","floor":5.0,"turns":3.0},{"damage":21.0,"enemies":"3 Sentries","floor":6.0,"turns":6.0},{"damage":6.0,"enemies":"Gremlin Nob","floor":8.0,"turns":3.0},{"damage":0.0,"enemies":"3 Sentries","floor":11.0,"turns":4.0},{"damage":11.0,"enemies":"2 Louse","floor":12.0,"turns":3.0},{"damage":0.0,"enemies":"Gremlin Nob","floor":13.0,"turns":3.0},{"damage":0.0,"enemies":"Slime Boss","floor":16.0,"turns":5.0},{"damage":23.0,"enemies":"ruina:Nosferatu","floor":18.0,"turns":4.0},{"damage":5.0,"enemies":"ruina:2_Scarecrows","floor":20.0,"turns":4.0},{"damage":15.0,"enemies":"ruina:KingOfGreed","floor":22.0,"turns":3.0},{"damage":21.0,"enemies":"ruina:Mountain","floor":23.0,"turns":4.0}],"seed_played":"2107762900333847063","potions_obtained":[{"floor":5.0,"key":"DistilledChaos"},{"floor":6.0,"key":"blueLaboratory:BottledHope"},{"floor":11.0,"key":"Explosive Potion"},{"floor":13.0,"key":"blueLaboratory:Moonshine"},{"floor":18.0,"key":"blueLaboratory:HorrorPotion"},{"floor":20.0,"key":"GamblersBrew"},{"floor":23.0,"key":"Strength Potion"}],"is_trial":false,"path_per_floor":["M","$","$","?","M","E","R","E","T","R","E","M","E","?","R","B",null,"M","?","M","$","M","E","M"],"character_chosen":"IRONCLAD","items_purchased":["Toolbox","PrismaticShard","jedi:ominousloannote","aspiration:TomeofQuesting","ruina:Smile","ReplayTheSpireMod:CursedCoin","CeramicFish"],"campfire_rested":0,"item_purchase_floors":[2,3,3,3,21,21,21],"current_hp_per_floor":[80,80,80,80,80,77,77,77,77,77,80,75,83,83,83,86,86,72,75,95,98,94,78,0,0],"gold":84,"neow_bonus":"","is_daily":false,"chose_seed":false,"campfire_upgraded":3,"win_rate":0.0,"timestamp":1613690384,"path_taken":["M","?","$","?","?","E","R","E","T","R","E","M","E","?","R","BOSS","M","?","M","?","M","E","M"],"items_purchased_type":["Relic","Relic","Relic","Relic","Card","Relic","Relic"],"build_version":"2020-12-22","purchased_purges":0,"victory":false,"max_hp_per_floor":[80,80,80,80,80,80,80,80,80,80,80,80,83,83,83,86,86,89,92,95,98,101,106,108,108],"card_choices":[{"not_picked":["Second Wind","Thunderclap"],"picked":"Fire Breathing","floor":1.0},{"not_picked":["Dual Wield","hubris:Ukulele","bronze:Frontload"],"picked":"SKIP","floor":5.0},{"not_picked":["BigBird","OSAHOGD"],"picked":"DespairKnight","floor":6.0},{"not_picked":["Slimebound:GoopSpray","Slimebound:LevelUp","hexamod:SpectralSpark"],"picked":"SKIP","floor":6.0},{"not_picked":["Slimebound:GoopSpray","Slimebound:LevelUp","hexamod:SpectralSpark"],"picked":"SKIP","floor":6.0},{"not_picked":["Rebound","SashWhip"],"picked":"Madness","floor":8.0},{"not_picked":["Replay:SS_hec_1","Steam"],"picked":"hexamod:SpectersWail","floor":11.0},{"not_picked":["Variant","Bloodbath"],"picked":"QueenOfHatred","floor":12.0},{"not_picked":["sneckomod:UnknownX","Replay:Hum"],"picked":"champ:GladiatorStyle","floor":12.0},{"not_picked":["CherryBlossoms","LittlePrince"],"picked":"OSAHOGD","floor":13.0},{"not_picked":["sneckomod:ImprovisedAttack","Guardian:Gem_Blue"],"picked":"sneckomod:UnendingSupply","floor":13.0},{"not_picked":["Slimebound:RallyTheTroops","aspiration:Lunge"],"picked":"yuri:RelentlessStrikes","floor":16.0},{"not_picked":["Murderer","Variant","Freischutz"],"picked":"Singing Bowl","floor":18.0},{"not_picked":["GreedKing","CherryBlossoms"],"picked":"PunishingBird","floor":18.0},{"not_picked":["Slimebound:HungryTackle","Guardian:VentSteam","Acrobatics"],"picked":"jedi:forcepush+1","floor":18.0},{"not_picked":["QueenBee","GalaxyChild","ShyLook"],"picked":"Singing Bowl","floor":20.0},{"not_picked":["Prostrate","ShedSkin+1","yuri:Skip"],"picked":"hexamod:Rewind+1","floor":20.0},{"not_picked":["UniverseFragment","FairyFestival","Bloodbath"],"picked":"Singing Bowl","floor":22.0},{"not_picked":["Yin","HappyTeddy"],"picked":"LongBird","floor":22.0},{"not_picked":["champ:CalledShot","hubris:CleavingFinish+1","sneckomod:RainOfDice+1"],"picked":"bronze:OilSpill+1","floor":22.0},{"not_picked":["SpiderBud","CherryBlossoms","FairyFestival"],"picked":"Singing Bowl","floor":23.0},{"not_picked":["LittleHelper","CherryBlossoms"],"picked":"Woodsman","floor":23.0},{"not_picked":["yuri:CalmingAura","Guardian:ShieldCharger+1","bronze:CutThrough"],"picked":"Atom Bomb","floor":23.0}],"player_experience":485076,"relics_obtained":[{"floor":1.0,"key":"LetterFromLob"},{"floor":6.0,"key":"Shuriken"},{"floor":8.0,"key":"hubris:CrystalStatue"},{"floor":9.0,"key":"Toy Ornithopter"},{"floor":11.0,"key":"Bag of Preparation"},{"floor":13.0,"key":"Replay:Ringing Soul"},{"floor":23.0,"key":"halation:PrussianBluePaint"}],"event_choices":[],"is_beta":false,"boss_relics":[{"not_picked":["aspiration:PoetsPen","expansioncontent:StudyCardRelic"],"picked":"Honey Jar"}],"items_purged_floors":[],"is_endless":false,"potions_floor_spawned":[5,6,11,13,18,20,23],"killed_by":"ruina:KnightOfDespair","ascension_level":1}}