{"host":"g907ck67u7c3hrs6","time":1613645198,"event":{"mods":["BaseMod","Colored Map","DeckTracker","Force Act Four","Highlight Path","Keyboard Shortcuts","Minty Spire (QoL Compilation)","Permanent Neow","Say the Spire","SuperFastMode"],"gold_per_floor":[113,127,193,28,47,82,96,124,175,205,230,257,257,289,289,367,367,378,303,322,149,161,187,222,248,248,279,310,210,237,265,265,337,337,349,362,362,362,362,387,417,452,476,509,509,541,571,599,599,599,599,599,599,44,78,78],"floor_reached":57,"language":"KOR","playtime":1496,"items_purged":["Injury","Regret"],"score":4051,"play_id":"ac6dc3fd-d1dd-405b-a9cc-fdc50426c373","local_time":"20210218194638","daily_mods":["SealedDeck","Heirloom","Time Dilation","Flight","DeadlyEvents","Cursed Run","Elite Swarm"],"is_ascension_mode":true,"campfire_choices":[{"data":"Limit Break","floor":13.0,"key":"SMITH"},{"data":"Limit Break","floor":15.0,"key":"SMITH"},{"data":"Limit Break","floor":32,"key":"SMITH"},{"data":"1","floor":45,"key":"LIFT"},{"floor":49,"key":"RECALL"},{"data":"2","floor":53,"key":"LIFT"}],"circlet_count":0,"master_deck":["AscendersBane","True Grit","Sword Boomerang+1","Rupture","Seeing Red+1","Shockwave","Body Slam+1","Hemokinesis","Entrench","Fire Breathing","Flame Barrier","Wild Strike","Reaper","Disarm+1","Impervious","Clumsy","Feed","Limit Break+1","Limit Break+1","Reaper","Limit Break+1","Limit Break+1","Shockwave","Offering","Offering","Reaper","Reaper","Barricade","Offering","Reaper","Secret Technique","Master of Strategy","Thinking Ahead","Limit Break","Reaper","Parasite","Limit Break","Parasite","Injury","Thinking Ahead","Offering","Decay"],"relics":["Cursed Key","Darkstone Periapt","Du-Vu Doll","Ginger","Red Skull","StoneCalendar","Shuriken","Whetstone","Bag of Preparation","Tiny Chest","Question Card","Anchor","Runic Dome","DollysMirror","InkBottle","Regal Pillow","Happy Flower","Singing Bowl","Centennial Puzzle","Art of War","Bottled Flame","Unceasing Top","Empty Cage","Boot","Girya","The Courier","War Paint","Charon\u0027s Ashes","Ancient Tea Set","Nunchaku","Vajra","Lizard Tail","Bag of Marbles"],"acts_visited":["Exordium","TheCity","TheBeyond","TheEnding"],"potions_floor_usage":[56,56],"damage_taken":[{"damage":6.0,"enemies":"Small Slimes","floor":1.0,"turns":2.0},{"damage":2.0,"enemies":"Jaw Worm","floor":2.0,"turns":3.0},{"damage":2.0,"enemies":"2 Louse","floor":5.0,"turns":2.0},{"damage":24.0,"enemies":"Gremlin Nob","floor":6.0,"turns":4.0},{"damage":6.0,"enemies":"Lots of Slimes","floor":7.0,"turns":2.0},{"damage":5.0,"enemies":"Lagavulin","floor":8.0,"turns":6.0},{"damage":34.0,"enemies":"Gremlin Nob","floor":10.0,"turns":4.0},{"damage":8.0,"enemies":"3 Sentries","floor":11.0,"turns":4.0},{"damage":1.0,"enemies":"Lagavulin","floor":12.0,"turns":5.0},{"damage":16.0,"enemies":"3 Sentries","floor":14.0,"turns":4.0},{"damage":49.0,"enemies":"The Guardian","floor":16.0,"turns":6.0},{"damage":2.0,"enemies":"Chosen","floor":18.0,"turns":3.0},{"damage":2.0,"enemies":"3 Byrds","floor":20.0,"turns":4.0},{"damage":20.0,"enemies":"3 Cultists","floor":22.0,"turns":4.0},{"damage":49.0,"enemies":"Gremlin Leader","floor":23.0,"turns":4.0},{"damage":10.0,"enemies":"Book of Stabbing","floor":24.0,"turns":3.0},{"damage":0.0,"enemies":"Gremlin Leader","floor":25.0,"turns":2.0},{"damage":12.0,"enemies":"Book of Stabbing","floor":27.0,"turns":1.0},{"damage":12.0,"enemies":"Gremlin Leader","floor":28.0,"turns":3.0},{"damage":30,"enemies":"Book of Stabbing","floor":30,"turns":3},{"damage":31,"enemies":"Slavers","floor":31,"turns":2},{"damage":18,"enemies":"Collector","floor":33,"turns":1},{"damage":6,"enemies":"Orb Walker","floor":35,"turns":1},{"damage":6,"enemies":"3 Darklings","floor":36,"turns":1},{"damage":40,"enemies":"Nemesis","floor":40,"turns":3},{"damage":23,"enemies":"Giant Head","floor":41,"turns":3},{"damage":53,"enemies":"Nemesis","floor":42,"turns":5},{"damage":14,"enemies":"Giant Head","floor":44,"turns":3},{"damage":14,"enemies":"Nemesis","floor":46,"turns":3},{"damage":6,"enemies":"Reptomancer","floor":47,"turns":3},{"damage":18,"enemies":"Giant Head","floor":48,"turns":2},{"damage":20,"enemies":"Donu and Deca","floor":50,"turns":2},{"damage":28,"enemies":"Awakened One","floor":51,"turns":3},{"damage":67,"enemies":"Shield and Spear","floor":55,"turns":3},{"damage":76,"enemies":"The Heart","floor":56,"turns":5}],"seed_played":"1812055524347901953","potions_obtained":[{"floor":1.0,"key":"LiquidBronze"},{"floor":2.0,"key":"SneckoOil"},{"floor":8.0,"key":"DistilledChaos"}],"is_trial":true,"path_per_floor":["M","M","?","$","M","E","M","E","T","E","E","E","R","E","R","B",null,"M","$","M","$","M","E","E","E","T","E","E","$","E","E","R","B",null,"M","M","$","$","?","E","E","E","T","E","R","E","E","E","R","B","B",null,"R","$","E","B",null],"character_chosen":"IRONCLAD","items_purchased":["Red Skull","DollysMirror","Vajra","Lizard Tail","Thinking Ahead"],"campfire_rested":0,"item_purchase_floors":[4,21,54,54,54],"current_hp_per_floor":[62,60,60,60,58,34,59,61,67,39,60,74,74,74,74,49,87,88,88,105,105,108,89,79,82,88,78,94,94,125,125,125,131,131,136,135,135,135,125,128,124,81,87,148,148,154,153,161,161,167,167,172,172,172,171,179],"gold":78,"neow_bonus":"","is_daily":false,"chose_seed":false,"campfire_upgraded":3,"win_rate":0.0,"timestamp":1613645198,"path_taken":["M","M","?","$","M","E","M","E","T","E","E","E","R","E","R","BOSS","M","$","M","$","M","E","E","E","T","E","E","$","E","E","R","BOSS","M","M","$","$","?","E","E","E","T","E","R","E","E","E","R","BOSS","BOSS","R","$","E","BOSS"],"items_purchased_type":["Relic","Relic","Relic","Relic","Card"],"build_version":"2020-12-22","purchased_purges":2,"victory":true,"max_hp_per_floor":[75,75,75,75,75,75,75,75,81,81,84,87,87,90,90,99,99,102,102,105,105,108,108,108,111,117,119,122,122,125,125,125,131,131,136,141,141,141,141,141,141,146,152,154,154,154,159,161,161,167,173,173,173,173,173,179],"card_choices":[{"not_picked":["Heavy Blade","Armaments"],"picked":"Flame Barrier","floor":1.0},{"not_picked":["True Grit","Twin Strike","Uppercut"],"picked":"SKIP","floor":2.0},{"not_picked":["Dropkick","Warcry"],"picked":"Wild Strike","floor":5.0},{"not_picked":["Impervious","Corruption"],"picked":"Reaper","floor":6.0},{"not_picked":["Cleave","Havoc"],"picked":"Disarm","floor":7.0},{"not_picked":["Corruption","Feed"],"picked":"Impervious","floor":8.0},{"not_picked":["Juggernaut","Bludgeon"],"picked":"Feed","floor":10.0},{"not_picked":["Feed","Offering"],"picked":"Limit Break","floor":11.0},{"not_picked":["Bludgeon","Feed"],"picked":"Limit Break","floor":12.0},{"not_picked":["Barricade","Berserk","Bludgeon"],"picked":"Reaper","floor":14.0},{"not_picked":["Fiend Fire","Berserk","Bludgeon"],"picked":"Limit Break","floor":16.0},{"not_picked":["Rampage","Blood for Blood","Havoc","Armaments"],"picked":"SKIP","floor":18.0},{"not_picked":["Sword Boomerang","Second Wind","Dark Embrace","Perfected Strike"],"picked":"SKIP","floor":20.0},{"not_picked":["Iron Wave","Armaments","Shockwave","Warcry"],"picked":"SKIP","floor":22.0},{"not_picked":["Iron Wave","Armaments","Warcry"],"picked":"Shockwave","floor":22.0},{"not_picked":["Corruption","Barricade","Reaper"],"picked":"Offering","floor":23.0},{"not_picked":["Barricade","Demon Form","Corruption"],"picked":"Offering","floor":24.0},{"not_picked":["Feed","Brutality","Juggernaut"],"picked":"Reaper","floor":25.0},{"not_picked":["Corruption","Double Tap","Fiend Fire","Immolate"],"picked":"Singing Bowl","floor":27.0},{"not_picked":["Immolate","Berserk","Feed"],"picked":"Reaper","floor":28.0},{"not_picked":["Brutality","Bludgeon","Berserk"],"picked":"Barricade","floor":30},{"not_picked":["Exhume","Brutality","Double Tap"],"picked":"Offering","floor":31},{"not_picked":["Brutality","Bludgeon","Fiend Fire"],"picked":"Reaper","floor":33},{"not_picked":["True Grit+1","Sword Boomerang","Armaments+1","Clash+1"],"picked":"Singing Bowl","floor":35},{"not_picked":["Heavy Blade","Wild Strike","Searing Blow+1","Twin Strike"],"picked":"Singing Bowl","floor":36},{"not_picked":["Dramatic Entrance","Panacea","Metamorphosis"],"picked":"Secret Technique","floor":39},{"not_picked":["Metamorphosis","Panache","Purity"],"picked":"Master of Strategy","floor":39},{"not_picked":["Blind","Purity","Dramatic Entrance"],"picked":"Thinking Ahead","floor":39},{"not_picked":["Offering","Fiend Fire","Juggernaut"],"picked":"Limit Break","floor":40},{"not_picked":["Immolate","Corruption","Barricade"],"picked":"Reaper","floor":41},{"not_picked":["Feed","Impervious","Brutality","Double Tap"],"picked":"Singing Bowl","floor":42},{"not_picked":["Corruption","Exhume","Impervious","Immolate"],"picked":"Singing Bowl","floor":44},{"not_picked":["Berserk","Brutality","Reaper"],"picked":"Limit Break","floor":46},{"not_picked":["Double Tap","Reaper","Bludgeon","Demon Form"],"picked":"Singing Bowl","floor":47},{"not_picked":["Barricade","Corruption","Reaper","Demon Form"],"picked":"Singing Bowl","floor":48},{"not_picked":["Brutality","Immolate","Bludgeon"],"picked":"Offering","floor":55}],"player_experience":322109,"relics_obtained":[{"floor":6.0,"key":"StoneCalendar"},{"floor":8.0,"key":"Shuriken"},{"floor":9.0,"key":"Whetstone"},{"floor":10.0,"key":"Bag of Preparation"},{"floor":11.0,"key":"Tiny Chest"},{"floor":12.0,"key":"Question Card"},{"floor":14.0,"key":"Anchor"},{"floor":23.0,"key":"InkBottle"},{"floor":24.0,"key":"Regal Pillow"},{"floor":25.0,"key":"Happy Flower"},{"floor":26.0,"key":"Singing Bowl"},{"floor":27.0,"key":"Centennial Puzzle"},{"floor":28.0,"key":"Art of War"},{"floor":30,"key":"Bottled Flame"},{"floor":31,"key":"Unceasing Top"},{"floor":40,"key":"Boot"},{"floor":41,"key":"Girya"},{"floor":42,"key":"The Courier"},{"floor":44,"key":"War Paint"},{"floor":46,"key":"Charon\u0027s Ashes"},{"floor":47,"key":"Ancient Tea Set"},{"floor":48,"key":"Nunchaku"},{"floor":55,"key":"Bag of Marbles"}],"event_choices":[{"damage_healed":0.0,"max_hp_gain":0.0,"max_hp_loss":0.0,"gold_gain":66.0,"event_name":"Golden Wing","player_choice":"Gained Gold","floor":3.0,"gold_loss":0.0,"damage_taken":0.0},{"damage_healed":0,"gold_gain":0,"player_choice":"Memory 3","damage_taken":10,"max_hp_gain":0,"max_hp_loss":0,"event_name":"SensoryStone","floor":39,"gold_loss":0}],"is_beta":false,"boss_relics":[{"not_picked":["Philosopher\u0027s Stone","SlaversCollar"],"picked":"Runic Dome"},{"not_picked":["Velvet Choker","Fusion Hammer"],"picked":"Empty Cage"}],"items_purged_floors":[19,29],"is_endless":false,"potions_floor_spawned":[1,2,8,10,14,18,23,24,25,31,33,36,44,46,47],"ascension_level":20}}