{"host":"8g24zuco0epbjwbo","time":1613631885,"event":{"mods":["Act Like it!","Aspiration","Bard","BaseMod","Beaked The Cultist","Hermit","Hubris","Infinite Spire","Minty Spire (QoL Compilation)","Relic Stats","Reliquary","Replay The Spire","Small Relic Pack","Spire Arcade","StSLib","The Blue Laboratory","The Construct","The IronCluck","The Judge","The Jungle","The Runesmith","[IsaacMod]????"],"gold_per_floor":[114,114,114,39,53,80,92,162,174,220,292,304,335,361,373,490,502,532,554,481,513,538,550,595,607,619,631,330,330,349,25,25,130,130,142,142,142,142,154,154,189,189,189,189,189,223,223,242,242,242],"floor_reached":51,"language":"ENG","playtime":2104,"items_purged":["Defend_B","Strike_B"],"score":873,"play_id":"d6ba0eb7-8806-4717-9423-54096e01e4d7","local_time":"20210218020445","is_ascension_mode":true,"campfire_choices":[{"data":"Zap","floor":7.0,"key":"SMITH"},{"data":"1","floor":12,"key":"LIFT"},{"data":"2","floor":15,"key":"LIFT"},{"data":"3","floor":23,"key":"LIFT"},{"data":"Defragment","floor":29,"key":"SMITH"},{"data":"Loop","floor":32,"key":"SMITH"},{"floor":40,"key":"RECALL"},{"data":"infinitespire:Oblivion","floor":44,"key":"SMITH"},{"data":"Time Bomb","floor":47,"key":"SMITH"},{"data":"BasicCrystalCard","floor":49,"key":"SMITH"}],"circlet_count":0,"master_deck":["Strike_B","Strike_B","Strike_B","Defend_B","Defend_B","Defend_B","Zap+1","Dualcast","Conserve Battery","Loop+1","Buffer+1","Defragment+1","Hologram","Cold Snap","Coolheaded","Ball Lightning","Time Bomb+1","Echo Form+1","Sweeping Beam","Rebound","Leap","Pulse","Ball Lightning+1","Barrage","Go for the Eyes","BasicCrystalCard+1","infinitespire:Oblivion+1","Storm+1","Storm+1","Fan+1","BasicCrystalCard","ReplayTheSpireMod:Brewmster+1","Biased Cognition+1","BootSequence+1","Melter","Ball Lightning+1","Reboot+1","Streamline+1"],"relics":["Cracked Core","HushsDoor","D6","aspiration:Nostalgia","PureWater","relicPack:OneForAll","Prayer Wheel","MawBank","Golden Egg","Girya","reliquary:Firecrackers","Blood Vial","Busted Crown","aspiration:FaultyCoupler","Regal Pillow","Inserter","Replay:Bottled Flurry","HowToJump","hubris:BottledHeart","Geode","Replay:Rubber Ducky","aspiration:MobileForge","hubris:NiceRug","hubris:Icosahedron","reliquary:PartyBalloon","Whetstone","BookofShadows"],"acts_visited":["Exordium","TheCity","TheBeyond"],"potions_floor_usage":[11,18,35,46,46,50,50,50,50,50],"damage_taken":[{"damage":0.0,"enemies":"Cultist","floor":1.0,"turns":3.0},{"damage":0.0,"enemies":"Small Slimes","floor":5.0,"turns":3.0},{"damage":11.0,"enemies":"Replay:BlueRogue","floor":6.0,"turns":7.0},{"damage":25.0,"enemies":"3 Sentries","floor":8.0,"turns":7.0},{"damage":4.0,"enemies":"Replay:BlueRogue","floor":10.0,"turns":4.0},{"damage":0,"enemies":"Gremlin Nob","floor":11,"turns":4},{"damage":6,"enemies":"Jaw Worm","floor":13,"turns":3},{"damage":3,"enemies":"Blue Slaver","floor":14,"turns":4},{"damage":0,"enemies":"The Guardian","floor":16,"turns":9},{"damage":3,"enemies":"Shell Parasite","floor":18,"turns":6},{"damage":0,"enemies":"3 Byrds","floor":19,"turns":5},{"damage":0,"enemies":"Centurion and Healer","floor":21,"turns":6},{"damage":0,"enemies":"Shelled Parasite and Fungi","floor":22,"turns":4},{"damage":30,"enemies":"Slavers","floor":24,"turns":5},{"damage":0,"enemies":"Snecko","floor":30,"turns":3},{"damage":0,"enemies":"hubris:MusketHawk","floor":33,"turns":5},{"damage":0,"enemies":"Orb Walker","floor":35,"turns":3},{"damage":0,"enemies":"hubris:Merchant","floor":36,"turns":2},{"damage":0,"enemies":"3 Shapes","floor":39,"turns":3},{"damage":0,"enemies":"Nemesis","floor":41,"turns":5},{"damage":0,"enemies":"Giant Head","floor":46,"turns":6},{"damage":0,"enemies":"Sphere and 2 Shapes","floor":48,"turns":3},{"damage":0,"enemies":"Replay:Hell Engine","floor":50,"turns":6}],"seed_played":"8024166615512274753","potions_obtained":[{"floor":1.0,"key":"blueLaboratory:LouseDecoction"},{"floor":10,"key":"blueLaboratory:BottleOfRum"},{"floor":11,"key":"SpeedPotion"},{"floor":14,"key":"Milkshake"},{"floor":18,"key":"Fruit Juice"},{"floor":22,"key":"blueLaboratory:PolymorphPotion"}],"is_trial":false,"path_per_floor":["M","?","?","$","M","E","R","E","T","E","?","R","M","M","R","B",null,"M","M","?","M","M","R","E","AVR","T","?","$","R","M","$","R","B",null,"M","$","?","?","M","R","E","?","T","R","?","E","R","M","R","B",null],"character_chosen":"DEFECT","items_purchased":["Storm","Geode","Replay:Rubber Ducky","ReplayTheSpireMod:Brewmster"],"campfire_rested":0,"item_purchase_floors":[28,28,31,31],"current_hp_per_floor":[75,75,75,75,75,64,64,39,39,35,35,35,31,30,30,32,75,77,79,79,80,80,80,50,50,50,1,1,1,1,1,1,1,1,1,1,1,1,1,1,1,1,1,1,1,1,1,1,1,1],"gold":242,"neow_bonus":"NOSTALGIA","is_daily":false,"chose_seed":false,"campfire_upgraded":6,"win_rate":0.0,"timestamp":1613631885,"path_taken":["M","?","?","$","?","E","R","E","T","E","?","R","?","M","R","BOSS","M","?","?","M","M","R","E","AVR","T","?","?","R","M","$","R","BOSS","M","$","?","?","?","R","E","?","T","R","?","E","R","?","R","BOSS"],"items_purchased_type":["Card","Relic","Relic","Card"],"build_version":"2020-12-22","purchased_purges":2,"victory":true,"max_hp_per_floor":[75,75,75,75,75,75,75,75,75,75,75,75,75,75,75,75,75,80,80,80,80,80,80,80,80,80,1,1,1,1,1,1,1,1,1,1,1,1,1,1,1,1,1,1,1,1,1,1,1,1],"relic_stats":{"Blood Vial":9,"Regal Pillow":0,"Busted Crown":66,"Inserter":[18],"counters":[23,105],"Prayer Wheel":10,"Whetstone":["Ball Lightning","Ball Lightning"],"MawBank":264,"obtain_stats":[{"Golden Egg":8,"Regal Pillow":24,"reliquary:PartyBalloon":41,"reliquary:Firecrackers":10,"Whetstone":43,"Replay:Rubber Ducky":31,"relicPack:OneForAll":3,"Blood Vial":11,"hubris:Icosahedron":37,"aspiration:MobileForge":34,"Prayer Wheel":6,"Replay:Bottled Flurry":25,"Cracked Core":0,"aspiration:FaultyCoupler":20,"KeepersGift":0,"Girya":9,"BookofShadows":46,"Inserter":25,"HowToJump":26,"aspiration:Nostalgia":0,"Geode":28,"MawBank":6,"D6":0,"Busted Crown":17,"hubris:BottledHeart":27,"PureWater":0,"HushsDoor":0,"hubris:NiceRug":36},{"Golden Egg":4,"Regal Pillow":14,"reliquary:PartyBalloon":20,"reliquary:Firecrackers":5,"Whetstone":20,"Replay:Rubber Ducky":15,"relicPack:OneForAll":1,"Blood Vial":6,"hubris:Icosahedron":18,"aspiration:MobileForge":16,"Prayer Wheel":3,"Replay:Bottled Flurry":14,"Cracked Core":0,"aspiration:FaultyCoupler":11,"KeepersGift":0,"Girya":4,"BookofShadows":21,"Inserter":14,"HowToJump":14,"aspiration:Nostalgia":0,"Geode":14,"MawBank":3,"D6":0,"Busted Crown":9,"hubris:BottledHeart":14,"PureWater":0,"HushsDoor":0,"hubris:NiceRug":18},{"Golden Egg":20,"Regal Pillow":70,"reliquary:PartyBalloon":91,"reliquary:Firecrackers":24,"Whetstone":91,"Replay:Rubber Ducky":73,"relicPack:OneForAll":3,"Blood Vial":28,"hubris:Icosahedron":83,"aspiration:MobileForge":78,"Prayer Wheel":9,"Replay:Bottled Flurry":70,"Cracked Core":0,"aspiration:FaultyCoupler":55,"KeepersGift":0,"Girya":20,"BookofShadows":96,"Inserter":70,"HowToJump":70,"aspiration:Nostalgia":0,"Geode":70,"MawBank":13,"D6":0,"Busted Crown":44,"hubris:BottledHeart":70,"PureWater":0,"HushsDoor":0,"hubris:NiceRug":83}]},"card_choices":[{"not_picked":["Compile Driver","Bomb"],"picked":"Conserve Battery","floor":1.0},{"not_picked":["Compile Driver","Sweeping Beam"],"picked":"ReplayTheSpireMod:Fabricate Wheel","floor":5.0},{"not_picked":["Compile Driver","Beam Cell"],"picked":"Loop","floor":6.0},{"not_picked":["Heatsinks","Coolheaded"],"picked":"Buffer","floor":8.0},{"not_picked":["hubris:Prefetch","Leap"],"picked":"Defragment","floor":10},{"not_picked":["Go for the Eyes","Rebound"],"picked":"Hologram","floor":11},{"not_picked":["Hologram","Ball Lightning"],"picked":"Cold Snap","floor":13},{"not_picked":["Gash","Double Energy"],"picked":"Coolheaded","floor":13},{"not_picked":["Steam","ReplayTheSpireMod:Repulse"],"picked":"Ball Lightning","floor":14},{"not_picked":["Ball Lightning","Sweeping Beam"],"picked":"Time Bomb","floor":14},{"not_picked":["ReplayTheSpireMod:Fabricate Wheel","Rainbow"],"picked":"Echo Form","floor":16},{"not_picked":[],"picked":"Sweeping Beam","floor":18},{"not_picked":[],"picked":"Rebound","floor":18},{"not_picked":[],"picked":"Leap","floor":19},{"not_picked":[],"picked":"Pulse","floor":19},{"not_picked":[],"picked":"Ball Lightning","floor":21},{"not_picked":[],"picked":"Barrage","floor":21},{"not_picked":[],"picked":"Go for the Eyes","floor":22},{"not_picked":[],"picked":"BasicCrystalCard","floor":22},{"not_picked":["Go for the Eyes"],"picked":"SKIP","floor":24},{"not_picked":[],"picked":"Fan+1","floor":30},{"not_picked":[],"picked":"BasicCrystalCard","floor":30},{"not_picked":[],"picked":"Biased Cognition","floor":33},{"not_picked":[],"picked":"BootSequence+1","floor":35},{"not_picked":["Aggregate"],"picked":"SKIP","floor":35},{"not_picked":[],"picked":"Melter","floor":39},{"not_picked":["ReplayGash"],"picked":"SKIP","floor":39},{"not_picked":["Rip and Tear+1"],"picked":"SKIP","floor":41},{"not_picked":["Go for the Eyes"],"picked":"SKIP","floor":46},{"not_picked":[],"picked":"Streamline+1","floor":48},{"not_picked":["Rebound"],"picked":"SKIP","floor":48}],"player_experience":428727,"relics_obtained":[{"floor":6.0,"key":"MawBank"},{"floor":8.0,"key":"Golden Egg"},{"floor":9.0,"key":"Girya"},{"floor":10,"key":"reliquary:Firecrackers"},{"floor":11,"key":"Blood Vial"},{"floor":24,"key":"Regal Pillow"},{"floor":26,"key":"HowToJump"},{"floor":41,"key":"reliquary:PartyBalloon"},{"floor":43,"key":"Whetstone"},{"floor":46,"key":"BookofShadows"}],"event_choices":[{"damage_healed":0,"gold_gain":30,"player_choice":"Searched \u00272\u0027 times","damage_taken":0,"max_hp_gain":0,"max_hp_loss":0,"event_name":"Dead Adventurer","floor":11,"gold_loss":0},{"damage_healed":0,"gold_gain":0,"player_choice":"Obtained Relic","damage_taken":0,"relics_obtained":["aspiration:FaultyCoupler"],"max_hp_gain":0,"max_hp_loss":0,"event_name":"Addict","floor":20,"gold_loss":85},{"damage_healed":0,"gold_gain":0,"player_choice":"2 cards matched","damage_taken":0,"max_hp_gain":0,"max_hp_loss":0,"event_name":"Match and Keep!","floor":42,"gold_loss":0,"cards_obtained":["Ball Lightning","Reboot"]}],"is_beta":false,"boss_relics":[{"not_picked":["construct:ClawGrip","hubris:VirtuousBlindfold"],"picked":"Busted Crown"},{"not_picked":[]},{"not_picked":["FrozenCore","Snecko Heart"],"picked":"aspiration:MobileForge"},{"not_picked":[]}],"items_purged_floors":[4,28],"is_endless":false,"potions_floor_spawned":[1,10,11,14,16,18,22,30,41,46,48],"ascension_level":1}}