{"host":"eaiphzh066bwqdh7","time":1613681009,"event":{"mods":["AchievementEnabler","Aspiration","BaseMod","Better Note","Colored Powertips","Halation","Highlight Path","Hubris","Infinite Spire","Minty Spire (QoL Compilation)","Quick Restart","Reliquary","Replay The Spire","StSLib"],"gold_per_floor":[115,115,131,150,75,75,155,4,4,29,43,43,43,43,43,43,43],"floor_reached":16,"language":"ENG","playtime":387,"items_purged":["Injury"],"score":118,"play_id":"cadec0b4-9d3b-490f-ac30-096622ab7e14","local_time":"20210218154329","is_ascension_mode":true,"campfire_choices":[{"data":"Judgement","floor":6,"key":"SMITH"},{"floor":13,"key":"REST"},{"data":"Prostrate","floor":15,"key":"SMITH"}],"circlet_count":0,"master_deck":["Strike_P","Strike_P","Strike_P","Strike_P","Defend_P","Defend_P","Defend_P","Defend_P","Eruption","Vigilance","Prostrate+1","Judgement+1","Protect+1","Wish+1","DeusExMachina+1"],"relics":["PureWater","NeowsBlessing","Frozen Egg 2","Toxic Egg 2","Anchor","Matryoshka","Replay:Bottled Steam"],"acts_visited":["Exordium"],"potions_floor_usage":[10,11,16],"damage_taken":[{"damage":0,"enemies":"Small Slimes","floor":1,"turns":1},{"damage":0,"enemies":"Jaw Worm","floor":3,"turns":1},{"damage":0,"enemies":"2 Louse","floor":4,"turns":1},{"damage":21,"enemies":"Replay:BlueRogue","floor":10,"turns":9},{"damage":0,"enemies":"Lots of Slimes","floor":11,"turns":4},{"damage":73,"enemies":"Hexaghost","floor":16,"turns":11}],"seed_played":"706012351022863070","potions_obtained":[{"floor":1,"key":"SpeedPotion"},{"floor":4,"key":"Weak Potion"},{"floor":10,"key":"Block Potion"}],"is_trial":false,"path_per_floor":["M","?","M","M","$","R","T","$","T","E","M","$","R","?","R","B"],"character_chosen":"WATCHER","items_purchased":["Anchor"],"campfire_rested":1,"item_purchase_floors":[8],"current_hp_per_floor":[72,72,72,72,72,72,72,72,72,51,51,51,72,72,72,0,0],"gold":43,"neow_bonus":"THREE_ENEMY_KILL","is_daily":false,"chose_seed":false,"campfire_upgraded":2,"win_rate":0.0,"timestamp":1613681009,"path_taken":["M","?","M","M","$","R","?","$","T","E","M","$","R","?","R","BOSS"],"items_purchased_type":["Relic"],"build_version":"2020-12-22","purchased_purges":1,"victory":false,"max_hp_per_floor":[72,72,72,72,72,72,72,72,72,72,72,72,72,72,72,72,72],"card_choices":[{"not_picked":["SignatureMove","Indignation","Evaluate"],"picked":"SKIP","floor":1},{"not_picked":["Crescendo","FearNoEvil"],"picked":"Prostrate","floor":3},{"not_picked":["FlyingSleeves","CrushJoints"],"picked":"Judgement","floor":4},{"not_picked":["Evaluate+1","FlyingSleeves"],"picked":"Protect+1","floor":10},{"not_picked":["EmptyBody+1","Replay:AtTheReady+1"],"picked":"Wish+1","floor":11}],"player_experience":324048,"relics_obtained":[{"floor":7,"key":"Toxic Egg 2"},{"floor":9,"key":"Matryoshka"},{"floor":10,"key":"Replay:Bottled Steam"}],"event_choices":[{"damage_healed":0,"gold_gain":0,"player_choice":"1 cards matched","damage_taken":0,"max_hp_gain":0,"max_hp_loss":0,"event_name":"Match and Keep!","floor":14,"gold_loss":0,"cards_obtained":["DeusExMachina"]}],"is_beta":false,"boss_relics":[],"items_purged_floors":[5],"is_endless":false,"potions_floor_spawned":[1,4,10],"killed_by":"Hexaghost","ascension_level":4}}