{"host":"kpyoctgc7jne3jiy","time":1613667461,"event":{"mods":["AchievementEnabler","BaseMod","Minty Spire (QoL Compilation)","Relic Stats"],"gold_per_floor":[114,130,144,35,54,81,81,92,92,92,25,41,52,80,80,176,176,196,196,36,36,54,54,81,91,116,132,14,0,0,17,17,114,114,124,144,22,39,50,50,75,75,144,144,157,18,50,69,69,69,69,69,31,31,31],"floor_reached":54,"language":"ENG","playtime":4647,"items_purged":["Strike_P","Injury"],"score":950,"play_id":"27f11f99-6a2f-4e40-9fde-ceffcf769712","local_time":"20210218175741","is_ascension_mode":true,"campfire_choices":[{"floor":10,"key":"REST"},{"data":"Fasting2","floor":15,"key":"SMITH"},{"floor":23,"key":"REST"},{"floor":30,"key":"REST"},{"data":"Vault","floor":32,"key":"SMITH"},{"floor":40,"key":"RECALL"},{"data":"Nirvana","floor":42,"key":"SMITH"},{"floor":49,"key":"REST"},{"data":"Meditate","floor":52,"key":"SMITH"}],"circlet_count":0,"master_deck":["Strike_P+1","Strike_P+1","Defend_P+1","Defend_P+1","Defend_P+1","Defend_P+1","Eruption","Vigilance","FearNoEvil","TalkToTheHand","Wireheading","MentalFortress","MasterReality","ThirdEye","Fasting2+1","Nirvana+1","Protect","Ragnarok","Vault+1","Weave","CutThroughFate","Halt+1","Blasphemy","CutThroughFate","Vengeance","WaveOfTheHand","JustLucky+1","Meditate+1"],"relics":["Velvet Choker","Dead Branch","HornCleat","The Courier","SlaversCollar","Melange","Mercury Hourglass","Anchor","Strawberry","Cursed Key","Happy Flower","Orichalcum","Oddly Smooth Stone"],"acts_visited":["Exordium","TheCity","TheBeyond","TheEnding"],"potions_floor_usage":[8,14,18,24,36,48,50],"damage_taken":[{"damage":0,"enemies":"Cultist","floor":1,"turns":4},{"damage":5,"enemies":"2 Louse","floor":2,"turns":3},{"damage":0,"enemies":"Jaw Worm","floor":3,"turns":2},{"damage":0,"enemies":"Blue Slaver","floor":5,"turns":3},{"damage":11,"enemies":"Lagavulin","floor":6,"turns":7},{"damage":12,"enemies":"Exordium Thugs","floor":8,"turns":5},{"damage":8,"enemies":"Lots of Slimes","floor":12,"turns":6},{"damage":6,"enemies":"2 Fungi Beasts","floor":13,"turns":5},{"damage":0,"enemies":"3 Sentries","floor":14,"turns":8},{"damage":21,"enemies":"Slime Boss","floor":16,"turns":10},{"damage":15,"enemies":"Spheric Guardian","floor":18,"turns":8},{"damage":2,"enemies":"2 Thieves","floor":22,"turns":5},{"damage":35,"enemies":"Slavers","floor":24,"turns":6},{"damage":1,"enemies":"Cultist and Chosen","floor":25,"turns":6},{"damage":0,"enemies":"3 Cultists","floor":27,"turns":5},{"damage":6,"enemies":"Snake Plant","floor":31,"turns":5},{"damage":7,"enemies":"Champ","floor":33,"turns":11},{"damage":0,"enemies":"Orb Walker","floor":35,"turns":5},{"damage":0,"enemies":"3 Darklings","floor":36,"turns":3},{"damage":3,"enemies":"Transient","floor":38,"turns":6},{"damage":0,"enemies":"Maw","floor":39,"turns":7},{"damage":6,"enemies":"Reptomancer","floor":41,"turns":7},{"damage":0,"enemies":"Writhing Mass","floor":45,"turns":9},{"damage":2,"enemies":"Giant Head","floor":47,"turns":7},{"damage":10,"enemies":"4 Shapes","floor":48,"turns":3},{"damage":6,"enemies":"Awakened One","floor":50,"turns":22},{"damage":78,"enemies":"Shield and Spear","floor":54,"turns":7}],"seed_played":"3533548248754039458","potions_obtained":[{"floor":3,"key":"Dexterity Potion"},{"floor":5,"key":"Fire Potion"},{"floor":6,"key":"Fire Potion"},{"floor":12,"key":"Block Potion"},{"floor":13,"key":"BottledMiracle"},{"floor":25,"key":"GamblersBrew"},{"floor":27,"key":"PowerPotion"},{"floor":35,"key":"Fire Potion"},{"floor":36,"key":"LiquidBronze"},{"floor":48,"key":"DistilledChaos"}],"is_trial":false,"path_per_floor":["M","M","M","$","M","E","?","M","T","R","$","M","M","E","R","B",null,"M","?","$","?","M","R","E","M","T","M","$","?","R","M","R","B",null,"M","M","$","M","M","R","E","R","T","?","M","$","E","M","R","B",null,"R","$","E"],"character_chosen":"WATCHER","items_purchased":["TalkToTheHand","Fasting2","Melange","CutThroughFate","Strawberry","Happy Flower","Ancient Potion","Weak Potion"],"campfire_rested":4,"item_purchase_floors":[4,11,20,20,28,37,46,53],"current_hp_per_floor":[65,60,60,60,60,49,49,37,37,58,58,50,44,44,44,23,60,45,45,45,33,31,52,17,16,16,16,23,23,46,40,40,33,68,68,68,68,65,65,65,59,59,59,59,59,59,57,47,70,64,75,75,75,0,0],"gold":31,"neow_bonus":"BOSS_RELIC","is_daily":false,"chose_seed":false,"campfire_upgraded":4,"win_rate":0.0,"timestamp":1613667461,"path_taken":["M","M","M","?","M","E","?","M","T","R","$","M","?","E","R","BOSS","M","?","$","?","M","R","E","M","T","?","$","?","R","M","R","BOSS","M","M","$","M","M","R","E","R","T","?","M","$","E","M","R","BOSS","R","$","E"],"items_purchased_type":["Card","Card","Relic","Card","Relic","Relic","Potion","Potion"],"build_version":"2020-12-22","purchased_purges":2,"victory":false,"max_hp_per_floor":[72,72,72,72,72,72,72,72,72,72,72,72,72,72,72,72,72,72,72,72,72,72,72,72,72,72,72,79,79,79,79,79,79,79,79,79,79,79,79,79,79,79,79,79,79,79,79,79,79,79,79,79,79,79,79],"relic_stats":{"Happy Flower":[22],"counters":[27,175],"Dead Branch":[64],"Melange":[90],"Orichalcum":[0],"Cursed Key":1,"obtain_stats":[{"Happy Flower":37,"Dead Branch":6,"Velvet Choker":0,"Melange":20,"Oddly Smooth Stone":47,"The Courier":14,"Orichalcum":41,"Cursed Key":34,"Mercury Hourglass":24,"SlaversCollar":17,"Anchor":26,"HornCleat":9,"Strawberry":28,"PureWater":0},{"Happy Flower":19,"Dead Branch":5,"Velvet Choker":0,"Melange":11,"Oddly Smooth Stone":24,"The Courier":9,"Orichalcum":22,"Cursed Key":17,"Mercury Hourglass":13,"SlaversCollar":10,"Anchor":14,"HornCleat":6,"Strawberry":15,"PureWater":0},{"Happy Flower":107,"Dead Branch":19,"Velvet Choker":0,"Melange":61,"Oddly Smooth Stone":143,"The Courier":43,"Orichalcum":127,"Cursed Key":99,"Mercury Hourglass":72,"SlaversCollar":53,"Anchor":78,"HornCleat":24,"Strawberry":83,"PureWater":0}],"Mercury Hourglass":[395]},"card_choices":[{"not_picked":["Consecrate","ThirdEye","SashWhip"],"picked":"SKIP","floor":1},{"not_picked":["WreathOfFlame","Consecrate","PathToVictory"],"picked":"SKIP","floor":2},{"not_picked":["ClearTheMind","Halt"],"picked":"FearNoEvil","floor":3},{"not_picked":["SashWhip","Halt"],"picked":"Wireheading","floor":5},{"not_picked":["EmptyBody","ConjureBlade"],"picked":"MentalFortress","floor":6},{"not_picked":["Pray","FollowUp"],"picked":"ThirdEye","floor":8},{"not_picked":["ForeignInfluence","FlyingSleeves"],"picked":"Nirvana","floor":12},{"not_picked":["Evaluate","BowlingBash"],"picked":"Protect","floor":13},{"not_picked":["Halt","BattleHymn"],"picked":"Ragnarok","floor":14},{"not_picked":["Wish","DevaForm"],"picked":"Vault","floor":16},{"not_picked":["FlurryOfBlows","ClearTheMind"],"picked":"Weave","floor":18},{"not_picked":["EmptyBody","EmptyFist"],"picked":"Halt+1","floor":22},{"not_picked":["FlyingSleeves","ForeignInfluence"],"picked":"Blasphemy","floor":24},{"not_picked":["Prostrate+1","Consecrate","CrushJoints"],"picked":"SKIP","floor":25},{"not_picked":["EmptyFist","Protect","CarveReality"],"picked":"SKIP","floor":27},{"not_picked":["BowlingBash","Worship"],"picked":"CutThroughFate","floor":31},{"not_picked":["FollowUp+1","Nirvana"],"picked":"Vengeance","floor":35},{"not_picked":["CarveReality","BattleHymn","Weave"],"picked":"SKIP","floor":36},{"not_picked":["FlurryOfBlows","BowlingBash+1"],"picked":"WaveOfTheHand","floor":38},{"not_picked":["Consecrate+1","MasterReality"],"picked":"JustLucky+1","floor":39},{"not_picked":["FlyingSleeves","Judgement","Halt+1"],"picked":"SKIP","floor":41},{"not_picked":["Protect+1","FlyingSleeves"],"picked":"Meditate","floor":45},{"not_picked":["Vengeance+1","DeusExMachina","CrushJoints"],"picked":"SKIP","floor":47},{"not_picked":["DeceiveReality","Prostrate+1","EmptyFist+1"],"picked":"SKIP","floor":48}],"player_experience":360586,"relics_obtained":[{"floor":6,"key":"Dead Branch"},{"floor":9,"key":"HornCleat"},{"floor":14,"key":"The Courier"},{"floor":24,"key":"Mercury Hourglass"},{"floor":26,"key":"Anchor"},{"floor":41,"key":"Orichalcum"},{"floor":47,"key":"Oddly Smooth Stone"}],"event_choices":[{"damage_healed":0,"gold_gain":0,"cards_transformed":["Strike_P"],"player_choice":"Transformed","damage_taken":0,"max_hp_gain":0,"max_hp_loss":0,"event_name":"Transmorgrifier","floor":7,"gold_loss":0,"cards_obtained":["MasterReality"]},{"damage_healed":0,"gold_gain":0,"player_choice":"Simplicity","damage_taken":0,"max_hp_gain":0,"max_hp_loss":0,"event_name":"Back to Basics","floor":19,"gold_loss":0,"cards_upgraded":["Strike_P","Strike_P","Defend_P","Defend_P","Defend_P","Defend_P"]},{"damage_healed":0,"gold_gain":0,"player_choice":"POTION ","damage_taken":12,"max_hp_gain":0,"max_hp_loss":0,"event_name":"Knowing Skull","floor":21,"potions_obtained":["Explosive Potion"],"gold_loss":0,"cards_obtained":[]},{"damage_healed":0,"gold_gain":0,"player_choice":"Paid Fearfully","damage_taken":0,"max_hp_gain":0,"max_hp_loss":0,"event_name":"Masked Bandits","floor":29,"gold_loss":14},{"damage_healed":0,"gold_gain":0,"player_choice":"Bought 0 Potions","damage_taken":0,"max_hp_gain":0,"max_hp_loss":0,"event_name":"The Woman in Blue","floor":44,"gold_loss":0}],"is_beta":false,"boss_relics":[{"not_picked":["Black Star","Calling Bell"],"picked":"SlaversCollar"},{"not_picked":["Coffee Dripper","Tiny House"],"picked":"Cursed Key"}],"items_purged_floors":[4,46],"is_endless":false,"potions_floor_spawned":[3,5,6,12,13,25,27,31,33,35,36,48],"killed_by":"Shield and Spear","ascension_level":6}}