{"host":"1c52r9kaxdyo25eq","time":1613647205,"event":{"mods":["AchievementEnabler","BaseMod","DeckTracker","Minty Spire (QoL Compilation)","Rare Cards Sparkle","SuperFastMode","everything is the same but u backflip on backflip"],"gold_per_floor":[118,135,135,60,60,60,5,34,85,85,104,104,121,138,138,210,210,228,238,288,315,335,335,335,369,394,394,414,63,83,8,8,86,86,98,114,114,131,141,141,151,185,239,239,264,279,309,360,360,360,360,360,56,81,81],"floor_reached":56,"language":"KOR","playtime":1661,"items_purged":["Strike_R","Strike_R"],"score":2446,"play_id":"b9383c50-2252-4f9c-96c8-ffbcf4e5472d","local_time":"20210218202005","is_ascension_mode":true,"campfire_choices":[{"data":"Shrug It Off","floor":6.0,"key":"SMITH"},{"data":"Wild Strike","floor":10.0,"key":"SMITH"},{"data":"Second Wind","floor":15.0,"key":"SMITH"},{"data":"Evolve","floor":23.0,"key":"SMITH"},{"floor":27.0,"key":"REST"},{"data":"Dark Embrace","floor":32.0,"key":"SMITH"},{"data":"Barricade","floor":40.0,"key":"SMITH"},{"floor":49.0,"key":"RECALL"},{"data":"Entrench","floor":52.0,"key":"SMITH"}],"circlet_count":0,"master_deck":["AscendersBane","Defend_R","Bash","Shrug It Off+1","Shockwave","Wild Strike+1","Second Wind+1","Power Through","Offering","Evolve+1","Feel No Pain","Body Slam+1","Dark Embrace+1","Barricade+1","Master of Strategy","Pommel Strike+1","Parasite","Entrench+1","Secret Technique"],"relics":["Burning Blood","NeowsBlessing","Bag of Preparation","Sozu","Red Mask","Question Card","Centennial Puzzle","Sundial","Empty Cage","Blood Vial","Happy Flower","Du-Vu Doll","Orichalcum","Champion Belt","Paper Frog"],"acts_visited":["Exordium","TheCity","TheBeyond","TheEnding"],"potions_floor_usage":[],"damage_taken":[{"damage":0.0,"enemies":"2 Louse","floor":1.0,"turns":1.0},{"damage":0.0,"enemies":"Small Slimes","floor":2.0,"turns":1.0},{"damage":0.0,"enemies":"Lagavulin","floor":8.0,"turns":1.0},{"damage":4.0,"enemies":"Cultist","floor":11.0,"turns":3.0},{"damage":9.0,"enemies":"Large Slime","floor":13.0,"turns":6.0},{"damage":12.0,"enemies":"Blue Slaver","floor":14.0,"turns":3.0},{"damage":28.0,"enemies":"Slime Boss","floor":16.0,"turns":10.0},{"damage":6.0,"enemies":"3 Byrds","floor":18.0,"turns":4.0},{"damage":10.0,"enemies":"Chosen","floor":19.0,"turns":3.0},{"damage":6.0,"enemies":"Masked Bandits","floor":21.0,"turns":3.0},{"damage":8.0,"enemies":"Centurion and Healer","floor":22.0,"turns":4.0},{"damage":59.0,"enemies":"Gremlin Leader","floor":25.0,"turns":7.0},{"damage":6.0,"enemies":"Snake Plant","floor":28.0,"turns":3.0},{"damage":10.0,"enemies":"Sentry and Sphere","floor":30.0,"turns":3.0},{"damage":24.0,"enemies":"Collector","floor":33.0,"turns":7.0},{"damage":20.0,"enemies":"3 Darklings","floor":35.0,"turns":3.0},{"damage":6.0,"enemies":"3 Shapes","floor":36.0,"turns":3.0},{"damage":6.0,"enemies":"Transient","floor":38.0,"turns":5.0},{"damage":27.0,"enemies":"Jaw Worm Horde","floor":39.0,"turns":2.0},{"damage":6.0,"enemies":"Maw","floor":41.0,"turns":5.0},{"damage":6.0,"enemies":"Giant Head","floor":42.0,"turns":3.0},{"damage":6.0,"enemies":"Mind Bloom Boss Battle","floor":45.0,"turns":3.0},{"damage":6.0,"enemies":"Writhing Mass","floor":46.0,"turns":3.0},{"damage":0.0,"enemies":"Nemesis","floor":47.0,"turns":3.0},{"damage":1.0,"enemies":"2 Orb Walkers","floor":48.0,"turns":3.0},{"damage":6.0,"enemies":"Awakened One","floor":50.0,"turns":6.0},{"damage":6,"enemies":"Shield and Spear","floor":54,"turns":5},{"damage":11,"enemies":"The Heart","floor":55,"turns":5}],"seed_played":"5091971720669242994","potions_obtained":[{"floor":2.0,"key":"BlessingOfTheForge"},{"floor":13.0,"key":"EssenceOfSteel"},{"floor":14.0,"key":"Energy Potion"}],"is_trial":false,"path_per_floor":["M","M","?","?","?","R","$","E","T","R","M","?","M","M","R","B",null,"M","M","?","?","M","R","?","E","T","R","M","$","M","$","R","B",null,"M","M","?","M","M","R","M","E","T","?","?","M","E","?","R","B",null,"R","$","E","B",null],"character_chosen":"IRONCLAD","items_purchased":["Wild Strike","Dark Embrace","Sundial","Secret Technique"],"campfire_rested":1,"item_purchase_floors":[7,29,29,53],"current_hp_per_floor":[74,75,68,68,68,68,68,74,74,74,75,75,72,66,66,44,67,67,63,63,63,61,61,61,8,8,30,30,30,26,26,26,8,58,44,44,44,44,23,23,23,23,23,23,25,27,35,42,42,44,67,67,67,69,66],"gold":81,"neow_bonus":"THREE_ENEMY_KILL","is_daily":false,"chose_seed":false,"campfire_upgraded":7,"win_rate":0.0,"timestamp":1613647205,"path_taken":["M","M","?","?","?","R","$","E","T","R","?","?","M","M","R","BOSS","M","M","?","?","M","R","?","E","T","R","M","$","M","$","R","BOSS","M","M","?","M","M","R","M","E","T","?","?","?","E","?","R","BOSS","R","$","E","BOSS"],"items_purchased_type":["Card","Card","Relic","Card"],"build_version":"2020-12-22","purchased_purges":2,"victory":true,"max_hp_per_floor":[75,75,75,75,75,75,75,75,75,75,75,75,75,75,75,75,75,75,75,75,75,75,75,75,75,75,75,75,75,75,75,75,75,75,75,75,75,75,75,75,75,75,75,75,75,75,75,75,75,75,75,75,75,75,75],"card_choices":[{"not_picked":["Shockwave","Whirlwind"],"picked":"Shrug It Off","floor":1.0},{"not_picked":["Headbutt","Dual Wield"],"picked":"Shockwave","floor":2.0},{"not_picked":["Shrug It Off","Thunderclap"],"picked":"Second Wind","floor":8.0},{"not_picked":["Twin Strike","Armaments"],"picked":"Power Through","floor":11.0},{"not_picked":["Armaments","True Grit","Heavy Blade"],"picked":"SKIP","floor":13.0},{"not_picked":["Carnage","Power Through","Spot Weakness"],"picked":"SKIP","floor":14.0},{"not_picked":["Carnage","Power Through","Spot Weakness"],"picked":"SKIP","floor":14.0},{"not_picked":["Fiend Fire","Brutality"],"picked":"Bludgeon","floor":16.0},{"not_picked":["Shrug It Off","Flame Barrier"],"picked":"Evolve","floor":18.0},{"not_picked":["Pommel Strike","Cleave","Disarm"],"picked":"SKIP","floor":19.0},{"not_picked":["Perfected Strike","Shrug It Off"],"picked":"Feel No Pain","floor":22.0},{"not_picked":["Clothesline","Clash","Whirlwind"],"picked":"SKIP","floor":25.0},{"not_picked":["Shrug It Off","Warcry","Perfected Strike"],"picked":"Body Slam+1","floor":28.0},{"not_picked":["Rage","Searing Blow","Sentinel","Fiend Fire"],"picked":"SKIP","floor":30.0},{"not_picked":["Feed","Impervious","Bludgeon"],"picked":"Barricade","floor":33.0},{"not_picked":["Second Wind+1","Disarm","Clothesline","Armaments"],"picked":"SKIP","floor":35.0},{"not_picked":["Cleave","Armaments+1","Bloodletting+1","Heavy Blade+1"],"picked":"SKIP","floor":36.0},{"not_picked":["Enlightenment","Panacea","Panache"],"picked":"Master of Strategy","floor":37.0},{"not_picked":["Bloodletting","Thunderclap","Perfected Strike","Cleave+1"],"picked":"SKIP","floor":38.0},{"not_picked":["Reaper","Dark Embrace","True Grit","Evolve"],"picked":"SKIP","floor":39.0},{"not_picked":["Iron Wave","Anger","Heavy Blade"],"picked":"Pommel Strike+1","floor":41.0},{"not_picked":["Carnage","Havoc","Anger","Armaments"],"picked":"SKIP","floor":42.0},{"not_picked":["Shrug It Off","Blood for Blood+1","Sword Boomerang","Warcry"],"picked":"SKIP","floor":46.0},{"not_picked":["Whirlwind","Havoc","Twin Strike+1","Bludgeon"],"picked":"SKIP","floor":47.0},{"not_picked":["Pommel Strike+1","Anger","Bloodletting+1"],"picked":"Entrench","floor":48.0},{"not_picked":["Body Slam","Fire Breathing","Headbutt","Heavy Blade+1"],"picked":"SKIP","floor":54}],"player_experience":654135,"relics_obtained":[{"floor":8.0,"key":"Bag of Preparation"},{"floor":21.0,"key":"Red Mask"},{"floor":25.0,"key":"Question Card"},{"floor":26.0,"key":"Centennial Puzzle"},{"floor":42.0,"key":"Blood Vial"},{"floor":43.0,"key":"Happy Flower"},{"floor":45.0,"key":"Du-Vu Doll"},{"floor":47.0,"key":"Orichalcum"},{"floor":48.0,"key":"Champion Belt"},{"floor":54,"key":"Paper Frog"}],"event_choices":[{"cards_removed":["Defend_R"],"damage_healed":0.0,"max_hp_gain":0.0,"max_hp_loss":0.0,"gold_gain":0.0,"event_name":"Golden Wing","player_choice":"Card Removal","floor":3.0,"gold_loss":0.0,"damage_taken":7.0},{"cards_removed":["Strike_R"],"damage_healed":0.0,"max_hp_gain":0.0,"max_hp_loss":0.0,"gold_gain":0.0,"event_name":"The Cleric","player_choice":"Card Removal","floor":4.0,"gold_loss":75.0,"damage_taken":0.0},{"cards_removed":["Defend_R"],"damage_healed":0.0,"max_hp_gain":0.0,"max_hp_loss":0.0,"gold_gain":0.0,"event_name":"Purifier","player_choice":"Purged","floor":5.0,"gold_loss":0.0,"damage_taken":0.0},{"damage_healed":0.0,"max_hp_gain":0.0,"max_hp_loss":0.0,"gold_gain":0.0,"cards_transformed":["Defend_R"],"event_name":"Living Wall","player_choice":"Change","floor":12.0,"gold_loss":0.0,"damage_taken":0.0,"cards_obtained":["Offering"]},{"damage_healed":0.0,"max_hp_gain":0.0,"max_hp_loss":0.0,"gold_gain":50.0,"event_name":"Nest","player_choice":"Stole From Cult","floor":20.0,"gold_loss":0.0,"damage_taken":0.0},{"damage_healed":0.0,"max_hp_gain":0.0,"max_hp_loss":0.0,"gold_gain":0.0,"event_name":"Masked Bandits","player_choice":"Fought Bandits","floor":21.0,"gold_loss":0.0,"damage_taken":0.0},{"damage_healed":0.0,"max_hp_gain":0.0,"max_hp_loss":0.0,"gold_gain":0.0,"event_name":"Vampires","player_choice":"Ignored","floor":24.0,"gold_loss":0.0,"damage_taken":0.0},{"damage_healed":0.0,"max_hp_gain":0.0,"max_hp_loss":0.0,"gold_gain":0.0,"event_name":"SensoryStone","player_choice":"Memory 1","floor":37.0,"gold_loss":0.0,"damage_taken":0.0},{"cards_removed":["Strike_R"],"damage_healed":0.0,"max_hp_gain":0.0,"max_hp_loss":0.0,"gold_gain":0.0,"event_name":"Falling","player_choice":"Removed Attack","floor":44.0,"gold_loss":0.0,"damage_taken":0.0},{"damage_healed":0.0,"max_hp_gain":0.0,"max_hp_loss":0.0,"gold_gain":0.0,"event_name":"MindBloom","player_choice":"Fight","floor":45.0,"gold_loss":0.0,"damage_taken":0.0},{"damage_healed":0.0,"max_hp_gain":0.0,"max_hp_loss":0.0,"gold_gain":0.0,"event_name":"Mysterious Sphere","player_choice":"Fight","floor":48.0,"gold_loss":0.0,"damage_taken":0.0}],"is_beta":false,"boss_relics":[{"not_picked":["Runic Pyramid","Busted Crown"],"picked":"Sozu"},{"not_picked":["SlaversCollar","Coffee Dripper"],"picked":"Empty Cage"}],"items_purged_floors":[31,53],"is_endless":false,"potions_floor_spawned":[2,13,14,19,21,25,30,36,38,39,45,47],"ascension_level":18}}