{"host":"0z6l31g9ps0v9zzp","time":1613660521,"event":{"mods":["Act Like it!","BaseMod","CapriCore","Minty Spire (QoL Compilation)","MostiFishMod","StSLib","The Marked"],"gold_per_floor":[118,118,138,148,73,100,100,132,180,198,198,210,224,256,256,256,256],"floor_reached":16,"language":"ZHS","playtime":508,"items_purged":[],"score":294,"play_id":"9149393b-d094-4e30-844d-33522bc99641","local_time":"20210218230201","daily_mods":["Heirloom"],"is_ascension_mode":true,"campfire_choices":[{"floor":7,"key":"REST"},{"data":"theMarked:ParalyzingBlade","floor":11,"key":"SMITH"},{"floor":15,"key":"REST"}],"circlet_count":0,"master_deck":["AscendersBane","theMarked:Strike","theMarked:Strike","theMarked:Strike","theMarked:Defend","theMarked:Defend","theMarked:Defend","theMarked:Defend","theMarked:SoldierOfQuellstein","theMarked:ParalyzingBlade+1","theMarked:OneWithTheBlade"],"relics":["theMarked:ArtifactOfAir","DaveBox","SacredBark","Lizard Tail","SynthV:TestCard","Kunai","MealTicket","Blood Vial","Singing Bowl"],"acts_visited":["Exordium"],"potions_floor_usage":[6,6,8,8,14,14],"damage_taken":[{"damage":2,"enemies":"Jaw Worm","floor":1,"turns":4},{"damage":1,"enemies":"Cultist","floor":3,"turns":3},{"damage":4,"enemies":"Small Slimes","floor":4,"turns":4},{"damage":42,"enemies":"Gremlin Nob","floor":6,"turns":5},{"damage":14,"enemies":"3 Sentries","floor":8,"turns":7},{"damage":1,"enemies":"Looter","floor":10,"turns":4},{"damage":7,"enemies":"Large Slime","floor":12,"turns":5},{"damage":5,"enemies":"Blue Slaver","floor":13,"turns":5},{"damage":0,"enemies":"Gremlin Nob","floor":14,"turns":2},{"damage":18,"enemies":"Hexaghost","floor":16,"turns":9}],"seed_played":"492495412490995142","potions_obtained":[{"floor":1,"key":"EntropicBrew"},{"floor":6,"key":"Explosive Potion"},{"floor":8,"key":"PowerPotion"},{"floor":12,"key":"theMarked:ChargePotion"}],"is_trial":true,"path_per_floor":["M","?","M","M","?","E","R","E","T","M","R","M","M","E","R","B"],"character_chosen":"THE_DEFAULT","items_purchased":[],"campfire_rested":2,"item_purchase_floors":[],"current_hp_per_floor":[59,59,58,54,54,12,32,18,18,19,19,14,11,15,36,20,20],"gold":256,"neow_bonus":"","is_daily":false,"chose_seed":false,"campfire_upgraded":1,"win_rate":0.0,"timestamp":1613660521,"path_taken":["M","?","?","M","?","E","R","E","T","M","R","M","M","E","R","BOSS"],"items_purchased_type":[],"build_version":"2020-12-22","purchased_purges":0,"victory":false,"max_hp_per_floor":[68,68,68,68,68,68,68,68,68,68,68,68,68,70,70,70,70],"card_choices":[{"not_picked":["theMarked:TheMission","theMarked:Frustration","theMarked:RepellingDischarge"],"picked":"SKIP","floor":1},{"not_picked":["theMarked:Indomitable","theMarked:CreepingChasm","theMarked:TwofoldDefense","theMarked:Opportunist","theMarked:Panic"],"picked":"SKIP","floor":3},{"not_picked":["theMarked:Memento","theMarked:TakeCover","theMarked:SwordAndMagic","theMarked:EmpowerWeapon","theMarked:Parkour"],"picked":"SKIP","floor":4},{"not_picked":["theMarked:Indomitable","theMarked:ElectricStrings","theMarked:Pokerface","theMarked:WastefulAttack"],"picked":"theMarked:ParalyzingBlade","floor":6},{"not_picked":["theMarked:Vacuum","theMarked:WardOff","theMarked:Aftermath","theMarked:Determination"],"picked":"theMarked:OneWithTheBlade","floor":8},{"not_picked":["theMarked:Parkour","theMarked:Frustration","theMarked:ParalyzingBlade","theMarked:Electrocute","theMarked:SwordAndMagic"],"picked":"SKIP","floor":10},{"not_picked":["theMarked:TakeCover","theMarked:ContemptForTheProud","theMarked:TwofoldDefense","theMarked:ParalyzingBlade","theMarked:Standoff"],"picked":"SKIP","floor":12},{"not_picked":["theMarked:Parkour","theMarked:BindingBlade","theMarked:BanishingWave","theMarked:HeightenedSenses","theMarked:WastefulAttack"],"picked":"SKIP","floor":13},{"not_picked":["theMarked:RogueSparks","theMarked:Panic","theMarked:BanishingWave","theMarked:Determination","theMarked:BanishingStrike"],"picked":"Singing Bowl","floor":14}],"player_experience":296569,"relics_obtained":[{"floor":1,"key":"SynthV:TestCard"},{"floor":6,"key":"Kunai"},{"floor":8,"key":"MealTicket"},{"floor":9,"key":"Blood Vial"},{"floor":14,"key":"Singing Bowl"}],"event_choices":[{"cards_removed":["theMarked:Strike"],"damage_healed":0,"gold_gain":0,"player_choice":"Offered Basic","damage_taken":0,"max_hp_gain":0,"max_hp_loss":0,"event_name":"Bonfire Elementals","floor":2,"gold_loss":0},{"cards_removed":["theMarked:Strike"],"damage_healed":0,"gold_gain":0,"player_choice":"Card Removal","damage_taken":0,"max_hp_gain":0,"max_hp_loss":0,"event_name":"The Cleric","floor":5,"gold_loss":75}],"is_beta":false,"boss_relics":[],"items_purged_floors":[],"is_endless":false,"potions_floor_spawned":[1,6,8,12],"killed_by":"Hexaghost","ascension_level":20}}