{"host":"cvxanxept80h7z3t","time":1613668064,"event":{"mods":["Aspiration","BaseMod","Beaked The Cultist","BetterRewards","Colored Map","Colored Powertips","Conspire","Downfall","Duelist Mod","Hermit","Infinite Spire","Mad Scientist","Marisa????????","Mimic Mod","Minty Spire (QoL Compilation)","READ ME - Snecko Mod","SOS???????","StSLib","Td1madao Mod","The Administrix","The Animator","The Bug Knight","The Construct","The Cursed","The Disciple","The Jungle","The Mystic","The Necromancer","The Runesmith","The Servant 0.9.4","The Valiant","The Witch"],"gold_per_floor":[144,144,144,154,165,165,190,207,238,124,124,153,164,179,179,276,276,295,63,111,111,111,139,139,151,151,170,198,208,221,241,241,342,342,352,363,363,382,432,457,482,495,521,302,302,313,339,351,351,351],"floor_reached":51,"language":"ENG","playtime":2942,"items_purged":["theDuelist:PsiCurse"],"score":984,"play_id":"461027ee-d755-4f42-948c-29299ec00826","local_time":"20210218180744","is_ascension_mode":false,"campfire_choices":[{"data":"theDuelist:Raigeki","floor":6,"key":"SMITH"},{"data":"theDuelist:CyberDragonSieger","floor":11,"key":"SMITH"},{"data":"theDuelist:WaterDragon","floor":15,"key":"SMITH"},{"floor":24,"key":"REST"},{"data":"theDuelist:AncientGearGadjiltron","floor":32,"key":"SMITH"},{"data":"theDuelist:BoosterDragon","floor":45,"key":"SMITH"},{"floor":49,"key":"REST"}],"circlet_count":0,"master_deck":["theDuelist:BabyDragon","theDuelist:BloodSparks","theDuelist:CastleWalls+1","theDuelist:CaveDragon","theDuelist:CaveDragon","theDuelist:LesserDragon","theDuelist:LesserDragon+1","theDuelist:Sparks","theDuelist:YamataDragon","theDuelist:Raigeki+1","theDuelist:CoralDragon","theDuelist:CyberDragonSieger+1","theDuelist:BoosterDragon+1","theDuelist:YamataDragon","theDuelist:AncientGearGadjiltron+1","theDuelist:MiraculousDescent","theDuelist:DragonCaptureJar","theDuelist:WaterDragon+1","theDuelist:TailSwipe","theDuelist:Raigeki+1","theDuelist:MirageDragon","theDuelist:FluteSummoning","theDuelist:FluteSummoning+1","theDuelist:DragonZombie","theDuelist:WingedDragonRa+1"],"relics":["theDuelist:MillenniumPuzzle","theDuelist:CardPoolRelic","theDuelist:CardPoolBasicRelic","theDuelist:BoosterPackPoolRelic","theDuelist:CardPoolAddRelic","theDuelist:CardPoolMinusRelic","theDuelist:CardPoolSaveRelic","theDuelist:CardPoolOptionsRelic","NeowsBlessing","conspire:DeflatedDodgeball","Bag of Marbles","Bag of Marbles","aspiration:Lifesprig","Philosopher\u0027s Stone","infinitespire:Lucky Rock","theDuelist:SpellMaxHPRelic","Incense Burner","infinitespire:Lychee Nut","conspire:SpecialSausage","theDuelist:NamelessPowerRelicB","Huge Egg","Juzu Bracelet","Bronze Scales","aspiration:RitualDagger","theDuelist:WhiteBowlRelic","infinitespire:Satchel","Vajra","Omamori","Art of War"],"acts_visited":["Exordium","TheCity","TheBeyond"],"potions_floor_usage":[16,20,20,27,33,33,50,50],"damage_taken":[{"damage":0,"enemies":"2 Louse","floor":1,"turns":1},{"damage":0,"enemies":"Small Slimes","floor":4,"turns":1},{"damage":0,"enemies":"Jaw Worm","floor":5,"turns":1},{"damage":0,"enemies":"Gremlin Nob","floor":7,"turns":3},{"damage":0,"enemies":"Lots of Slimes","floor":8,"turns":1},{"damage":1,"enemies":"3 Louse","floor":9,"turns":5},{"damage":18,"enemies":"Lagavulin","floor":12,"turns":6},{"damage":0,"enemies":"3 Louse","floor":13,"turns":1},{"damage":0,"enemies":"2 Fungi Beasts","floor":14,"turns":2},{"damage":4,"enemies":"Hexaghost","floor":16,"turns":10},{"damage":20,"enemies":"2 Thieves","floor":18,"turns":5},{"damage":8,"enemies":"2 Thieves","floor":20,"turns":8},{"damage":14,"enemies":"theDuelist:KaibaA2","floor":23,"turns":2},{"damage":0,"enemies":"Shell Parasite","floor":25,"turns":5},{"damage":0,"enemies":"Centurion and Healer","floor":27,"turns":4},{"damage":0,"enemies":"conspire:Head Lice","floor":28,"turns":5},{"damage":0,"enemies":"Snake Plant","floor":29,"turns":3},{"damage":0,"enemies":"Snecko","floor":30,"turns":6},{"damage":14,"enemies":"Shelled Parasite and Fungi","floor":31,"turns":3},{"damage":0,"enemies":"Collector","floor":33,"turns":8},{"damage":12,"enemies":"3 Darklings","floor":35,"turns":4},{"damage":6,"enemies":"Orb Walker","floor":36,"turns":2},{"damage":15,"enemies":"Mind Bloom Boss Battle","floor":39,"turns":5},{"damage":13,"enemies":"Giant Head","floor":40,"turns":5},{"damage":11,"enemies":"3 Darklings","floor":42,"turns":3},{"damage":9,"enemies":"Writhing Mass","floor":46,"turns":3},{"damage":19,"enemies":"Nightmare","floor":47,"turns":7},{"damage":42,"enemies":"Transient","floor":48,"turns":5},{"damage":37,"enemies":"infinitespire:MassOfShapes","floor":50,"turns":8}],"seed_played":"-2779983790658499078","potions_obtained":[{"floor":4,"key":"theDuelist:WhiteBottle"},{"floor":7,"key":"theDuelist:VoidBottle"},{"floor":8,"key":"FearPotion"},{"floor":12,"key":"Energy Potion"},{"floor":14,"key":"theDuelist:FlamingBottle"},{"floor":18,"key":"HeartOfIron"},{"floor":27,"key":"AttackPotion"},{"floor":30,"key":"SpeedPotion"},{"floor":31,"key":"theDuelist:StunPotion"},{"floor":39,"key":"theDuelist:MegaupgradePotion"},{"floor":40,"key":"Fire Potion"}],"is_trial":false,"path_per_floor":["M","?","?","M","M","R","E","M","MIM","?","R","E","M","M","R","B",null,"M","$","?","AVR","?","E","R","M","T","M","E","M","M","M","R","B",null,"M","M","?","?","?","E","T","M","T","$","R","M","NM","M","R","B",null],"character_chosen":"THE_DUELIST","items_purchased":["infinitespire:Lucky Rock","theDuelist:WingedDragonRa","Omamori"],"campfire_rested":2,"item_purchase_floors":[19,44,44],"current_hp_per_floor":[80,80,64,64,64,64,64,64,63,63,63,49,49,53,53,49,88,68,68,61,61,36,29,55,61,61,71,81,87,97,87,87,93,99,94,95,95,95,87,80,80,74,74,74,74,70,57,21,52,21],"gold":351,"neow_bonus":"THREE_ENEMY_KILL","is_daily":false,"chose_seed":false,"campfire_upgraded":5,"win_rate":0.0,"timestamp":1613668064,"path_taken":["M","?","?","M","M","R","E","M","MIM","?","R","E","?","?","R","BOSS","M","$","?","AVR","?","E","R","?","T","M","E","M","M","M","R","BOSS","M","M","?","?","?","E","?","M","T","$","R","M","NM","M","R","BOSS"],"items_purchased_type":["Relic","Card","Relic"],"build_version":"2020-12-22","purchased_purges":1,"victory":true,"max_hp_per_floor":[80,80,80,80,80,80,80,80,80,80,80,84,84,88,88,88,88,88,88,67,67,83,87,87,87,87,91,95,95,99,99,99,99,99,100,104,104,104,105,105,105,105,105,105,105,105,105,105,105,105],"card_choices":[{"not_picked":["theDuelist:BigFire","theDuelist:ForbiddenLance","theDuelist:LightningDarts","theDuelist:SmashingGround"],"picked":"theDuelist:Raigeki","floor":1},{"not_picked":["theDuelist:SilverDragon","theDuelist:BackgroundDragon","theDuelist:Anthrosaurus","theDuelist:UltraEvolutionPill"],"picked":"theDuelist:CoralDragon","floor":4},{"not_picked":["theDuelist:DragonTreasure","theDuelist:DragonMirror","theDuelist:Berserking"],"picked":"theDuelist:CyberDragonSieger","floor":5},{"not_picked":["theDuelist:SilverWing","theDuelist:JurassicImpact","theDuelist:CyberLaserDragon"],"picked":"theDuelist:BoosterDragon","floor":7},{"not_picked":["theDuelist:CyberDragonVier","theDuelist:TornadoDragon","theDuelist:DefenseZone","theDuelist:DefenseDraw"],"picked":"theDuelist:YamataDragon","floor":8},{"not_picked":["theDuelist:Sabersaurus","theDuelist:MythicWaterDragon","theDuelist:BeserkDragon","theDuelist:BSkullDragon"],"picked":"theDuelist:AncientGearGadjiltron","floor":9},{"not_picked":["theDuelist:WhiteHornDragon","theDuelist:TyrantWing","theDuelist:DragonRavine","theDuelist:SystemDown"],"picked":"theDuelist:MiraculousDescent","floor":12},{"not_picked":["theDuelist:VeilDarkness+1","theDuelist:TyrantWing","theDuelist:SpiralSpearStrike+1","theDuelist:FireDarts"],"picked":"theDuelist:DragonCaptureJar","floor":13},{"not_picked":["theDuelist:StardustDragon","theDuelist:LostWorld","theDuelist:BlueDuston","theDuelist:GravityLash"],"picked":"theDuelist:WaterDragon","floor":14},{"not_picked":["theDuelist:LostWorld","theDuelist:BusterBladerDDS","theDuelist:BerserkScales","theDuelist:BSkullDragon"],"picked":"theDuelist:TailSwipe","floor":16},{"not_picked":["theDuelist:SurvivalFittest","theDuelist:StarlightRoad","theDuelist:ThreateningRoar","theDuelist:JurassicImpact","theDuelist:DefensiveTactics+1"],"picked":"SKIP","floor":18},{"not_picked":["theDuelist:BigFire","theDuelist:Hinotama","theDuelist:ForbiddenLance","theDuelist:RainbowOverdragon"],"picked":"theDuelist:Raigeki+1","floor":20},{"not_picked":["theDuelist:Pyrorex","theDuelist:GiantRex","theDuelist:Duoterion","theDuelist:BlackVeloci","theDuelist:BlackPtera+1"],"picked":"SKIP","floor":23},{"not_picked":["theDuelist:MetalDragon","theDuelist:SeismicShockwave","theDuelist:DoomkaiserDragon"],"picked":"SKIP","floor":25},{"not_picked":["theDuelist:LightningDarts+1","theDuelist:Wiseman","theDuelist:GreenGraveOni","theDuelist:StrayLambs+1","theDuelist:RainbowBridge"],"picked":"SKIP","floor":27},{"not_picked":["theDuelist:LightningDarts+1","theDuelist:DarkCreator","theDuelist:BattleguardKing+1","theDuelist:ReinforcementsArmy","theDuelist:JamBreeding"],"picked":"SKIP","floor":28},{"not_picked":["theDuelist:LesserDragon","theDuelist:LordD","theDuelist:MadSwordBeast","theDuelist:DefenseZone","theDuelist:CaveDragon"],"picked":"SKIP","floor":29},{"not_picked":["theDuelist:TwinBarrelDragon","theDuelist:DarkHorus","theDuelist:BlackPtera","theDuelist:Hydrogeddon+1"],"picked":"theDuelist:MirageDragon","floor":30},{"not_picked":["theDuelist:MadFlameKaiju+1","theDuelist:Hydrogeddon","theDuelist:HazyFlameHydra","theDuelist:GalaxyTyranno","theDuelist:Beatraptor"],"picked":"SKIP","floor":31},{"not_picked":["theDuelist:StampingDestruction","theDuelist:SpiralSpearStrike","theDuelist:CyberRevsystem","theDuelist:SoulCharge+1"],"picked":"theDuelist:FluteSummoning","floor":35},{"not_picked":["theDuelist:FiveHeaded","theDuelist:FrozenFitzgerald","theDuelist:BlackBrachios+1","theDuelist:CyberDragonInfinity","theDuelist:OceanDragonLord"],"picked":"SKIP","floor":36},{"not_picked":["theDuelist:Sparks+1","theDuelist:CastleWalls+1","theDuelist:DragonCaptureJar+1","theDuelist:MiraculousDescent"],"picked":"theDuelist:FluteSummoning+1","floor":39},{"not_picked":["theDuelist:TwinHeadedFire","theDuelist:BlackStego","theDuelist:Freezadon+1","theDuelist:DragonPiper+1","theDuelist:AncientDragon+1"],"picked":"SKIP","floor":40},{"not_picked":["theDuelist:TrihornedDragon","theDuelist:SilverDragon","theDuelist:GenesisDragon","theDuelist:ExploderDragonwing"],"picked":"theDuelist:DragonZombie","floor":42},{"not_picked":["theDuelist:TwinHeadedFire+1","theDuelist:SphereChaos","theDuelist:DragonPiper+1","theDuelist:MoltenDestruction+1","theDuelist:SafeZone"],"picked":"SKIP","floor":46},{"not_picked":["theDuelist:Lancephorhynchus+1","theDuelist:HazyFlameHydra","theDuelist:BlackBrachios+1","theDuelist:Beatraptor"],"picked":"SKIP","floor":47},{"not_picked":["theDuelist:YamataDragon+1","theDuelist:BlackBrutdrago+1","theDuelist:MadSwordBeast","theDuelist:BlizzardDragon","theDuelist:BlackTyranno"],"picked":"SKIP","floor":48}],"player_experience":319287,"relics_obtained":[{"floor":7,"key":"conspire:DeflatedDodgeball"},{"floor":9,"key":"Bag of Marbles"},{"floor":12,"key":"aspiration:Lifesprig"},{"floor":20,"key":"theDuelist:SpellMaxHPRelic"},{"floor":20,"key":"Incense Burner"},{"floor":20,"key":"infinitespire:Lychee Nut"},{"floor":23,"key":"Huge Egg"},{"floor":26,"key":"Juzu Bracelet"},{"floor":28,"key":"Bronze Scales"},{"floor":39,"key":"theDuelist:WhiteBowlRelic"},{"floor":40,"key":"infinitespire:Satchel"},{"floor":43,"key":"Vajra"},{"floor":47,"key":"Art of War"}],"event_choices":[{"damage_healed":0,"gold_gain":0,"player_choice":"Worship - 20% roll at +12 Max HP","duelist":true,"damage_taken":0,"max_hp_gain":0,"max_hp_loss":0,"event_name":"Tomb of the Nameless","floor":2,"gold_loss":0},{"damage_healed":0,"gold_gain":0,"player_choice":"Entered Light","damage_taken":16,"max_hp_gain":0,"max_hp_loss":0,"event_name":"Shining Light","floor":3,"gold_loss":0,"cards_upgraded":["theDuelist:LesserDragon","theDuelist:CastleWalls"]},{"damage_healed":0,"gold_gain":0,"player_choice":"Duplicated Relic - Bag of Marbles","duelist":true,"damage_taken":0,"max_hp_gain":0,"max_hp_loss":0,"event_name":"Relic Duplicator","floor":10,"gold_loss":0},{"damage_healed":0,"gold_gain":0,"player_choice":"Fight","duelist":true,"damage_taken":0,"max_hp_gain":0,"max_hp_loss":0,"event_name":"Battle City","floor":20,"gold_loss":0},{"power_reward":3,"total_magic_score":80,"gold_gain":0,"duelist":true,"damage_taken":45,"relics_obtained":["theDuelist:NamelessPowerRelicB"],"points":7,"max_hp_gain":20,"max_hp_loss":4,"spent_points":{"magic":1,"greed":0,"war":0,"power":3,"hunger":2},"event_name":"Nameless Tomb","hunger_reward":2,"floor":22,"gold_loss":0,"cards_obtained":[]},{"damage_healed":0,"gold_gain":0,"player_choice":"Sold Castle Walls for 19 Gold.","duelist":true,"damage_taken":0,"max_hp_gain":0,"max_hp_loss":0,"event_name":"Card Trader","floor":38,"gold_loss":0},{"damage_healed":0,"gold_gain":0,"player_choice":"Fight","damage_taken":0,"max_hp_gain":0,"max_hp_loss":0,"event_name":"MindBloom","floor":39,"gold_loss":0}],"is_beta":false,"boss_relics":[{"not_picked":["Astrolabe","theDuelist:MillenniumKey"],"picked":"Philosopher\u0027s Stone"},{"not_picked":["Runic Pyramid","aspiration:ServantSkillbook"],"picked":"aspiration:RitualDagger"}],"items_purged_floors":[19],"is_endless":false,"potions_floor_spawned":[4,7,8,12,14,18,27,30,31,39,40,48],"ascension_level":0}}