{"host":"mgjbkrm6zb65cm01","time":1613660186,"event":{"mods":["ATMod(°¢èªMod)","BaseMod","Conspire","Good Game Mod","Minty Spire (QoL Compilation)","Quick Restart","Relic Stats","Spicy Shops","StSLib","UnlockEverythingMod","noobMod"],"gold_per_floor":[109,109,124,143,72,105,105,105,157,175,250,250,285,297,297,401,401,413,426,26,39,50,50,82,82,108,127,127,147,27,43,43,243,243,256,276,290,14,25,25,44,178,178,15,15,0,0,16,16,116,116,116,1,229,329],"floor_reached":56,"language":"ZHS","playtime":2853,"items_purged":["conspire:Purge+1"],"score":1361,"play_id":"d307b715-dd3f-43b0-b000-c822e7ea1591","local_time":"20210218225626","is_ascension_mode":false,"campfire_choices":[{"data":"AT_ShrugMaster","floor":8.0,"key":"SMITH"},{"data":"conspire:Purge","floor":12.0,"key":"SMITH"},{"data":"Venomology","floor":15.0,"key":"SMITH"},{"floor":23.0,"key":"RECALL"},{"data":"Armaments","floor":25.0,"key":"SMITH"},{"data":"Berserk","floor":28.0,"key":"SMITH"},{"data":"Entrench","floor":32.0,"key":"SMITH"},{"data":"AT_ShrugMaster","floor":40.0,"key":"SMITH"},{"data":"Dark Embrace","floor":45.0,"key":"SMITH"},{"data":"Barricade","floor":49.0,"key":"SMITH"},{"data":"AT_IchimonjiDouble","floor":52.0,"key":"SMITH"}],"circlet_count":0,"master_deck":["Defend_R","Defend_R","Bash","AT_IchimonjiDouble+1","Venomology+1","AT_BodySlamDance","Warcry","Armaments+1","Whirlwind","AT_ShrugMaster+1","Berserk+1","AT_BodySlamDance","Demon Form","Pommel Strike+1","Armaments+1","Shrug It Off","Entrench+1","Headbutt","Dual Wield","Thunderclap","conspire:ExplosiveBarrier","Thunderclap","Flex+1","Immolate","Shrug It Off+1","Sword Boomerang+1","Offering","Intimidate+1","Sword Boomerang+1","Shockwave","Sword Boomerang+1","AT_ShrugMaster+1","AT_BodySlamDance+1","Seeing Red+1","Barricade+1","Dark Embrace+1","AT_ShrugMaster+1","Entrench","Sword Boomerang+1"],"relics":["Burning Blood","REME:ComplimentaryCards","ice","AT_ATBox","NeowsBlessing","Oddly Smooth Stone","AT_RedTearstoneRing","AT_SunfireAegis","AT_TrinityForce","AT_RabadonDeathcap","Art of War","AT_TheCollector","SacredBark","Orrery","StoneCalendar","conspire:InfiniteJournal","conspire:GiftBox","Red Mask","Centennial Puzzle"],"acts_visited":["Exordium","TheCity","TheBeyond","TheEnding"],"potions_floor_usage":[55,55],"damage_taken":[{"damage":0.0,"enemies":"Jaw Worm","floor":1.0,"turns":1.0},{"damage":0.0,"enemies":"Cultist","floor":3.0,"turns":2.0},{"damage":0.0,"enemies":"2 Louse","floor":4.0,"turns":2.0},{"damage":20.0,"enemies":"Lagavulin","floor":6.0,"turns":7.0},{"damage":6.0,"enemies":"2 Fungi Beasts","floor":10.0,"turns":2.0},{"damage":8.0,"enemies":"3 Sentries","floor":13.0,"turns":4.0},{"damage":10.0,"enemies":"Blue Slaver","floor":14.0,"turns":3.0},{"damage":5.0,"enemies":"Slime Boss","floor":16.0,"turns":4.0},{"damage":5.0,"enemies":"3 Byrds","floor":18.0,"turns":3.0},{"damage":0.0,"enemies":"Spheric Guardian","floor":19.0,"turns":2.0},{"damage":19.0,"enemies":"Snake Plant","floor":21.0,"turns":2.0},{"damage":0.0,"enemies":"Snecko","floor":22.0,"turns":3.0},{"damage":0.0,"enemies":"Book of Stabbing","floor":24.0,"turns":2.0},{"damage":5.0,"enemies":"conspire:HollyBat","floor":27.0,"turns":4.0},{"damage":21.0,"enemies":"Snake Plant","floor":29.0,"turns":4.0},{"damage":0.0,"enemies":"Centurion and Healer","floor":31.0,"turns":2.0},{"damage":19.0,"enemies":"Champ","floor":33.0,"turns":5.0},{"damage":0.0,"enemies":"3 Shapes","floor":35.0,"turns":4.0},{"damage":0.0,"enemies":"Orb Walker","floor":36.0,"turns":3.0},{"damage":8.0,"enemies":"Writhing Mass","floor":37.0,"turns":3.0},{"damage":0.0,"enemies":"Jaw Worm Horde","floor":39.0,"turns":3.0},{"damage":0.0,"enemies":"4 Shapes","floor":41.0,"turns":2.0},{"damage":6.0,"enemies":"Reptomancer","floor":42.0,"turns":3.0},{"damage":6.0,"enemies":"Spire Growth","floor":48.0,"turns":1.0},{"damage":36.0,"enemies":"conspire:OrnateMirror","floor":50.0,"turns":4.0},{"damage":14.0,"enemies":"Shield and Spear","floor":54.0,"turns":3.0},{"damage":55,"enemies":"The Heart","floor":55,"turns":6}],"seed_played":"-5397539234530961436","potions_obtained":[{"floor":1.0,"key":"FairyPotion"},{"floor":10.0,"key":"ColorlessPotion"},{"floor":14.0,"key":"DistilledChaos"},{"floor":19.0,"key":"DuplicationPotion"},{"floor":22.0,"key":"Explosive Potion"},{"floor":24.0,"key":"PowerPotion"},{"floor":33.0,"key":"Ancient Potion"},{"floor":36.0,"key":"SteroidPotion"},{"floor":37.0,"key":"BlessingOfTheForge"},{"floor":41.0,"key":"PowerPotion"},{"floor":42.0,"key":"Weak Potion"}],"is_trial":false,"path_per_floor":["M","?","M","M","$","E","?","R","T","M","?","R","E","M","R","B",null,"M","M","$","M","M","R","E","R","T","M","R","M","$","M","R","B",null,"M","M","M","$","M","R","M","E","T","$","R","?","?","M","R","B",null,"R","$","E","B",null],"character_chosen":"IRONCLAD","items_purchased":["Whirlwind","AT_RabadonDeathcap","Art of War","Shrug It Off","Thunderclap","Orrery","AT_ShrugMaster","conspire:GiftBox","Dark Embrace","Entrench"],"campfire_rested":0,"item_purchase_floors":[5,20,20,20,30,38,38,44,44,53],"current_hp_per_floor":[80,80,80,80,80,66,80,80,80,80,72,72,70,66,66,67,80,80,80,80,67,73,73,79,79,79,80,80,65,65,71,71,58,80,80,80,78,78,80,80,80,80,80,80,80,80,80,80,80,50,80,80,80,72,23],"gold":329,"neow_bonus":"THREE_ENEMY_KILL","is_daily":false,"chose_seed":false,"campfire_upgraded":10,"win_rate":0.0,"timestamp":1613660186,"path_taken":["M","?","M","M","?","E","?","R","T","?","?","R","E","M","R","BOSS","M","M","$","M","M","R","E","R","T","M","R","M","$","M","R","BOSS","M","M","M","$","M","R","M","E","T","?","R","?","?","M","R","BOSS","R","$","E","BOSS"],"items_purchased_type":["Card","Relic","Relic","Card","Card","Relic","Card","Relic","Card","Card"],"build_version":"2020-12-22","purchased_purges":1,"victory":true,"max_hp_per_floor":[80,80,80,80,80,80,80,80,80,80,80,80,80,80,80,80,80,80,80,80,80,80,80,80,80,80,80,80,80,80,80,80,80,80,80,80,80,80,80,80,80,80,80,80,80,80,80,80,80,80,80,80,80,80,80],"relic_stats":{"Centennial Puzzle":[3],"counters":[27,84],"StoneCalendar":[0],"Art of War":[12],"obtain_stats":[{"AT_RabadonDeathcap":20,"AT_RedTearstoneRing":9,"AT_ATBox":0,"NeowsBlessing":0,"SacredBark":34,"Oddly Smooth Stone":6,"StoneCalendar":42,"ice":0,"Burning Blood":0,"conspire:InfiniteJournal":43,"REME:ComplimentaryCards":0,"conspire:GiftBox":44,"Centennial Puzzle":54,"AT_TheCollector":24,"AT_TrinityForce":17,"Orrery":38,"Art of War":20,"Red Mask":46,"AT_SunfireAegis":13},{"AT_RabadonDeathcap":10,"AT_RedTearstoneRing":4,"AT_ATBox":0,"NeowsBlessing":0,"SacredBark":17,"Oddly Smooth Stone":4,"StoneCalendar":23,"ice":0,"Burning Blood":0,"conspire:InfiniteJournal":23,"REME:ComplimentaryCards":0,"conspire:GiftBox":23,"Centennial Puzzle":26,"AT_TheCollector":13,"AT_TrinityForce":8,"Orrery":20,"Art of War":10,"Red Mask":23,"AT_SunfireAegis":6},{"AT_RabadonDeathcap":30,"AT_RedTearstoneRing":12,"AT_ATBox":0,"NeowsBlessing":0,"SacredBark":52,"Oddly Smooth Stone":12,"StoneCalendar":70,"ice":0,"Burning Blood":0,"conspire:InfiniteJournal":70,"REME:ComplimentaryCards":0,"conspire:GiftBox":70,"Centennial Puzzle":78,"AT_TheCollector":37,"AT_TrinityForce":25,"Orrery":62,"Art of War":30,"Red Mask":70,"AT_SunfireAegis":18}],"Burning Blood":115},"card_choices":[{"not_picked":["Flex","Perfected Strike"],"picked":"AT_BodySlamDance","floor":1.0},{"not_picked":["AT_IchimonjiDouble","conspire:ExplosiveBarrier"],"picked":"Armaments","floor":3.0},{"not_picked":["Pommel Strike","AT_ManFootWork"],"picked":"Battle Trance","floor":4.0},{"not_picked":["Thunderclap","True Grit"],"picked":"AT_ShrugMaster","floor":6.0},{"not_picked":["Cleave","Warcry"],"picked":"conspire:Purge","floor":10.0},{"not_picked":["Clothesline","Iron Wave"],"picked":"Berserk","floor":13.0},{"not_picked":["Twin Strike","Power Through"],"picked":"AT_BodySlamDance","floor":14.0},{"not_picked":["Berserk","Impervious"],"picked":"Demon Form","floor":16.0},{"not_picked":["Havoc","AT_BodySlamDance"],"picked":"Pommel Strike+1","floor":18.0},{"not_picked":["Fire Breathing+1","Twin Strike+1"],"picked":"Armaments+1","floor":19.0},{"not_picked":["Flex+1","AT_IchimonjiDouble"],"picked":"Entrench","floor":21.0},{"not_picked":["Anger","Shrug It Off"],"picked":"Headbutt","floor":22.0},{"not_picked":["conspire:Purge","Whirlwind+1"],"picked":"Dual Wield","floor":24.0},{"not_picked":["Havoc","Heavy Blade"],"picked":"Thunderclap","floor":27.0},{"not_picked":["Hemokinesis+1","Heavy Blade+1"],"picked":"conspire:ExplosiveBarrier","floor":29.0},{"not_picked":["AT_CaressingTears","True Grit"],"picked":"Flex+1","floor":31.0},{"not_picked":["conspire:HitWhereItHurts","Berserk"],"picked":"Immolate","floor":33.0},{"not_picked":["Rage","Pommel Strike+1"],"picked":"Shrug It Off+1","floor":35.0},{"not_picked":["Whirlwind+1","AT_IchimonjiDouble+1"],"picked":"Sword Boomerang+1","floor":36.0},{"not_picked":["AT_BodySlamDance+1","Inflame"],"picked":"Offering","floor":37.0},{"not_picked":["Body Slam","Reaper"],"picked":"Intimidate+1","floor":38.0},{"not_picked":["Shrug It Off","Iron Wave"],"picked":"Sword Boomerang+1","floor":38.0},{"not_picked":["Spot Weakness+1","Warcry"],"picked":"Shockwave","floor":38.0},{"not_picked":["AT_CaressingTears","Iron Wave"],"picked":"Sword Boomerang+1","floor":38.0},{"not_picked":["Heavy Blade","Fire Breathing","Armaments+1"],"picked":"SKIP","floor":39.0},{"not_picked":["Anger+1","Corruption"],"picked":"AT_BodySlamDance+1","floor":41.0},{"not_picked":["Body Slam","Dropkick"],"picked":"Seeing Red+1","floor":42.0},{"not_picked":["conspire:Purge","Offering"],"picked":"Barricade","floor":44.0},{"not_picked":["Whirlwind+1","Body Slam"],"picked":"AT_ShrugMaster+1","floor":48.0},{"not_picked":["Clothesline","Carnage+1"],"picked":"Sword Boomerang+1","floor":54.0}],"player_experience":173804,"relics_obtained":[{"floor":6.0,"key":"Oddly Smooth Stone"},{"floor":9.0,"key":"AT_RedTearstoneRing"},{"floor":13.0,"key":"AT_SunfireAegis"},{"floor":24.0,"key":"AT_TheCollector"},{"floor":42.0,"key":"StoneCalendar"},{"floor":43.0,"key":"conspire:InfiniteJournal"},{"floor":54.0,"key":"Centennial Puzzle"}],"event_choices":[{"damage_healed":0.0,"max_hp_gain":0.0,"max_hp_loss":0.0,"gold_gain":0.0,"cards_transformed":["Strike_R"],"event_name":"Transmorgrifier","player_choice":"Transformed","floor":2.0,"gold_loss":0.0,"damage_taken":0.0,"cards_obtained":["Warcry"]},{"cards_removed":["Battle Trance"],"damage_healed":14.0,"max_hp_gain":0.0,"max_hp_loss":0.0,"gold_gain":0.0,"event_name":"Bonfire Elementals","player_choice":"Offered Uncommon","floor":7.0,"gold_loss":0.0,"damage_taken":0.0},{"damage_healed":0.0,"max_hp_gain":0.0,"max_hp_loss":0.0,"gold_gain":75.0,"event_name":"FaceTrader","player_choice":"Touch","floor":11.0,"gold_loss":0.0,"damage_taken":8.0},{"damage_healed":0.0,"max_hp_gain":0.0,"max_hp_loss":0.0,"gold_gain":0.0,"event_name":"Tomb of Lord Red Mask","player_choice":"Paid","floor":46.0,"gold_loss":15.0,"damage_taken":0.0,"relics_obtained":["Red Mask"]},{"damage_healed":0.0,"max_hp_gain":0.0,"max_hp_loss":0.0,"gold_gain":0.0,"event_name":"SensoryStone","player_choice":"Memory 1","floor":47.0,"gold_loss":0.0,"damage_taken":0.0}],"is_beta":false,"boss_relics":[{"not_picked":["Mark of Pain","Snecko Eye"],"picked":"AT_TrinityForce"},{"not_picked":["Runic Cube","conspire:RunicOctahedron"],"picked":"SacredBark"}],"items_purged_floors":[30],"is_endless":false,"potions_floor_spawned":[1,10,14,19,22,24,33,36,37,41,42],"ascension_level":0}}