{"host":"7r6bd5ce6zscnmwq","time":1613622906,"event":{"mods":["BaseMod","Block Reminder","Colored Map","Colored Powertips","Curses Come First","Downfall","Minty Spire (QoL Compilation)","Quick Restart","Reliquary","Shop Mod","Spicy Shops","StSLib"],"gold_per_floor":[99,99,99,199,210,210,237,337,337,354,384,396,296,40,59,164,164,164,174,186,199,214,231,311,311,311,311,311,328,345,345,360,463,463,363,377,395,411,426,426,426,0,14,25,39,39,54,54,66,66],"floor_reached":51,"language":"ENG","playtime":4317,"items_purged":["champ:Defend","champ:Strike","champ:Strike"],"score":789,"play_id":"d65f6e3f-2fd6-4909-888b-8129fb2c9b91","local_time":"20210218133506","is_ascension_mode":true,"campfire_choices":[{"data":"champ:Taunt","floor":1,"key":"SMITH"},{"data":"champ:StanceDance","floor":6,"key":"SMITH"},{"data":"champ:Shatter","floor":13,"key":"SMITH"},{"data":"champ:MurderStrike","floor":18,"key":"SMITH"},{"data":"champ:HeartStrike","floor":25,"key":"SMITH"},{"floor":27,"key":"RECALL"},{"data":"champ:Improvising","floor":35,"key":"SMITH"},{"floor":40,"key":"REST"},{"data":"champ:FancyFootwork","floor":46,"key":"SMITH"}],"circlet_count":0,"master_deck":["champ:Strike+1","champ:Strike","champ:Defend","champ:Defend","champ:Defend","champ:Execute","champ:Taunt+1","champ:ArenaPreparation","champ:StanceDance+1","champ:CalledShot","champ:FaceSlap+1","champ:Shatter+1","champ:AdrenalArmor+1","champ:BringItOn+1","expansioncontent:DashGenerateEvil+1","champ:MurderStrike+1","champ:HeartStrike+1","champ:TripleStrike","champ:RageSigil+1","champ:Improvising+1","champ:FancyFootwork+1","champ:CheapShot"],"relics":["champ:ChampionCrown","downfall:HeartsMalice","Champion Belt","downfall:HeartBlessingGreen","reliquary:RedPaperclip","Eternal Feather","reliquary:ThirdArm","downfall:HeartBlessingRed","Medical Kit","Bag of Marbles","Toy Ornithopter"],"acts_visited":["Exordium","TheCity","TheBeyond"],"potions_floor_usage":[11,16,16,23,33,33,47,50],"damage_taken":[{"damage":0,"enemies":"Cultist","floor":2,"turns":1},{"damage":0,"enemies":"Jaw Worm","floor":3,"turns":1},{"damage":0,"enemies":"Jaw Worm","floor":4,"turns":1},{"damage":30,"enemies":"Small Slimes","floor":5,"turns":3},{"damage":16,"enemies":"2 Fungi Beasts","floor":10,"turns":3},{"damage":28,"enemies":"Gremlin Nob","floor":11,"turns":4},{"damage":18,"enemies":"3 Louse","floor":12,"turns":3},{"damage":50,"enemies":"downfall:FleeingMerchant","floor":14,"turns":4},{"damage":29,"enemies":"Large Slime","floor":15,"turns":4},{"damage":83,"enemies":"WA_ARCHETYPE_RETAIN","floor":16,"turns":7},{"damage":49,"enemies":"Chosen","floor":19,"turns":3},{"damage":35,"enemies":"downfall:LooterAlt2","floor":20,"turns":4},{"damage":20,"enemies":"Snecko","floor":21,"turns":4},{"damage":35,"enemies":"Sentry and Sphere","floor":22,"turns":3},{"damage":39,"enemies":"3 Cultists","floor":23,"turns":4},{"damage":36,"enemies":"Shelled Parasite and Fungi","floor":29,"turns":3},{"damage":1,"enemies":"Snake Plant","floor":30,"turns":2},{"damage":24,"enemies":"Snecko","floor":32,"turns":4},{"damage":59,"enemies":"IC_MUSHROOM_ARCHETYPE","floor":33,"turns":4},{"damage":40,"enemies":"3 Darklings","floor":36,"turns":5},{"damage":30,"enemies":"3 Shapes","floor":37,"turns":4},{"damage":43,"enemies":"Writhing Mass","floor":38,"turns":3},{"damage":86,"enemies":"4 Shapes","floor":39,"turns":5},{"damage":25,"enemies":"downfall:FleeingMerchant","floor":42,"turns":3},{"damage":15,"enemies":"Jaw Worm Horde","floor":43,"turns":3},{"damage":30,"enemies":"Sphere and 2 Shapes","floor":44,"turns":2},{"damage":15,"enemies":"Writhing Mass","floor":45,"turns":4},{"damage":14,"enemies":"Jaw Worm Horde","floor":47,"turns":4},{"damage":23,"enemies":"3 Darklings","floor":49,"turns":5},{"damage":68,"enemies":"SI_POISON_ARCHETYPE","floor":50,"turns":6}],"seed_played":"487468526475768998","potions_obtained":[{"floor":4,"key":"bronze:BurnAndBuffPotion"},{"floor":10,"key":"Dexterity Potion"},{"floor":15,"key":"Fruit Juice"},{"floor":16,"key":"FearPotion"},{"floor":23,"key":"champ:OpenerPotion"},{"floor":30,"key":"Swift Potion"},{"floor":37,"key":"Ancient Potion"},{"floor":43,"key":"Regen Potion"},{"floor":47,"key":"DistilledChaos"},{"floor":49,"key":"Strength Potion"}],"is_trial":false,"path_per_floor":["R","M","M","?","M","R","T","?","?","M","E","M","R","$","M","B",null,"R","M","M","M","M","M","T","R","?","R","?","M","M","?","M","B",null,"R","M","M","M","M","R","T","$","M","M","M","R","M","?","M","B",null],"character_chosen":"THE_CHAMP","items_purchased":["expansioncontent:DashGenerateEvil","Medical Kit","Bag of Marbles","champ:TechniquePotion","Toy Ornithopter"],"campfire_rested":1,"item_purchase_floors":[14,42,42,42,42],"current_hp_per_floor":[90,90,90,90,90,90,90,90,90,89,81,78,78,73,69,66,95,95,91,91,91,91,87,87,95,79,91,72,66,65,65,61,52,100,100,100,95,87,11,53,53,43,43,43,43,55,68,68,55,52],"gold":66,"neow_bonus":"THREE_ENEMY_KILL","is_daily":false,"chose_seed":false,"campfire_upgraded":7,"win_rate":0.0,"timestamp":1613622906,"path_taken":["R","M","?","?","M","R","T","?","?","M","E","M","R","$","M","BOSS","R","M","M","M","M","M","T","R","?","R","?","M","M","?","M","BOSS","R","M","M","M","M","R","T","$","?","M","M","R","M","?","M","BOSS"],"items_purchased_type":["Card","Relic","Relic","Potion","Relic"],"build_version":"2020-12-22","purchased_purges":3,"victory":true,"max_hp_per_floor":[90,90,90,90,90,90,90,90,90,90,90,90,90,90,90,95,95,95,95,95,95,95,95,95,95,95,95,100,100,100,100,100,100,100,100,100,100,100,100,100,100,100,100,100,100,100,100,100,100,100],"card_choices":[{"not_picked":["champ:Circumvent","champ:PerfectedStrike"],"picked":"champ:ArenaPreparation","floor":2},{"not_picked":["champ:ShieldWall","champ:BladeFlurry"],"picked":"champ:StanceDance","floor":3},{"not_picked":["champ:EnGarde","champ:AdrenalArmor"],"picked":"champ:CalledShot","floor":4},{"not_picked":["champ:IronFortress","champ:BladeFlurry"],"picked":"champ:FaceSlap","floor":5},{"not_picked":["champ:TornadoPunch","champ:LastStand"],"picked":"champ:Shatter","floor":10},{"not_picked":["champ:BringItOn+1","champ:GladiatorStyle"],"picked":"champ:AdrenalArmor+1","floor":11},{"not_picked":["champ:StanceDance+1","champ:RisingSlash"],"picked":"champ:BringItOn+1","floor":12},{"not_picked":["champ:Parry+1","champ:SkillfulDodge+1","champ:CrownThrow"],"picked":"SKIP","floor":14},{"not_picked":["champ:GutPunch","champ:DefensiveStyle","champ:TornadoPunch"],"picked":"SKIP","floor":15},{"not_picked":["champ:DancingMaster","champ:EnchantShield+1"],"picked":"champ:MurderStrike","floor":16},{"not_picked":["champ:BringItOn","champ:FalseCounter","champ:FanOfKnives"],"picked":"SKIP","floor":19},{"not_picked":["champ:PreciseThrust","champ:BringItOn"],"picked":"champ:HeartStrike","floor":20},{"not_picked":["champ:EnGarde","champ:FaceSlap","champ:AdrenalArmor"],"picked":"SKIP","floor":21},{"not_picked":["champ:StanceDance","champ:AdrenalArmor+1","champ:Endure"],"picked":"SKIP","floor":22},{"not_picked":["champ:RapidStrikes","champ:RisingSlash+1"],"picked":"champ:TripleStrike","floor":23},{"not_picked":["champ:StanceDance","champ:DefensiveShout","champ:FanOfKnives"],"picked":"SKIP","floor":29},{"not_picked":["champ:Backstep+1","champ:Parry+1","champ:FlashCut"],"picked":"SKIP","floor":30},{"not_picked":["champ:Shatter+1","champ:SetATrap"],"picked":"champ:RageSigil+1","floor":32},{"not_picked":["champ:TripleStrike","champ:EnchantSword"],"picked":"champ:Improvising","floor":33},{"not_picked":["champ:Circumvent","champ:GutPunch"],"picked":"champ:FancyFootwork","floor":36},{"not_picked":["champ:FancyFootwork+1","champ:GutPunch+1","champ:PerfectedStrike+1"],"picked":"SKIP","floor":37},{"not_picked":["champ:Circumvent","champ:GutPunch"],"picked":"champ:CheapShot","floor":38},{"not_picked":["champ:Shatter+1","champ:Circumvent","champ:BringItOn+1"],"picked":"SKIP","floor":39},{"not_picked":["champ:EnGarde","champ:FocusedDefense+1","champ:HoldFirm"],"picked":"SKIP","floor":42},{"not_picked":["champ:SetATrap+1","champ:Duel+1","champ:FancyFootwork"],"picked":"SKIP","floor":43},{"not_picked":["champ:CrownThrow","champ:Circumvent","champ:FocusedDefense"],"picked":"SKIP","floor":44},{"not_picked":["champ:BerserkersShout","champ:DeathBlow","champ:TornadoPunch+1"],"picked":"SKIP","floor":45},{"not_picked":["champ:BringItOn+1","champ:PerfectedStrike","champ:PreciseThrust"],"picked":"SKIP","floor":47},{"not_picked":["champ:Haymaker","champ:PreemptiveStrike+1","champ:ShieldThrow"],"picked":"SKIP","floor":49}],"player_experience":699404,"relics_obtained":[{"floor":4,"key":"Champion Belt"},{"floor":7,"key":"Whetstone"},{"floor":11,"key":"Toxic Egg 2"},{"floor":24,"key":"Eternal Feather"}],"event_choices":[{"damage_healed":0,"gold_gain":0,"player_choice":"Forge","damage_taken":0,"max_hp_gain":0,"max_hp_loss":0,"event_name":"Accursed Blacksmith","floor":31,"gold_loss":0,"cards_upgraded":["expansioncontent:DashGenerateEvil"]},{"damage_healed":0,"gold_gain":0,"player_choice":"Ignored","damage_taken":0,"max_hp_gain":0,"max_hp_loss":0,"event_name":"Mysterious Sphere","floor":48,"gold_loss":0}],"is_beta":false,"boss_relics":[{"not_picked":["Pandora\u0027s Box","reliquary:Craggleroot"],"picked":"reliquary:RedPaperclip"},{"not_picked":["reliquary:RedCape","Black Star"],"picked":"reliquary:ThirdArm"}],"items_purged_floors":[14,42,42],"is_endless":false,"potions_floor_spawned":[4,10,15,16,23,30,37,43,45,47,49],"ascension_level":1}}