{"host":"64qzurqwi0x0qgxo","time":1613648701,"event":{"mods":["ATMod(∞¢Ë™Mod)","Act Like it!","BaseMod","Colored Map","Colored Powertips","Gensokyo","Googly Eyes","Grow up Mod","GungeonMod","Hallownest","Keyboard Shortcuts","Koishi","KomeijiMod","Marisa£®ÏF”Í°°ƒß¿Ì…≥£©","Minty Spire (QoL Compilation)","MostiFishMod","Quick Restart","Rare Cards Sparkle","Reimu£®≤©¿ˆ¡È√Œ£©","Relic Stats","Remilia_Scarlet Moed£®¿Ÿ√◊¿Ú—«°§Àπø®¿◊Ãÿ£©3.3.5","Remove Card Discount Mod","Replay The Spire","StSLib","The Poker Player","noobMod"],"gold_per_floor":[113,113,125,125,8,8,8],"floor_reached":6,"language":"ZHS","playtime":219,"items_purged":["DemoMod:Defend_Huntress","DemoMod:Defend_Huntress","DemoMod:Strike_Huntress","DemoMod:RustySidearm","DemoMod:CrossBow","DemoMod:Strike_Huntress","DemoMod:Roll","DemoMod:Strike_Huntress"],"score":84,"play_id":"5b2a6891-17a1-4d00-a660-50aef9509c00","local_time":"20210218194501","is_ascension_mode":false,"campfire_choices":[],"circlet_count":0,"master_deck":["DemoMod:ManualReload","DemoMod:TripleGun","DemoMod:TeaPot","DemoMod:SAA","DemoMod:DirectionalPad"],"relics":["DemoMod:Dog","ice","DaveBox","AT_ATBox","NeowsBlessing","DemoMod:GlassGuonStoneRelic","SynthV:TestCard","DemoMod:Limited"],"acts_visited":["Hallownest:Greenpath"],"potions_floor_usage":[],"damage_taken":[{"damage":0,"enemies":"Hallownest:2_MossCreeps","floor":1,"turns":1},{"damage":0,"enemies":"Hallownest:monsterHuskGuard","floor":3,"turns":1},{"damage":0,"enemies":"Hallownest:monsterMarmu","floor":4,"turns":1},{"damage":0,"enemies":"Hallownest:eliteCrystalGuardian","floor":6,"turns":1}],"seed_played":"-4234416120025949148","potions_obtained":[{"floor":1,"key":"GamblersBrew"}],"is_trial":false,"path_per_floor":["M","?","M","?","$","E"],"character_chosen":"HUNTRESS","items_purchased":["DemoMod:SAA","DemoMod:DirectionalPad"],"campfire_rested":0,"item_purchase_floors":[5,5],"current_hp_per_floor":[90,100,110,120,130,130,130],"gold":8,"neow_bonus":"THREE_ENEMY_KILL","is_daily":false,"chose_seed":false,"campfire_upgraded":0,"win_rate":0.0,"timestamp":1613648701,"path_taken":["M","?","M","?","?","E"],"items_purchased_type":["Card","Card"],"build_version":"2020-12-22","purchased_purges":8,"victory":false,"max_hp_per_floor":[90,100,110,120,130,130,130],"relic_stats":{"counters":[4,4],"obtain_stats":[{"AT_ATBox":0,"SynthV:TestCard":1,"DemoMod:Dog":0,"DaveBox":0,"NeowsBlessing":0,"DemoMod:GlassGuonStoneRelic":1,"ice":0,"DemoMod:Limited":2},{"AT_ATBox":0,"SynthV:TestCard":1,"DemoMod:Dog":0,"DaveBox":0,"NeowsBlessing":0,"DemoMod:GlassGuonStoneRelic":1,"ice":0,"DemoMod:Limited":1},{"AT_ATBox":0,"SynthV:TestCard":1,"DemoMod:Dog":0,"DaveBox":0,"NeowsBlessing":0,"DemoMod:GlassGuonStoneRelic":1,"ice":0,"DemoMod:Limited":1}]},"card_choices":[{"not_picked":["DemoMod:BoxingGlove","DemoMod:SkilledReload"],"picked":"DemoMod:TripleGun","floor":1},{"not_picked":["DemoMod:BlackHoleGun","DemoMod:RadGun","DemoMod:FortunesFavor","DemoMod:PotionOfGunFriendShip"],"picked":"DemoMod:TeaPot","floor":3}],"player_experience":120603,"relics_obtained":[{"floor":1,"key":"SynthV:TestCard"}],"event_choices":[],"is_beta":false,"boss_relics":[],"items_purged_floors":[5,5,5,5,5,5,5,5],"is_endless":false,"potions_floor_spawned":[1,3],"killed_by":"Hallownest:eliteCrystalGuardian","ascension_level":0}}