{"host":"ij6v9c62x5hkpuac","time":1613664975,"event":{"mods":["BaseMod","BetterRewards","Minty Spire (QoL Compilation)","Permanent Neow","Prisma Mod","Shop Mod","StSLib","Td1madao Mod","The Animator","The Servant 0.9.4","Yuri Mod"],"gold_per_floor":[116,116,133,147,160,160,188,199,251,264,264,264,285,385,385,385,385],"floor_reached":16,"language":"ENG","playtime":719,"items_purged":[],"score":172,"play_id":"61c702fc-3342-4561-acf8-9b4ee7bbe1fc","local_time":"20210219001615","is_ascension_mode":true,"campfire_choices":[{"floor":6,"key":"REST"},{"floor":11,"key":"REST"},{"floor":15,"key":"REST"}],"circlet_count":0,"master_deck":["AscendersBane","Strike_S","Strike_S","Strike_S","Strike_S","Defend_S","Defend_S","Defend_S","Defend_S","KidneyShot","Exchange","Dilation","SilverBlades","Initiator","BottledTime","BottledTime","Defy+1","Rewind+1","Alleviate+1"],"relics":["Uniform","Toxic Egg 2","Omamori","Golden Idol"],"acts_visited":["Exordium"],"potions_floor_usage":[13],"damage_taken":[{"damage":3,"enemies":"2 Louse","floor":1,"turns":3},{"damage":0,"enemies":"Cultist","floor":3,"turns":4},{"damage":4,"enemies":"Jaw Worm","floor":4,"turns":2},{"damage":14,"enemies":"3 Louse","floor":5,"turns":4},{"damage":30,"enemies":"3 Sentries","floor":7,"turns":11},{"damage":7,"enemies":"Gremlin Gang","floor":8,"turns":7},{"damage":1,"enemies":"2 Fungi Beasts","floor":10,"turns":5},{"damage":7,"enemies":"Large Slime","floor":13,"turns":6},{"damage":74,"enemies":"Slime Boss","floor":16,"turns":15}],"seed_played":"-6803128222398179074","potions_obtained":[{"floor":2,"key":"Explosive Potion"},{"floor":2,"key":"FairyPotion"},{"floor":4,"key":"FearPotion"}],"is_trial":false,"path_per_floor":["M","?","M","M","M","R","E","M","T","M","R","?","M","?","R","B"],"character_chosen":"THE_SERVANT","items_purchased":[],"campfire_rested":3,"item_purchase_floors":[],"current_hp_per_floor":[56,56,56,52,38,57,27,20,20,19,38,38,31,31,49,0,0],"gold":385,"neow_bonus":"ONE_RANDOM_RARE_CARD","is_daily":false,"chose_seed":false,"campfire_upgraded":0,"win_rate":0.0,"timestamp":1613664975,"path_taken":["M","?","?","M","M","R","E","M","T","M","R","?","M","?","R","BOSS"],"items_purchased_type":[],"build_version":"2020-12-22","purchased_purges":0,"victory":false,"max_hp_per_floor":[65,65,65,65,65,65,65,65,65,65,65,60,60,60,60,60,60],"card_choices":[{"not_picked":["Replace","Starlight"],"picked":"SilverBlades","floor":1},{"not_picked":["TimeWarp","Orbit"],"picked":"Initiator","floor":3},{"not_picked":["Spin","Rewind"],"picked":"BottledTime","floor":4},{"not_picked":["Revamp","DualDimension"],"picked":"BottledTime","floor":5},{"not_picked":["Gouge","ShatteredReality"],"picked":"Defy+1","floor":7},{"not_picked":["Defy+1","BestPractice"],"picked":"Rewind+1","floor":8},{"not_picked":["Read+1","ShatteredReality"],"picked":"Alleviate+1","floor":10},{"not_picked":["Unruled","Potential","Foresight"],"picked":"SKIP","floor":13}],"player_experience":682979,"relics_obtained":[{"floor":7,"key":"Toxic Egg 2"},{"floor":9,"key":"Omamori"}],"event_choices":[{"damage_healed":0,"gold_gain":0,"player_choice":"Got Potions","damage_taken":0,"max_hp_gain":0,"max_hp_loss":0,"event_name":"Lab","floor":2,"gold_loss":0},{"damage_healed":0,"gold_gain":0,"player_choice":"Lose Max HP","damage_taken":0,"relics_obtained":["Golden Idol"],"max_hp_gain":0,"max_hp_loss":5,"event_name":"Golden Idol","floor":12,"gold_loss":0},{"damage_healed":0,"gold_gain":100,"player_choice":"Pray","damage_taken":0,"max_hp_gain":0,"max_hp_loss":0,"event_name":"Golden Shrine","floor":14,"gold_loss":0}],"is_beta":false,"boss_relics":[],"items_purged_floors":[],"is_endless":false,"potions_floor_spawned":[3,4,7],"killed_by":"Slime Boss","ascension_level":13}}