{"host":"bf5upntvbdompq33","time":1613608109,"event":{"mods":["BaseMod","Bestiary","Colored Map","Colored Powertips","Curses Come First","Highlight Path","Minty Spire (QoL Compilation)","StSLib","ojb\u0027s Info Mod"],"gold_per_floor":[119,119,119,139,27,55,69,95,95,108,108,108,142,152,152,223,223,240,252,252,53,53,53],"floor_reached":22,"language":"ENG","playtime":2182,"items_purged":[],"score":347,"play_id":"5e6a665b-d83a-4bfd-92da-fa458c261ed4","local_time":"20210217172829","is_ascension_mode":true,"campfire_choices":[{"floor":11,"key":"REST"},{"data":"Carnage","floor":15,"key":"SMITH"}],"circlet_count":0,"master_deck":["AscendersBane","Strike_R","Strike_R","Strike_R","Strike_R","Strike_R","Defend_R","Defend_R","Defend_R","Defend_R","Bash","The Bomb","Warcry","Clothesline","Hemokinesis","Flame Barrier","Iron Wave","Seeing Red","Carnage+1","Parasite","Uppercut","Ghostly Armor","Feed","Fire Breathing","Anger+1","Writhe"],"relics":["Burning Blood","Lantern","Pantograph","Anchor","Pen Nib","Juzu Bracelet","Black Star","Gremlin Horn","Toolbox"],"acts_visited":["Exordium","TheCity"],"potions_floor_usage":[8,19,22],"damage_taken":[{"damage":16,"enemies":"Jaw Worm","floor":1,"turns":3},{"damage":10,"enemies":"Small Slimes","floor":4,"turns":4},{"damage":8,"enemies":"3 Sentries","floor":6,"turns":3},{"damage":0,"enemies":"2 Louse","floor":7,"turns":3},{"damage":17,"enemies":"Lagavulin","floor":8,"turns":4},{"damage":11,"enemies":"Blue Slaver","floor":10,"turns":4},{"damage":16,"enemies":"Gremlin Nob","floor":13,"turns":3},{"damage":9,"enemies":"Exordium Wildlife","floor":14,"turns":4},{"damage":51,"enemies":"The Guardian","floor":16,"turns":11},{"damage":23,"enemies":"2 Thieves","floor":18,"turns":4},{"damage":45,"enemies":"3 Byrds","floor":19,"turns":4},{"damage":27,"enemies":"Shelled Parasite and Fungi","floor":22,"turns":4}],"seed_played":"-1369338136741279108","potions_obtained":[{"floor":4,"key":"ColorlessPotion"},{"floor":8,"key":"PowerPotion"},{"floor":14,"key":"Swift Potion"},{"floor":19,"key":"Energy Potion"}],"is_trial":false,"path_per_floor":["M","?","?","M","$","E","M","E","T","M","R","?","E","M","R","B",null,"M","M","?","$","M"],"character_chosen":"IRONCLAD","items_purchased":["Hemokinesis","Flame Barrier","Toolbox","BloodPotion"],"campfire_rested":1,"item_purchase_floors":[5,5,21,21],"current_hp_per_floor":[58,51,39,35,35,33,39,28,28,23,45,63,53,50,50,30,64,47,8,8,8,0,0],"gold":53,"neow_bonus":"RANDOM_COLORLESS_2","is_daily":false,"chose_seed":false,"campfire_upgraded":1,"win_rate":0.0,"timestamp":1613608109,"path_taken":["M","?","?","M","$","E","M","E","T","M","R","?","E","M","R","BOSS","M","M","?","$","M"],"items_purchased_type":["Card","Card","Relic","Potion"],"build_version":"2020-12-22","purchased_purges":0,"victory":false,"max_hp_per_floor":[75,75,75,75,75,75,75,75,75,75,75,75,75,75,75,75,75,75,75,75,75,75,75],"card_choices":[{"not_picked":["Thinking Ahead","Magnetism"],"picked":"The Bomb","floor":0},{"not_picked":["True Grit","Anger"],"picked":"Warcry","floor":1},{"not_picked":["True Grit","Shrug It Off"],"picked":"Clothesline","floor":4},{"not_picked":["Flex","Reckless Charge"],"picked":"Iron Wave","floor":6},{"not_picked":["Second Wind","Sword Boomerang","Clothesline"],"picked":"SKIP","floor":7},{"not_picked":["Cleave","Perfected Strike"],"picked":"Seeing Red","floor":8},{"not_picked":["Power Through","Warcry"],"picked":"Carnage","floor":10},{"not_picked":["Clash","Rupture"],"picked":"Uppercut","floor":13},{"not_picked":["Armaments","Brutality"],"picked":"Ghostly Armor","floor":14},{"not_picked":["Fiend Fire","Corruption"],"picked":"Feed","floor":16},{"not_picked":["Clothesline","Rage"],"picked":"Fire Breathing","floor":18},{"not_picked":["Headbutt","Shrug It Off"],"picked":"Anger+1","floor":19}],"player_experience":1625846,"relics_obtained":[{"floor":6,"key":"Pantograph"},{"floor":8,"key":"Anchor"},{"floor":9,"key":"Pen Nib"},{"floor":13,"key":"Juzu Bracelet"}],"event_choices":[{"cards_removed":["Regret"],"damage_healed":0,"gold_gain":0,"player_choice":"Card Removal","damage_taken":7,"max_hp_gain":0,"max_hp_loss":0,"event_name":"Golden Wing","floor":2,"gold_loss":0},{"damage_healed":0,"gold_gain":0,"player_choice":"Success","damage_taken":12,"relics_obtained":["Lantern"],"max_hp_gain":0,"max_hp_loss":0,"event_name":"Scrap Ooze","floor":3,"gold_loss":0},{"damage_healed":18,"gold_gain":0,"player_choice":"Healed and dodged fight","damage_taken":0,"max_hp_gain":0,"max_hp_loss":0,"event_name":"Mushrooms","floor":12,"gold_loss":0,"cards_obtained":["Parasite"]},{"damage_healed":0,"gold_gain":0,"player_choice":"Opened","damage_taken":0,"relics_obtained":["Gremlin Horn"],"max_hp_gain":0,"max_hp_loss":0,"event_name":"The Mausoleum","floor":20,"gold_loss":0,"cards_obtained":["Writhe"]}],"is_beta":false,"boss_relics":[{"not_picked":["Busted Crown","SlaversCollar"],"picked":"Black Star"}],"items_purged_floors":[],"is_endless":false,"potions_floor_spawned":[4,8,14,16,18,19],"killed_by":"Shelled Parasite and Fungi","ascension_level":14}}