{"host":"79kl9rvhjzhuunbo","time":1613689341,"event":{"mods":["AchievementEnabler","BaseMod","Colored Powertips","Defuse TimeMaze Blight","Friendly Minions","Highlight Path","Minty Spire (QoL Compilation)","Permanent Neow","Quick Restart","Random Character Button","Relic Sorter","StSLib","SuperFastMode","Synergy Search","Unceasing Turn Reminder"],"gold_per_floor":[110,110,129,149,149,182,182,208,208,240,16,116,116,116],"floor_reached":13,"language":"ENG","playtime":456,"items_purged":["Strike_B"],"score":116,"play_id":"55129295-5d2d-4282-bd09-205ae91c20f7","local_time":"20210219000221","is_ascension_mode":true,"campfire_choices":[{"data":"Defragment","floor":7.0,"key":"SMITH"}],"circlet_count":0,"master_deck":["Strike_B","Strike_B","Defend_B","Defend_B","Defend_B","Zap+1","Dualcast","Go for the Eyes","Static Discharge","Defragment+1","Leap","Self Repair+1"],"relics":["Cracked Core","Cables","Frozen Egg 2","Strawberry","Art of War","Membership Card"],"acts_visited":["Exordium"],"potions_floor_usage":[13,13],"damage_taken":[{"damage":0.0,"enemies":"Cultist","floor":1.0,"turns":3.0},{"damage":7.0,"enemies":"Jaw Worm","floor":3.0,"turns":3.0},{"damage":2.0,"enemies":"Small Slimes","floor":4.0,"turns":4.0},{"damage":12.0,"enemies":"Gremlin Nob","floor":6.0,"turns":3.0},{"damage":20.0,"enemies":"3 Sentries","floor":8.0,"turns":5.0},{"damage":16,"enemies":"Lagavulin","floor":10,"turns":6},{"damage":18,"enemies":"3 Sentries","floor":13,"turns":4}],"seed_played":"5964562970318707553","potions_obtained":[{"floor":3.0,"key":"AttackPotion"},{"floor":6.0,"key":"BlessingOfTheForge"},{"floor":10,"key":"SpeedPotion"}],"is_trial":false,"path_per_floor":["M","?","M","M","T","E","R","E","T","E","$","?","E"],"character_chosen":"DEFECT","items_purchased":["Membership Card","Self Repair+1"],"campfire_rested":0,"item_purchase_floors":[11,11],"current_hp_per_floor":[68,68,61,59,59,47,47,34,34,18,18,18,0,0],"gold":116,"neow_bonus":"REMOVE_TWO","is_daily":false,"chose_seed":false,"campfire_upgraded":1,"win_rate":0.0,"timestamp":1613689341,"path_taken":["M","?","?","M","?","E","R","E","T","E","?","?","E"],"items_purchased_type":["Relic","Card"],"build_version":"2020-12-22","purchased_purges":1,"victory":false,"max_hp_per_floor":[68,68,68,68,68,68,68,75,75,75,75,75,75,75],"card_choices":[{"not_picked":["Streamline","Hologram"],"picked":"Go for the Eyes","floor":1.0},{"not_picked":["Ball Lightning","Chill"],"picked":"Static Discharge","floor":3.0},{"not_picked":["Lockon","Coolheaded"],"picked":"Defragment","floor":4.0},{"not_picked":["Hyperbeam","Undo"],"picked":"Leap","floor":6.0},{"not_picked":["Hologram","Sunder","Gash"],"picked":"SKIP","floor":8.0},{"not_picked":["Fusion","Cold Snap","Redo"],"picked":"SKIP","floor":10}],"player_experience":294599,"relics_obtained":[{"floor":5.0,"key":"Cables"},{"floor":6.0,"key":"Frozen Egg 2"},{"floor":8.0,"key":"Strawberry"},{"floor":10,"key":"Art of War"}],"event_choices":[{"damage_healed":0.0,"max_hp_gain":0.0,"max_hp_loss":0.0,"gold_gain":0.0,"event_name":"Upgrade Shrine","player_choice":"Upgraded","floor":2.0,"gold_loss":0.0,"damage_taken":0.0,"cards_upgraded":["Zap"]},{"damage_healed":0,"gold_gain":100,"player_choice":"Pray","damage_taken":0,"max_hp_gain":0,"max_hp_loss":0,"event_name":"Golden Shrine","floor":12,"gold_loss":0}],"is_beta":false,"boss_relics":[],"items_purged_floors":[11],"is_endless":false,"potions_floor_spawned":[3,6,10],"killed_by":"3 Sentries","ascension_level":3}}