{"host":"h3ogdo6no3ehk88q","time":1613686506,"event":{"mods":["AchievementEnabler","BaseMod","Hermit","Marisa????????","Minty Spire (QoL Compilation)","StSLib","SuperFastMode","The Bug Knight","The Cursed","The Disciple","The Necromancer","The Servant 0.9.4"],"gold_per_floor":[116,96,21,36,36,49,78,78,104,116,153,165,177,189,218,248,277,165,165,241,241,261,261,261,275,200,200,235,255,255,304,304,304,304,335,335,352,352,352,352],"floor_reached":39,"language":"ENG","playtime":740,"items_purged":["Pain"],"score":536,"play_id":"7e4278b0-5802-4321-8279-7faf87b8582f","local_time":"20210218171506","is_ascension_mode":true,"campfire_choices":[{"data":"Carnage","floor":8,"key":"SMITH"},{"floor":12,"key":"REST"},{"data":"Immolate","floor":19,"key":"SMITH"},{"floor":27,"key":"REST"},{"floor":32,"key":"REST"},{"data":"Bludgeon","floor":36,"key":"SMITH"},{"data":"Disarm","floor":38,"key":"SMITH"}],"circlet_count":0,"master_deck":["AscendersBane","Strike_R","Strike_R","Strike_R","Strike_R","Defend_R","Defend_R","Defend_R","Defend_R","Bash+1","Cleave","Carnage+1","Clothesline","Immolate+1","Shrug It Off","Bludgeon+1","Disarm+1","Shrug It Off","Reaper"],"relics":["Burning Blood","Magic Flower","Tiny Chest","MawBank","PreservedInsect","MealTicket","Black Star","Bag of Preparation","Bronze Scales","Centennial Puzzle","Lantern","Mummified Hand","Pantograph","Regal Pillow"],"acts_visited":["Exordium","TheCity"],"potions_floor_usage":[7,25,25,25,39],"damage_taken":[{"damage":21,"enemies":"Jaw Worm","floor":1,"turns":5},{"damage":1,"enemies":"Cultist","floor":4,"turns":3},{"damage":0,"enemies":"Small Slimes","floor":6,"turns":2},{"damage":48,"enemies":"Lagavulin","floor":7,"turns":6},{"damage":11,"enemies":"Looter","floor":15,"turns":2},{"damage":0,"enemies":"Large Slime","floor":16,"turns":5},{"damage":31,"enemies":"Gremlin Gang","floor":17,"turns":5},{"damage":28,"enemies":"Slime Boss","floor":20,"turns":8},{"damage":32,"enemies":"Shell Parasite","floor":22,"turns":4},{"damage":26,"enemies":"Spheric Guardian","floor":25,"turns":4},{"damage":28,"enemies":"Slavers","floor":28,"turns":3},{"damage":24,"enemies":"Snake Plant","floor":29,"turns":4},{"damage":23,"enemies":"HollowMod:Nosk","floor":35,"turns":8},{"damage":21,"enemies":"Centurion and Healer","floor":37,"turns":10},{"damage":94,"enemies":"Champ","floor":39,"turns":10}],"seed_played":"-2673816826236727150","potions_obtained":[{"floor":1,"key":"Block Potion"},{"floor":2,"key":"Dexterity Potion"},{"floor":15,"key":"Dexterity Potion"},{"floor":20,"key":"PowerPotion"},{"floor":25,"key":"BloodPotion"},{"floor":35,"key":"Dexterity Potion"}],"is_trial":false,"path_per_floor":["M","?","$","M","?","M","E","R","T","T","T","R","$","?","M","M","M","$","R","B",null,"M","T","?","M","?","R","E","M","T","T","R","?","T","E","R","M","R","B"],"character_chosen":"IRONCLAD","items_purchased":["Immolate","Shrug It Off"],"campfire_rested":3,"item_purchase_floors":[18,18],"current_hp_per_floor":[56,56,56,64,69,78,39,39,39,39,39,63,78,78,76,80,58,73,73,54,74,51,51,36,36,36,61,42,27,27,27,52,52,52,38,38,38,38,0,0],"gold":352,"neow_bonus":"ONE_RARE_RELIC","is_daily":false,"chose_seed":false,"campfire_upgraded":4,"win_rate":0.0,"timestamp":1613686506,"path_taken":["M","?","?","M","?","M","E","R","?","T","T","R","$","?","M","M","?","$","R","BOSS","M","?","?","M","?","R","E","M","T","T","R","?","?","E","R","M","R","BOSS"],"items_purchased_type":["Card","Card"],"build_version":"2020-12-22","purchased_purges":1,"victory":false,"max_hp_per_floor":[75,75,75,75,80,80,80,80,80,80,80,80,80,80,80,80,80,80,80,80,80,80,80,85,85,85,85,85,85,85,85,85,85,85,85,85,85,85,85,85],"card_choices":[{"not_picked":["Rage","Warcry"],"picked":"Cleave","floor":1},{"not_picked":["Warcry","Sever Soul"],"picked":"Carnage","floor":4},{"not_picked":["Searing Blow","Uppercut","Clash"],"picked":"SKIP","floor":6},{"not_picked":["Metallicize","Iron Wave","Thunderclap"],"picked":"SKIP","floor":7},{"not_picked":["Entrench","Perfected Strike","Wild Strike"],"picked":"SKIP","floor":15},{"not_picked":["Second Wind","Body Slam","Heavy Blade"],"picked":"SKIP","floor":16},{"not_picked":["Pommel Strike","Rage"],"picked":"Clothesline","floor":17},{"not_picked":["Exhume","Berserk"],"picked":"Bludgeon","floor":20},{"not_picked":["Pommel Strike","Clash","Wild Strike"],"picked":"SKIP","floor":22},{"not_picked":["Evolve","Clash"],"picked":"Disarm","floor":25},{"not_picked":["Sword Boomerang","Pommel Strike","Juggernaut"],"picked":"SKIP","floor":28},{"not_picked":["Warcry","Perfected Strike"],"picked":"Shrug It Off","floor":29},{"not_picked":["Body Slam","Sword Boomerang+1"],"picked":"Reaper","floor":35},{"not_picked":["Burning Pact","Flex","Carnage"],"picked":"SKIP","floor":37}],"player_experience":912886,"relics_obtained":[{"floor":7,"key":"Tiny Chest"},{"floor":9,"key":"MawBank"},{"floor":10,"key":"PreservedInsect"},{"floor":11,"key":"MealTicket"},{"floor":28,"key":"Bag of Preparation"},{"floor":28,"key":"Bronze Scales"},{"floor":30,"key":"Centennial Puzzle"},{"floor":31,"key":"Lantern"},{"floor":34,"key":"Mummified Hand"},{"floor":35,"key":"Pantograph"},{"floor":35,"key":"Regal Pillow"}],"event_choices":[{"damage_healed":0,"gold_gain":0,"player_choice":"Bought 1 Potion","damage_taken":0,"max_hp_gain":0,"max_hp_loss":0,"event_name":"The Woman in Blue","floor":2,"gold_loss":0},{"damage_healed":0,"gold_gain":0,"player_choice":"Donut","damage_taken":0,"max_hp_gain":5,"max_hp_loss":0,"event_name":"Big Fish","floor":5,"gold_loss":0},{"damage_healed":0,"gold_gain":0,"player_choice":"Upgraded","damage_taken":0,"max_hp_gain":0,"max_hp_loss":0,"event_name":"Upgrade Shrine","floor":14,"gold_loss":0,"cards_upgraded":["Bash"]},{"damage_healed":0,"gold_gain":0,"player_choice":"Shed Blood","damage_taken":20,"max_hp_gain":5,"max_hp_loss":0,"event_name":"Forgotten Altar","floor":24,"gold_loss":0},{"cards_removed":["Strike_R"],"damage_healed":0,"gold_gain":0,"player_choice":"Gave Gold","damage_taken":0,"max_hp_gain":0,"max_hp_loss":0,"event_name":"Beggar","floor":26,"gold_loss":75},{"damage_healed":0,"gold_gain":0,"player_choice":"Ignored","damage_taken":0,"max_hp_gain":0,"max_hp_loss":0,"event_name":"Ghosts","floor":33,"gold_loss":0}],"is_beta":false,"boss_relics":[{"not_picked":["Philosopher\u0027s Stone","Astrolabe"],"picked":"Black Star"}],"items_purged_floors":[3],"is_endless":false,"potions_floor_spawned":[1,15,20,22,25,35],"killed_by":"Champ","ascension_level":14}}