{"host":"CottonTail234","time":1613618543,"event":{"mods":["BaseMod","Colored Map","Minty Spire (QoL Compilation)","StSLib"],"gold_per_floor":[116,191,191,191,26,26,59,59,59,59,59,72,102,121,121,198,198,208,224,234,234,84,84,95,95,95,95,62,94,9,22,22,95,95,123,142,142,17,44,44,82,101,110,144,144,167,210,237,237,237],"floor_reached":51,"language":"ENG","playtime":2594,"items_purged":["Decay","Strike_P","Shame"],"score":1279,"play_id":"07d57057-29f5-4a45-817e-e45329b26d7d","local_time":"20210217202223","is_ascension_mode":true,"campfire_choices":[{"data":"Eruption","floor":6,"key":"SMITH"},{"data":"ForeignInfluence","floor":8,"key":"SMITH"},{"data":"Fasting2","floor":10,"key":"SMITH"},{"floor":15,"key":"REST"},{"data":"J.A.X.","floor":23,"key":"SMITH"},{"data":"CrushJoints","floor":25,"key":"SMITH"},{"data":"MentalFortress","floor":32,"key":"SMITH"},{"data":"Adaptation","floor":40,"key":"SMITH"},{"floor":45,"key":"DIG"},{"floor":49,"key":"REST"}],"circlet_count":0,"master_deck":["AscendersBane","Strike_P+1","Strike_P+1","Strike_P+1","Defend_P+1","Defend_P","Defend_P","Defend_P+1","Eruption+1","Vigilance","FlurryOfBlows","Fasting2+1","EmptyFist","ForeignInfluence+1","Vault","ClearTheMind","EmptyBody","SpiritShield","CrushJoints+1","Sanctity","J.A.X.+1","JustLucky+1","JustLucky+1","Shame","MentalFortress+1","InnerPeace+1","JustLucky+1","Adaptation+1","Crescendo","TalkToTheHand+1","Decay","BowlingBash","FearNoEvil+1","EmptyMind","Tantrum+1"],"relics":["PureWater","TungstenRod","Pear","Juzu Bracelet","White Beast Statue","Vajra","Centennial Puzzle","Cursed Key","TeardropLocket","HornCleat","CeramicFish","Sundial","Black Star","Lizard Tail","Whetstone","Ancient Tea Set","Shovel","Molten Egg 2","War Paint","Blue Candle"],"acts_visited":["Exordium","TheCity","TheBeyond"],"potions_floor_usage":[13,16,19,24,29,29,31,33,36,37,39,44,44,47,50,50],"damage_taken":[{"damage":8,"enemies":"Jaw Worm","floor":1,"turns":2},{"damage":15,"enemies":"Gremlin Nob","floor":7,"turns":3},{"damage":0,"enemies":"Small Slimes","floor":12,"turns":2},{"damage":10,"enemies":"Lagavulin","floor":13,"turns":4},{"damage":0,"enemies":"2 Louse","floor":14,"turns":2},{"damage":15,"enemies":"The Guardian","floor":16,"turns":10},{"damage":0,"enemies":"Chosen","floor":18,"turns":2},{"damage":0,"enemies":"Spheric Guardian","floor":19,"turns":1},{"damage":5,"enemies":"Chosen and Byrds","floor":20,"turns":5},{"damage":6,"enemies":"Shelled Parasite and Fungi","floor":24,"turns":4},{"damage":2,"enemies":"Book of Stabbing","floor":29,"turns":3},{"damage":0,"enemies":"Snake Plant","floor":31,"turns":3},{"damage":42,"enemies":"Champ","floor":33,"turns":8},{"damage":1,"enemies":"Orb Walker","floor":35,"turns":3},{"damage":2,"enemies":"3 Darklings","floor":36,"turns":4},{"damage":2,"enemies":"4 Shapes","floor":39,"turns":2},{"damage":11,"enemies":"Nemesis","floor":41,"turns":5},{"damage":2,"enemies":"Jaw Worm Horde","floor":42,"turns":4},{"damage":2,"enemies":"Mind Bloom Boss Battle","floor":44,"turns":3},{"damage":0,"enemies":"Writhing Mass","floor":46,"turns":4},{"damage":11,"enemies":"Giant Head","floor":47,"turns":4},{"damage":5,"enemies":"Sphere and 2 Shapes","floor":48,"turns":3},{"damage":13,"enemies":"Donu and Deca","floor":50,"turns":8}],"seed_played":"-7516879221699474460","potions_obtained":[{"floor":12,"key":"LiquidMemories"},{"floor":13,"key":"Swift Potion"},{"floor":14,"key":"Fire Potion"},{"floor":16,"key":"SteroidPotion"},{"floor":19,"key":"Block Potion"},{"floor":20,"key":"Weak Potion"},{"floor":24,"key":"SteroidPotion"},{"floor":29,"key":"DistilledChaos"},{"floor":31,"key":"Regen Potion"},{"floor":33,"key":"Fruit Juice"},{"floor":35,"key":"AttackPotion"},{"floor":36,"key":"AttackPotion"},{"floor":37,"key":"StancePotion"},{"floor":39,"key":"GamblersBrew"},{"floor":44,"key":"SpeedPotion"},{"floor":46,"key":"GamblersBrew"},{"floor":47,"key":"Block Potion"}],"is_trial":false,"path_per_floor":["M","?","?","?","$","R","E","R","T","R","?","M","E","M","R","B",null,"M","M","M","?","$","R","M","R","T","T","$","E","?","M","R","B",null,"M","M","?","$","M","R","E","M","T","?","R","M","E","M","R","B",null],"character_chosen":"WATCHER","items_purchased":["Fasting2","EmptyFist","JustLucky","MentalFortress"],"campfire_rested":2,"item_purchase_floors":[5,5,22,28],"current_hp_per_floor":[53,43,30,35,35,35,20,20,20,20,20,20,10,10,33,18,63,63,63,58,58,58,58,52,52,52,52,52,50,50,50,50,23,64,63,61,66,66,64,64,53,51,51,49,49,49,38,33,57,44],"gold":237,"neow_bonus":"ONE_RARE_RELIC","is_daily":false,"chose_seed":false,"campfire_upgraded":7,"win_rate":0.0,"timestamp":1613618543,"path_taken":["M","?","?","?","$","R","E","R","T","R","?","M","E","M","R","BOSS","M","M","M","?","$","R","M","R","T","?","$","E","?","M","R","BOSS","M","M","?","$","M","R","E","M","T","?","R","M","E","M","R","BOSS"],"items_purchased_type":["Card","Card","Card","Card"],"build_version":"2020-12-18","purchased_purges":3,"victory":true,"max_hp_per_floor":[68,68,68,78,78,78,78,78,78,78,78,78,78,78,78,78,78,78,78,78,78,78,78,78,78,78,78,78,78,78,78,78,78,78,78,78,83,83,83,83,83,83,83,83,83,83,83,83,83,83],"card_choices":[{"not_picked":["ThirdEye","Protect"],"picked":"FlurryOfBlows","floor":1},{"not_picked":["EmptyMind","SashWhip"],"picked":"ForeignInfluence","floor":7},{"not_picked":["Nirvana","ReachHeaven"],"picked":"Vault","floor":12},{"not_picked":["Swivel","Fasting2"],"picked":"ClearTheMind","floor":13},{"not_picked":["PathToVictory","Wireheading"],"picked":"EmptyBody","floor":14},{"not_picked":["Judgement","MasterReality"],"picked":"SpiritShield","floor":16},{"not_picked":["ReachHeaven+1","Weave","CrushJoints"],"picked":"SKIP","floor":18},{"not_picked":["EmptyFist","Halt"],"picked":"CrushJoints","floor":19},{"not_picked":["EmptyMind","Protect"],"picked":"Sanctity","floor":20},{"not_picked":["FlyingSleeves","Prostrate+1"],"picked":"JustLucky+1","floor":24},{"not_picked":["JustLucky","Consecrate","FollowUp"],"picked":"SKIP","floor":29},{"not_picked":["Halt","Wireheading","ConjureBlade"],"picked":"SKIP","floor":31},{"not_picked":["JustLucky","CrushJoints"],"picked":"InnerPeace+1","floor":35},{"not_picked":["DeceiveReality+1","FollowUp"],"picked":"JustLucky+1","floor":36},{"not_picked":["Sanctity","SignatureMove+1"],"picked":"Adaptation","floor":39},{"not_picked":["FlurryOfBlows","BattleHymn"],"picked":"Crescendo","floor":41},{"not_picked":["FollowUp","WheelKick"],"picked":"TalkToTheHand+1","floor":42},{"not_picked":["LessonLearned","EmptyFist"],"picked":"BowlingBash","floor":44},{"not_picked":["EmptyFist+1","Sanctity"],"picked":"FearNoEvil+1","floor":46},{"not_picked":["Evaluate+1","EmptyFist+1"],"picked":"EmptyMind","floor":47},{"not_picked":["PathToVictory","TalkToTheHand+1"],"picked":"Tantrum+1","floor":48}],"player_experience":2200202,"relics_obtained":[{"floor":7,"key":"Juzu Bracelet"},{"floor":9,"key":"White Beast Statue"},{"floor":13,"key":"Centennial Puzzle"},{"floor":26,"key":"TeardropLocket"},{"floor":27,"key":"HornCleat"},{"floor":29,"key":"CeramicFish"},{"floor":41,"key":"Lizard Tail"},{"floor":41,"key":"Whetstone"},{"floor":43,"key":"Ancient Tea Set"},{"floor":44,"key":"Shovel"},{"floor":45,"key":"Molten Egg 2"},{"floor":47,"key":"War Paint"},{"floor":47,"key":"Blue Candle"}],"event_choices":[{"damage_healed":0,"gold_gain":75,"player_choice":"Gather Gold","damage_taken":11,"max_hp_gain":0,"max_hp_loss":0,"event_name":"World of Goop","floor":2,"gold_loss":0},{"damage_healed":0,"gold_gain":0,"player_choice":"Entered Light","damage_taken":14,"max_hp_gain":0,"max_hp_loss":0,"event_name":"Shining Light","floor":3,"gold_loss":0,"cards_upgraded":["Strike_P","Strike_P"]},{"damage_healed":0,"gold_gain":0,"player_choice":"Success","damage_taken":7,"relics_obtained":["Pear"],"max_hp_gain":0,"max_hp_loss":0,"event_name":"Scrap Ooze","floor":4,"gold_loss":0},{"damage_healed":0,"gold_gain":0,"player_choice":"Searched \u00271\u0027 times","damage_taken":0,"relics_obtained":["Vajra"],"max_hp_gain":0,"max_hp_loss":0,"event_name":"Dead Adventurer","floor":11,"gold_loss":0},{"damage_healed":0,"gold_gain":0,"player_choice":"Obtain J.A.X.","damage_taken":0,"max_hp_gain":0,"max_hp_loss":0,"event_name":"Drug Dealer","floor":21,"gold_loss":0,"cards_obtained":["J.A.X."]},{"damage_healed":0,"gold_gain":0,"player_choice":"Obtained Relic","damage_taken":0,"relics_obtained":["Sundial"],"max_hp_gain":0,"max_hp_loss":0,"event_name":"Addict","floor":30,"gold_loss":85},{"damage_healed":0,"gold_gain":0,"player_choice":"Got Potions","damage_taken":0,"max_hp_gain":0,"max_hp_loss":0,"event_name":"Lab","floor":37,"gold_loss":0},{"damage_healed":0,"gold_gain":0,"player_choice":"Fight","damage_taken":0,"max_hp_gain":0,"max_hp_loss":0,"event_name":"MindBloom","floor":44,"gold_loss":0}],"is_beta":true,"boss_relics":[{"not_picked":["HolyWater","Empty Cage"],"picked":"Cursed Key"},{"not_picked":["Snecko Eye","Philosopher\u0027s Stone"],"picked":"Black Star"}],"items_purged_floors":[5,22,38],"is_endless":false,"potions_floor_spawned":[12,13,14,16,18,19,20,24,29,31,33,35,36,39,41,42,44,46,47,48],"ascension_level":14}}