{"host":"1dkd4flhdqbv9eyg","time":1613688749,"event":{"mods":["AchievementEnabler","Aspiration","BaseMod","Better Note","DeckTracker","Energized Spire","Evolution","Gold Saver","Minty Spire (QoL Compilation)","Spicy Shops","StSLib"],"gold_per_floor":[861,147,147,156,185,212,232,253,253,289,43,61,89,89,89,195,195,219,237,38,38,54,54,94,94,94,54,54,72,85,125,137,254,266,298,357,65,93,120,120,120,170,170,170,193,193,193,193,193,193,193,193,39,74,74,74],"floor_reached":55,"language":"ENG","playtime":3537,"items_purged":["Decay"],"score":690,"play_id":"ced45479-36a2-419d-907a-a960d30f12e4","local_time":"20210218145229","is_ascension_mode":false,"campfire_choices":[{"data":"Defragment","floor":15,"key":"SMITH"},{"data":"Zap","floor":23,"key":"SMITH"},{"floor":25,"key":"REST"},{"floor":32,"key":"REST"},{"floor":40,"key":"RECALL"},{"floor":47,"key":"REST"},{"floor":49,"key":"REST"},{"floor":52,"key":"REST"}],"circlet_count":0,"master_deck":["Rebound+1","Ball Lightning","Sweeping Beam","Barrage","Conserve Battery","Defend_B","Defend_B+1","Zap+1","Defragment+1","Transmutation","Ball Lightning","Cold Snap","Capacitor+1","BootSequence","Barrage","Barrage","Machine Learning+1","Redo","Capacitor+1","Defragment+1","Coolheaded+1","Double Energy","Echo Form+1","Biased Cognition+1","Thunder Strike","Redo+1","Chrysalis","Storm+1","Chaos+1","Cold Snap+1","Electrodynamics+1"],"relics":["Cracked Core","EVO:Axolotl","aspiration:Nostalgia","Burning Blood","CeramicFish","Frozen Egg 2","Chemical X","Ancient Tea Set","aspiration:MysteriousAuxiliaryCore","Oddly Smooth Stone","Inserter","DollysMirror","Bottled Lightning","Sundial","MawBank","Fusion Hammer","Strange Spoon","Incense Burner","aspiration:ChemicalBlood","Mercury Hourglass","Shuriken"],"acts_visited":["Exordium","TheCity","TheBeyond","TheEnding"],"potions_floor_usage":[16,16,19,22,24,31,42,50,50,50,50,54,54,55],"damage_taken":[{"damage":0,"enemies":"Cultist","floor":1,"turns":2},{"damage":2,"enemies":"2 Louse","floor":5,"turns":2},{"damage":7,"enemies":"Lagavulin","floor":6,"turns":6},{"damage":0,"enemies":"Small Slimes","floor":7,"turns":2},{"damage":9,"enemies":"2 Fungi Beasts","floor":8,"turns":2},{"damage":18,"enemies":"Gremlin Nob","floor":10,"turns":4},{"damage":0,"enemies":"Looter","floor":12,"turns":3},{"damage":1,"enemies":"3 Louse","floor":13,"turns":2},{"damage":23,"enemies":"The Guardian","floor":16,"turns":6},{"damage":0,"enemies":"3 Byrds","floor":18,"turns":4},{"damage":6,"enemies":"Chosen","floor":19,"turns":4},{"damage":16,"enemies":"Centurion and Healer","floor":22,"turns":4},{"damage":23,"enemies":"Book of Stabbing","floor":24,"turns":4},{"damage":32,"enemies":"Shelled Parasite and Fungi","floor":30,"turns":5},{"damage":39,"enemies":"Slavers","floor":31,"turns":5},{"damage":9,"enemies":"Champ","floor":33,"turns":7},{"damage":0,"enemies":"Orb Walker","floor":35,"turns":3},{"damage":23,"enemies":"3 Shapes","floor":36,"turns":3},{"damage":29,"enemies":"Writhing Mass","floor":38,"turns":5},{"damage":0,"enemies":"Transient","floor":39,"turns":5},{"damage":0,"enemies":"Mind Bloom Boss Battle","floor":42,"turns":3},{"damage":16,"enemies":"Jaw Worm Horde","floor":45,"turns":4},{"damage":34,"enemies":"Awakened One","floor":50,"turns":7},{"damage":58,"enemies":"Shield and Spear","floor":54,"turns":5},{"damage":30,"enemies":"The Heart","floor":55,"turns":3}],"seed_played":"-8044188219759205868","potions_obtained":[{"floor":7,"key":"PotionOfCapacity"},{"floor":10,"key":"SkillPotion"},{"floor":12,"key":"FearPotion"},{"floor":16,"key":"PowerPotion"},{"floor":18,"key":"Swift Potion"},{"floor":21,"key":"Fire Potion"},{"floor":22,"key":"PowerPotion"},{"floor":33,"key":"FocusPotion"},{"floor":38,"key":"Dexterity Potion"}],"is_trial":false,"path_per_floor":["M","$","?","?","M","E","M","M","T","E","$","M","M","?","R","B",null,"M","M","$","?","M","R","E","R","T","?","?","?","M","E","R","B",null,"M","M","$","M","M","R","?","?","T","T","M","?","R","?","R","B",null,"R","$","E","B"],"character_chosen":"DEFECT","items_purchased":["CeramicFish","Frozen Egg 2","Chemical X","Transmutation","Barrage","Oddly Smooth Stone","Capacitor+1","DollysMirror","Chrysalis","Strange Spoon","Electrodynamics+1"],"campfire_rested":5,"item_purchase_floors":[2,2,2,2,11,11,20,20,37,37,53],"current_hp_per_floor":[75,75,75,75,75,74,75,72,72,60,60,66,71,71,71,54,75,75,75,75,75,65,65,48,70,70,70,75,75,49,16,38,35,75,75,58,58,35,41,41,41,47,47,47,37,37,59,59,71,43,71,71,71,19,0,0],"gold":74,"neow_bonus":"NOSTALGIA","is_daily":false,"chose_seed":false,"campfire_upgraded":2,"win_rate":0.0,"timestamp":1613688749,"path_taken":["M","?","?","?","M","E","M","?","T","E","$","M","M","?","R","BOSS","M","M","$","?","M","R","E","R","T","?","?","?","?","E","R","BOSS","M","M","$","M","M","R","?","?","T","?","M","?","R","?","R","BOSS","R","$","E","BOSS"],"items_purchased_type":["Relic","Relic","Relic","Card","Card","Relic","Card","Relic","Card","Relic","Card"],"build_version":"2020-12-22","purchased_purges":1,"victory":false,"max_hp_per_floor":[75,75,75,75,75,75,75,75,75,75,75,75,75,75,75,75,75,75,75,75,75,75,75,75,75,75,75,75,75,75,75,75,75,75,75,75,75,75,75,75,75,75,75,75,75,75,75,71,71,71,71,71,71,71,71,71],"card_choices":[{"not_picked":["Go for the Eyes","Chill"],"picked":"Defragment","floor":1},{"not_picked":["Go for the Eyes","Conserve Battery"],"picked":"Ball Lightning","floor":5},{"not_picked":["Reprogram","Sunder","Steam"],"picked":"SKIP","floor":6},{"not_picked":["Aggregate","Glacier"],"picked":"Cold Snap","floor":7},{"not_picked":["Self Repair+1","Gash"],"picked":"Capacitor+1","floor":8},{"not_picked":["Force Field","Streamline"],"picked":"BootSequence","floor":10},{"not_picked":["Streamline","Sweeping Beam","Rebound"],"picked":"SKIP","floor":12},{"not_picked":["Aggregate","Hyperbeam"],"picked":"Barrage","floor":13},{"not_picked":["Reboot","Creative AI+1"],"picked":"Machine Learning+1","floor":16},{"not_picked":["Chaos","Stack"],"picked":"Redo","floor":18},{"not_picked":["Barrage","Steam","Compile Driver"],"picked":"SKIP","floor":19},{"not_picked":["Rebound","Steam","Genetic Algorithm+1"],"picked":"SKIP","floor":22},{"not_picked":["Capacitor+1","Streamline"],"picked":"Coolheaded+1","floor":24},{"not_picked":["Ball Lightning+1","Rebound","Streamline+1"],"picked":"SKIP","floor":30},{"not_picked":["Leap","Rip and Tear"],"picked":"Biased Cognition+1","floor":31},{"not_picked":["Hyperbeam","Core Surge"],"picked":"Thunder Strike","floor":33},{"not_picked":["Rebound+1","Compile Driver+1","Coolheaded+1"],"picked":"SKIP","floor":35},{"not_picked":["FTL+1","Conserve Battery"],"picked":"Redo+1","floor":36},{"not_picked":["Compile Driver","Coolheaded"],"picked":"Storm+1","floor":38},{"not_picked":["Sunder","Rebound"],"picked":"Chaos+1","floor":39},{"not_picked":["Chill","Glacier+1"],"picked":"Cold Snap+1","floor":45},{"not_picked":["Turbo","Conserve Battery","Hologram"],"picked":"SKIP","floor":54}],"player_experience":124940,"relics_obtained":[{"floor":6,"key":"Ancient Tea Set"},{"floor":10,"key":"aspiration:MysteriousAuxiliaryCore"},{"floor":24,"key":"Bottled Lightning"},{"floor":26,"key":"Sundial"},{"floor":31,"key":"MawBank"},{"floor":42,"key":"Incense Burner"},{"floor":43,"key":"aspiration:ChemicalBlood"},{"floor":44,"key":"Mercury Hourglass"},{"floor":54,"key":"Shuriken"}],"event_choices":[{"damage_healed":0,"gold_gain":0,"player_choice":"Ignored","damage_taken":0,"max_hp_gain":0,"max_hp_loss":0,"event_name":"Liars Game","floor":3,"gold_loss":0},{"damage_healed":0,"gold_gain":0,"player_choice":"Cursed","damage_taken":0,"max_hp_gain":0,"max_hp_loss":0,"event_name":"Wheel of Change","floor":4,"gold_loss":0,"cards_obtained":["Decay"]},{"damage_healed":0,"gold_gain":0,"player_choice":"Searched \u00271\u0027 times","damage_taken":0,"max_hp_gain":0,"max_hp_loss":0,"event_name":"Dead Adventurer","floor":14,"gold_loss":0},{"damage_healed":0,"gold_gain":0,"player_choice":"Got Potions","damage_taken":0,"max_hp_gain":0,"max_hp_loss":0,"event_name":"Lab","floor":21,"gold_loss":0},{"damage_healed":0,"gold_gain":0,"player_choice":"Upgraded Two","damage_taken":0,"max_hp_gain":0,"max_hp_loss":0,"event_name":"Designer","floor":27,"gold_loss":40,"cards_upgraded":["Defend_B","Rebound"]},{"damage_healed":0,"gold_gain":0,"cards_transformed":["Defend_B","Dualcast"],"player_choice":"Became Test Subject","damage_taken":0,"max_hp_gain":0,"max_hp_loss":0,"event_name":"Drug Dealer","floor":29,"gold_loss":0,"cards_obtained":["Double Energy","Echo Form"]},{"damage_healed":0,"gold_gain":0,"player_choice":"Ignored","damage_taken":0,"max_hp_gain":0,"max_hp_loss":0,"event_name":"Tomb of Lord Red Mask","floor":41,"gold_loss":0},{"damage_healed":0,"gold_gain":0,"player_choice":"Fight","damage_taken":0,"max_hp_gain":0,"max_hp_loss":0,"event_name":"MindBloom","floor":42,"gold_loss":0},{"damage_healed":0,"gold_gain":0,"player_choice":"Ignored","damage_taken":0,"max_hp_gain":0,"max_hp_loss":0,"event_name":"The Moai Head","floor":46,"gold_loss":0},{"damage_healed":0,"gold_gain":0,"player_choice":"Max HP","damage_taken":0,"max_hp_gain":0,"max_hp_loss":4,"event_name":"Winding Halls","floor":48,"gold_loss":0}],"is_beta":false,"boss_relics":[{"not_picked":["energizedSpire:NeverEndingSparkler","Empty Cage"],"picked":"Inserter"},{"not_picked":["aspiration:WatcherSkillbook","energizedSpire:UnstableMolecules"],"picked":"Fusion Hammer"}],"items_purged_floors":[11],"is_endless":false,"potions_floor_spawned":[7,10,12,13,16,18,22,33,38,39],"killed_by":"The Heart","ascension_level":0}}