{"host":"126yiuos2nq86se7","time":1613612290,"event":{"mods":["2.2 Compatiblity","AchievementEnabler","Act Like it!","BaseMod","Colored Map","Colored Powertips","Friendly Minions","Hermit","Highlight Path","KomeijiMod","Minty Spire (QoL Compilation)","StSLib","SuperFastMode","The Bug Knight","The Hierophant"],"gold_per_floor":[369,25,25,41,6,6,37,37,37,37,37,52,72,72,72,72,72],"floor_reached":16,"language":"ENG","playtime":499,"items_purged":["hermit:Strike_Hermit"],"score":103,"play_id":"441640ab-a60e-4c31-a40d-e33d0df1e654","local_time":"20210218123810","is_ascension_mode":true,"campfire_choices":[{"data":"hermit:TakeAim","floor":6,"key":"SMITH"},{"floor":8,"key":"REST"},{"data":"hermit:Snapshot","floor":10,"key":"SMITH"},{"floor":15,"key":"REST"}],"circlet_count":0,"master_deck":["hermit:Strike_Hermit","hermit:Defend_Hermit","hermit:Defend_Hermit","hermit:Defend_Hermit","hermit:Defend_Hermit","hermit:Snapshot+1","hermit:Covet","hermit:Headshot","hermit:LowProfile","hermit:Ricochet","hermit:Quickdraw","hermit:TrackingShot","hermit:TakeAim+1","hermit:ShadowCloak","hermit:BodyArmor"],"relics":["hermit:Momento","Tiny Chest","The Courier","Darkstone Periapt"],"acts_visited":["Exordium"],"potions_floor_usage":[16],"damage_taken":[{"damage":4,"enemies":"Cultist","floor":1,"turns":4},{"damage":1,"enemies":"2 Louse","floor":4,"turns":2},{"damage":23,"enemies":"HollowMod:MossKnight","floor":7,"turns":12},{"damage":0,"enemies":"Small Slimes","floor":12,"turns":3},{"damage":10,"enemies":"Looter","floor":13,"turns":3},{"damage":65,"enemies":"The Guardian","floor":16,"turns":16}],"seed_played":"-2080556865999731154","potions_obtained":[{"floor":12,"key":"PowerPotion"}],"is_trial":false,"path_per_floor":["M","$","?","M","$","R","E","R","T","R","?","M","M","?","R","B"],"character_chosen":"HERMIT","items_purchased":["hermit:LowProfile","Tiny Chest","hermit:Ricochet","hermit:Quickdraw","hermit:TakeAim"],"campfire_rested":2,"item_purchase_floors":[2,2,2,2,5],"current_hp_per_floor":[64,64,64,63,63,63,40,60,60,60,53,53,43,43,63,0,0],"gold":72,"neow_bonus":"TWO_FIFTY_GOLD","is_daily":false,"chose_seed":false,"campfire_upgraded":2,"win_rate":0.0,"timestamp":1613612290,"path_taken":["M","?","?","M","$","R","E","R","T","R","?","M","M","?","R","BOSS"],"items_purchased_type":["Card","Relic","Card","Card","Card"],"build_version":"2020-12-22","purchased_purges":1,"victory":false,"max_hp_per_floor":[68,68,68,68,68,68,68,68,68,68,68,68,68,68,68,68,68],"card_choices":[{"not_picked":["hermit:Roulette","hermit:Desperado"],"picked":"hermit:Headshot","floor":1},{"not_picked":["hermit:SprayPray","hermit:NoHoldsBarred"],"picked":"hermit:TrackingShot","floor":4},{"not_picked":["hermit:Desperado","hermit:Horror","hermit:BlackWind"],"picked":"SKIP","floor":7},{"not_picked":["hermit:PistolWhip","hermit:LowProfile"],"picked":"hermit:ShadowCloak","floor":12},{"not_picked":["hermit:WideOpen","hermit:CalledShot"],"picked":"hermit:BodyArmor","floor":13}],"player_experience":1550055,"relics_obtained":[{"floor":7,"key":"The Courier"},{"floor":9,"key":"Darkstone Periapt"}],"event_choices":[{"damage_healed":0,"gold_gain":0,"player_choice":"Ignored","damage_taken":0,"max_hp_gain":0,"max_hp_loss":0,"event_name":"Liars Game","floor":3,"gold_loss":0},{"cards_removed":["hermit:Strike_Hermit"],"damage_healed":0,"gold_gain":0,"player_choice":"Card Removal","damage_taken":7,"max_hp_gain":0,"max_hp_loss":0,"event_name":"Golden Wing","floor":11,"gold_loss":0},{"cards_removed":["hermit:Strike_Hermit"],"damage_healed":0,"gold_gain":0,"player_choice":"Forget","damage_taken":0,"max_hp_gain":0,"max_hp_loss":0,"event_name":"Living Wall","floor":14,"gold_loss":0}],"is_beta":false,"boss_relics":[],"items_purged_floors":[2],"is_endless":false,"potions_floor_spawned":[12],"killed_by":"The Guardian","ascension_level":1}}