{"host":"qljq6nt1bltq73k9","time":1613627853,"event":{"mods":["BaseMod","Colored Map","Colored Powertips","Downfall","Minty Spire (QoL Compilation)","Quick Restart","Replay The Spire","StSLib","[IsaacMod]ÒÔÈö¼âËþ"],"gold_per_floor":[99999,97873,96963,96963,96963,96978,96988,97023,97036,97036,97036,97053,96320,96350,94177,94190,94190,94292,94292,94312,94412,93483,93500,93500,93513,93544,89792,89818,89835,89935,89935,89952,89971,89971,90069,90069,90083,90097,85879,85879,84432,84432,84452,84485,84485,84501,84501,82290,82301,82318,82318,82318,82318,82318,78975,79006,79006,79006,79006],"floor_reached":57,"language":"ZHS","playtime":5435,"items_purged":["Slimebound:Strike_Slimebound","Slimebound:Defend_Slimebound","Slimebound:Strike_Slimebound","Slimebound:Strike_Slimebound","Slimebound:Defend_Slimebound","Slimebound:Defend_Slimebound","Slimebound:Defend_Slimebound","downfall:Haunted","Slimebound:Tackle","Slimebound:CorrosiveSpit","Delirium","downfall:Bewildered","Slimebound:Chomp"],"score":1216,"play_id":"88785748-85d7-4c6a-a7da-2b2fb8168d89","local_time":"20210218135733","is_ascension_mode":false,"campfire_choices":[{"floor":10.0,"key":"RECALL"},{"data":"Slimebound:SlimeSlap","floor":17.0,"key":"SMITH"},{"data":"Slimebound:SlimeSlap","floor":17.0,"key":"SMITH"},{"data":"DoctorFetus","floor":34.0,"key":"SMITH"},{"data":"Slimebound:SelfFormingGoo","floor":34.0,"key":"SMITH"},{"data":"Slimebound:DouseInSlime","floor":42.0,"key":"SMITH"},{"data":"Slimebound:TagTeam","floor":42.0,"key":"SMITH"},{"data":"Slimebound:SelfFormingGoo","floor":51,"key":"SMITH"},{"data":"Apotheosis","floor":51,"key":"SMITH"},{"data":"Slimebound:LeadByExample","floor":54,"key":"SMITH"},{"data":"Slimebound:AcidTongue","floor":54,"key":"SMITH"}],"circlet_count":0,"master_deck":["Slimebound:Split","DoctorFetus+1","Slimebound:BestDefense","Slimebound:BestDefense","Slimebound:SplitLeeching","Slimebound:PressTheAttack","Slimebound:LevelUp","Slimebound:Grow","EpicFetus","Slimebound:Nibble","Slimebound:Repurpose","Slimebound:AcidTongue+1","Slimebound:SplitMire","Slimebound:SpikyOuterGoop","Slimebound:ProtectTheBoss","Slimebound:Nibble","Slimebound:SlimeSlap+1","Slimebound:LevelUp","Slimebound:SlimeSlap+1","Slimebound:DivideAndConquer","Crow Ritual+1","Slimebound:LevelUp","Slimebound:MassRepurpose","Slimebound:RainOfGoop+1","Sadistic Nature","Guardian:PolyBeam","Slimebound:Nibble","Slimebound:LevelUp","Sadistic Nature","Slimebound:WasteNot+1","AbeCurse","Slimebound:SelfFormingGoo+1","Slimebound:SelfFormingGoo+1","Slimebound:Nibble","Slimebound:SamplingLick+1","Slimebound:Prepare","Slimebound:RallyTheTroops+1","Slimebound:Gluttony","Slimebound:SamplingLick","Slimebound:TongueLash","Secret Weapon","Slimebound:ProtectTheBoss","Violence","Slimebound:SlimeSpikes+1","Slimebound:Gluttony","Slimebound:DouseInSlime+1","Slimebound:SamplingLick","Slimebound:TagTeam+1","Slimebound:RallyTheTroops","bronze:ItsAFeature","CommonCold","Apotheosis+1","Slimebound:LeadByExample+1","Slimebound:MegaLick+1","Slimebound:AcidTongue+1","Sadistic Nature","Slimebound:AcidTongue","Slimebound:SplitAcid","Slimebound:LevelUp+1","Secret Weapon","expansioncontent:AwakenDeath+1"],"relics":["Slimebound:AbsorbEndCombat","HushsDoor","D6","Replay:Arrowhead","Torii","Toolbox","TheBean","Thread and Needle","TheAbacus","Akabeko","Pen Nib","Sling","Singing Bowl","Nunchaku","HowToJump","Medical Kit","DeadEye","Chaos","PillsDrop","Happy Flower","Lizard Tail","Letter Opener","Bag of Marbles","Potion Belt","PrismaticShard","Snack Pack","Bag of Preparation","Slimebound:SlimedTailRelic","Replay:Towering Pillar of Hats","Gremlin Food","GnawedLeaf","GuppysHead","Cursed Key","Abe\u0027s Treasure","SlaversCollar","sneckomod:BabySnecko","BookOfRevelations","sneckomod:BlankCard","Unceasing Top","CaptainsWheel","Sundial","Pandora\u0027s Box","Runic Pyramid","Mango","BFFS","Darkstone Periapt","ReplayTheSpireMod:Shallot","Ring of Chaos","Ring of Peace","Replay:Wanted Poster","Eternal Feather","Chameleon Ring","MomsKnife","TungstenRod","Replay:Mystery Machine","GuppysPaw","Runic Dome","Guide Book","PokeGo"],"acts_visited":["Exordium","TheCity","TheBeyond","TheEnding"],"potions_floor_usage":[52,52,57,57,57,57,57,57,57],"damage_taken":[{"damage":8.0,"enemies":"Cultist","floor":1.0,"turns":4.0},{"damage":2.0,"enemies":"Small Slimes","floor":6.0,"turns":3.0},{"damage":3.0,"enemies":"2 Louse","floor":7.0,"turns":1.0},{"damage":0.0,"enemies":"Lagavulin","floor":8.0,"turns":2.0},{"damage":17.0,"enemies":"Large Slime","floor":9.0,"turns":6.0},{"damage":3.0,"enemies":"Looter","floor":12.0,"turns":3.0},{"damage":1.0,"enemies":"3 Sentries","floor":14.0,"turns":7.0},{"damage":0.0,"enemies":"Lots of Slimes","floor":16.0,"turns":1.0},{"damage":8.0,"enemies":"Hexaghost","floor":18.0,"turns":7.0},{"damage":0.0,"enemies":"3 Byrds","floor":20.0,"turns":1.0},{"damage":19.0,"enemies":"2 Thieves","floor":23.0,"turns":3.0},{"damage":2.0,"enemies":"Centurion and Healer","floor":25.0,"turns":6.0},{"damage":19.0,"enemies":"Replay:Snechameleon","floor":26.0,"turns":7.0},{"damage":0.0,"enemies":"Snake Plant","floor":29.0,"turns":1.0},{"damage":0.0,"enemies":"Chosen and Byrds","floor":32.0,"turns":2.0},{"damage":26.0,"enemies":"Centurion and Healer","floor":33.0,"turns":4.0},{"damage":35.0,"enemies":"Pondfish","floor":35.0,"turns":6.0},{"damage":0.0,"enemies":"Orb Walker","floor":37.0,"turns":3.0},{"damage":10.0,"enemies":"3 Shapes","floor":38.0,"turns":2.0},{"damage":0.0,"enemies":"Transient","floor":43.0,"turns":5.0},{"damage":38.0,"enemies":"Nemesis","floor":44.0,"turns":5.0},{"damage":0,"enemies":"Sphere and 2 Shapes","floor":46,"turns":3},{"damage":7,"enemies":"Jaw Worm Horde","floor":49,"turns":2},{"damage":0,"enemies":"Maw","floor":50,"turns":2},{"damage":78,"enemies":"Donu and Deca","floor":52,"turns":6},{"damage":0,"enemies":"Shield and Spear","floor":56,"turns":3},{"damage":306,"enemies":"LittleHush","floor":57,"turns":18}],"seed_played":"3770110108313877662","potions_obtained":[{"floor":18.0,"key":"Toxic Potion"},{"floor":56,"key":"Elixir"}],"is_trial":false,"path_per_floor":["M","$","$","PTL","PTL","M","M","E","M","R","T","M","$","E","$","M","R","B",null,"M","?","$","M","?","M","E","$","T","M","?","?","M","M","R","B",null,"M","M","$","?","$","R","M","E","T","M","?","$","M","M","R","B",null,"R","$","E","B"],"character_chosen":"SLIMEBOUND","items_purchased":["Replay:Arrowhead","Torii","Toolbox","ChaosCard","Slimebound:BestDefense","Slimebound:SplitLeeching","Slimebound:PressTheAttack","TheBean","Thread and Needle","TheAbacus","Fruit Juice","BlessingOfTheForge","Weak Potion","Slimebound:LevelUp","Akabeko","Pen Nib","Sling","Slimebound:Grow","EpicFetus","Fire Potion","Nunchaku","HowToJump","Medical Kit","Slimebound:ProtectTheBoss","Slimebound:Nibble","Chaos","PillsDrop","Happy Flower","Slimebound:LevelUp","bronze:BurnAndBuffPotion","Slimebound:SlimeSlap","Lizard Tail","Letter Opener","Bag of Marbles","Slimebound:DivideAndConquer","Crow Ritual","PrismaticShard","Sadistic Nature","Snack Pack","Regen Potion","FearPotion","Replay:Towering Pillar of Hats","Gremlin Food","GnawedLeaf","Slimebound:LevelUp","Sadistic Nature","Slimebound:WasteNot+1","GuppysHead","Cursed Key","Abe\u0027s Treasure","Slimebound:SelfFormingGoo","Slimebound:Nibble","sneckomod:BlankCard","Unceasing Top","CaptainsWheel","Slimebound:Gluttony","Slimebound:SamplingLick","Slimebound:TongueLash","Secret Weapon","Sundial","Pandora\u0027s Box","Runic Pyramid","Slimebound:ProtectTheBoss","Violence","Slimebound:SlimeSpikes+1","Mango","BFFS","Darkstone Periapt","Slimebound:Gluttony","Slimebound:DouseInSlime","Slimebound:SamplingLick","Slimebound:TagTeam","Replay:Wanted Poster","Eternal Feather","Chameleon Ring","Apotheosis","Slimebound:LeadByExample","EntropicBrew","Slimebound:MegaLick+1","MomsKnife","TungstenRod","Replay:Mystery Machine","Sadistic Nature","Slimebound:AcidTongue","SkillPotion","SpeedPotion","Slimebound:SplitAcid","GuppysPaw","Runic Dome","Guide Book","Slimebound:LevelUp+1","Secret Weapon","Venom Potion"],"campfire_rested":0,"item_purchase_floors":[2,2,2,2,2,2,2,2,2,2,2,2,2,2,3,3,3,3,3,3,13,13,13,13,13,15,15,15,15,15,15,15,15,15,15,15,22,22,22,22,22,27,27,27,27,27,27,27,27,27,27,27,39,39,39,39,39,39,39,39,39,39,39,39,39,41,41,41,41,41,41,41,48,48,48,48,48,48,48,55,55,55,55,55,55,55,55,55,55,55,55,55,55],"current_hp_per_floor":[63,68,68,68,68,68,65,67,52,52,52,53,53,54,54,54,54,54,76,76,78,78,65,65,76,67,67,67,77,77,77,80,59,59,42,82,84,78,78,78,92,92,102,74,74,80,86,86,91,95,110,56,110,110,110,113,0,0,0],"gold":79006,"neow_bonus":"TEN_PERCENT_HP_BONUS","is_daily":false,"chose_seed":false,"campfire_upgraded":10,"win_rate":0.0,"timestamp":1613627853,"path_taken":["M","?","$","PTL","PTL","M","M","E","?","R","T","M","$","E","?","M","R","BOSS","M","?","$","M","?","M","E","$","T","M","?","?","M","M","R","BOSS","M","?","$","?","?","R","M","E","T","?","?","$","M","M","R","BOSS","R","$","E","BOSS"],"items_purchased_type":["Relic","Relic","Relic","Card","Card","Card","Card","Relic","Relic","Relic","Potion","Potion","Potion","Card","Relic","Relic","Relic","Card","Card","Potion","Relic","Relic","Relic","Card","Card","Card","Relic","Relic","Card","Potion","Card","Relic","Relic","Relic","Card","Card","Relic","Card","Relic","Potion","Potion","Relic","Relic","Relic","Card","Card","Card","Relic","Relic","Relic","Card","Card","Relic","Relic","Relic","Card","Card","Card","Card","Relic","Relic","Relic","Card","Card","Card","Relic","Relic","Relic","Card","Card","Card","Card","Relic","Relic","Relic","Card","Card","Potion","Card","Relic","Relic","Relic","Card","Card","Potion","Potion","Card","Relic","Relic","Relic","Card","Card","Potion"],"build_version":"2020-12-22","purchased_purges":13,"victory":false,"max_hp_per_floor":[71,76,76,76,76,76,76,76,76,76,76,76,76,76,76,76,76,76,76,76,78,78,78,78,81,83,83,83,80,80,80,80,82,82,82,82,84,86,86,86,100,100,102,102,102,102,108,108,110,110,110,110,110,110,110,113,113,113,113],"card_choices":[{"not_picked":[],"picked":"DoctorFetus","floor":0.0},{"not_picked":["Slimebound:GoopTackle","Slimebound:SlimeBarrage"],"picked":"Slimebound:Chomp","floor":1.0},{"not_picked":["Slimebound:SplitMire","Slimebound:Replication"],"picked":"Slimebound:Nibble","floor":6.0},{"not_picked":["Slimebound:FinishingTackle","Slimebound:ForwardTackle"],"picked":"Slimebound:Repurpose","floor":7.0},{"not_picked":["Slimebound:Dissolve","Slimebound:PressTheAttack"],"picked":"Slimebound:AcidTongue","floor":8.0},{"not_picked":["Slimebound:ForwardTackle","Slimebound:ItLooksTasty"],"picked":"Slimebound:SplitMire","floor":9.0},{"not_picked":["Slimebound:GoopTackle","Slimebound:SplitLeeching"],"picked":"Slimebound:SpikyOuterGoop","floor":12.0},{"not_picked":["Slimebound:LeechEnergy","Slimebound:GoopSpray"],"picked":"Slimebound:SlimeSlap","floor":14.0},{"not_picked":["Slimebound:HungryTackle","Slimebound:Dissolve"],"picked":"Slimebound:LevelUp","floor":16.0},{"not_picked":["Slimebound:PrepareCrush","Slimebound:Teamwork"],"picked":"Slimebound:MassRepurpose","floor":18.0},{"not_picked":["Slimebound:SamplingLick","Slimebound:DisruptingSlam+1"],"picked":"Slimebound:RainOfGoop+1","floor":20.0},{"not_picked":["Slimebound:SlimeBrawl","Slimebound:ItLooksTasty","Slimebound:SlimeTap"],"picked":"Singing Bowl","floor":21.0},{"not_picked":["Undo+1","Replay:Anticipation"],"picked":"Guardian:PolyBeam","floor":23.0},{"not_picked":["Redo+1","Replay:Undeath\u0027s Touch"],"picked":"Slimebound:Nibble","floor":25.0},{"not_picked":["bronze:Repair","CrushJoints","Replay:AtTheReady"],"picked":"Singing Bowl","floor":26.0},{"not_picked":["hexamod:RainOfEmbers","sneckomod:UnknownBlock+1","Guardian:Recover"],"picked":"Singing Bowl","floor":29.0},{"not_picked":["FlurryOfBlows","SashWhip"],"picked":"Slimebound:SamplingLick+1","floor":30.0},{"not_picked":["sneckomod:UnknownClassHEXA_GHOST_PURPLE","hexamod:InspiringFlames"],"picked":"Slimebound:Prepare","floor":32.0},{"not_picked":["Stack+1","bronze:WildBeam","champ:DefensiveShout"],"picked":"Singing Bowl","floor":33.0},{"not_picked":["Atom Bomb","hexamod:ForkedFlame"],"picked":"Slimebound:RallyTheTroops","floor":35.0},{"not_picked":["champ:RageSigil","bronze:Terminator+1","bronze:ChosenStrike+1"],"picked":"Singing Bowl","floor":37.0},{"not_picked":["FollowUp","Guardian:ChargeCore","Consecrate"],"picked":"Singing Bowl","floor":38.0},{"not_picked":["Acrobatics","ReplayTheSpireMod:Exploit Weakness+1","Pommel Strike+1"],"picked":"Singing Bowl","floor":43.0},{"not_picked":["champ:ArenaPreparation","Evaluate"],"picked":"Slimebound:RallyTheTroops","floor":44.0},{"not_picked":["Slimebound:FinishingTackle+1","champ:FalseCounter"],"picked":"bronze:ItsAFeature","floor":46},{"not_picked":["Deadly Poison+1","Guardian:ShieldSpikes","sneckomod:UnknownClassTHE_BRONZE_AUTOMATON+1"],"picked":"Singing Bowl","floor":49},{"not_picked":["Swivel","Clothesline"],"picked":"Slimebound:AcidTongue+1","floor":50},{"not_picked":["WreathOfFlame+1","hexamod:GhostflameBarrier"],"picked":"expansioncontent:AwakenDeath+1","floor":56}],"player_experience":497840,"relics_obtained":[{"floor":8.0,"key":"Singing Bowl"},{"floor":14.0,"key":"DeadEye"},{"floor":26.0,"key":"Slimebound:SlimedTailRelic"},{"floor":28.0,"key":"SlaversCollar"},{"floor":44.0,"key":"ReplayTheSpireMod:Shallot"},{"floor":47,"key":"Ring of Chaos"},{"floor":47,"key":"Ring of Peace"},{"floor":56,"key":"PokeGo"}],"event_choices":[],"is_beta":false,"boss_relics":[{"not_picked":["Kintsugi","hexamod:BolsterEngine"],"picked":"Potion Belt"},{"not_picked":[]},{"not_picked":["Replay:Bottled Flurry","Empty Cage"],"picked":"BookOfRevelations"},{"not_picked":[]}],"items_purged_floors":[2,2,3,13,15,15,22,27,39,39,41,48,55],"is_endless":false,"potions_floor_spawned":[7,8,12,18,23,26,29,33,37,43,44,49,56],"killed_by":"LittleHush","ascension_level":0}}