{"host":"kdt6w7ix8lwe69i9","time":1613671152,"event":{"mods":["100% Spire Juice","BaseMod","ChefMod","Evolution","Koishi","Minty Spire (QoL Compilation)","Poor People Problems","Reimu（博丽灵梦）","Robot Space Explorer","Shade Mod","Shapeshifter Mod","StSLib","The Druid","The Gatherer","The Poker Player","The Servant 0.9.4","TheSurvivalist"],"gold_per_floor":[113,113,113,126,142,142,174,189,189,200,217,227,245,262,262,357,357,371,371,386,386,406,406,371,371,371,371,130,142,153,165,165,265,265,278,278,278,131,131,131,162,6,30,30,30],"floor_reached":44,"language":"ENG","playtime":3912,"items_purged":[],"score":467,"play_id":"c6e7082c-a82b-4c42-ba5e-5c48990fcd6f","local_time":"20210218125912","is_ascension_mode":false,"campfire_choices":[{"data":"StSShapeShifter:WaspSwarmForm","floor":6,"key":"SMITH"},{"floor":15,"key":"REST"},{"data":"StSShapeShifter:Garden","floor":23,"key":"SMITH"},{"data":"StSShapeShifter:WolfForm","floor":25,"key":"SMITH"},{"data":"StSShapeShifter:Hunt","floor":32,"key":"SMITH"},{"data":"StSShapeShifter:DiverseSpirit","floor":40,"key":"SMITH"}],"circlet_count":0,"master_deck":["StSShapeShifter:ThornToss","StSShapeShifter:ThornToss","StSShapeShifter:ThornToss","StSShapeShifter:ThornToss","StSShapeShifter:FallingLeaves+1","StSShapeShifter:WolfForm+1","StSShapeShifter:OakBlade","StSShapeShifter:WaspSwarmForm+1","StSShapeShifter:WiltingWrath","StSShapeShifter:ThornToss","StSShapeShifter:FallingLeaves+1","StSShapeShifter:Garden+1","StSShapeShifter:PantherForm+1","StSShapeShifter:EntForm+1","StSShapeShifter:Hunt+1","StSShapeShifter:RestoreBalance+1","StSShapeShifter:FruitBasket+1","StSShapeShifter:Guard+1","StSShapeShifter:BulwarkOfDiscovery","StSShapeShifter:BearForm+1","StSShapeShifter:BaskInBloom","StSShapeShifter:ThornedSkin+1","StSShapeShifter:Roar+1","StSShapeShifter:MonkeyForm+1","StSShapeShifter:LionForm+1","StSShapeShifter:RatForm+1","StSShapeShifter:DiverseSpirit+1","StSShapeShifter:FruitBasket+1","StSShapeShifter:DeerForm+1","StSShapeShifter:StormGryphonForm+1","Madness+1","Madness+1","StSShapeShifter:FruitBasket+1"],"relics":["StSShapeShifter:AnimalHeart","StSShapeShifter:TheShapeShiftersMagnolia","EVO:Axolotl","Blood Vial","Mummified Hand","White Beast Statue","Toxic Egg 2","StSShapeShifter:LemurHeaddress","MutagenicStrength","Tea:ReiMu","StSShapeShifter:ThornsOfSummi","Pandora\u0027s Box","Boot","Potion Belt","StSShapeShifter:BeastkeepersGift","War Paint"],"acts_visited":["Exordium","TheCity","TheBeyond"],"potions_floor_usage":[7,13,14,16,16,16,20,29,33,41,41,41,44],"damage_taken":[{"damage":0,"enemies":"2 Louse","floor":1,"turns":2},{"damage":0,"enemies":"Small Slimes","floor":4,"turns":2},{"damage":0,"enemies":"Cultist","floor":5,"turns":2},{"damage":21,"enemies":"Lagavulin","floor":7,"turns":6},{"damage":20,"enemies":"Exordium Thugs","floor":8,"turns":4},{"damage":0,"enemies":"Large Slime","floor":10,"turns":4},{"damage":0,"enemies":"2 Fungi Beasts","floor":11,"turns":2},{"damage":0,"enemies":"Lots of Slimes","floor":12,"turns":1},{"damage":10,"enemies":"Large Slime","floor":13,"turns":5},{"damage":49,"enemies":"Exordium Wildlife","floor":14,"turns":8},{"damage":37,"enemies":"Hexaghost","floor":16,"turns":7},{"damage":6,"enemies":"Chosen","floor":18,"turns":5},{"damage":12,"enemies":"Shell Parasite","floor":20,"turns":3},{"damage":27,"enemies":"Centurion and Healer","floor":22,"turns":13},{"damage":5,"enemies":"Snecko","floor":29,"turns":8},{"damage":5,"enemies":"Cultist and Chosen","floor":30,"turns":6},{"damage":15,"enemies":"Centurion and Healer","floor":31,"turns":8},{"damage":54,"enemies":"Automaton","floor":33,"turns":9},{"damage":7,"enemies":"3 Shapes","floor":35,"turns":5},{"damage":37,"enemies":"Reptomancer","floor":41,"turns":6},{"damage":32,"enemies":"3 Darklings","floor":44,"turns":3}],"seed_played":"-4830120806020183248","potions_obtained":[{"floor":1,"key":"AttackPotion"},{"floor":8,"key":"Dexterity Potion"},{"floor":10,"key":"FearPotion"},{"floor":11,"key":"SkillPotion"},{"floor":13,"key":"GrandPatriotsElixir:ReiMu"},{"floor":14,"key":"Explosive Potion"},{"floor":16,"key":"PowerPotion"},{"floor":18,"key":"Explosive Potion"},{"floor":20,"key":"Strength Potion"},{"floor":22,"key":"SpeedPotion"},{"floor":29,"key":"LiquidBronze"},{"floor":30,"key":"MagicPotion:ReiMu"},{"floor":35,"key":"Explosive Potion"},{"floor":41,"key":"Energy Potion"}],"is_trial":false,"path_per_floor":["M","?","?","M","M","R","E","M","T","M","M","M","M","M","R","B",null,"M","?","M","?","M","R","$","R","T","?","$","M","M","M","R","B",null,"M","?","?","$","?","R","E","$","T","M"],"character_chosen":"SHAPESHIFTER","items_purchased":["StSShapeShifter:BearForm+1","StSShapeShifter:ThornsOfSummi","Boot","StSShapeShifter:BeastkeepersGift"],"campfire_rested":1,"item_purchase_floors":[24,28,38,42],"current_hp_per_floor":[78,75,75,77,78,78,57,53,53,55,65,67,61,29,52,17,78,73,58,48,48,60,60,60,60,60,60,60,74,78,82,82,29,83,76,76,68,68,58,58,25,25,25,0,0],"gold":30,"neow_bonus":"RANDOM_COMMON_RELIC","is_daily":false,"chose_seed":false,"campfire_upgraded":5,"win_rate":0.0,"timestamp":1613671152,"path_taken":["M","?","?","M","?","R","E","M","T","M","M","M","M","M","R","BOSS","M","?","M","?","M","R","$","R","T","?","$","M","?","M","R","BOSS","M","?","?","?","?","R","E","$","T","M"],"items_purchased_type":["Card","Relic","Relic","Relic"],"build_version":"2020-12-22","purchased_purges":0,"victory":false,"max_hp_per_floor":[78,78,78,78,78,78,78,78,78,78,78,78,78,78,78,78,78,78,83,83,83,83,83,83,83,83,83,83,83,83,83,83,83,83,83,83,83,83,83,83,83,83,83,83,83],"card_choices":[{"not_picked":["StSShapeShifter:Efflorescence","StSShapeShifter:SquirrelForm"],"picked":"StSShapeShifter:WolfForm","floor":1},{"not_picked":["StSShapeShifter:FesteringBite","StSShapeShifter:BloomingSlash"],"picked":"StSShapeShifter:OakBlade","floor":4},{"not_picked":["StSShapeShifter:ThornToss","StSShapeShifter:BurstingSpore"],"picked":"StSShapeShifter:WaspSwarmForm","floor":5},{"not_picked":["StSShapeShifter:Rest","StSShapeShifter:SquirrelForm"],"picked":"StSShapeShifter:WiltingWrath","floor":7},{"not_picked":["StSShapeShifter:Spring","StSShapeShifter:Guard"],"picked":"StSShapeShifter:ThornToss","floor":8},{"not_picked":["StSShapeShifter:Wildfire2+1","StSShapeShifter:RockSlide"],"picked":"StSShapeShifter:FallingLeaves+1","floor":10},{"not_picked":["StSShapeShifter:Maul","StSShapeShifter:Roar+1"],"picked":"StSShapeShifter:Garden","floor":11},{"not_picked":["StSShapeShifter:RitualOfTheExtinct","StSShapeShifter:FallingLeaves+1"],"picked":"StSShapeShifter:PantherForm+1","floor":12},{"not_picked":["StSShapeShifter:FallingLeaves+1","StSShapeShifter:PorcupineForm+1"],"picked":"StSShapeShifter:EntForm+1","floor":13},{"not_picked":["StSShapeShifter:OakBlade","StSShapeShifter:BloomingSlash"],"picked":"StSShapeShifter:Hunt","floor":14},{"not_picked":["StSShapeShifter:HydraForm+1","StSShapeShifter:Summer"],"picked":"StSShapeShifter:RestoreBalance+1","floor":16},{"not_picked":["StSShapeShifter:SquirrelForm+1","StSShapeShifter:Guard+1"],"picked":"StSShapeShifter:FruitBasket+1","floor":18},{"not_picked":["StSShapeShifter:DeerForm+1","StSShapeShifter:BurstingSpore"],"picked":"StSShapeShifter:Guard+1","floor":20},{"not_picked":["StSShapeShifter:BladeOfGrass","StSShapeShifter:DeerForm+1"],"picked":"StSShapeShifter:BulwarkOfDiscovery","floor":22},{"not_picked":["StSShapeShifter:BurstingSpore","StSShapeShifter:TopazSkin+1"],"picked":"StSShapeShifter:ThornedSkin+1","floor":29},{"not_picked":["StSShapeShifter:RitualOfTheExtinct","StSShapeShifter:MonkeyForm+1"],"picked":"StSShapeShifter:Roar+1","floor":30},{"not_picked":["StSShapeShifter:BarkSkin+1","StSShapeShifter:CosmicShifter+1"],"picked":"StSShapeShifter:MonkeyForm+1","floor":31},{"not_picked":["StSShapeShifter:Sap_Burst","StSShapeShifter:PowerShifter"],"picked":"StSShapeShifter:LionForm+1","floor":33},{"not_picked":["StSShapeShifter:MagicMushrooms+1","StSShapeShifter:RockSlide"],"picked":"StSShapeShifter:DeerForm+1","floor":35},{"not_picked":["StSShapeShifter:Guard+1","StSShapeShifter:FallingLeaves+1"],"picked":"StSShapeShifter:FruitBasket+1","floor":41}],"player_experience":1636843,"relics_obtained":[{"floor":7,"key":"White Beast Statue"},{"floor":9,"key":"Toxic Egg 2"},{"floor":26,"key":"Tea:ReiMu"},{"floor":41,"key":"Potion Belt"},{"floor":43,"key":"War Paint"}],"event_choices":[{"damage_healed":0,"gold_gain":0,"player_choice":"Success","damage_taken":3,"relics_obtained":["Mummified Hand"],"max_hp_gain":0,"max_hp_loss":0,"event_name":"Scrap Ooze","floor":2,"gold_loss":0},{"damage_healed":0,"gold_gain":0,"player_choice":"Ignored","damage_taken":0,"max_hp_gain":0,"max_hp_loss":0,"event_name":"NoteForYourself","floor":3,"gold_loss":0},{"damage_healed":0,"gold_gain":0,"player_choice":"Shed Blood","damage_taken":20,"max_hp_gain":5,"max_hp_loss":0,"event_name":"Forgotten Altar","floor":19,"gold_loss":0},{"damage_healed":0,"gold_gain":0,"player_choice":"Inject Mutagens","damage_taken":0,"relics_obtained":["MutagenicStrength"],"max_hp_gain":0,"max_hp_loss":0,"event_name":"Drug Dealer","floor":21,"gold_loss":0},{"damage_healed":0,"gold_gain":0,"cards_transformed":["StSShapeShifter:ShapeShifter_Defend"],"player_choice":"Transformed","damage_taken":0,"max_hp_gain":0,"max_hp_loss":0,"event_name":"Transmorgrifier","floor":27,"gold_loss":0,"cards_obtained":["StSShapeShifter:BaskInBloom"]},{"cards_removed":["StSShapeShifter:ThornToss"],"damage_healed":0,"gold_gain":0,"player_choice":"Removed Attack","damage_taken":0,"max_hp_gain":0,"max_hp_loss":0,"event_name":"Falling","floor":36,"gold_loss":0},{"damage_healed":0,"gold_gain":0,"player_choice":"Embrace Madness","damage_taken":10,"max_hp_gain":0,"max_hp_loss":0,"event_name":"Winding Halls","floor":39,"gold_loss":0,"cards_obtained":["Madness","Madness"]}],"is_beta":false,"boss_relics":[{"not_picked":["Runic Dome","Ectoplasm"],"picked":"StSShapeShifter:LemurHeaddress"},{"not_picked":["Snecko Eye","Busted Crown"],"picked":"Pandora\u0027s Box"}],"items_purged_floors":[],"is_endless":false,"potions_floor_spawned":[1,8,10,11,12,13,14,16,18,20,22,29,30,31,33,35,41],"killed_by":"3 Darklings","ascension_level":0}}