{"host":"zwxzlkcdhv70emjg","time":1613652683,"event":{"mods":["Act Like it!","Arknights","BaseMod","Better Vampires","Downfall","Duelist Mod","GifTheSpireLib","GungeonMod","Hallownest","Jorbs\u0027s Wanderer Trilogy","LagranYue(¿≠∏Ò¿ °§‘¬)","Minty Spire (QoL Compilation)","Rare Cards Sparkle","Replay The Spire","Shop Mod","StSLib","Td1madao Mod","The Bug Knight","The Cursed","The Servant 0.9.4"],"gold_per_floor":[178,194,194,209,220,48,48,33,60,60,78,78,89,119,129,129,129],"floor_reached":16,"language":"ZHS","playtime":486,"items_purged":["Slimebound:Strike_Slimebound"],"score":102,"play_id":"75990dbd-9762-4602-bf0c-54b2d65c1c62","local_time":"20210218205122","is_ascension_mode":false,"campfire_choices":[{"floor":12,"key":"REST"}],"circlet_count":0,"master_deck":["Slimebound:Strike_Slimebound+1","Slimebound:Strike_Slimebound","Slimebound:Tackle+1","Slimebound:Defend_Slimebound","Slimebound:Defend_Slimebound","Slimebound:Defend_Slimebound","Slimebound:Split","Slimebound:CorrosiveSpit","Slimebound:SplitBruiser","Slimebound:SplitBruiser","Slimebound:SplitLeeching","Slimebound:SlimeBarrage","Purity","Slimebound:Repurpose","Slimebound:Grow","Slimebound:SplitAcid","Slimebound:WasteNot","Slimebound:Prepare"],"relics":["Slimebound:AbsorbEndCombat","LagranYue:RandomDrawCardRelic","NeowsBlessing","Hallownest:DreamNailRelic","Whetstone","Omamori"],"acts_visited":["Hallownest:Greenpath"],"potions_floor_usage":[16,16],"damage_taken":[{"damage":0,"enemies":"Hallownest:2_Baldur","floor":2,"turns":1},{"damage":0,"enemies":"Hallownest:monsterHuskGuard","floor":4,"turns":1},{"damage":0,"enemies":"Hallownest:2_Tiktiks_and_1_Crawlid","floor":5,"turns":1},{"damage":3,"enemies":"downfall:FleeingMerchant","floor":6,"turns":4},{"damage":18,"enemies":"downfall:FleeingMerchant","floor":8,"turns":4},{"damage":33,"enemies":"Hallownest:1_Ooma_and_2_Uuma","floor":11,"turns":5},{"damage":6,"enemies":"Hallownest:monsterMossCharger","floor":13,"turns":2},{"damage":15,"enemies":"Hallownest:eliteCrystalGuardian","floor":14,"turns":5},{"damage":7,"enemies":"Hallownest:monsterFoolEater","floor":15,"turns":4},{"damage":18,"enemies":"DF_ARCHETYPE_STREAMLINE","floor":16,"turns":4}],"seed_played":"3026524380097690298","potions_obtained":[{"floor":11,"key":"GamblersBrew"},{"floor":13,"key":"champ:CounterPotion"},{"floor":14,"key":"SteroidPotion"},{"floor":15,"key":"Elixir"}],"is_trial":false,"path_per_floor":["R","M","?","M","M","$","T","$","T","?","M","R","M","E","M","B"],"character_chosen":"SLIMEBOUND","items_purchased":["Purity"],"campfire_rested":1,"item_purchase_floors":[6],"current_hp_per_floor":[65,65,65,65,65,64,64,48,48,48,19,38,34,23,16,0,0,0],"gold":129,"neow_bonus":"THREE_ENEMY_KILL","is_daily":false,"chose_seed":false,"campfire_upgraded":0,"win_rate":0.0,"timestamp":1613652682,"path_taken":["R","M","?","?","?","$","T","?","?","?","?","R","M","E","M","BOSS"],"items_purchased_type":["Card"],"build_version":"2020-12-22","purchased_purges":1,"victory":false,"max_hp_per_floor":[65,65,65,65,65,65,65,65,65,65,65,65,65,65,65,65,65,65],"card_choices":[{"not_picked":["Slimebound:Prepare","Slimebound:LeadByExample"],"picked":"Slimebound:SplitBruiser","floor":2},{"not_picked":["Slimebound:RollThrough","Slimebound:ItLooksTasty"],"picked":"Slimebound:SplitBruiser","floor":4},{"not_picked":["Slimebound:SlimeBarrage","Slimebound:MegaLick"],"picked":"Slimebound:SplitLeeching","floor":5},{"not_picked":["Slimebound:AcidTongue","Slimebound:Gluttony"],"picked":"Slimebound:SlimeBarrage","floor":6},{"not_picked":["Slimebound:FinishingTackle","Slimebound:RollThrough"],"picked":"Slimebound:Repurpose","floor":8},{"not_picked":["Slimebound:SplitBruiser","Slimebound:Schlurp"],"picked":"Slimebound:Grow","floor":11},{"not_picked":["Slimebound:Schlurp","Slimebound:SlimeSpikes"],"picked":"Slimebound:SplitAcid","floor":13},{"not_picked":["Slimebound:PressTheAttack","Slimebound:FormOfPuddle"],"picked":"Slimebound:WasteNot","floor":14},{"not_picked":["Slimebound:SlimeBarrage","Slimebound:FlameTackle"],"picked":"Slimebound:Prepare","floor":15}],"player_experience":133483,"relics_obtained":[{"floor":9,"key":"Whetstone"},{"floor":14,"key":"Omamori"}],"event_choices":[],"is_beta":false,"boss_relics":[],"items_purged_floors":[6],"is_endless":false,"potions_floor_spawned":[11,13,14,15],"killed_by":"DF_ARCHETYPE_STREAMLINE","ascension_level":0}}