{"host":"m9osufisr3agwk96","time":1613623601,"event":{"mods":["AchievementEnabler","Aspiration","BaseMod","Colored Map","Colored Powertips","Downfall","Duelist Mod","Friendly Minions","GifTheSpireLib","Gremlin Mod","Hermit","Hero for Fun","Highlight Path","Hubris","Infinite Spire","Minty Spire (QoL Compilation)","Rare Cards Sparkle","Reliquary","Replay The Spire","Shop Mod","StSLib","The Cursed"],"gold_per_floor":[17,34,34,46,56,83,96,96,96,96,96,96,114,132,132,256,256,271,287,287,287,307,323,344,344,367,327,352,352,396,419,419,544,544,567,588,588,588,327,368,368,391,391,391,406,419,419,457,457,457,457,457,46,87,87],"floor_reached":56,"language":"ENG","playtime":889,"items_purged":[],"score":1483,"play_id":"aaee0465-e016-4069-bcc4-0027f80691f8","local_time":"20210217204641","is_ascension_mode":false,"campfire_choices":[{"floor":12.0,"key":"RECALL"},{"floor":15.0,"key":"REST"},{"floor":25.0,"key":"REST"},{"floor":29.0,"key":"REST"},{"data":"Defend_Y+1","floor":32.0,"key":"PURGE"},{"floor":49,"key":"REST"},{"floor":52,"key":"REST"}],"circlet_count":0,"master_deck":["Strike_Y+1","Strike_Y+1","Strike_Y+1","Strike_Y+1","Strike_Y+1","Defend_Y+1","Defend_Y+1","Slap","Normal_Punch","Wear_Disguise","Slap","Consecutive_Normal_Punch","Wear_Disguise","Oh","Serious_Side_Hops+1","Consecutive_Normal_Punch","Wear_Disguise+1","Slap","Slap+1","Do_Nothing","Slap","Slap","Consecutive_Normal_Punch","Toss_Stone+1","Get_Hopes_Up","Slap+1","Consecutive_Normal_Punch","Blind","Pot Of Greed","Pot Of Greed","Pot Of Greed","Toss_Stone","Hip_Strike","Slap","Side_Hop+1","Normal_Punch","Serious_Side_Hops","Pot Of Greed","Slap+1","hubris:DuctTapeCard","Toss_Stone+1"],"relics":["Cape","aspiration:Nostalgia","theDuelist:CardPoolSaveRelic","aspiration:HummingbirdHeart","Golden Idol","aspiration:PoetsPen_weak","reliquary:Spinner","Replay:Baseball","ReplayTheSpireMod:DimensionalGlitch","Matryoshka","Grinning Jar","hubris:Towel","Vajra","ReplayTheSpireMod:Ninjato","Molten Egg 2","hubris:EmptyBottle","hubris:DuctTape","reliquary:TridentHead"],"acts_visited":["Exordium","TheCity","TheBeyond","TheEnding"],"potions_floor_usage":[],"damage_taken":[{"damage":0.0,"enemies":"Cultist","floor":1.0,"turns":1.0},{"damage":0.0,"enemies":"infinitespire:Voidling","floor":2.0,"turns":1.0},{"damage":0.0,"enemies":"Small Slimes","floor":4.0,"turns":1.0},{"damage":0.0,"enemies":"Exordium Wildlife","floor":5.0,"turns":1.0},{"damage":0.0,"enemies":"Replay:BlueRogue","floor":6.0,"turns":1.0},{"damage":0.0,"enemies":"Red Slaver","floor":7.0,"turns":1.0},{"damage":0.0,"enemies":"Large Slime","floor":13.0,"turns":1.0},{"damage":0.0,"enemies":"Gremlin Gang","floor":14.0,"turns":2.0},{"damage":0.0,"enemies":"Hexaghost","floor":16.0,"turns":1.0},{"damage":0.0,"enemies":"2 Thieves","floor":18.0,"turns":1.0},{"damage":0.0,"enemies":"Shell Parasite","floor":19.0,"turns":1.0},{"damage":0.0,"enemies":"Cultist and Chosen","floor":22.0,"turns":1.0},{"damage":0.0,"enemies":"Shelled Parasite and Fungi","floor":23.0,"turns":1.0},{"damage":0.0,"enemies":"Snake Plant","floor":24.0,"turns":1.0},{"damage":0.0,"enemies":"Centurion and Healer","floor":28.0,"turns":1.0},{"damage":0.0,"enemies":"Nightmare","floor":30.0,"turns":1.0},{"damage":0.0,"enemies":"Sentry and Sphere","floor":31.0,"turns":1.0},{"damage":0.0,"enemies":"Collector","floor":33.0,"turns":1.0},{"damage":0.0,"enemies":"3 Darklings","floor":35.0,"turns":2.0},{"damage":0.0,"enemies":"Orb Walker","floor":36.0,"turns":1.0},{"damage":0.0,"enemies":"Reptomancer","floor":40.0,"turns":1.0},{"damage":0.0,"enemies":"3 Darklings","floor":42.0,"turns":1.0},{"damage":0.0,"enemies":"infinitespire:Three Voidlings","floor":44.0,"turns":1.0},{"damage":0.0,"enemies":"Nightmare_Alpha","floor":44.0,"turns":11.0},{"damage":0,"enemies":"Sphere and 2 Shapes","floor":45,"turns":1},{"damage":0,"enemies":"Writhing Mass","floor":46,"turns":1},{"damage":0,"enemies":"Nightmare","floor":48,"turns":7},{"damage":0,"enemies":"Replay:Hell Engine","floor":50,"turns":5},{"damage":0,"enemies":"Shield and Spear","floor":54,"turns":2},{"damage":0,"enemies":"The Heart","floor":55,"turns":5}],"seed_played":"-2866321692713952428","potions_obtained":[{"floor":1.0,"key":"Energy Potion"},{"floor":4.0,"key":"Explosive Potion"},{"floor":6.0,"key":"Block Potion"},{"floor":13.0,"key":"Explosive Potion"}],"is_trial":false,"path_per_floor":["M","M","?","M","M","E","M","$","T","$","?","R","M","M","R","B",null,"M","M","?","?","M","M","M","R","T","?","M","R","NM","M","R_BF","B",null,"M","M","?","?","$","E","?","M","T","?","M","M","?","NM","R","B",null,"R","$","E","B",null],"character_chosen":"OPM","items_purchased":["Matryoshka","hubris:EmptyBottle","hubris:DuctTape"],"campfire_rested":5,"item_purchase_floors":[39,53,53],"current_hp_per_floor":[999,999,999,999,999,999,999,999,999,999,999,999,999,999,999,999,999,999,999,999,999,999,999,999,999,999,999,999,999,999,999,999,999,999,999,999,999,999,999,999,999,999,999,999,999,999,999,999,999,999,999,999,999,999,999],"gold":87,"neow_bonus":"NOSTALGIA","is_daily":false,"chose_seed":false,"campfire_upgraded":0,"win_rate":0.0,"timestamp":1613623601,"path_taken":["M","M","?","?","M","E","?","$","T","$","?","R","M","M","R","BOSS","M","M","?","?","?","M","M","R","T","?","?","R","NM","M","R_BF","BOSS","M","M","?","?","$","E","?","M","T","?","?","M","?","NM","R","BOSS","R","$","E","BOSS"],"items_purchased_type":["Relic","Relic","Relic"],"build_version":"2020-12-22","purchased_purges":0,"victory":true,"max_hp_per_floor":[999,999,999,999,999,999,999,999,999,999,999,999,999,999,999,999,999,999,999,999,999,999,999,999,999,999,999,999,999,999,999,999,999,999,999,999,999,999,999,999,999,999,999,999,999,999,999,999,999,999,999,999,999,999,999],"card_choices":[{"not_picked":["Toss_Stone","Normal_Punch"],"picked":"Slap","floor":1.0},{"not_picked":["Yawn","Hop"],"picked":"Normal_Punch","floor":2.0},{"not_picked":["Do_Nothing","Normal_Punch"],"picked":"Wear_Disguise","floor":4.0},{"not_picked":["Ignore","Consecutive_Normal_Punch"],"picked":"Slap","floor":5.0},{"not_picked":["Hop","Wear_Disguise"],"picked":"Do_Nothing","floor":6.0},{"not_picked":["Ignore","Toss_Stone"],"picked":"Consecutive_Normal_Punch","floor":7.0},{"not_picked":["Ignore","Yawn"],"picked":"Wear_Disguise","floor":13.0},{"not_picked":["Ignore","Slap"],"picked":"Oh","floor":14.0},{"not_picked":["Hip_Strike","Serious_Punch"],"picked":"Serious_Side_Hops","floor":16.0},{"not_picked":["Yawn","Hop+1"],"picked":"Consecutive_Normal_Punch","floor":18.0},{"not_picked":["Side_Hop","Serious_Side_Hops"],"picked":"Wear_Disguise+1","floor":19.0},{"not_picked":["Yawn+1","Wear_Disguise"],"picked":"Slap+1","floor":22.0},{"not_picked":["Consecutive_Normal_Punch+1","Yawn+1"],"picked":"Do_Nothing","floor":23.0},{"not_picked":["Normal_Punch","Do_Nothing+1"],"picked":"Slap","floor":24.0},{"not_picked":["Ignore","Do_Nothing+1"],"picked":"Slap","floor":28.0},{"not_picked":["Hop","Normal_Punch+1"],"picked":"Consecutive_Normal_Punch","floor":30.0},{"not_picked":["Wear_Disguise","Ignore"],"picked":"Toss_Stone+1","floor":31.0},{"not_picked":["Terrifying_Presence","Serious_Side_Hops"],"picked":"Get_Hopes_Up","floor":33.0},{"not_picked":["Ignore","Side_Hop"],"picked":"Slap+1","floor":35.0},{"not_picked":["Hop","Yawn"],"picked":"Consecutive_Normal_Punch","floor":36.0},{"not_picked":["hubris:Ssssneak","Replay:BasicMightCard"],"picked":"Blind","floor":38.0},{"not_picked":["Ignore+1","Yawn+1"],"picked":"Toss_Stone","floor":40.0},{"not_picked":["Ignore+1","Wear_Disguise+1"],"picked":"Hip_Strike","floor":42.0},{"not_picked":["Serious_Side_Hops","Hop"],"picked":"Slap","floor":45},{"not_picked":["Ignore","Hop"],"picked":"Side_Hop+1","floor":46},{"not_picked":["Toss_Stone+1","Side_Hop+1"],"picked":"Slap+1","floor":48},{"not_picked":["Consecutive_Normal_Punch+1","Ignore"],"picked":"Toss_Stone+1","floor":54}],"player_experience":504114,"relics_obtained":[{"floor":6.0,"key":"aspiration:HummingbirdHeart"},{"floor":26.0,"key":"reliquary:Spinner"},{"floor":30.0,"key":"Replay:Baseball"},{"floor":40.0,"key":"Grinning Jar"},{"floor":43.0,"key":"Vajra"},{"floor":43.0,"key":"ReplayTheSpireMod:Ninjato"},{"floor":48,"key":"Molten Egg 2"},{"floor":54,"key":"reliquary:TridentHead"}],"event_choices":[{"damage_healed":0.0,"max_hp_gain":0.0,"max_hp_loss":0.0,"gold_gain":0.0,"event_name":"NoteForYourself","player_choice":"Ignored","floor":3.0,"gold_loss":0.0,"damage_taken":0.0},{"damage_healed":0.0,"max_hp_gain":0.0,"max_hp_loss":0.0,"gold_gain":0.0,"event_name":"Golden Idol","player_choice":"Take Damage","floor":11.0,"gold_loss":0.0,"damage_taken":249.0,"relics_obtained":["Golden Idol"]},{"damage_healed":0.0,"max_hp_gain":0.0,"max_hp_loss":0.0,"gold_gain":0.0,"event_name":"Back to Basics","player_choice":"Simplicity","floor":20.0,"gold_loss":0.0,"damage_taken":0.0,"cards_upgraded":["Strike_Y","Strike_Y","Strike_Y","Strike_Y","Strike_Y","Defend_Y","Defend_Y","Defend_Y","Defend_Y","Defend_Y"]},{"damage_healed":0.0,"max_hp_gain":0.0,"max_hp_loss":0.0,"gold_gain":0.0,"event_name":"Duplicator","player_choice":"Copied","floor":21.0,"gold_loss":0.0,"damage_taken":0.0,"cards_obtained":["Slap"]},{"damage_healed":0.0,"max_hp_gain":0.0,"max_hp_loss":0.0,"gold_gain":0.0,"event_name":"Designer","player_choice":"Upgrade","floor":27.0,"gold_loss":40.0,"damage_taken":0.0,"cards_upgraded":["Serious_Side_Hops"]},{"cards_removed":["Do_Nothing"],"damage_healed":0.0,"max_hp_gain":0.0,"max_hp_loss":0.0,"gold_gain":0.0,"event_name":"Falling","player_choice":"Removed Skill","floor":37.0,"gold_loss":0.0,"damage_taken":0.0},{"damage_healed":0.0,"max_hp_gain":0.0,"max_hp_loss":0.0,"gold_gain":0.0,"event_name":"SensoryStone","player_choice":"Memory 1","floor":38.0,"gold_loss":0.0,"damage_taken":0.0},{"damage_healed":0,"gold_gain":0,"player_choice":"2 cards matched","damage_taken":0,"max_hp_gain":0,"max_hp_loss":0,"event_name":"Match and Keep!","floor":47,"gold_loss":0,"cards_obtained":["Normal_Punch","Serious_Side_Hops"]}],"is_beta":false,"boss_relics":[{"not_picked":["aspiration:SilentSkillbook","infinitespire:Cupcake"],"picked":"aspiration:PoetsPen_weak"},{"not_picked":["ChewingGum","reliquary:KinkedSpring"],"picked":"ReplayTheSpireMod:DimensionalGlitch"}],"items_purged_floors":[],"is_endless":false,"potions_floor_spawned":[1,4,6,13,16,22,28,30,31,33,36,40,44,46,48],"ascension_level":0}}