{"host":"c97twqu0op5dg8i4","time":1613607851,"event":{"mods":["AchievementEnabler","BaseMod","Colored Map","Minty Spire (QoL Compilation)","Permanent Neow"],"gold_per_floor":[363,62,12,24,24,24,53,71,71,86,86,103,115,133,133,133,133,133],"floor_reached":17,"language":"ENG","playtime":1011,"items_purged":["Strike_B"],"score":174,"play_id":"d77fa8fc-a475-496e-8ebd-2b0f9b6ce273","local_time":"20210217192411","is_ascension_mode":true,"campfire_choices":[{"data":"Gash","floor":6,"key":"SMITH"},{"floor":11,"key":"REST"},{"floor":15,"key":"REST"},{"data":"Beam Cell","floor":16,"key":"SMITH"}],"circlet_count":0,"master_deck":["AscendersBane","Strike_B","Strike_B","Defend_B","Defend_B","Defend_B","Defend_B","Zap","Dualcast","Gash+1","Melter","Leap","Beam Cell+1","Defragment","Seek"],"relics":["Cracked Core","Vajra","Pear","Eternal Feather"],"acts_visited":["Exordium"],"potions_floor_usage":[13,13,17,17],"damage_taken":[{"damage":0,"enemies":"Cultist","floor":1,"turns":3},{"damage":2,"enemies":"Jaw Worm","floor":4,"turns":3},{"damage":56,"enemies":"Lagavulin","floor":7,"turns":6},{"damage":0,"enemies":"Small Slimes","floor":8,"turns":2},{"damage":16,"enemies":"2 Fungi Beasts","floor":10,"turns":3},{"damage":15,"enemies":"Lots of Slimes","floor":12,"turns":5},{"damage":15,"enemies":"Exordium Thugs","floor":13,"turns":4},{"damage":0,"enemies":"Exordium Wildlife","floor":14,"turns":3},{"damage":51,"enemies":"Slime Boss","floor":17,"turns":12}],"seed_played":"5007233468639249713","potions_obtained":[{"floor":1,"key":"Dexterity Potion"},{"floor":12,"key":"Dexterity Potion"},{"floor":13,"key":"SpeedPotion"},{"floor":14,"key":"SkillPotion"}],"is_trial":false,"path_per_floor":["M","$","?","M","$","R","E","M","T","M","R","M","M","M","R","R","B"],"character_chosen":"DEFECT","items_purchased":["Melter","Vajra"],"campfire_rested":2,"item_purchase_floors":[2,2],"current_hp_per_floor":[68,68,68,66,66,66,20,20,20,4,33,18,3,3,35,44,0,0],"gold":133,"neow_bonus":"TWO_FIFTY_GOLD","is_daily":false,"chose_seed":false,"campfire_upgraded":2,"win_rate":0.0,"timestamp":1613607851,"path_taken":["M","$","?","M","$","R","E","M","T","M","R","M","M","M","R","R","BOSS"],"items_purchased_type":["Card","Relic"],"build_version":"2020-12-22","purchased_purges":1,"victory":false,"max_hp_per_floor":[68,68,68,68,68,68,78,78,78,78,78,78,78,78,78,78,78,78],"card_choices":[{"not_picked":["Cold Snap","Streamline"],"picked":"Gash","floor":1},{"not_picked":["White Noise","Static Discharge","Force Field"],"picked":"SKIP","floor":4},{"not_picked":["Rainbow","Steam"],"picked":"Leap","floor":7},{"not_picked":["Consume","Compile Driver"],"picked":"Beam Cell","floor":8},{"not_picked":["Reprogram","Doom and Gloom"],"picked":"Defragment","floor":10},{"not_picked":["Static Discharge","Reprogram","Sunder"],"picked":"SKIP","floor":12},{"not_picked":["Rebound","Barrage","Aggregate"],"picked":"SKIP","floor":13},{"not_picked":["Barrage","Compile Driver"],"picked":"Seek","floor":14}],"player_experience":416730,"relics_obtained":[{"floor":7,"key":"Pear"},{"floor":9,"key":"Eternal Feather"}],"event_choices":[{"cards_removed":["Strike_B"],"damage_healed":0,"gold_gain":0,"player_choice":"Card Removal","damage_taken":0,"max_hp_gain":0,"max_hp_loss":0,"event_name":"The Cleric","floor":3,"gold_loss":50}],"is_beta":false,"boss_relics":[],"items_purged_floors":[2],"is_endless":false,"potions_floor_spawned":[1,12,13,14],"killed_by":"Slime Boss","ascension_level":12}}