{"host":"poshtwjux72eqzmy","time":1613608866,"event":{"mods":["BaseMod","Bestiary","Block Reminder","Highlight Path","Minty Spire (QoL Compilation)","Quick Restart","Relic Stats","StSLib","ojb\u0027s Info Mod"],"gold_per_floor":[109,109,109,171,8,36,9,40,40,68,85,135,135,14,14,89,89,103,117,167,142,42,73,73,102,102,102,136,236,262,281,281,357,357,372,422,472,486,536,569,569,579,647,647,647,647],"floor_reached":45,"language":"ENG","playtime":2466,"items_purged":["Pain","Strike_B"],"score":1241,"play_id":"07cf5eb1-7c96-4b85-90f2-ed544db43b6b","local_time":"20210218024106","is_ascension_mode":true,"campfire_choices":[{"data":"Genetic Algorithm","floor":13.0,"key":"SMITH"},{"data":"Hologram","floor":15.0,"key":"SMITH"},{"data":"Coolheaded","floor":24.0,"key":"SMITH"},{"floor":27.0,"key":"REST"},{"floor":32.0,"key":"REST"},{"floor":41.0,"key":"REST"},{"floor":44.0,"key":"REST"}],"circlet_count":0,"master_deck":["AscendersBane","Strike_B","Strike_B","Strike_B","Defend_B","Defend_B","Defend_B+1","Defend_B","Zap","Dualcast","Beam Cell+1","Genetic Algorithm+1","Streamline+1","Sunder+1","Hologram+1","Ball Lightning+1","Electrodynamics","Compile Driver+1","Compile Driver+1","Coolheaded+1","Glacier","Fusion+1","Steam Power+1","Stack+1","Rainbow+1","Sweeping Beam+1","Go for the Eyes+1","Steam+1","White Noise+1"],"relics":["Cracked Core","NeowsBlessing","SsserpentHead","Frozen Eye","Molten Egg 2","Juzu Bracelet","Symbiotic Virus","Bag of Marbles","Bag of Preparation","Philosopher\u0027s Stone","WarpedTongs","Frozen Egg 2","Nunchaku","White Beast Statue","Toxic Egg 2","Art of War","Nuclear Battery","Orichalcum","Bird Faced Urn"],"acts_visited":["Exordium","TheCity","TheBeyond"],"potions_floor_usage":[],"damage_taken":[{"damage":0.0,"enemies":"2 Louse","floor":1.0,"turns":1.0},{"damage":0.0,"enemies":"Jaw Worm","floor":4.0,"turns":1.0},{"damage":0.0,"enemies":"Lagavulin","floor":6.0,"turns":1.0},{"damage":16.0,"enemies":"3 Sentries","floor":8.0,"turns":7.0},{"damage":6.0,"enemies":"Gremlin Nob","floor":10.0,"turns":3.0},{"damage":0.0,"enemies":"Cultist","floor":11.0,"turns":3.0},{"damage":12.0,"enemies":"Slime Boss","floor":16.0,"turns":5.0},{"damage":14.0,"enemies":"2 Thieves","floor":18.0,"turns":2.0},{"damage":0.0,"enemies":"Chosen","floor":19.0,"turns":2.0},{"damage":13.0,"enemies":"Slavers","floor":23.0,"turns":3.0},{"damage":10.0,"enemies":"Gremlin Leader","floor":25.0,"turns":4.0},{"damage":6.0,"enemies":"Slavers","floor":28.0,"turns":2.0},{"damage":29.0,"enemies":"Book of Stabbing","floor":30.0,"turns":4.0},{"damage":0.0,"enemies":"3 Cultists","floor":31.0,"turns":3.0},{"damage":0.0,"enemies":"Automaton","floor":33.0,"turns":11.0},{"damage":0.0,"enemies":"Orb Walker","floor":35.0,"turns":2.0},{"damage":0.0,"enemies":"3 Darklings","floor":38.0,"turns":2.0},{"damage":39.0,"enemies":"Giant Head","floor":40.0,"turns":9.0},{"damage":15.0,"enemies":"Spire Growth","floor":42.0,"turns":4.0},{"damage":54,"enemies":"Nemesis","floor":45,"turns":6}],"seed_played":"-6539433967229643350","potions_obtained":[{"floor":6.0,"key":"SteroidPotion"},{"floor":8.0,"key":"LiquidBronze"},{"floor":23.0,"key":"GamblersBrew"},{"floor":28.0,"key":"Explosive Potion"},{"floor":30.0,"key":"FocusPotion"},{"floor":31.0,"key":"Weak Potion"},{"floor":33.0,"key":"ColorlessPotion"},{"floor":35.0,"key":"PowerPotion"},{"floor":38.0,"key":"Dexterity Potion"},{"floor":40.0,"key":"SteroidPotion"},{"floor":42.0,"key":"SmokeBomb"}],"is_trial":false,"path_per_floor":["M","?","?","M","$","E","$","E","T","E","M","?","R","$","R","B",null,"M","M","?","$","$","E","R","E","T","R","E","?","E","M","R","B",null,"M","?","?","M","?","E","R","M","T","R","E"],"character_chosen":"DEFECT","items_purchased":["Frozen Eye","Sunder+1","Bag of Preparation"],"campfire_rested":4,"item_purchase_floors":[5,7,14],"current_hp_per_floor":[64,43,43,43,43,43,43,27,27,21,21,44,44,44,44,32,61,47,47,47,47,47,34,34,24,24,45,39,39,10,10,31,31,61,61,61,61,61,61,22,42,29,29,49,0,0],"gold":647,"neow_bonus":"THREE_ENEMY_KILL","is_daily":false,"chose_seed":false,"campfire_upgraded":3,"win_rate":0.0,"timestamp":1613608866,"path_taken":["M","?","?","?","$","E","?","E","T","E","M","?","R","?","R","BOSS","M","M","?","?","$","E","R","E","T","R","E","?","E","M","R","BOSS","M","?","?","M","?","E","R","M","T","R","E"],"items_purchased_type":["Relic","Card","Relic"],"build_version":"2020-12-22","purchased_purges":2,"victory":false,"max_hp_per_floor":[71,71,71,71,71,71,71,71,71,71,71,71,71,71,71,71,71,71,71,71,71,71,71,71,71,71,71,71,71,71,71,71,71,71,71,67,67,67,67,67,67,67,67,67,67,67],"relic_stats":{"SsserpentHead":500,"Nunchaku":[9],"counters":[20,75],"Bird Faced Urn":[6],"Juzu Bracelet":1,"Bag of Preparation":[28],"Art of War":[5],"Orichalcum":[6],"obtain_stats":[{"NeowsBlessing":0,"Juzu Bracelet":8,"Bag of Preparation":14,"Frozen Egg 2":23,"Orichalcum":37,"White Beast Statue":26,"WarpedTongs":20,"Nuclear Battery":34,"SsserpentHead":3,"Frozen Eye":5,"Nunchaku":25,"Bird Faced Urn":40,"Molten Egg 2":6,"Philosopher\u0027s Stone":17,"Bag of Marbles":10,"Art of War":30,"Toxic Egg 2":28,"Cracked Core":0,"Symbiotic Virus":9},{"NeowsBlessing":0,"Juzu Bracelet":4,"Bag of Preparation":6,"Frozen Egg 2":10,"Orichalcum":16,"White Beast Statue":11,"WarpedTongs":9,"Nuclear Battery":15,"SsserpentHead":1,"Frozen Eye":2,"Nunchaku":11,"Bird Faced Urn":18,"Molten Egg 2":3,"Philosopher\u0027s Stone":7,"Bag of Marbles":5,"Art of War":13,"Toxic Egg 2":12,"Cracked Core":0,"Symbiotic Virus":4},{"NeowsBlessing":0,"Juzu Bracelet":10,"Bag of Preparation":16,"Frozen Egg 2":28,"Orichalcum":54,"White Beast Statue":32,"WarpedTongs":25,"Nuclear Battery":52,"SsserpentHead":1,"Frozen Eye":2,"Nunchaku":32,"Bird Faced Urn":65,"Molten Egg 2":3,"Philosopher\u0027s Stone":21,"Bag of Marbles":13,"Art of War":38,"Toxic Egg 2":34,"Cracked Core":0,"Symbiotic Virus":10}],"WarpedTongs":[43]},"card_choices":[{"not_picked":["Barrage","Steam"],"picked":"Beam Cell","floor":1.0},{"not_picked":["Leap","Reinforced Body"],"picked":"Genetic Algorithm","floor":4.0},{"not_picked":["Coolheaded","Cold Snap+1"],"picked":"Streamline+1","floor":6.0},{"not_picked":["Blizzard+1","Consume"],"picked":"Hologram","floor":8.0},{"not_picked":["Skim","Heatsinks","Steam"],"picked":"SKIP","floor":10.0},{"not_picked":["Hologram","Redo"],"picked":"Ball Lightning+1","floor":11.0},{"not_picked":["Multi-Cast","Meteor Strike+1"],"picked":"Electrodynamics","floor":16.0},{"not_picked":["Cold Snap+1","Sweeping Beam+1"],"picked":"Compile Driver+1","floor":18.0},{"not_picked":["Aggregate","Darkness"],"picked":"Compile Driver+1","floor":19.0},{"not_picked":["Gash+1","Scrape+1"],"picked":"Coolheaded","floor":23.0},{"not_picked":["Recycle","Skim"],"picked":"Glacier","floor":25.0},{"not_picked":["Darkness+1","Hologram+1"],"picked":"Fusion+1","floor":28.0},{"not_picked":["Chaos+1","Rainbow+1"],"picked":"Steam Power+1","floor":30.0},{"not_picked":["Skim+1","Melter+1"],"picked":"Stack+1","floor":31.0},{"not_picked":["Hyperbeam+1","Thunder Strike+1"],"picked":"Rainbow+1","floor":33.0},{"not_picked":["Reprogram+1","Coolheaded+1"],"picked":"Sweeping Beam+1","floor":35.0},{"not_picked":["Compile Driver+1","Reprogram+1"],"picked":"Go for the Eyes+1","floor":38.0},{"not_picked":["Redo+1","Rip and Tear+1"],"picked":"Steam+1","floor":40.0},{"not_picked":["Glacier+1","Heatsinks+1"],"picked":"White Noise+1","floor":42.0}],"player_experience":1138484,"relics_obtained":[{"floor":6.0,"key":"Molten Egg 2"},{"floor":8.0,"key":"Juzu Bracelet"},{"floor":9.0,"key":"Symbiotic Virus"},{"floor":10.0,"key":"Bag of Marbles"},{"floor":23.0,"key":"Frozen Egg 2"},{"floor":25.0,"key":"Nunchaku"},{"floor":26.0,"key":"White Beast Statue"},{"floor":28.0,"key":"Toxic Egg 2"},{"floor":30.0,"key":"Art of War"},{"floor":40.0,"key":"Bird Faced Urn"}],"event_choices":[{"damage_healed":0.0,"max_hp_gain":0.0,"max_hp_loss":0.0,"gold_gain":0.0,"event_name":"Shining Light","player_choice":"Entered Light","floor":2.0,"gold_loss":0.0,"damage_taken":21.0,"cards_upgraded":["Defend_B","Beam Cell"]},{"damage_healed":0.0,"max_hp_gain":0.0,"max_hp_loss":0.0,"gold_gain":0.0,"event_name":"FaceTrader","player_choice":"Trade","floor":3.0,"gold_loss":0.0,"damage_taken":0.0,"relics_obtained":["SsserpentHead"]},{"damage_healed":23.0,"max_hp_gain":0.0,"max_hp_loss":0.0,"gold_gain":0.0,"event_name":"Big Fish","player_choice":"Banana","floor":12.0,"gold_loss":0.0,"damage_taken":0.0},{"damage_healed":0.0,"max_hp_gain":0.0,"max_hp_loss":0.0,"gold_gain":0.0,"event_name":"Accursed Blacksmith","player_choice":"Rummage","floor":20.0,"gold_loss":0.0,"damage_taken":0.0,"relics_obtained":["WarpedTongs"],"cards_obtained":["Pain"]},{"damage_healed":0.0,"max_hp_gain":0.0,"max_hp_loss":0.0,"gold_gain":50.0,"event_name":"Nest","player_choice":"Stole From Cult","floor":29.0,"gold_loss":0.0,"damage_taken":0.0},{"damage_healed":0.0,"max_hp_gain":0.0,"max_hp_loss":4.0,"gold_gain":0.0,"event_name":"Winding Halls","player_choice":"Max HP","floor":36.0,"gold_loss":0.0,"damage_taken":0.0},{"damage_healed":0.0,"max_hp_gain":0.0,"max_hp_loss":0.0,"gold_gain":0.0,"event_name":"WeMeetAgain","player_choice":"Gave Potion","floor":37.0,"gold_loss":0.0,"damage_taken":0.0,"relics_obtained":["Orichalcum"]},{"damage_healed":0.0,"max_hp_gain":0.0,"max_hp_loss":0.0,"gold_gain":0.0,"event_name":"Tomb of Lord Red Mask","player_choice":"Ignored","floor":39.0,"gold_loss":0.0,"damage_taken":0.0}],"is_beta":false,"boss_relics":[{"not_picked":["Pandora\u0027s Box","Runic Dome"],"picked":"Philosopher\u0027s Stone"},{"not_picked":["SlaversCollar","Cursed Key"],"picked":"Nuclear Battery"}],"items_purged_floors":[21,22],"is_endless":false,"potions_floor_spawned":[6,8,23,28,30,31,33,35,38,40,42],"killed_by":"Nemesis","ascension_level":20}}