{"host":"h0xw20cia6ppa69g","time":1613640905,"event":{"mods":["AchievementEnabler","BaseMod","Colored Map","Filter the Spire","Googly Eyes","Minty Spire (QoL Compilation)","Relic Stats","StSLib","The Awakened One except there are too many feathers","everything is the same but u backflip on backflip"],"gold_per_floor":[119,135,148,162,172,172,205,205,231,231,277,377,389,419,419,514,514,532,552,150,170,170,196,47,47,47,57,57,57,70,97,97,202,202,217,72,72,121,132,166,180,205,231,261,323,364,376,413,425,437,449,461,48,78,78],"floor_reached":56,"language":"ENG","playtime":4070,"items_purged":[],"score":1688,"play_id":"cd460df7-e6a7-4ec5-ac36-5692030d7408","local_time":"20210218033505","is_ascension_mode":true,"campfire_choices":[{"data":"Setup","floor":6.0,"key":"SMITH"},{"data":"Bullet Time","floor":8.0,"key":"SMITH"},{"data":"After Image","floor":15.0,"key":"SMITH"},{"data":"Footwork","floor":25.0,"key":"SMITH"},{"floor":28.0,"key":"DIG"},{"floor":32.0,"key":"DIG"},{"floor":47,"key":"REST"},{"floor":49,"key":"RECALL"},{"floor":52,"key":"DIG"}],"circlet_count":0,"master_deck":["Survivor","Neutralize+1","Venomology","Night Terror+1","Dodge and Roll+1","Bullet Time+1","Blade Dance","Setup+1","Corpse Explosion","Storm of Steel","Bane","Eviscerate+1","Dodge and Roll","Bouncing Flask","Reflex","Infinite Blades","PiercingWail","Blade Dance","After Image+1","Blade Dance","Cloak And Dagger","Glass Knife","Terror+1","Deflect+1","Footwork+1","Tactician+1","Blur","Deflect+1","Adrenaline","Ghostly","Ghostly","Ghostly","Ghostly","Ghostly","Acrobatics","Acrobatics","Phantasmal Killer","Finesse","Discovery","Forethought","Tactician","Acrobatics","Terror","Escape Plan+1","PiercingWail+1","Envenom","Finisher+1","Dodge and Roll+1","Outmaneuver+1","Backflip","Dodge and Roll","Skewer+1"],"relics":["Pandora\u0027s Box","Whetstone","Vajra","Akabeko","Regal Pillow","WristBlade","Chemical X","War Paint","Snake Skull","Potion Belt","Shovel","Boot","Ornamental Fan","WingedGreaves","HoveringKite","Juzu Bracelet","Ginger","Bag of Marbles","PreservedInsect","MawBank","Ice Cream","Du-Vu Doll","Pocketwatch","Bottled Lightning","Bag of Preparation","Sling","Mercury Hourglass"],"acts_visited":["Exordium","TheCity","TheBeyond","TheEnding"],"potions_floor_usage":[41,42,42,44,44,45,45,45,45,46,46,50,55,55,55,55,55,55,55,55,55,55,55,55,55],"damage_taken":[{"damage":0.0,"enemies":"Cultist","floor":1.0,"turns":3.0},{"damage":0.0,"enemies":"2 Louse","floor":2.0,"turns":1.0},{"damage":0.0,"enemies":"Small Slimes","floor":3.0,"turns":2.0},{"damage":3.0,"enemies":"Gremlin Gang","floor":4.0,"turns":4.0},{"damage":24.0,"enemies":"Exordium Wildlife","floor":5.0,"turns":3.0},{"damage":0.0,"enemies":"Lagavulin","floor":7.0,"turns":7.0},{"damage":15.0,"enemies":"3 Sentries","floor":11.0,"turns":7.0},{"damage":0.0,"enemies":"Exordium Thugs","floor":13.0,"turns":3.0},{"damage":0.0,"enemies":"Lagavulin","floor":14.0,"turns":3.0},{"damage":19.0,"enemies":"Slime Boss","floor":16.0,"turns":12.0},{"damage":0.0,"enemies":"Spheric Guardian","floor":18.0,"turns":3.0},{"damage":11.0,"enemies":"2 Thieves","floor":19.0,"turns":3.0},{"damage":7.0,"enemies":"3 Cultists","floor":21.0,"turns":4.0},{"damage":21.0,"enemies":"Gremlin Leader","floor":23.0,"turns":6.0},{"damage":8.0,"enemies":"Shelled Parasite and Fungi","floor":27.0,"turns":10.0},{"damage":1.0,"enemies":"Centurion and Healer","floor":30.0,"turns":11.0},{"damage":16.0,"enemies":"Book of Stabbing","floor":31.0,"turns":7.0},{"damage":0.0,"enemies":"Collector","floor":33.0,"turns":10.0},{"damage":0.0,"enemies":"3 Darklings","floor":35.0,"turns":6.0},{"damage":4.0,"enemies":"2 Orb Walkers","floor":38.0,"turns":5.0},{"damage":1.0,"enemies":"Orb Walker","floor":39.0,"turns":6.0},{"damage":2.0,"enemies":"Reptomancer","floor":40.0,"turns":8.0},{"damage":0,"enemies":"Maw","floor":41,"turns":7},{"damage":22,"enemies":"Nemesis","floor":42,"turns":3},{"damage":2,"enemies":"Reptomancer","floor":44,"turns":6},{"damage":0,"enemies":"Mind Bloom Boss Battle","floor":45,"turns":7},{"damage":0,"enemies":"Giant Head","floor":46,"turns":6},{"damage":3,"enemies":"Reptomancer","floor":48,"turns":5},{"damage":18,"enemies":"Donu and Deca","floor":50,"turns":8},{"damage":0,"enemies":"Shield and Spear","floor":54,"turns":4},{"damage":22,"enemies":"The Heart","floor":55,"turns":9}],"seed_played":"-1832760772252959568","potions_obtained":[{"floor":1.0,"key":"DistilledChaos"},{"floor":4.0,"key":"SpeedPotion"},{"floor":7.0,"key":"Regen Potion"},{"floor":14.0,"key":"Poison Potion"},{"floor":27.0,"key":"AttackPotion"},{"floor":31.0,"key":"SpeedPotion"},{"floor":33.0,"key":"SteroidPotion"},{"floor":39.0,"key":"SpeedPotion"},{"floor":41,"key":"GamblersBrew"},{"floor":46,"key":"LiquidMemories"}],"is_trial":false,"path_per_floor":["M","M","M","M","M","R","E","R","T","?","E","?","M","E","R","B",null,"M","M","$","M","?","E","$","R","T","M","R","?","M","E","R","B",null,"M","$","?","?","M","E","M","E","T","E","?","E","R","E","R","B",null,"R","$","E","B",null],"character_chosen":"THE_SILENT","items_purchased":["Footwork","Tactician","Chemical X","War Paint","Potion Belt","Juzu Bracelet","Backflip","Bag of Preparation","Sling","Dodge and Roll","SteroidPotion"],"campfire_rested":1,"item_purchase_floors":[20,20,20,20,24,36,53,53,53,53,53],"current_hp_per_floor":[70,70,70,67,43,43,43,43,43,43,42,42,42,42,42,23,70,70,59,59,52,52,31,31,31,31,23,23,23,35,19,19,19,35,35,35,25,21,20,18,18,10,10,8,8,8,33,30,30,12,35,35,35,35,25],"gold":78,"neow_bonus":"BOSS_RELIC","is_daily":false,"chose_seed":false,"campfire_upgraded":4,"win_rate":0.0,"timestamp":1613640905,"path_taken":["M","M","?","M","M","R","E","R","T","?","E","?","M","E","R","BOSS","M","?","$","M","?","E","?","R","T","?","R","?","M","E","R","BOSS","M","$","?","?","M","E","M","E","T","E","?","E","R","E","R","BOSS","R","$","E","BOSS"],"items_purchased_type":["Card","Card","Relic","Relic","Relic","Relic","Card","Relic","Relic","Card","Potion"],"build_version":"2020-12-22","purchased_purges":0,"victory":true,"max_hp_per_floor":[70,70,70,70,70,70,70,70,70,70,70,70,70,70,70,70,70,70,70,70,70,70,70,70,70,70,70,70,35,35,35,35,35,35,35,35,35,35,35,35,35,35,35,35,35,35,35,35,35,35,35,35,35,35,35],"relic_stats":{"Regal Pillow":15,"counters":[31,179],"HoveringKite":[40],"Snake Skull":[70],"PreservedInsect":310,"Juzu Bracelet":0,"Bag of Preparation":[4],"Whetstone":["Eviscerate","Neutralize"],"Ginger":[16],"War Paint":["Dodge and Roll","Night Terror"],"Boot":[22],"MawBank":108,"Mercury Hourglass":[27],"Shovel":3,"Ornamental Fan":[156],"Pandora\u0027s Box":["Venomology","Night Terror","Dodge and Roll","Bullet Time","Blade Dance","Setup","Corpse Explosion","Storm of Steel","Bane","Eviscerate"],"Chemical X":[3],"obtain_stats":[{"Ice Cream":45,"Regal Pillow":14,"Vajra":9,"HoveringKite":34,"Snake Skull":23,"Juzu Bracelet":36,"Bag of Preparation":53,"Whetstone":7,"Ginger":38,"Boot":28,"Sling":53,"Shovel":26,"WristBlade":17,"WingedGreaves":32,"Chemical X":20,"Ring of the Snake":0,"Potion Belt":24,"PreservedInsect":42,"War Paint":20,"MawBank":44,"Akabeko":11,"Mercury Hourglass":54,"Du-Vu Doll":46,"Ornamental Fan":31,"Pandora\u0027s Box":0,"Bag of Marbles":40,"Bottled Lightning":52,"Pocketwatch":48},{"Ice Cream":26,"Regal Pillow":9,"Vajra":6,"HoveringKite":18,"Snake Skull":14,"Juzu Bracelet":19,"Bag of Preparation":29,"Whetstone":6,"Ginger":20,"Boot":15,"Sling":29,"Shovel":14,"WristBlade":10,"WingedGreaves":17,"Chemical X":12,"Ring of the Snake":0,"Potion Belt":14,"PreservedInsect":24,"War Paint":12,"MawBank":25,"Akabeko":7,"Mercury Hourglass":30,"Du-Vu Doll":27,"Ornamental Fan":17,"Pandora\u0027s Box":0,"Bag of Marbles":22,"Bottled Lightning":29,"Pocketwatch":28},{"Ice Cream":147,"Regal Pillow":33,"Vajra":20,"HoveringKite":99,"Snake Skull":61,"Juzu Bracelet":105,"Bag of Preparation":166,"Whetstone":20,"Ginger":110,"Boot":71,"Sling":166,"Shovel":61,"WristBlade":45,"WingedGreaves":89,"Chemical X":51,"Ring of the Snake":0,"Potion Belt":61,"PreservedInsect":134,"War Paint":51,"MawBank":140,"Akabeko":27,"Mercury Hourglass":170,"Du-Vu Doll":153,"Ornamental Fan":89,"Pandora\u0027s Box":0,"Bag of Marbles":124,"Bottled Lightning":166,"Pocketwatch":158}],"Pocketwatch":[6]},"card_choices":[{"not_picked":["PiercingWail","Poisoned Stab"],"picked":"Dodge and Roll","floor":1.0},{"not_picked":["Blade Dance","Riddle With Holes"],"picked":"Bouncing Flask","floor":2.0},{"not_picked":["Cloak And Dagger","Prepared"],"picked":"Reflex","floor":3.0},{"not_picked":["Dodge and Roll","Dagger Spray"],"picked":"Infinite Blades","floor":4.0},{"not_picked":["Skewer","Masterful Stab"],"picked":"PiercingWail","floor":5.0},{"not_picked":["Expertise","Bane"],"picked":"Blade Dance","floor":7.0},{"not_picked":["All Out Attack","Outmaneuver"],"picked":"After Image","floor":11.0},{"not_picked":["Quick Slash","Bane"],"picked":"Blade Dance","floor":13.0},{"not_picked":["Deadly Poison","Well Laid Plans"],"picked":"Cloak And Dagger","floor":14.0},{"not_picked":["Doppelganger","Venomology"],"picked":"Glass Knife","floor":16.0},{"not_picked":["Masterful Stab","Underhanded Strike"],"picked":"Terror+1","floor":18.0},{"not_picked":["Sucker Punch","Deadly Poison"],"picked":"Deflect+1","floor":19.0},{"not_picked":["Underhanded Strike","Deflect"],"picked":"Blur","floor":21.0},{"not_picked":["Flying Knee+1","Dagger Throw"],"picked":"Deflect+1","floor":23.0},{"not_picked":["Calculated Gamble","Bouncing Flask"],"picked":"Adrenaline","floor":27.0},{"not_picked":["Infinite Blades","Expertise"],"picked":"Acrobatics","floor":30.0},{"not_picked":["Quick Slash","Prepared"],"picked":"Acrobatics","floor":31.0},{"not_picked":["A Thousand Cuts","After Image"],"picked":"Phantasmal Killer","floor":33.0},{"not_picked":["PiercingWail","Sucker Punch","Infinite Blades+1"],"picked":"SKIP","floor":35.0},{"not_picked":["Dramatic Entrance","Madness"],"picked":"Finesse","floor":37.0},{"not_picked":["Good Instincts","Jack Of All Trades"],"picked":"Discovery","floor":37.0},{"not_picked":["Magnetism","Good Instincts"],"picked":"Forethought","floor":37.0},{"not_picked":["Bouncing Flask","Eviscerate+1"],"picked":"Tactician","floor":38.0},{"not_picked":["Slice","Underhanded Strike"],"picked":"Acrobatics","floor":39.0},{"not_picked":["Deflect","Prepared"],"picked":"Terror","floor":40.0},{"not_picked":["PiercingWail+1","Deflect+1"],"picked":"Escape Plan+1","floor":41},{"not_picked":["Flying Knee","Bane"],"picked":"PiercingWail+1","floor":42},{"not_picked":["Cloak And Dagger+1","Dagger Spray+1"],"picked":"Envenom","floor":44},{"not_picked":["Bane","Leg Sweep"],"picked":"Finisher+1","floor":45},{"not_picked":["Dagger Spray","Noxious Fumes"],"picked":"Dodge and Roll+1","floor":46},{"not_picked":["Predator","Dagger Throw+1"],"picked":"Outmaneuver+1","floor":48},{"not_picked":["Dagger Spray","Sucker Punch+1"],"picked":"Skewer+1","floor":54}],"player_experience":3887365,"relics_obtained":[{"floor":7.0,"key":"Whetstone"},{"floor":9.0,"key":"Vajra"},{"floor":11.0,"key":"Akabeko"},{"floor":14.0,"key":"Regal Pillow"},{"floor":23.0,"key":"Snake Skull"},{"floor":26.0,"key":"Shovel"},{"floor":28.0,"key":"Boot"},{"floor":31.0,"key":"Ornamental Fan"},{"floor":32.0,"key":"WingedGreaves"},{"floor":38.0,"key":"Ginger"},{"floor":40.0,"key":"Bag of Marbles"},{"floor":42,"key":"PreservedInsect"},{"floor":44,"key":"MawBank"},{"floor":45,"key":"Ice Cream"},{"floor":46,"key":"Du-Vu Doll"},{"floor":48,"key":"Pocketwatch"},{"floor":52,"key":"Bottled Lightning"},{"floor":54,"key":"Mercury Hourglass"}],"event_choices":[{"damage_healed":0.0,"max_hp_gain":0.0,"max_hp_loss":0.0,"gold_gain":0.0,"event_name":"Golden Wing","player_choice":"Ignored","floor":10.0,"gold_loss":0.0,"damage_taken":0.0},{"damage_healed":0.0,"max_hp_gain":0.0,"max_hp_loss":0.0,"gold_gain":100.0,"event_name":"Golden Shrine","player_choice":"Pray","floor":12.0,"gold_loss":0.0,"damage_taken":0.0},{"damage_healed":0.0,"max_hp_gain":0.0,"max_hp_loss":0.0,"gold_gain":0.0,"event_name":"Upgrade Shrine","player_choice":"Upgraded","floor":22.0,"gold_loss":0.0,"damage_taken":0.0,"cards_upgraded":["Tactician"]},{"damage_healed":0.0,"max_hp_gain":0.0,"max_hp_loss":35.0,"gold_gain":0.0,"event_name":"Ghosts","player_choice":"Became a Ghost","floor":29.0,"gold_loss":0.0,"damage_taken":0.0,"cards_obtained":["Ghostly","Ghostly","Ghostly","Ghostly","Ghostly"]},{"damage_healed":0.0,"max_hp_gain":0.0,"max_hp_loss":0.0,"gold_gain":0.0,"event_name":"SensoryStone","player_choice":"Memory 3","floor":37.0,"gold_loss":0.0,"damage_taken":10.0},{"damage_healed":0.0,"max_hp_gain":0.0,"max_hp_loss":0.0,"gold_gain":0.0,"event_name":"Mysterious Sphere","player_choice":"Fight","floor":38.0,"gold_loss":0.0,"damage_taken":0.0},{"damage_healed":0,"gold_gain":0,"player_choice":"Fight","damage_taken":0,"max_hp_gain":0,"max_hp_loss":0,"event_name":"MindBloom","floor":45,"gold_loss":0}],"is_beta":false,"boss_relics":[{"not_picked":["SacredBark","Tiny House"],"picked":"WristBlade"},{"not_picked":["SlaversCollar","Runic Dome"],"picked":"HoveringKite"}],"items_purged_floors":[],"is_endless":false,"potions_floor_spawned":[1,4,7,14,19,23,27,31,33,38,39,41,46],"ascension_level":1}}