{"host":"gm50ke85n5jz306u","time":1613682811,"event":{"mods":["AchievementEnabler","AlwaysNeverKeys","Ascension Reborn","Aspiration","BaseMod","Bestiary","Better Altar","Better Match","Better Note","Better Sensory Stone","Better Skull","Better Third Choice","Better Vampires","Better-Laid Plans","BetterRewards","Colored Powertips","Curses Come First","DNKmod","Defuse TimeMaze Blight","Disable Question Mark Monsters","Displayed Cursed Tome","Downfall","Emptier Cage","Extra Virgin Snecko Oil","Filter the Spire","Friendly Minions","Gremlin Skip","Hubris","Hyrulean Relics","Ironclad Rager","Marked Mod","Minty Spire (QoL Compilation)","Permanent Neow","Poor People Problems","Quick Restart","Relic Filter Mod","Relic Sorter","Remove Card Discount Mod","Reorder Act Four","Replay The Spire","Shop Mod","StSLib","Synergy Search","The Blue Laboratory","Thieving Mod","Transform Curses"],"gold_per_floor":[1015,1030,1048,1059,1077,951,951,951,951,350,350,366,385,385,385,490,490,511,536,489,515,363,363,372,372,381,392,411,411,411,440,440,535,535,562,583,603,603,603,874,883,900,703,568,568,596,619,619,619,619],"floor_reached":51,"language":"ENG","playtime":5333,"items_purged":["Slimebound:Tackle","Slimebound:Strike_Slimebound","Slimebound:Defend_Slimebound","Slimebound:AcidTongue","Regret","Slimebound:CorrosiveSpit","Slimebound:Strike_Slimebound","hubris:Despair","Slimebound:RallyTheTroops","Slimebound:Repurpose","Slimebound:RainOfGoop","Looming Evil","Slimebound:Defend_Slimebound","Slimebound:Defend_Slimebound","Slimebound:Defend_Slimebound","Slimebound:GrowthPunch"],"score":645,"play_id":"12a8f43b-2e99-4d83-99a9-da37557d798b","local_time":"20210218221331","is_ascension_mode":true,"campfire_choices":[{"data":"Slimebound:Split","floor":8.0,"key":"SMITH"},{"data":"Slimebound:Gluttony","floor":11.0,"key":"SMITH"},{"data":"Slimebound:SpikyOuterGoop","floor":15.0,"key":"SMITH"},{"data":"Slimebound:LeadByExample","floor":25.0,"key":"SMITH"},{"data":"Slimebound:RejuvenatingLick","floor":30.0,"key":"SMITH"},{"data":"Slimebound:MinionMaster","floor":32.0,"key":"SMITH"},{"floor":49,"key":"REST"}],"circlet_count":0,"master_deck":["Slimebound:Split+1","Slimebound:SplitMire","Slimebound:Gluttony+1","Slimebound:PressTheAttack","Slimebound:Schlurp","Slimebound:MinionMaster+1","Slimebound:PressTheAttack","Slimebound:SpikyOuterGoop+1","Slimebound:LeadByExample+1","Slimebound:PressTheAttack+1","Slimebound:RejuvenatingLick+1","Slimebound:LeechingTouch","Slimebound:OozeBath+1","Slimebound:ItLooksTasty+1","Slimebound:GoopSpray+1","Slimebound:Gluttony+1","Slimebound:RainOfGoop+1","Slimebound:LevelUp+1","Slimebound:Schlurp","Slimebound:ItLooksTasty","Slimebound:SpikyOuterGoop+1","Slimebound:TongueLash"],"relics":["Slimebound:AbsorbEndCombatUpgraded","MerchantsRug","PreservedInsect","CeramicFish","Cursed Key","ReplayTheSpireMod:CursedCoin","Bottled Lightning","Gremlin Food","WarpedTongs","Spirit Poop","Medical Kit","Replay:Ringing Soul","Membership Card","Slimebound:AggressiveSlimeRelic","Mirror","Gremlin Horn","hubris:Towel"],"acts_visited":["Exordium","TheCity","TheBeyond"],"potions_floor_usage":[],"damage_taken":[{"damage":5.0,"enemies":"Small Slimes","floor":1.0,"turns":3.0},{"damage":6.0,"enemies":"Jaw Worm","floor":2.0,"turns":4.0},{"damage":4.0,"enemies":"Cultist","floor":3.0,"turns":4.0},{"damage":11.0,"enemies":"Large Slime","floor":4.0,"turns":4.0},{"damage":5.0,"enemies":"Exordium Wildlife","floor":5.0,"turns":4.0},{"damage":8.0,"enemies":"downfall:FleeingMerchant","floor":6.0,"turns":4.0},{"damage":10.0,"enemies":"downfall:FleeingMerchant","floor":10.0,"turns":4.0},{"damage":5.0,"enemies":"2 Fungi Beasts","floor":12.0,"turns":6.0},{"damage":18.0,"enemies":"Red Slaver","floor":13.0,"turns":5.0},{"damage":11.0,"enemies":"SI_SHIV_ARCHETYPE","floor":16.0,"turns":8.0},{"damage":22.0,"enemies":"downfall:LooterAlt2","floor":18.0,"turns":5.0},{"damage":2.0,"enemies":"Spheric Guardian","floor":19.0,"turns":3.0},{"damage":20.0,"enemies":"downfall:FleeingMerchant","floor":20.0,"turns":4.0},{"damage":3.0,"enemies":"Centurion and Healer","floor":21.0,"turns":7.0},{"damage":6.0,"enemies":"downfall:FleeingMerchant","floor":22.0,"turns":4.0},{"damage":11.0,"enemies":"3 Cultists","floor":27.0,"turns":4.0},{"damage":16.0,"enemies":"Snake Plant","floor":28.0,"turns":3.0},{"damage":0.0,"enemies":"Snecko","floor":31.0,"turns":4.0},{"damage":26.0,"enemies":"IC_MUSHROOM_ARCHETYPE","floor":33.0,"turns":7.0},{"damage":15.0,"enemies":"3 Darklings","floor":35.0,"turns":5.0},{"damage":7.0,"enemies":"Orb Walker","floor":36.0,"turns":4.0},{"damage":16.0,"enemies":"Maw","floor":37.0,"turns":7.0},{"damage":15.0,"enemies":"downfall:FleeingMerchant","floor":40.0,"turns":3.0},{"damage":19.0,"enemies":"Sphere and 2 Shapes","floor":42.0,"turns":6.0},{"damage":45,"enemies":"Reptomancer","floor":46,"turns":5},{"damage":16,"enemies":"Writhing Mass","floor":47,"turns":4},{"damage":32,"enemies":"DF_ARCHETYPE_ORBS","floor":50,"turns":8}],"seed_played":"6362088350913267402","potions_obtained":[{"floor":2.0,"key":"GamblersBrew"},{"floor":4.0,"key":"Fire Potion"},{"floor":12.0,"key":"champ:CounterPotion"},{"floor":13.0,"key":"blueLaboratory:BubblePotion"},{"floor":16.0,"key":"SkillPotion"},{"floor":19.0,"key":"blueLaboratory:BottleOfRum"},{"floor":28.0,"key":"bronze:BurnAndBuffPotion"},{"floor":33.0,"key":"DistilledChaos"},{"floor":36.0,"key":"Strength Potion"}],"is_trial":false,"path_per_floor":["M","M","M","M","M","$","T","R","?","$","R","M","M","?","R","B",null,"M","M","$","M","$","?","T","R","?","M","M","?","R","M","R","B",null,"M","M","M","?","?","$","T","M","$","$","?","E","M","?","R","B",null],"character_chosen":"SLIMEBOUND","items_purchased":["MerchantsRug","Slimebound:MinionMaster","Slimebound:PressTheAttack","Slimebound:GrowthPunch","PreservedInsect","hubris:HerbalPaste","ReplayTheSpireMod:CursedCoin","Bottled Lightning","Gremlin Food","Medical Kit","Slimebound:LevelUp","Membership Card","Slimebound:Schlurp","Slimebound:AggressiveSlimeRelic","Mirror","Slimebound:ItLooksTasty","Slimebound:SpikyOuterGoop+1"],"campfire_rested":1,"item_purchase_floors":[6,10,10,10,10,10,20,20,22,40,40,43,43,43,44,44,44],"current_hp_per_floor":[62,62,61,52,53,53,53,53,53,51,51,58,50,36,36,39,65,52,62,52,57,59,59,59,59,59,56,48,48,48,56,56,38,65,65,65,58,48,48,39,39,35,38,41,41,11,13,13,35,18],"gold":619,"neow_bonus":"ONE_RANDOM_RARE_CARD","is_daily":false,"chose_seed":false,"campfire_upgraded":6,"win_rate":0.0,"timestamp":1613682811,"path_taken":["M","M","M","M","M","$","T","R","?","$","R","M","M","?","R","BOSS","M","M","$","?","$","?","T","R","?","M","?","?","R","?","R","BOSS","M","M","M","?","?","$","T","M","?","$","?","E","M","?","R","BOSS"],"items_purchased_type":["Relic","Card","Card","Card","Relic","Relic","Relic","Relic","Relic","Relic","Card","Relic","Card","Relic","Relic","Card","Card"],"build_version":"2020-12-22","purchased_purges":16,"victory":true,"max_hp_per_floor":[65,65,65,65,65,65,65,65,65,65,65,65,65,65,65,65,65,65,65,65,65,65,65,65,65,65,65,65,65,65,65,65,65,65,65,65,65,65,65,65,65,65,68,71,71,71,74,74,74,74],"card_choices":[{"not_picked":["Slimebound:LeechEnergy","Slimebound:SplitLeeching"],"picked":"Slimebound:SplitMire","floor":1.0},{"not_picked":["Slimebound:SplitAcid","Slimebound:RollThrough"],"picked":"Slimebound:GoopSpray","floor":2.0},{"not_picked":["Slimebound:RollThrough","Slimebound:SplitMire"],"picked":"Slimebound:RainOfGoop","floor":3.0},{"not_picked":["Slimebound:AcidTongue","Slimebound:GoopSpray"],"picked":"Slimebound:Gluttony","floor":4.0},{"not_picked":["Slimebound:SelfFormingGoo","Slimebound:SlimeBrawl","Slimebound:Equalize"],"picked":"SKIP","floor":5.0},{"not_picked":["Slimebound:RollThrough","Slimebound:Gluttony"],"picked":"Slimebound:PressTheAttack","floor":6.0},{"not_picked":["Slimebound:Chomp","Slimebound:GoopSpray"],"picked":"Slimebound:Schlurp","floor":10.0},{"not_picked":["Slimebound:Nibble","Slimebound:LivingWall"],"picked":"Slimebound:SpikyOuterGoop","floor":12.0},{"not_picked":["Slimebound:HauntingLick","Slimebound:Replication"],"picked":"Slimebound:AcidTongue","floor":13.0},{"not_picked":["Slimebound:SplitAcid","Slimebound:LeechingTouch+1"],"picked":"Slimebound:Repurpose","floor":18.0},{"not_picked":["Slimebound:LivingWall","Slimebound:RainOfGoop"],"picked":"Slimebound:LeadByExample","floor":19.0},{"not_picked":["Slimebound:ViciousTackle","Slimebound:FinishingTackle","Slimebound:AcidTongue"],"picked":"SKIP","floor":20.0},{"not_picked":["Slimebound:Prepare","Slimebound:Replication"],"picked":"Slimebound:PressTheAttack+1","floor":21.0},{"not_picked":["Slimebound:SamplingLick","Slimebound:LeechEnergy"],"picked":"Slimebound:RejuvenatingLick","floor":22.0},{"not_picked":["Slimebound:BestDefense","Slimebound:RollThrough","Slimebound:RejuvenatingLick"],"picked":"SKIP","floor":27.0},{"not_picked":["Slimebound:Grow","Slimebound:SlimeSpikes"],"picked":"Slimebound:LeechingTouch","floor":28.0},{"not_picked":["Slimebound:SplitBruiser+1","Slimebound:RollThrough"],"picked":"Slimebound:OozeBath","floor":31.0},{"not_picked":["Slimebound:Grow+1","Slimebound:SplitBruiser+1"],"picked":"Slimebound:ItLooksTasty+1","floor":35.0},{"not_picked":["Slimebound:Prepare","Slimebound:Dissolve"],"picked":"Slimebound:GoopSpray+1","floor":36.0},{"not_picked":["Slimebound:Nibble+1","Slimebound:SlimeTap"],"picked":"Slimebound:Gluttony+1","floor":37.0},{"not_picked":["Slimebound:SplitMire+1","Slimebound:SlimeSpikes"],"picked":"Slimebound:RainOfGoop+1","floor":40.0},{"not_picked":["Slimebound:SplitBruiser","Slimebound:HauntingLick","Slimebound:LeechingTouch"],"picked":"SKIP","floor":42.0},{"not_picked":["Slimebound:SplitBruiser","Slimebound:HauntingLick","Slimebound:LeechingTouch"],"picked":"SKIP","floor":42.0},{"not_picked":["Slimebound:SamplingLick","Slimebound:Grow","Slimebound:FirmFortitude"],"picked":"SKIP","floor":46},{"not_picked":["Slimebound:Prepare","Slimebound:SplitMire+1"],"picked":"Slimebound:TongueLash","floor":47}],"player_experience":276031,"relics_obtained":[{"floor":7.0,"key":"Bottled Flame"},{"floor":24.0,"key":"StrikeDummy"},{"floor":41.0,"key":"Replay:Ringing Soul"},{"floor":46,"key":"Gremlin Horn"}],"event_choices":[{"damage_healed":0.0,"max_hp_gain":0.0,"max_hp_loss":0.0,"gold_gain":0.0,"event_name":"betterSkull:BetterSkull","player_choice":"RE ","floor":14.0,"gold_loss":0.0,"damage_taken":16.0,"cards_upgraded":[],"relics_obtained":["CeramicFish"]},{"damage_healed":0.0,"max_hp_gain":0.0,"max_hp_loss":0.0,"gold_gain":0.0,"event_name":"betterNote:BetterNote","player_choice":"Ignored","floor":23.0,"gold_loss":0.0,"damage_taken":0.0,"cards_obtained":["Apotheosis"]},{"damage_healed":0.0,"max_hp_gain":0.0,"max_hp_loss":0.0,"gold_gain":0.0,"event_name":"Accursed Blacksmith","player_choice":"Rummage","floor":26.0,"gold_loss":0.0,"damage_taken":0.0,"relics_obtained":["WarpedTongs"],"cards_obtained":["Pain"]},{"cards_removed":["Pain"],"damage_healed":0.0,"max_hp_gain":0.0,"max_hp_loss":0.0,"gold_gain":0.0,"event_name":"Bonfire Elementals","player_choice":"Offered Curse","floor":29.0,"gold_loss":0.0,"damage_taken":0.0,"relics_obtained":["Spirit Poop"]},{"cards_removed":["Slimebound:GoopSpray"],"damage_healed":0.0,"max_hp_gain":0.0,"max_hp_loss":0.0,"gold_gain":0.0,"event_name":"Falling","player_choice":"Removed Skill","floor":39.0,"gold_loss":0.0,"damage_taken":0.0}],"is_beta":false,"boss_relics":[{"not_picked":["Busted Crown","Honey Jar"],"picked":"Cursed Key"},{"not_picked":["aspiration:RandomNobGenerator","hubris:VirtuousBlindfold"],"picked":"Slimebound:AbsorbEndCombatUpgraded"}],"items_purged_floors":[6,10,10,20,20,20,20,40,40,40,40,43,43,43,43,44],"is_endless":false,"potions_floor_spawned":[2,4,12,13,16,19,28,33,36,42],"ascension_level":0}}