{"host":"ypzb5vvnu9f3ii1t","time":1613630034,"event":{"mods":["AchievementEnabler","BaseMod","Colored Map","DeckTracker","Keyboard Shortcuts","Minty Spire (QoL Compilation)","Permanent Neow","Quick Restart","SuperFastMode"],"gold_per_floor":[114,114,189,119,130,161,183,183,183,216,216,233,233,245,245,345,345,362,362,362],"floor_reached":19,"language":"KOR","playtime":509,"items_purged":[],"score":280,"play_id":"5364c4ee-29de-4cc9-9ed0-5784bf45fe0f","local_time":"20210218153354","is_ascension_mode":true,"campfire_choices":[{"floor":8.0,"key":"REST"},{"floor":11.0,"key":"REST"},{"floor":15.0,"key":"REST"}],"circlet_count":0,"master_deck":["Strike_P+1","Strike_P+1","Strike_P","Strike_P","Defend_P","Defend_P","Defend_P","Defend_P","Eruption+1","Vigilance","MentalFortress","FearNoEvil","DevaForm"],"relics":["PureWater","NeowsBlessing","Whetstone","Odd Mushroom","Sundial","Mercury Hourglass","Philosopher\u0027s Stone"],"acts_visited":["Exordium","TheCity"],"potions_floor_usage":[18],"damage_taken":[{"damage":0.0,"enemies":"Cultist","floor":1.0,"turns":1.0},{"damage":0.0,"enemies":"2 Louse","floor":5.0,"turns":1.0},{"damage":0.0,"enemies":"Lagavulin","floor":6.0,"turns":1.0},{"damage":8.0,"enemies":"The Mushroom Lair","floor":7.0,"turns":5.0},{"damage":51.0,"enemies":"Gremlin Nob","floor":10.0,"turns":6.0},{"damage":3.0,"enemies":"Jaw Worm","floor":12.0,"turns":2.0},{"damage":3.0,"enemies":"Looter","floor":14.0,"turns":2.0},{"damage":27.0,"enemies":"The Guardian","floor":16.0,"turns":10.0},{"damage":52,"enemies":"3 Byrds","floor":18,"turns":4},{"damage":14,"enemies":"Spheric Guardian","floor":19,"turns":3}],"seed_played":"-6708546570082470621","potions_obtained":[{"floor":5.0,"key":"Ancient Potion"},{"floor":6.0,"key":"BlessingOfTheForge"},{"floor":10.0,"key":"FearPotion"},{"floor":14.0,"key":"Explosive Potion"}],"is_trial":false,"path_per_floor":["M","$","?","$","M","E","?","R","T","E","R","M","?","M","R","B",null,"M","M"],"character_chosen":"WATCHER","items_purchased":["MentalFortress"],"campfire_rested":3,"item_purchase_floors":[4],"current_hp_per_floor":[65,65,54,54,54,54,46,67,67,16,37,34,34,31,52,25,60,8,0,0],"gold":362,"neow_bonus":"THREE_ENEMY_KILL","is_daily":false,"chose_seed":false,"campfire_upgraded":0,"win_rate":0.0,"timestamp":1613630034,"path_taken":["M","?","?","?","M","E","?","R","T","E","R","M","?","M","R","BOSS","M","?"],"items_purchased_type":["Card"],"build_version":"2020-12-22","purchased_purges":0,"victory":false,"max_hp_per_floor":[72,72,72,72,72,72,72,72,72,72,72,72,72,72,72,72,72,72,72,72],"card_choices":[{"not_picked":["Consecrate","FollowUp","FlyingSleeves"],"picked":"SKIP","floor":1.0},{"not_picked":["Swivel","Perseverance","Protect"],"picked":"SKIP","floor":5.0},{"not_picked":["Nirvana","CarveReality","DeusExMachina"],"picked":"SKIP","floor":6.0},{"not_picked":["SashWhip","Collect"],"picked":"FearNoEvil","floor":10.0},{"not_picked":["FlyingSleeves","Pray","ForeignInfluence"],"picked":"SKIP","floor":12.0},{"not_picked":["JustLucky","Halt","EmptyMind"],"picked":"SKIP","floor":14.0},{"not_picked":["Wish","Brilliance"],"picked":"DevaForm","floor":16.0},{"not_picked":["Swivel","Halt","PathToVictory"],"picked":"SKIP","floor":18}],"player_experience":244916,"relics_obtained":[{"floor":6.0,"key":"Whetstone"},{"floor":7.0,"key":"Odd Mushroom"},{"floor":9.0,"key":"Sundial"},{"floor":10.0,"key":"Mercury Hourglass"}],"event_choices":[{"damage_healed":0.0,"max_hp_gain":0.0,"max_hp_loss":0.0,"gold_gain":75.0,"event_name":"World of Goop","player_choice":"Gather Gold","floor":3.0,"gold_loss":0.0,"damage_taken":11.0},{"damage_healed":0.0,"max_hp_gain":0.0,"max_hp_loss":0.0,"gold_gain":0.0,"event_name":"Mushrooms","player_choice":"Fought Mushrooms","floor":7.0,"gold_loss":0.0,"damage_taken":0.0},{"damage_healed":0.0,"max_hp_gain":0.0,"max_hp_loss":0.0,"gold_gain":0.0,"event_name":"Upgrade Shrine","player_choice":"Upgraded","floor":13.0,"gold_loss":0.0,"damage_taken":0.0,"cards_upgraded":["Eruption"]}],"is_beta":false,"boss_relics":[{"not_picked":["Ectoplasm","Coffee Dripper"],"picked":"Philosopher\u0027s Stone"}],"items_purged_floors":[],"is_endless":false,"potions_floor_spawned":[5,6,10,14],"killed_by":"Spheric Guardian","ascension_level":8}}