{"host":"d2gh6suihlstufn7","time":1613660696,"event":{"mods":["AchievementEnabler","BaseMod","Colored Map","Colored Powertips","Minty Spire (QoL Compilation)","Permanent Neow","Quick Restart"],"gold_per_floor":[112,123,123,123,123,123,143,143,143,159,9,9,27,65,65,191,191,216,60,60,60],"floor_reached":20,"language":"KOR","playtime":905,"items_purged":[],"score":172,"play_id":"73c4156c-8d10-40e7-8bdd-c593439fab94","local_time":"20210219000456","is_ascension_mode":false,"campfire_choices":[{"floor":6,"key":"RECALL"},{"data":"Reinforced Body","floor":8,"key":"SMITH"},{"floor":12,"key":"REST"},{"data":"Dualcast","floor":15,"key":"SMITH"}],"circlet_count":0,"master_deck":["Strike_B","Strike_B","Strike_B","Strike_B","Defend_B","Defend_B+1","Defend_B","Defend_B","Zap+1","Dualcast+1","Hologram","Ball Lightning","Reinforced Body+1","Conserve Battery","Glacier","Auto Shields","Core Surge"],"relics":["Nuclear Battery","Golden Idol","Pantograph","Runic Capacitor","Gremlin Horn","Snecko Eye","HandDrill"],"acts_visited":["Exordium","TheCity"],"potions_floor_usage":[14],"damage_taken":[{"damage":1,"enemies":"Jaw Worm","floor":1,"turns":4},{"damage":3,"enemies":"Small Slimes","floor":2,"turns":4},{"damage":0,"enemies":"Cultist","floor":7,"turns":3},{"damage":1,"enemies":"Blue Slaver","floor":10,"turns":3},{"damage":2,"enemies":"2 Fungi Beasts","floor":13,"turns":4},{"damage":13,"enemies":"Gremlin Nob","floor":14,"turns":4},{"damage":18,"enemies":"Hexaghost","floor":16,"turns":12},{"damage":17,"enemies":"Chosen","floor":18,"turns":8},{"damage":0,"enemies":"3 Byrds","floor":20,"turns":3}],"seed_played":"-2282262115137273488","potions_obtained":[{"floor":1,"key":"DistilledChaos"},{"floor":10,"key":"Ancient Potion"},{"floor":13,"key":"BlessingOfTheForge"},{"floor":14,"key":"DuplicationPotion"}],"is_trial":false,"path_per_floor":["M","M","?","?","?","R","M","R","T","M","$","R","M","E","R","B",null,"M","$","M"],"character_chosen":"DEFECT","items_purchased":["Runic Capacitor","HandDrill"],"campfire_rested":1,"item_purchase_floors":[11,19],"current_hp_per_floor":[74,71,56,38,35,35,35,35,35,34,34,56,54,41,41,48,75,58,58,58,58],"gold":60,"neow_bonus":"BOSS_RELIC","is_daily":false,"chose_seed":false,"campfire_upgraded":2,"win_rate":0.0,"timestamp":1613660696,"path_taken":["M","M","?","?","?","R","M","R","T","M","?","R","M","E","R","BOSS","M","$","M"],"items_purchased_type":["Relic","Relic"],"build_version":"2020-12-22","purchased_purges":0,"victory":false,"max_hp_per_floor":[75,75,75,75,75,75,75,75,75,75,75,75,75,75,75,75,75,75,75,75,75],"card_choices":[{"not_picked":["Heatsinks","Streamline"],"picked":"Hologram","floor":1},{"not_picked":["Sweeping Beam","Ball Lightning","Loop"],"picked":"SKIP","floor":2},{"not_picked":["Sweeping Beam","Loop"],"picked":"Ball Lightning","floor":2},{"not_picked":["Aggregate","Redo"],"picked":"Reinforced Body","floor":7},{"not_picked":["Ball Lightning","Storm"],"picked":"Conserve Battery","floor":10},{"not_picked":["Go for the Eyes","Skim"],"picked":"Glacier","floor":13},{"not_picked":["Compile Driver","Barrage"],"picked":"Auto Shields","floor":14},{"not_picked":["Hyperbeam","Machine Learning"],"picked":"Core Surge","floor":16},{"not_picked":["Auto Shields","Ball Lightning","Go for the Eyes"],"picked":"SKIP","floor":18}],"player_experience":228275,"relics_obtained":[{"floor":14,"key":"Gremlin Horn"}],"event_choices":[{"damage_healed":0,"gold_gain":0,"player_choice":"Entered Light","damage_taken":15,"max_hp_gain":0,"max_hp_loss":0,"event_name":"Shining Light","floor":3,"gold_loss":0,"cards_upgraded":["Defend_B","Zap"]},{"damage_healed":0,"gold_gain":0,"player_choice":"Take Damage","damage_taken":18,"relics_obtained":["Golden Idol"],"max_hp_gain":0,"max_hp_loss":0,"event_name":"Golden Idol","floor":4,"gold_loss":0},{"damage_healed":0,"gold_gain":0,"player_choice":"Success","damage_taken":3,"relics_obtained":["Pantograph"],"max_hp_gain":0,"max_hp_loss":0,"event_name":"Scrap Ooze","floor":5,"gold_loss":0}],"is_beta":false,"boss_relics":[{"not_picked":["Ectoplasm","SlaversCollar"],"picked":"Snecko Eye"}],"items_purged_floors":[],"is_endless":false,"potions_floor_spawned":[1,10,13,14],"killed_by":"3 Byrds","ascension_level":0}}