{"host":"k6z9sa1v2hbtaqnj","time":1613665839,"event":{"mods":["BaseMod","Downfall","Marisa????????","Minty Spire (QoL Compilation)","StSLib"],"gold_per_floor":[99,112,112,142,165,208,247,276,308,354,366,378,190,221,244,356,418,430,453,665,97,107,135,161,171,171,201,40,52,52,52,67,171,171,171,183,183,24,42,52,52,52,69,102,115,185,200,215,233,233],"floor_reached":51,"language":"ENG","playtime":7122,"items_purged":["Guardian:Strike_Guardian"],"score":760,"play_id":"b79fa571-45c3-431d-b52e-005be0d8f0d1","local_time":"20210218103039","is_ascension_mode":false,"campfire_choices":[{"floor":1,"key":"RECALL"},{"floor":13,"key":"REST"},{"data":"Guardian:DecasProtection","floor":18,"key":"SMITH"},{"floor":26,"key":"REST"},{"floor":30,"key":"REST"},{"data":"Guardian:BaubleBeam","floor":35,"key":"SMITH"},{"data":"Guardian:PrismaticBeam","floor":42,"key":"SMITH"}],"circlet_count":0,"master_deck":["Guardian:Strike_Guardian+1","Guardian:Strike_Guardian+1","Guardian:Defend_Guardian","Guardian:Defend_Guardian","Guardian:Defend_Guardian+1","Guardian:Defend_Guardian","Guardian:CurlUp+1","Guardian:TwinSlam","Guardian:PolyBeam+1","Guardian:DecasProtection+1","Guardian:PrismaticBeam+1","Guardian:FloatingOrbs","Guardian:PiercingHide","Guardian:DonusPower","Guardian:ExploitGems","Guardian:Reroute","expansioncontent:StudyTheSpire","Guardian:ConstructionForm","Guardian:Incinerate+1","Guardian:TemporalShield+1","Guardian:BaubleBeam+1","Guardian:DonusPower","Finesse","Guardian:ShieldSpikes","Guardian:TimeSifter","Guardian:CrystalBeam","Guardian:BronzeArmor+1","Guardian:Gem_Cyan","Guardian:FloatingOrbs+1","Guardian:RevengeProtocol"],"relics":["Guardian:ModeShifter","MawBank","Omamori","Oddly Smooth Stone","Gremlin Horn","downfall:HeartBlessingRed","downfall:HeartBlessingGreen","Tiny House","Question Card","War Paint","PreservedInsect","Anchor","MealTicket","Regal Pillow","Pantograph","Cursed Key","Whetstone","Singing Bowl","Strawberry","Frozen Eye"],"acts_visited":["Exordium","TheCity","TheBeyond"],"potions_floor_usage":[6,10,10,16,16,16,19,21,23,29,33,38,38,48,50,50,50],"damage_taken":[{"damage":4,"enemies":"Small Slimes","floor":2,"turns":5},{"damage":6,"enemies":"Jaw Worm","floor":4,"turns":4},{"damage":6,"enemies":"2 Louse","floor":5,"turns":4},{"damage":6,"enemies":"Lagavulin","floor":6,"turns":7},{"damage":7,"enemies":"Exordium Wildlife","floor":8,"turns":6},{"damage":6,"enemies":"Blue Slaver","floor":9,"turns":5},{"damage":20,"enemies":"Gremlin Nob","floor":10,"turns":6},{"damage":0,"enemies":"Red Slaver","floor":14,"turns":4},{"damage":0,"enemies":"2 Fungi Beasts","floor":15,"turns":4},{"damage":7,"enemies":"WA_ARCHETYPE_RETAIN","floor":16,"turns":5},{"damage":9,"enemies":"downfall:LooterAlt2","floor":19,"turns":5},{"damage":0,"enemies":"downfall:FleeingMerchant","floor":21,"turns":4},{"damage":9,"enemies":"3 Byrds","floor":22,"turns":4},{"damage":39,"enemies":"Slavers","floor":23,"turns":5},{"damage":0,"enemies":"Cultist and Chosen","floor":25,"turns":7},{"damage":18,"enemies":"Book of Stabbing","floor":27,"turns":5},{"damage":7,"enemies":"downfall:FleeingMerchant","floor":28,"turns":4},{"damage":29,"enemies":"Sentry and Sphere","floor":29,"turns":8},{"damage":0,"enemies":"Centurion and Healer","floor":32,"turns":6},{"damage":63,"enemies":"DF_ARCHETYPE_CLAW","floor":33,"turns":9},{"damage":0,"enemies":"Orb Walker","floor":36,"turns":4},{"damage":0,"enemies":"downfall:FleeingMerchant","floor":38,"turns":4},{"damage":5,"enemies":"3 Darklings","floor":39,"turns":5},{"damage":0,"enemies":"Sphere and 2 Shapes","floor":40,"turns":7},{"damage":3,"enemies":"Spire Growth","floor":43,"turns":6},{"damage":8,"enemies":"Reptomancer","floor":44,"turns":6},{"damage":8,"enemies":"Maw","floor":45,"turns":6},{"damage":4,"enemies":"downfall:FleeingMerchant","floor":46,"turns":3},{"damage":3,"enemies":"Transient","floor":47,"turns":5},{"damage":0,"enemies":"4 Shapes","floor":48,"turns":4},{"damage":3,"enemies":"3 Darklings","floor":49,"turns":5},{"damage":55,"enemies":"SI_POISON_ARCHETYPE","floor":50,"turns":6}],"seed_played":"5486358036655238824","potions_obtained":[{"floor":4,"key":"Explosive Potion"},{"floor":5,"key":"Strength Potion"},{"floor":8,"key":"Swift Potion"},{"floor":14,"key":"Strength Potion"},{"floor":15,"key":"EntropicBrew"},{"floor":17,"key":"AttackPotion"},{"floor":22,"key":"LiquidBronze"},{"floor":27,"key":"BlessingOfTheForge"},{"floor":29,"key":"Fruit Juice"},{"floor":32,"key":"sneckomod:MuddlingPotion"},{"floor":33,"key":"Strength Potion"},{"floor":43,"key":"Slimebound:ThreeZeroPotion"},{"floor":47,"key":"Guardian:BlockOnCardUsePotion"},{"floor":48,"key":"Fruit Juice"},{"floor":49,"key":"CultistPotion"}],"is_trial":false,"path_per_floor":["R","M","?","M","M","E","T","M","M","E","?","?","R","M","M","B",null,"R","M","?","$","M","E","T","M","R","E","$","M","R","?","M","B",null,"R","M","?","$","M","M","T","R","M","E","M","$","M","M","M","B",null],"character_chosen":"GUARDIAN","items_purchased":["Question Card","expansioncontent:StudyTheSpire","War Paint","Regal Pillow","Whetstone","Strength Potion","Frozen Eye"],"campfire_rested":3,"item_purchase_floors":[21,21,21,28,38,46,46],"current_hp_per_floor":[88,84,59,53,47,41,41,34,28,8,8,8,34,34,34,27,93,93,84,84,84,75,36,36,36,63,45,53,29,73,73,73,35,98,98,98,98,98,93,93,93,93,90,91,83,96,93,100,99,63],"gold":233,"neow_bonus":"TEN_PERCENT_HP_BONUS","is_daily":false,"chose_seed":false,"campfire_upgraded":3,"win_rate":0.0,"timestamp":1613665839,"path_taken":["R","M","?","M","M","E","T","M","M","E","?","?","R","?","M","BOSS","R","M","?","$","?","E","T","M","R","E","$","M","R","?","M","BOSS","R","M","?","$","M","M","T","R","M","E","?","$","M","M","M","BOSS"],"items_purchased_type":["Relic","Card","Relic","Relic","Relic","Potion","Relic"],"build_version":"2020-12-22","purchased_purges":1,"victory":true,"max_hp_per_floor":[88,88,88,88,88,88,88,88,88,88,88,88,88,88,88,88,93,93,93,93,93,93,93,93,93,93,93,93,98,98,98,98,98,98,98,98,98,98,98,98,98,98,98,107,107,109,109,116,118,118],"card_choices":[{"not_picked":["Guardian:Suspension","Guardian:Recover"],"picked":"Guardian:PolyBeam","floor":2},{"not_picked":["Guardian:Incinerate","Guardian:Gem_Red"],"picked":"Guardian:DecasProtection","floor":4},{"not_picked":["Guardian:BronzeArmor","Guardian:Gem_Blue"],"picked":"Guardian:PrismaticBeam","floor":5},{"not_picked":["Guardian:MultiBeam","Guardian:GuardianWhirl"],"picked":"Guardian:Gem_White","floor":6},{"not_picked":["Guardian:Recover","Guardian:TemporalShield"],"picked":"Guardian:Gem_Crimson","floor":8},{"not_picked":["Guardian:Planning","Guardian:Gem_Lightblue"],"picked":"Guardian:FloatingOrbs","floor":9},{"not_picked":["Guardian:ShieldCharger","Guardian:EvasiveProtocol"],"picked":"Guardian:PiercingHide","floor":10},{"not_picked":["Guardian:MultiBeam","Guardian:PiercingHide"],"picked":"Guardian:DonusPower","floor":14},{"not_picked":["Guardian:DonusPower","Guardian:Gem_Red"],"picked":"Guardian:Gem_Fragmented","floor":15},{"not_picked":["Guardian:AncientConstruct","Guardian:SphericShield"],"picked":"Guardian:ExploitGems","floor":16},{"not_picked":["Guardian:Gem_Red","Guardian:RollAttack"],"picked":"Guardian:Gem_Cyan","floor":17},{"not_picked":["Guardian:EvasiveProtocol","Guardian:Gem_Cyan"],"picked":"Guardian:Gem_Lightblue","floor":19},{"not_picked":["Guardian:Gem_Red","Guardian:TemporalShield"],"picked":"Guardian:Reroute","floor":21},{"not_picked":["Guardian:Planning","Guardian:PiercingHide","Guardian:Repulse+1"],"picked":"Guardian:Gem_Crimson","floor":22},{"not_picked":["Guardian:Gem_Red","Guardian:PolyBeam+1","Guardian:PiercingHide"],"picked":"Guardian:ConstructionForm","floor":23},{"not_picked":["Guardian:ArmoredProtocol","Guardian:GuardianWhirl","Guardian:ShieldCharger"],"picked":"Guardian:Incinerate+1","floor":25},{"not_picked":["Guardian:Harden+1","Guardian:SpikerProtocol","Guardian:FastForward"],"picked":"Guardian:Gem_White","floor":27},{"not_picked":["Guardian:TemporalStrike+1","Guardian:TimeBomb","Guardian:ChargeCore"],"picked":"Guardian:TemporalShield+1","floor":28},{"not_picked":["Guardian:PiercingHide","Guardian:MultiBeam","Guardian:VentSteam"],"picked":"Guardian:Gem_Cyan","floor":29},{"not_picked":["Guardian:Repulse+1","Guardian:ChargeCore","Guardian:DecasProtection"],"picked":"Guardian:BaubleBeam","floor":32},{"not_picked":["Guardian:StasisStrike","Guardian:FastForward","Guardian:ExploitGems"],"picked":"Guardian:Gem_Orange","floor":33},{"not_picked":["Guardian:PrismaticBarrier+1","Guardian:TimeBomb","Guardian:PrimingBeam"],"picked":"Guardian:DonusPower","floor":36},{"not_picked":["Guardian:Emergency+1","Guardian:Gem_Yellow","Guardian:WalkerClaw+1"],"picked":"Guardian:CrystalBeam","floor":38},{"not_picked":["Guardian:PrismaticBarrier+1","Guardian:PiercingHide","Guardian:Emergency+1"],"picked":"Guardian:BronzeArmor+1","floor":39},{"not_picked":["Guardian:Gem_Yellow","Guardian:TemporalShield+1","Guardian:Recover"],"picked":"Guardian:Gem_Red","floor":40},{"not_picked":["Guardian:DonusPower+1","Guardian:Gem_Lightblue","Guardian:PrimingBeam"],"picked":"Guardian:Gem_Cyan","floor":43},{"not_picked":["Guardian:VentSteam","Guardian:Gem_Crimson","Guardian:BronzeArmor+1","Guardian:MultiBeam"],"picked":"Singing Bowl","floor":44},{"not_picked":["Guardian:Gem_Red","Guardian:VentSteam","Guardian:Preprogram+1"],"picked":"Guardian:FloatingOrbs+1","floor":45},{"not_picked":["Guardian:EvasiveProtocol+1","Guardian:TemporalStrike","Guardian:DecasProtection","Guardian:Gem_Fragmented"],"picked":"Singing Bowl","floor":46},{"not_picked":["Guardian:Recover+1","Guardian:Gem_Blue","Guardian:Suspension+1"],"picked":"Guardian:RevengeProtocol","floor":47},{"not_picked":["Guardian:Gem_Lightblue","Guardian:TemporalStrike","Guardian:RollAttack+1","Guardian:Gem_Fragmented"],"picked":"Singing Bowl","floor":48},{"not_picked":["Guardian:BronzeArmor+1","Guardian:ShieldSpikes","Guardian:Repulse","Guardian:Gem_Green"],"picked":"Singing Bowl","floor":49}],"player_experience":492570,"relics_obtained":[{"floor":6,"key":"Omamori"},{"floor":7,"key":"Oddly Smooth Stone"},{"floor":10,"key":"Gremlin Horn"},{"floor":23,"key":"PreservedInsect"},{"floor":24,"key":"Anchor"},{"floor":27,"key":"MealTicket"},{"floor":41,"key":"Singing Bowl"},{"floor":44,"key":"Strawberry"}],"event_choices":[{"damage_healed":0,"gold_gain":0,"player_choice":"Success","damage_taken":25,"relics_obtained":["MawBank"],"max_hp_gain":0,"max_hp_loss":0,"event_name":"Scrap Ooze","floor":3,"gold_loss":0},{"damage_healed":0,"gold_gain":0,"player_choice":"Stole Relic","damage_taken":0,"relics_obtained":["Pantograph"],"max_hp_gain":0,"max_hp_loss":0,"event_name":"Addict","floor":31,"gold_loss":0,"cards_obtained":["Pride"]}],"is_beta":false,"boss_relics":[{"not_picked":["Philosopher\u0027s Stone","Pandora\u0027s Box"],"picked":"Tiny House"},{"not_picked":["Fusion Hammer","Snecko Eye"],"picked":"Cursed Key"}],"items_purged_floors":[46],"is_endless":false,"potions_floor_spawned":[4,5,8,14,15,22,27,29,32,33,43,47,48,49],"ascension_level":0}}