{"host":"2j7k79oxv8es4yqd","time":1613623932,"event":{"mods":["BaseMod","Minty Spire (QoL Compilation)","Permanent Neow","StSLib"],"gold_per_floor":[115,115,125,125,145,145,162,162,162,180,211,228,228,244,244,343,343,358,407,422,384,397,427,427,457,457,482,581,581,273,307,307,408,408,426,336,241,241,258,258,272,192,219,237,459,489,489,509,509,509,509,509,20,53,53],"floor_reached":56,"language":"ZHT","playtime":3354,"items_purged":["Defend_G","Night Terror+1","Parasite"],"score":1436,"play_id":"30e58d2d-8706-47b8-a7ce-8134c8787b6c","local_time":"20210218125212","is_ascension_mode":true,"campfire_choices":[{"data":"Infinite Blades","floor":6,"key":"SMITH"},{"data":"Accuracy","floor":15,"key":"SMITH"},{"floor":24,"key":"REST"},{"floor":32,"key":"REST"},{"floor":47,"key":"RECALL"},{"floor":49,"key":"REST"},{"floor":52,"key":"REST"}],"circlet_count":0,"master_deck":["Defend_G+1","Defend_G+1","Survivor+1","Neutralize+1","CurseOfTheBell","Infinite Blades+1","Backflip+1","Accuracy+1","Escape Plan+1","Flechettes+1","Escape Plan+1","After Image+1","Night Terror+1","All Out Attack+1","Cloak And Dagger+1","Footwork+1","Adrenaline+1","Finesse+1","Cloak And Dagger+1","Accuracy+1","Accuracy+1","Infinite Blades+1","Terror+1","Footwork+1","Blade Dance+1","Madness+1","Madness+1","Backflip+1","Blade Dance+1","Blur+1","Backflip+1"],"relics":["Calling Bell","Bronze Scales","Mummified Hand","Mango","Vajra","HornCleat","Astrolabe","Juzu Bracelet","Bottled Flame","Whetstone","The Courier","Dream Catcher","Red Mask","SlaversCollar","Mark of the Bloom","Mercury Hourglass","TungstenRod","Nunchaku","Sundial"],"acts_visited":["Exordium","TheCity","TheBeyond","TheEnding"],"potions_floor_usage":[11,16,25,25,27,41,50,50,55,55,55,55,55],"damage_taken":[{"damage":0,"enemies":"Jaw Worm","floor":1,"turns":5},{"damage":5,"enemies":"Cultist","floor":3,"turns":5},{"damage":4,"enemies":"Small Slimes","floor":5,"turns":4},{"damage":5,"enemies":"3 Louse","floor":7,"turns":4},{"damage":5,"enemies":"Red Slaver","floor":10,"turns":3},{"damage":5,"enemies":"3 Sentries","floor":11,"turns":7},{"damage":12,"enemies":"Exordium Wildlife","floor":12,"turns":5},{"damage":9,"enemies":"Large Slime","floor":14,"turns":6},{"damage":8,"enemies":"Slime Boss","floor":16,"turns":8},{"damage":0,"enemies":"Chosen","floor":18,"turns":4},{"damage":2,"enemies":"3 Byrds","floor":20,"turns":3},{"damage":12,"enemies":"Snake Plant","floor":22,"turns":3},{"damage":56,"enemies":"Slavers","floor":23,"turns":5},{"damage":5,"enemies":"Gremlin Leader","floor":25,"turns":6},{"damage":18,"enemies":"Slavers","floor":27,"turns":5},{"damage":6,"enemies":"Masked Bandits","floor":31,"turns":3},{"damage":0,"enemies":"Collector","floor":33,"turns":7},{"damage":1,"enemies":"Orb Walker","floor":35,"turns":3},{"damage":4,"enemies":"3 Darklings","floor":39,"turns":4},{"damage":12,"enemies":"4 Shapes","floor":41,"turns":2},{"damage":21,"enemies":"Writhing Mass","floor":44,"turns":4},{"damage":0,"enemies":"Giant Head","floor":46,"turns":5},{"damage":0,"enemies":"Sphere and 2 Shapes","floor":48,"turns":3},{"damage":1,"enemies":"Time Eater","floor":50,"turns":9},{"damage":0,"enemies":"Shield and Spear","floor":54,"turns":4},{"damage":29,"enemies":"The Heart","floor":55,"turns":6}],"seed_played":"-3535583993890017825","potions_obtained":[{"floor":5,"key":"Strength Potion"},{"floor":7,"key":"Explosive Potion"},{"floor":12,"key":"Energy Potion"},{"floor":16,"key":"Poison Potion"},{"floor":23,"key":"Explosive Potion"},{"floor":25,"key":"ColorlessPotion"},{"floor":31,"key":"GamblersBrew"},{"floor":35,"key":"DistilledChaos"},{"floor":39,"key":"EntropicBrew"},{"floor":44,"key":"LiquidMemories"},{"floor":46,"key":"Dexterity Potion"},{"floor":48,"key":"Swift Potion"},{"floor":54,"key":"SkillPotion"}],"is_trial":false,"path_per_floor":["M","?","M","?","M","R","M","?","T","M","E","M","?","M","R","B",null,"M","T","M","$","M","E","R","E","T","E","?","?","$","?","R","B",null,"M","?","$","?","M","?","M","$","T","M","?","E","R","M","R","B",null,"R","$","E","B",null],"character_chosen":"THE_SILENT","items_purchased":["Footwork","Accuracy","Accuracy","Infinite Blades","Terror","Footwork","Blade Dance","TungstenRod","Nunchaku","ColorlessPotion"],"campfire_rested":4,"item_purchase_floors":[21,30,30,30,30,37,37,53,53,53],"current_hp_per_floor":[84,84,79,79,75,75,70,70,70,65,60,48,48,39,39,31,84,84,84,82,82,70,14,39,34,34,16,16,16,16,10,35,35,84,83,83,83,72,68,68,56,56,56,35,35,35,35,35,35,34,34,34,34,34,5],"gold":53,"neow_bonus":"BOSS_RELIC","is_daily":false,"chose_seed":false,"campfire_upgraded":2,"win_rate":0.0,"timestamp":1613623932,"path_taken":["M","?","?","?","?","R","M","?","T","?","E","M","?","M","R","BOSS","M","?","M","$","M","E","R","E","T","E","?","?","$","?","R","BOSS","M","?","?","?","M","?","M","?","T","M","?","E","R","M","R","BOSS","R","$","E","BOSS"],"items_purchased_type":["Card","Card","Card","Card","Card","Card","Card","Relic","Relic","Potion"],"build_version":"2020-12-22","purchased_purges":3,"victory":true,"max_hp_per_floor":[84,84,84,84,84,84,84,84,84,84,84,84,84,84,84,84,84,84,84,84,84,84,84,84,84,84,84,84,84,84,84,84,84,84,84,84,84,84,84,84,84,84,84,84,84,84,84,84,84,84,84,84,81,81,81],"card_choices":[{"not_picked":["Dagger Throw","Outmaneuver","Choke"],"picked":"SKIP","floor":1},{"not_picked":["Heel Hook","Bane","Expertise"],"picked":"SKIP","floor":3},{"not_picked":["Masterful Stab","Leg Sweep"],"picked":"Infinite Blades","floor":5},{"not_picked":["Caltrops","Flechettes"],"picked":"Backflip","floor":7},{"not_picked":["Distraction","Dagger Throw","Flying Knee"],"picked":"SKIP","floor":10},{"not_picked":["Poisoned Stab","Bullet Time"],"picked":"Accuracy","floor":11},{"not_picked":["Underhanded Strike","PiercingWail"],"picked":"Escape Plan","floor":12},{"not_picked":["Acrobatics","Expertise"],"picked":"Escape Plan","floor":14},{"not_picked":["Acrobatics","PiercingWail"],"picked":"All Out Attack+1","floor":18},{"not_picked":["Poisoned Stab+1","Slice+1"],"picked":"Cloak And Dagger","floor":20},{"not_picked":["Slice","Prepared+1","PiercingWail"],"picked":"SKIP","floor":22},{"not_picked":["Concentrate","Leg Sweep"],"picked":"Adrenaline","floor":23},{"not_picked":["Deadly Poison","Setup","Choke"],"picked":"SKIP","floor":25},{"not_picked":["Backstab","Deflect","Poisoned Stab+1"],"picked":"SKIP","floor":27},{"not_picked":["PiercingWail+1","Reflex+1","Setup"],"picked":"SKIP","floor":35},{"not_picked":["Sucker Punch","Leg Sweep"],"picked":"Backflip","floor":39},{"not_picked":["Accuracy+1","Masterful Stab+1"],"picked":"Blade Dance+1","floor":41},{"not_picked":["All Out Attack","Tactician","Dagger Spray"],"picked":"SKIP","floor":44},{"not_picked":["Outmaneuver","Catalyst"],"picked":"Blur+1","floor":46},{"not_picked":["Dagger Throw","Quick Slash","Noxious Fumes+1"],"picked":"SKIP","floor":48},{"not_picked":["Malaise","Distraction"],"picked":"Backflip+1","floor":49},{"not_picked":["Deadly Poison","Endless Agony+1","Prepared"],"picked":"SKIP","floor":54}],"player_experience":566211,"relics_obtained":[{"floor":0,"key":"Bronze Scales"},{"floor":0,"key":"Mummified Hand"},{"floor":0,"key":"Mango"},{"floor":9,"key":"Vajra"},{"floor":11,"key":"HornCleat"},{"floor":19,"key":"Juzu Bracelet"},{"floor":23,"key":"Bottled Flame"},{"floor":25,"key":"Whetstone"},{"floor":26,"key":"The Courier"},{"floor":27,"key":"Dream Catcher"},{"floor":31,"key":"Red Mask"},{"floor":46,"key":"Mercury Hourglass"},{"floor":54,"key":"Sundial"}],"event_choices":[{"cards_removed":["Defend_G"],"damage_healed":0,"gold_gain":0,"player_choice":"Offered Basic","damage_taken":0,"max_hp_gain":0,"max_hp_loss":0,"event_name":"Bonfire Elementals","floor":2,"gold_loss":0},{"cards_removed":["Strike_G"],"damage_healed":0,"gold_gain":0,"player_choice":"Card Removal","damage_taken":0,"max_hp_gain":0,"max_hp_loss":0,"event_name":"Wheel of Change","floor":4,"gold_loss":0},{"damage_healed":0,"gold_gain":0,"player_choice":"Forge","damage_taken":0,"max_hp_gain":0,"max_hp_loss":0,"event_name":"Accursed Blacksmith","floor":8,"gold_loss":0,"cards_upgraded":["Neutralize"]},{"damage_healed":0,"gold_gain":0,"cards_transformed":["Strike_G"],"player_choice":"Transformed","damage_taken":0,"max_hp_gain":0,"max_hp_loss":0,"event_name":"Transmorgrifier","floor":13,"gold_loss":0,"cards_obtained":["Flechettes"]},{"damage_healed":0,"gold_gain":99,"player_choice":"Stole From Cult","damage_taken":0,"max_hp_gain":0,"max_hp_loss":0,"event_name":"Nest","floor":28,"gold_loss":0},{"damage_healed":0,"gold_gain":0,"player_choice":"2 cards matched","damage_taken":0,"max_hp_gain":0,"max_hp_loss":0,"event_name":"Match and Keep!","floor":29,"gold_loss":0,"cards_obtained":["Finesse","Cloak And Dagger"]},{"damage_healed":0,"gold_gain":0,"player_choice":"Fought Bandits","damage_taken":0,"max_hp_gain":0,"max_hp_loss":0,"event_name":"Masked Bandits","floor":31,"gold_loss":0},{"cards_removed":["Defend_G"],"damage_healed":0,"gold_gain":0,"player_choice":"Upgrade and Remove","damage_taken":0,"max_hp_gain":0,"max_hp_loss":0,"event_name":"Designer","floor":36,"gold_loss":90,"cards_upgraded":["Defend_G"]},{"damage_healed":0,"gold_gain":0,"player_choice":"Embrace Madness","damage_taken":11,"max_hp_gain":0,"max_hp_loss":0,"event_name":"Winding Halls","floor":38,"gold_loss":0,"cards_obtained":["Madness","Madness"]},{"damage_healed":0,"gold_gain":0,"player_choice":"Upgrade","damage_taken":0,"relics_obtained":["Mark of the Bloom"],"max_hp_gain":0,"max_hp_loss":0,"event_name":"MindBloom","floor":40,"gold_loss":0,"cards_upgraded":["Defend_G","Survivor","Backflip","Escape Plan","Escape Plan","Cloak And Dagger","Footwork","Adrenaline","Finesse","Cloak And Dagger","Accuracy","Accuracy","Infinite Blades","Terror","Footwork","Blade Dance","Madness","Madness","Backflip"]},{"damage_healed":0,"gold_gain":222,"player_choice":"Wore Mask","damage_taken":0,"max_hp_gain":0,"max_hp_loss":0,"event_name":"Tomb of Lord Red Mask","floor":45,"gold_loss":0}],"is_beta":false,"boss_relics":[{"not_picked":["Philosopher\u0027s Stone","Fusion Hammer"],"picked":"Astrolabe"},{"not_picked":["Runic Dome","Tiny House"],"picked":"SlaversCollar"}],"items_purged_floors":[30,42,53],"is_endless":false,"potions_floor_spawned":[5,7,12,16,23,25,31,35,39,44,46,48,54],"ascension_level":2}}