{"host":"wshh0nphwn6jv7vj","time":1613611379,"event":{"mods":["BaseMod","Bestiary","Minty Spire (QoL Compilation)","Relic Stats"],"gold_per_floor":[109,128,148,159,173,173,185,217,217,234,264,281,281,231,231,326,326,344,355,355,367,382,408,333,351,419,450,466,466,496,508,508,605,605,623,637,657,674,688,715,67,85,133,133,133,148,180,191,191,191,191,191,15,44,44],"floor_reached":56,"language":"ENG","playtime":7570,"items_purged":["Strike_P+1"],"score":1346,"play_id":"9c7e08f2-27df-42c7-88c2-2bee269f8ce0","local_time":"20210217202259","is_ascension_mode":false,"campfire_choices":[{"floor":6,"key":"REST"},{"data":"TalkToTheHand","floor":13,"key":"SMITH"},{"data":"SashWhip","floor":15,"key":"SMITH"},{"floor":29,"key":"REST"},{"floor":32,"key":"REST"},{"floor":44,"key":"RECALL"},{"floor":49,"key":"REST"},{"floor":52,"key":"REST"}],"circlet_count":0,"master_deck":["Strike_P+1","Defend_P","Defend_P+1","Defend_P+1","Defend_P","Eruption+1","Vigilance+1","FlurryOfBlows","ReachHeaven","FlurryOfBlows+1","TalkToTheHand+1","SandsOfTime+1","Indignation","MentalFortress+1","EmptyBody+1","MentalFortress+1","JustLucky+1","SashWhip+1","LessonLearned+1","FlurryOfBlows+1","Consecrate+1","EmptyFist+1","Sanctity+1","WaveOfTheHand+1","Adaptation+1","CutThroughFate+1","InnerPeace+1","Scrawl+1","EmptyBody+1","ClearTheMind+1","Crescendo+1","Sadistic Nature+1","SandsOfTime+1","Ragnarok+1","LessonLearned+1","Panache","EmptyMind"],"relics":["HolyWater","Meat on the Bone","Kunai","Toy Ornithopter","Fusion Hammer","Bird Faced Urn","Mummified Hand","Red Mask","HornCleat","Molten Egg 2","Letter Opener","Du-Vu Doll","Pen Nib"],"acts_visited":["Exordium","TheCity","TheBeyond","TheEnding"],"potions_floor_usage":[8,11,18,23,23,27,30,50,55,55,55,55,55,55],"damage_taken":[{"damage":0,"enemies":"Cultist","floor":1,"turns":5},{"damage":1,"enemies":"Jaw Worm","floor":2,"turns":2},{"damage":0,"enemies":"2 Louse","floor":3,"turns":1},{"damage":1,"enemies":"Looter","floor":4,"turns":3},{"damage":14,"enemies":"3 Louse","floor":5,"turns":2},{"damage":11,"enemies":"Red Slaver","floor":7,"turns":3},{"damage":9,"enemies":"Gremlin Nob","floor":8,"turns":3},{"damage":0,"enemies":"Blue Slaver","floor":10,"turns":2},{"damage":1,"enemies":"Lagavulin","floor":11,"turns":6},{"damage":1,"enemies":"Looter","floor":12,"turns":3},{"damage":33,"enemies":"Hexaghost","floor":16,"turns":12},{"damage":0,"enemies":"Shell Parasite","floor":18,"turns":5},{"damage":0,"enemies":"Chosen","floor":19,"turns":5},{"damage":19,"enemies":"Snecko","floor":21,"turns":7},{"damage":22,"enemies":"Shelled Parasite and Fungi","floor":22,"turns":5},{"damage":0,"enemies":"Gremlin Leader","floor":23,"turns":6},{"damage":0,"enemies":"Cultist and Chosen","floor":25,"turns":4},{"damage":15,"enemies":"Masked Bandits","floor":27,"turns":4},{"damage":7,"enemies":"3 Cultists","floor":28,"turns":5},{"damage":23,"enemies":"Slavers","floor":30,"turns":6},{"damage":0,"enemies":"Snake Plant","floor":31,"turns":3},{"damage":0,"enemies":"Champ","floor":33,"turns":13},{"damage":0,"enemies":"3 Darklings","floor":35,"turns":4},{"damage":0,"enemies":"Orb Walker","floor":36,"turns":6},{"damage":0,"enemies":"Jaw Worm Horde","floor":37,"turns":7},{"damage":0,"enemies":"3 Darklings","floor":38,"turns":5},{"damage":0,"enemies":"4 Shapes","floor":39,"turns":6},{"damage":12,"enemies":"Reptomancer","floor":40,"turns":5},{"damage":7,"enemies":"Writhing Mass","floor":42,"turns":8},{"damage":0,"enemies":"Transient","floor":46,"turns":5},{"damage":0,"enemies":"Giant Head","floor":47,"turns":5},{"damage":12,"enemies":"4 Shapes","floor":48,"turns":5},{"damage":9,"enemies":"Awakened One","floor":50,"turns":8},{"damage":35,"enemies":"Shield and Spear","floor":54,"turns":6},{"damage":78,"enemies":"The Heart","floor":55,"turns":8}],"seed_played":"-2783349803389044187","potions_obtained":[{"floor":1,"key":"AttackPotion"},{"floor":4,"key":"CultistPotion"},{"floor":5,"key":"StancePotion"},{"floor":11,"key":"DuplicationPotion"},{"floor":16,"key":"Fire Potion"},{"floor":19,"key":"SpeedPotion"},{"floor":21,"key":"SteroidPotion"},{"floor":22,"key":"LiquidMemories"},{"floor":27,"key":"PowerPotion"},{"floor":33,"key":"Weak Potion"},{"floor":36,"key":"EntropicBrew"},{"floor":39,"key":"BottledMiracle"},{"floor":46,"key":"LiquidBronze"},{"floor":54,"key":"SpeedPotion"}],"is_trial":false,"path_per_floor":["M","M","M","M","M","R","M","E","T","M","E","M","R","?","R","B",null,"M","M","?","M","M","E","?","M","T","?","M","R","E","M","R","B",null,"M","M","M","M","M","E","$","M","T","R","?","M","E","M","R","B",null,"R","$","E","B",null],"character_chosen":"WATCHER","items_purchased":["Letter Opener","Sadistic Nature","SandsOfTime+1","Ragnarok+1","Panache"],"campfire_rested":5,"item_purchase_floors":[41,41,41,41,53],"current_hp_per_floor":[72,71,71,70,56,72,61,52,52,52,51,50,50,50,50,29,72,72,72,72,53,43,53,53,57,57,47,46,67,51,55,72,72,72,72,72,72,72,72,62,62,63,63,63,63,71,72,62,72,67,72,72,72,47,19],"gold":44,"neow_bonus":"THREE_CARDS","is_daily":false,"chose_seed":false,"campfire_upgraded":2,"win_rate":0.0,"timestamp":1613611379,"path_taken":["M","?","M","M","M","R","M","E","T","M","E","M","R","?","R","BOSS","M","M","?","M","M","E","?","M","T","?","M","R","E","M","R","BOSS","M","M","M","M","M","E","$","M","T","R","?","M","E","M","R","BOSS","R","$","E","BOSS"],"items_purchased_type":["Relic","Card","Card","Card","Card"],"build_version":"2020-12-22","purchased_purges":1,"victory":true,"max_hp_per_floor":[72,72,72,72,72,72,72,72,72,72,72,72,72,72,72,72,72,72,72,72,72,72,72,72,72,72,72,72,72,72,72,72,72,72,72,72,72,72,72,72,72,72,72,72,72,72,72,72,72,72,72,72,72,72,72],"relic_stats":{"counters":[35,183],"Mummified Hand":[88],"Bird Faced Urn":[59],"Pen Nib":[3],"Kunai":[125],"Letter Opener":[100],"obtain_stats":[{"Pen Nib":54,"Letter Opener":41,"Du-Vu Doll":47,"HornCleat":30,"Mummified Hand":26,"Bird Faced Urn":23,"HolyWater":34,"Molten Egg 2":40,"Fusion Hammer":17,"Red Mask":27,"Kunai":9,"PureWater":0,"Toy Ornithopter":11,"Meat on the Bone":8},{"Pen Nib":34,"Letter Opener":28,"Du-Vu Doll":31,"HornCleat":20,"Mummified Hand":17,"Bird Faced Urn":16,"HolyWater":22,"Molten Egg 2":28,"Fusion Hammer":11,"Red Mask":18,"Kunai":7,"PureWater":0,"Toy Ornithopter":9,"Meat on the Bone":7},{"Pen Nib":175,"Letter Opener":138,"Du-Vu Doll":156,"HornCleat":89,"Mummified Hand":74,"Bird Faced Urn":70,"HolyWater":105,"Molten Egg 2":138,"Fusion Hammer":42,"Red Mask":78,"Kunai":19,"PureWater":0,"Toy Ornithopter":27,"Meat on the Bone":19}],"Toy Ornithopter":50,"Meat on the Bone":36},"card_choices":[{"not_picked":["WaveOfTheHand","Prostrate"],"picked":"FlurryOfBlows","floor":0},{"not_picked":["CrushJoints","Protect"],"picked":"ReachHeaven","floor":1},{"not_picked":["Prostrate","Tantrum"],"picked":"FlurryOfBlows","floor":2},{"not_picked":["Crescendo","Nirvana"],"picked":"TalkToTheHand","floor":3},{"not_picked":["PathToVictory","ThirdEye"],"picked":"SandsOfTime","floor":4},{"not_picked":["Crescendo","Study"],"picked":"Indignation","floor":5},{"not_picked":["Consecrate","FlurryOfBlows"],"picked":"MentalFortress","floor":7},{"not_picked":["LikeWater","WheelKick"],"picked":"EmptyBody","floor":8},{"not_picked":["Protect","Establishment"],"picked":"MentalFortress","floor":10},{"not_picked":["ForeignInfluence","FlurryOfBlows"],"picked":"JustLucky","floor":11},{"not_picked":["Evaluate","Nirvana"],"picked":"SashWhip","floor":12},{"not_picked":["Brilliance","Vault"],"picked":"LessonLearned","floor":16},{"not_picked":["JustLucky","PathToVictory"],"picked":"FlurryOfBlows","floor":18},{"not_picked":["PathToVictory","Collect"],"picked":"Consecrate+1","floor":19},{"not_picked":["Conclude","FollowUp","FlurryOfBlows"],"picked":"SKIP","floor":21},{"not_picked":["PathToVictory+1","Fasting2"],"picked":"Sanctity","floor":22},{"not_picked":["ThirdEye","WheelKick"],"picked":"WaveOfTheHand","floor":23},{"not_picked":["JustLucky","Consecrate","WreathOfFlame"],"picked":"SKIP","floor":25},{"not_picked":["ThirdEye+1","FearNoEvil"],"picked":"Adaptation+1","floor":27},{"not_picked":["Pray","WindmillStrike"],"picked":"CutThroughFate","floor":28},{"not_picked":["Indignation","SandsOfTime"],"picked":"InnerPeace+1","floor":30},{"not_picked":["FollowUp","SignatureMove+1"],"picked":"Protect+1","floor":31},{"not_picked":["Establishment","MasterReality"],"picked":"Scrawl","floor":33},{"not_picked":["FlurryOfBlows+1","Evaluate+1"],"picked":"EmptyBody+1","floor":35},{"not_picked":["LikeWater","JustLucky+1","BowlingBash+1"],"picked":"SKIP","floor":36},{"not_picked":["Evaluate+1","SignatureMove+1","Halt"],"picked":"SKIP","floor":37},{"not_picked":["CrushJoints+1","Consecrate"],"picked":"ClearTheMind+1","floor":38},{"not_picked":["FollowUp","Prostrate","DeceiveReality"],"picked":"SKIP","floor":39},{"not_picked":["EmptyBody","InnerPeace"],"picked":"Crescendo+1","floor":40},{"not_picked":["FlurryOfBlows+1","Halt","EmptyBody"],"picked":"SKIP","floor":42},{"not_picked":["FlurryOfBlows+1","Crescendo+1"],"picked":"LessonLearned+1","floor":46},{"not_picked":["Indignation","SandsOfTime+1","ConjureBlade"],"picked":"SKIP","floor":47},{"not_picked":["PathToVictory","SandsOfTime+1","JustLucky+1"],"picked":"SKIP","floor":48},{"not_picked":["ThirdEye","FollowUp+1"],"picked":"EmptyMind","floor":54}],"player_experience":1658278,"relics_obtained":[{"floor":8,"key":"Meat on the Bone"},{"floor":9,"key":"Kunai"},{"floor":11,"key":"Toy Ornithopter"},{"floor":23,"key":"Bird Faced Urn"},{"floor":26,"key":"Mummified Hand"},{"floor":27,"key":"Red Mask"},{"floor":30,"key":"HornCleat"},{"floor":40,"key":"Molten Egg 2"},{"floor":47,"key":"Du-Vu Doll"},{"floor":54,"key":"Pen Nib"}],"event_choices":[{"cards_removed":["Strike_P"],"damage_healed":0,"gold_gain":0,"player_choice":"Card Removal","damage_taken":0,"max_hp_gain":0,"max_hp_loss":0,"event_name":"The Cleric","floor":14,"gold_loss":50},{"damage_healed":0,"gold_gain":0,"player_choice":"Read","damage_taken":0,"max_hp_gain":0,"max_hp_loss":0,"event_name":"The Library","floor":20,"gold_loss":0,"cards_obtained":["EmptyFist"]},{"cards_removed":["Strike_P"],"damage_healed":0,"gold_gain":0,"player_choice":"Gave Gold","damage_taken":0,"max_hp_gain":0,"max_hp_loss":0,"event_name":"Beggar","floor":24,"gold_loss":75},{"damage_healed":0,"gold_gain":0,"player_choice":"Fought Bandits","damage_taken":0,"max_hp_gain":0,"max_hp_loss":0,"event_name":"Masked Bandits","floor":27,"gold_loss":0},{"cards_removed":["Protect"],"damage_healed":0,"gold_gain":0,"player_choice":"Removed Skill","damage_taken":0,"max_hp_gain":0,"max_hp_loss":0,"event_name":"Falling","floor":45,"gold_loss":0}],"is_beta":false,"boss_relics":[{"not_picked":["Astrolabe","Black Star"],"picked":"Fusion Hammer"},{"not_picked":["Tiny House","Cursed Key"],"picked":"HolyWater"}],"items_purged_floors":[41],"is_endless":false,"potions_floor_spawned":[1,4,5,11,16,19,21,22,27,33,36,39,46,47,54],"ascension_level":0}}