{"host":"08z5bj28eube4vug","time":1613648678,"event":{"mods":["100% Spire Juice","2.2 Compatiblity","Abigail Mod","Act Like it!","BaseMod","Beaked The Cultist","Bestiary","Friendly Minions","Gensokyo","GungeonMod","Hallownest","Kiyohime????","Koishi","Lobotomy","Marisa????????","Minty Spire (QoL Compilation)","Prisma Mod","Remilia??????","Replay The Spire","Spire Arcade","StSLib","Td1madao Mod","The Alterego","The Bug Knight","The Jungle","The Sage","The Senshi","The Servant 0.9.4","Waifu the Spire","WarShipGirlsR/????R mod","Yuri Mod"],"gold_per_floor":[119,119,207,64,79,79,110,210,210,241,241,39,49,67,67,170,170,181,281,292,102,115,115,141,141,195,195,195,195,195,208,208,313,313,323,58,58,58,78,78,78,78,78,78,2,19,32,49,49,49],"floor_reached":51,"language":"ENG","playtime":4255,"items_purged":["Regret"],"score":1070,"play_id":"bcaa013e-2a2f-4d44-97f7-e44a54da44ed","local_time":"20210218144438","is_ascension_mode":true,"campfire_choices":[{"data":"theSenshi:MoonPrincessHalation","floor":6.0,"key":"SMITH"},{"data":"theSenshi:MoonCrisisMakeUp","floor":11.0,"key":"SMITH"},{"data":"theSenshi:KlutzyLuck","floor":15.0,"key":"SMITH"},{"data":"theSenshi:MoonPrincessHalation","floor":23,"key":"SMITH"},{"data":"theSenshi:CrisisMakeUp","floor":25,"key":"SMITH"},{"data":"theSenshi:StarlightHoneymoonTherapyKiss","floor":27,"key":"SMITH"},{"data":"theSenshi:TallSilhouette","floor":28,"key":"SMITH"},{"data":"theSenshi:InTheNickOfTime","floor":29,"key":"SMITH"},{"data":"beaked:WalkersFury","floor":32,"key":"SMITH"},{"data":"theSenshi:MercurysCunning","floor":41,"key":"SMITH"},{"data":"theSenshi:MoonPrismPowerMakeUp","floor":42,"key":"SMITH"},{"data":"theSenshi:LunasBite","floor":44,"key":"SMITH"},{"data":"theSenshi:WarriorOfTheMoon","floor":49,"key":"SMITH"}],"circlet_count":0,"master_deck":["theSenshi:SailorKick","theSenshi:SailorKick","theSenshi:SailorKick","theSenshi:SailorKick","theSenshi:SailorBlock","theSenshi:SailorBlock","theSenshi:SailorBlock","theSenshi:SailorBlock","theSenshi:RoseThrow","theSenshi:MoonPrismPowerMakeUp+1","theSenshi:MoonCrisisMakeUp+1","theSenshi:MoonPrincessHalation+1","theSenshi:LunasBite+1","theSenshi:MoonCrystalPowerMakeUp","theSenshi:SaturnsMystery","theSenshi:MoonPunch","theSenshi:MercurysCunning+1","theSenshi:InTheNickOfTime+1","theSenshi:KlutzyLuck+1","theSenshi:StarlightHoneymoonTherapyKiss+1","beaked:WalkersFury+1","theSenshi:MoonPrincessHalation+1","theSenshi:TallSilhouette+1","theSenshi:SailorVenusAssists","theSenshi:SailorVenusAssists","theSenshi:CrisisMakeUp+1","theSenshi:SailorCosmosAssists","theSenshi:WarriorOfTheMoon+1","theSenshi:TuxedoSmokingBomber","theSenshi:MercurysCunning+1","theSenshi:TallSilhouette+1","theSenshi:SailorStarHealerAssists","CommonCold","theSenshi:InTheNickOfTime","theSenshi:TallSilhouette+1","theSenshi:MoonCrystalPowerMakeUp+1"],"relics":["theSenshi:TransformationBroochRelic","Mercury Hourglass","MealTicket","theSenshi:ChokerRelic","DemoMod:DecoyRelic","WingedGreaves","DemoMod:ResourcefulSack","beaked:SacredDeck","DemoMod:MeatBun","ReplayTheSpireMod:Shallot","Replay:Mystery Machine","Cursed Key","Membership Card","theSenshi:TiaraRelic","Counterbalance","theSenshi:RedHairPiecesRelic"],"acts_visited":["Exordium","TheCity","TheBeyond"],"potions_floor_usage":[16,16,24,33,50,50],"damage_taken":[{"damage":1.0,"enemies":"2 Louse","floor":1.0,"turns":2.0},{"damage":4.0,"enemies":"Small Slimes","floor":5.0,"turns":3.0},{"damage":34.0,"enemies":"3 Sentries","floor":7.0,"turns":5.0},{"damage":11.0,"enemies":"Gremlin Nob","floor":10.0,"turns":3.0},{"damage":0.0,"enemies":"Cultist","floor":13.0,"turns":3.0},{"damage":0.0,"enemies":"Blue Slaver","floor":14.0,"turns":3.0},{"damage":0,"enemies":"Slime Boss","floor":16,"turns":7},{"damage":0,"enemies":"3 Byrds","floor":18,"turns":6},{"damage":0,"enemies":"2 Thieves","floor":20,"turns":3},{"damage":0,"enemies":"Chosen and Byrds","floor":22,"turns":3},{"damage":0,"enemies":"HollowMod:Nosk","floor":24,"turns":4},{"damage":0,"enemies":"3 Cultists","floor":31,"turns":3},{"damage":48,"enemies":"Automaton","floor":33,"turns":8},{"damage":0,"enemies":"3 Shapes","floor":35,"turns":3},{"damage":0,"enemies":"Orb Walker","floor":39,"turns":4},{"damage":6,"enemies":"Transient","floor":46,"turns":5},{"damage":17,"enemies":"Spire Growth","floor":47,"turns":6},{"damage":13,"enemies":"Maw","floor":48,"turns":9},{"damage":45,"enemies":"Awakened One","floor":50,"turns":14}],"seed_played":"5932981481697958675","potions_obtained":[{"floor":10.0,"key":"Swift Potion"},{"floor":13.0,"key":"Regen Potion"},{"floor":14.0,"key":"PowerPotion"},{"floor":20,"key":"Elixir"},{"floor":22,"key":"Dexterity Potion"},{"floor":31,"key":"AttackPotion"},{"floor":46,"key":"Venom Potion"}],"is_trial":false,"path_per_floor":["M","?","?","$","M","R","E","?","T","E","R","$","M","M","R","B",null,"M","?","M","$","M","R","E","R","T","R","R","R","?","M","R","B",null,"M","$","?","?","M","?","R","R","T","R","$","M","M","M","R","B",null],"character_chosen":"THE_SENSHI","items_purchased":["theSenshi:ChokerRelic","theSenshi:MercurysCunning+1","theSenshi:InTheNickOfTime","DemoMod:MeatBun","theSenshi:SailorVenusAssists","Membership Card","theSenshi:TiaraRelic","theSenshi:MercurysCunning","theSenshi:RedHairPiecesRelic"],"campfire_rested":0,"item_purchase_floors":[4,12,12,21,21,36,36,36,45],"current_hp_per_floor":[67,67,49,64,60,60,26,26,26,15,15,30,30,30,30,45,68,73,73,73,75,75,75,75,75,75,75,75,75,75,75,75,27,63,63,75,75,75,75,75,75,75,75,75,75,69,57,54,54,59],"gold":49,"neow_bonus":"RANDOM_EVENT","is_daily":false,"chose_seed":false,"campfire_upgraded":13,"win_rate":0.0,"timestamp":1613648678,"path_taken":["M","?","?","$","M","R","E","?","T","E","R","$","M","?","R","BOSS","M","?","?","$","M","R","E","R","T","R","R","R","?","M","R","BOSS","M","$","?","?","M","?","R","R","T","R","$","M","?","M","R","BOSS"],"items_purchased_type":["Relic","Card","Card","Relic","Card","Relic","Relic","Card","Relic"],"build_version":"2020-12-22","purchased_purges":1,"victory":true,"max_hp_per_floor":[75,75,75,75,75,75,75,75,75,75,75,75,75,75,75,75,75,75,75,75,75,75,75,75,75,75,75,75,75,75,75,75,75,75,75,75,75,75,75,75,75,75,75,75,75,75,75,75,75,75],"card_choices":[{"not_picked":["theSenshi:LateForSchool","theSenshi:SupersonicWaves"],"picked":"theSenshi:MoonCrisisMakeUp","floor":1.0},{"not_picked":["theSenshi:Sidestep","theSenshi:EncouragingSpeech"],"picked":"theSenshi:MoonPrincessHalation","floor":3.0},{"not_picked":["theSenshi:SailorChibiMoonAssists","theSenshi:EncouragingSpeech"],"picked":"theSenshi:LunasBite","floor":3.0},{"not_picked":["theSenshi:VenusGlamour","theSenshi:MoonTwilightFlash"],"picked":"theSenshi:MoonCrystalPowerMakeUp","floor":5.0},{"not_picked":["theSenshi:DramaticEntrance","theSenshi:SailorNeptuneAssists"],"picked":"theSenshi:SaturnsMystery","floor":7.0},{"not_picked":["theSenshi:DramaticEntrance","theSenshi:MoonTiaraMagic"],"picked":"theSenshi:MoonPunch","floor":10.0},{"not_picked":["theSenshi:EncouragingSpeech","theSenshi:OdangoHead"],"picked":"theSenshi:KlutzyLuck","floor":13.0},{"not_picked":["theSenshi:SailorV","theSenshi:SchoolBag","theSenshi:GatheringStrength"],"picked":"SKIP","floor":14.0},{"not_picked":["theSenshi:SilverMoonCrystalPowerKiss","theSenshi:JupitersPower"],"picked":"theSenshi:StarlightHoneymoonTherapyKiss","floor":16},{"not_picked":["theSenshi:SaturnsMystery+1","theSenshi:MarsPride"],"picked":"theSenshi:MoonPrincessHalation","floor":18},{"not_picked":["theSenshi:MoonCrisisMakeUp","theSenshi:MoonPrincessHalation"],"picked":"theSenshi:TallSilhouette","floor":20},{"not_picked":["theSenshi:LunasBite","theSenshi:LateForSchool","theSenshi:Sidestep"],"picked":"SKIP","floor":22},{"not_picked":["theSenshi:SailorPlanetPower","theSenshi:DramaticEntrance"],"picked":"theSenshi:CrisisMakeUp","floor":24},{"not_picked":["theSenshi:SailorMercuryAssists","theSenshi:SupersonicWaves"],"picked":"theSenshi:SailorCosmosAssists","floor":31},{"not_picked":["theSenshi:SilverCrystal","theSenshi:SailorPlutoAssists"],"picked":"theSenshi:WarriorOfTheMoon","floor":33},{"not_picked":["theSenshi:SailorChibiMoonAssists+1","theSenshi:MoonPower+1"],"picked":"theSenshi:TuxedoSmokingBomber","floor":35},{"not_picked":["theSenshi:SailorChibiMoonAssists","theSenshi:Sidestep+1"],"picked":"theSenshi:TallSilhouette+1","floor":39},{"not_picked":[],"picked":"theSenshi:SailorStarHealerAssists","floor":40},{"not_picked":["theSenshi:SailorPlanetPower","theSenshi:SailorVenusAssists"],"picked":"theSenshi:InTheNickOfTime","floor":46},{"not_picked":["theSenshi:Overload+1","theSenshi:YouCanTalk+1"],"picked":"theSenshi:TallSilhouette+1","floor":47},{"not_picked":["theSenshi:EncouragingSpeech","theSenshi:MarsPride+1"],"picked":"theSenshi:MoonCrystalPowerMakeUp+1","floor":48}],"player_experience":939320,"relics_obtained":[{"floor":3.0,"key":"MealTicket"},{"floor":7.0,"key":"DemoMod:DecoyRelic"},{"floor":9.0,"key":"WingedGreaves"},{"floor":10.0,"key":"DemoMod:ResourcefulSack"},{"floor":24,"key":"ReplayTheSpireMod:Shallot"},{"floor":26,"key":"Replay:Mystery Machine"},{"floor":43,"key":"Counterbalance"}],"event_choices":[{"damage_healed":0.0,"max_hp_gain":0.0,"max_hp_loss":0.0,"gold_gain":0.0,"event_name":"Big Fish","player_choice":"Box","floor":0.0,"gold_loss":0.0,"damage_taken":0.0,"relics_obtained":["Mercury Hourglass"],"cards_obtained":["Regret"]},{"damage_healed":0.0,"max_hp_gain":0.0,"max_hp_loss":0.0,"gold_gain":100.0,"event_name":"Golden Shrine","player_choice":"Pray","floor":8.0,"gold_loss":0.0,"damage_taken":0.0},{"damage_healed":0,"gold_gain":100,"player_choice":"Pray","damage_taken":0,"max_hp_gain":0,"max_hp_loss":0,"event_name":"Golden Shrine","floor":19,"gold_loss":0},{"damage_healed":0,"gold_gain":0,"player_choice":"Ignored","damage_taken":0,"max_hp_gain":0,"max_hp_loss":0,"event_name":"Mysterious Sphere","floor":38,"gold_loss":0}],"is_beta":false,"boss_relics":[{"not_picked":["ReplayTheSpireMod:DimensionalGlitch","Astrolabe"],"picked":"beaked:SacredDeck"},{"not_picked":["Ring of Chaos","Pandora\u0027s Box"],"picked":"Cursed Key"}],"items_purged_floors":[12],"is_endless":false,"potions_floor_spawned":[10,13,14,20,22,31,46,47,48],"ascension_level":9}}