{"host":"¿à÷økuyou","time":1613662194,"event":{"mods":["ATMod(°¢èªMod)","Act Like it!","BaseMod","BetterRewards","Minty Spire (QoL Compilation)","Quick Restart","StSLib"],"gold_per_floor":[114,114,133,83,8,46,46,46,71,90,109,109,128,147,147,272,272,291,310,329,348,348,348,395,437,521,549,577,596,246,265,265,408,462,481,509,1526,1554,1573,1573,638,638,647,675,703,703,741,769,769,778],"floor_reached":51,"language":"ZHS","playtime":1122,"items_purged":["Strike_R","Strike_R","Normality"],"score":1032,"play_id":"45f5ac04-4f10-497b-80f0-20aca8ca07ef","local_time":"20210218232953","daily_mods":["Cursed Run","Uncertain Future","Lethality"],"is_ascension_mode":false,"campfire_choices":[{"data":"AT_WindFlip","floor":7.0,"key":"SMITH"},{"data":"AT_IchimonjiDouble","floor":12.0,"key":"SMITH"},{"data":"Sword Boomerang","floor":15.0,"key":"SMITH"},{"data":"Battle Trance","floor":23.0,"key":"SMITH"},{"data":"True Grit","floor":32.0,"key":"SMITH"},{"data":"Dark Embrace","floor":40.0,"key":"SMITH"},{"data":"Fire Breathing","floor":46,"key":"SMITH"},{"data":"Rupture","floor":49,"key":"SMITH"}],"circlet_count":0,"master_deck":["Bash+1","AT_WindFlip+1","Injury","AT_IchimonjiDouble+1","Rupture+1","Injury","Sword Boomerang+1","Pain","AT_Dispersion","Pummel","Battle Trance+1","Fire Breathing+1","True Grit+1","Clumsy","AT_IchimonjiDouble+1","AT_DiedThrough+1","Decay","Limit Break+1","AT_ManFootWork+1","Pummel","Intimidate+1","Dark Embrace+1","AT_ShrugMaster","Wild Strike","AT_DiedThrough+1","Sentinel+1","Battle Trance+1","AT_FamilyPortrait+1","Shame","Burning Pact+1","Offering+1","AT_CaressingTears+1","Writhe"],"relics":["Cursed Key","Darkstone Periapt","Du-Vu Doll","AT_ATBox","Golden Idol","Sundial","AT_ArchangelStaff","Coffee Dripper","CeramicFish","Red Mask","Gremlin Horn","Toxic Egg 2","Pandora\u0027s Box","AT_RedTearstoneRing","White Beast Statue","Strawberry","Bag of Preparation"],"acts_visited":["Exordium","TheCity","TheBeyond"],"potions_floor_usage":[41,44,47,50,50,50],"damage_taken":[{"damage":0.0,"enemies":"Jaw Worm","floor":1.0,"turns":3.0},{"damage":0.0,"enemies":"2 Louse","floor":3.0,"turns":1.0},{"damage":0.0,"enemies":"Gremlin Nob","floor":6.0,"turns":2.0},{"damage":0.0,"enemies":"Cultist","floor":10.0,"turns":1.0},{"damage":0.0,"enemies":"Looter","floor":11.0,"turns":2.0},{"damage":0.0,"enemies":"Blue Slaver","floor":13.0,"turns":1.0},{"damage":1.0,"enemies":"Exordium Wildlife","floor":14.0,"turns":2.0},{"damage":29.0,"enemies":"The Guardian","floor":16.0,"turns":6.0},{"damage":11.0,"enemies":"Chosen","floor":18.0,"turns":3.0},{"damage":50.0,"enemies":"3 Byrds","floor":19.0,"turns":4.0},{"damage":9.0,"enemies":"Shelled Parasite and Fungi","floor":20.0,"turns":2.0},{"damage":6.0,"enemies":"Cultist and Chosen","floor":21.0,"turns":2.0},{"damage":0.0,"enemies":"Book of Stabbing","floor":24.0,"turns":2.0},{"damage":1.0,"enemies":"Masked Bandits","floor":25.0,"turns":2.0},{"damage":9.0,"enemies":"Snake Plant","floor":27.0,"turns":2.0},{"damage":11.0,"enemies":"Chosen and Byrds","floor":28.0,"turns":3.0},{"damage":2.0,"enemies":"Cultist and Chosen","floor":29.0,"turns":2.0},{"damage":2.0,"enemies":"Snake Plant","floor":31.0,"turns":1.0},{"damage":7.0,"enemies":"Automaton","floor":33.0,"turns":6.0},{"damage":0.0,"enemies":"3 Darklings","floor":35.0,"turns":1.0},{"damage":0.0,"enemies":"Orb Walker","floor":36.0,"turns":1.0},{"damage":21.0,"enemies":"Writhing Mass","floor":38.0,"turns":2.0},{"damage":4.0,"enemies":"Jaw Worm Horde","floor":39.0,"turns":2.0},{"damage":13,"enemies":"4 Shapes","floor":44,"turns":2},{"damage":0,"enemies":"3 Darklings","floor":45,"turns":1},{"damage":19,"enemies":"Reptomancer","floor":47,"turns":2},{"damage":6,"enemies":"Jaw Worm Horde","floor":48,"turns":1},{"damage":11,"enemies":"Awakened One","floor":50,"turns":3}],"seed_played":"-4060160915487772418","potions_obtained":[{"floor":1.0,"key":"FearPotion"},{"floor":6.0,"key":"Fire Potion"},{"floor":10.0,"key":"Dexterity Potion"},{"floor":19.0,"key":"SkillPotion"},{"floor":20.0,"key":"PowerPotion"},{"floor":21.0,"key":"Regen Potion"},{"floor":25.0,"key":"DistilledChaos"},{"floor":35.0,"key":"HeartOfIron"},{"floor":38.0,"key":"Block Potion"},{"floor":39.0,"key":"DistilledChaos"},{"floor":44,"key":"Swift Potion"},{"floor":47,"key":"Fire Potion"},{"floor":48,"key":"BloodPotion"}],"is_trial":false,"path_per_floor":["M","?","M","?","$","E","R","?","T","M","M","R","M","M","R","B",null,"M","M","M","M","?","R","E","?","T","M","M","M","$","M","R","B",null,"M","M","?","M","M","R","$","?","T","M","M","R","E","M","R","B",null],"character_chosen":"IRONCLAD","items_purchased":["Toxic Egg 2","AT_RedTearstoneRing","White Beast Statue","Fruit Juice","Battle Trance+1","AT_FamilyPortrait+1","AttackPotion"],"campfire_rested":0,"item_purchase_floors":[30,41,41,41,41,41,41],"current_hp_per_floor":[80,86,86,86,86,86,86,69,75,75,75,75,75,74,74,51,98,87,37,28,22,22,22,27,26,32,23,12,10,10,8,8,7,110,110,110,122,101,97,97,102,102,115,102,102,102,83,77,77,100],"gold":778,"neow_bonus":"","is_daily":true,"chose_seed":false,"campfire_upgraded":8,"win_rate":0.0,"timestamp":1613662193,"path_taken":["M","?","M","?","$","E","R","?","T","M","M","R","M","M","R","BOSS","M","M","M","M","?","R","E","?","T","M","M","?","$","M","R","BOSS","M","M","?","M","M","R","$","?","T","?","M","R","E","M","R","BOSS"],"items_purchased_type":["Relic","Relic","Relic","Potion","Card","Card","Potion"],"build_version":"2020-12-18","purchased_purges":3,"victory":true,"max_hp_per_floor":[80,86,86,86,86,86,86,86,92,92,92,92,92,92,92,98,98,98,98,98,98,98,98,98,98,104,104,104,104,104,104,104,110,110,110,110,122,122,122,122,127,127,140,140,140,140,140,140,140,146],"card_choices":[{"not_picked":["Disarm","Cleave","Seeing Red"],"picked":"SKIP","floor":1.0},{"not_picked":["Headbutt","Blood for Blood"],"picked":"AT_IchimonjiDouble","floor":3.0},{"not_picked":["Seeing Red","Clash"],"picked":"Rupture","floor":6.0},{"not_picked":["AT_BodySlamDance","Warcry"],"picked":"Sword Boomerang","floor":10.0},{"not_picked":["Hemokinesis","Anger","Flame Barrier"],"picked":"SKIP","floor":11.0},{"not_picked":["Bloodletting","Twin Strike","Havoc"],"picked":"SKIP","floor":13.0},{"not_picked":["Body Slam","Disarm","AT_ShrugMaster"],"picked":"SKIP","floor":14.0},{"not_picked":["Brutality","Impervious"],"picked":"AT_Dispersion","floor":16.0},{"not_picked":["Bloodletting","Rupture"],"picked":"Pummel","floor":18.0},{"not_picked":["True Grit+1","Havoc"],"picked":"Battle Trance","floor":19.0},{"not_picked":["True Grit","Dark Embrace","Clash+1"],"picked":"SKIP","floor":20.0},{"not_picked":["Uppercut","Armaments","Pommel Strike"],"picked":"SKIP","floor":21.0},{"not_picked":["Seeing Red","Double Tap"],"picked":"Fire Breathing","floor":24.0},{"not_picked":["Sword Boomerang","Wild Strike"],"picked":"True Grit","floor":25.0},{"not_picked":["Battle Trance","Pommel Strike"],"picked":"AT_IchimonjiDouble+1","floor":27.0},{"not_picked":["Inflame","Heavy Blade"],"picked":"AT_DiedThrough+1","floor":28.0},{"not_picked":["Headbutt","Pommel Strike","Warcry"],"picked":"SKIP","floor":29.0},{"not_picked":["Shrug It Off+1","Cleave","Armaments+1"],"picked":"SKIP","floor":31.0},{"not_picked":["Offering+1","Berserk"],"picked":"Limit Break+1","floor":33.0},{"not_picked":["Body Slam","Clothesline+1","Warcry+1"],"picked":"SKIP","floor":35.0},{"not_picked":["Perfected Strike+1","AT_GerminateFire+1"],"picked":"AT_DiedThrough+1","floor":36.0},{"not_picked":["Warcry+1","True Grit+1"],"picked":"Sentinel+1","floor":38.0},{"not_picked":["Clothesline+1","Thunderclap","Clash"],"picked":"SKIP","floor":39.0},{"not_picked":["Havoc+1","Perfected Strike+1"],"picked":"Burning Pact+1","floor":44},{"not_picked":["Body Slam","Iron Wave"],"picked":"Offering+1","floor":45},{"not_picked":["Flex+1","Flame Barrier+1","Heavy Blade"],"picked":"SKIP","floor":47},{"not_picked":["Warcry+1","Shockwave+1"],"picked":"AT_CaressingTears+1","floor":48}],"player_experience":217794,"relics_obtained":[{"floor":6.0,"key":"Sundial"},{"floor":9.0,"key":"AT_ArchangelStaff"},{"floor":24.0,"key":"CeramicFish"},{"floor":25.0,"key":"Red Mask"},{"floor":26.0,"key":"Gremlin Horn"},{"floor":43,"key":"Strawberry"},{"floor":47,"key":"Bag of Preparation"}],"event_choices":[{"damage_healed":0.0,"max_hp_gain":0.0,"max_hp_loss":0.0,"gold_gain":0.0,"event_name":"Golden Idol","player_choice":"Take Wound","floor":2.0,"gold_loss":0.0,"damage_taken":0.0,"relics_obtained":["Golden Idol"],"cards_obtained":["Injury"]},{"cards_removed":["Strike_R"],"damage_healed":0.0,"max_hp_gain":0.0,"max_hp_loss":0.0,"gold_gain":0.0,"event_name":"The Cleric","player_choice":"Card Removal","floor":4.0,"gold_loss":50.0,"damage_taken":0.0},{"damage_healed":0.0,"max_hp_gain":0.0,"max_hp_loss":0.0,"gold_gain":0.0,"event_name":"Shining Light","player_choice":"Entered Light","floor":8.0,"gold_loss":0.0,"damage_taken":17.0,"cards_upgraded":["Defend_R","Bash"]},{"damage_healed":0.0,"max_hp_gain":0.0,"max_hp_loss":0.0,"gold_gain":0.0,"event_name":"Vampires","player_choice":"Ignored","floor":22.0,"gold_loss":0.0,"damage_taken":0.0},{"damage_healed":0.0,"max_hp_gain":0.0,"max_hp_loss":0.0,"gold_gain":0.0,"event_name":"Masked Bandits","player_choice":"Fought Bandits","floor":25.0,"gold_loss":0.0,"damage_taken":0.0},{"damage_healed":0.0,"max_hp_gain":0.0,"max_hp_loss":0.0,"gold_gain":999.0,"event_name":"MindBloom","player_choice":"Gold","floor":37.0,"gold_loss":0.0,"damage_taken":0.0,"cards_obtained":["Normality","Normality"]},{"cards_removed":["Normality"],"damage_healed":0,"gold_gain":0,"player_choice":"Purged","damage_taken":0,"max_hp_gain":0,"max_hp_loss":0,"event_name":"Purifier","floor":42,"gold_loss":0}],"is_beta":true,"boss_relics":[{"not_picked":["Philosopher\u0027s Stone","Runic Cube"],"picked":"Coffee Dripper"},{"not_picked":["Fusion Hammer","Snecko Eye"],"picked":"Pandora\u0027s Box"}],"items_purged_floors":[5,30,41],"is_endless":false,"potions_floor_spawned":[1,6,10,14,19,20,21,25,27,35,38,39,44,45,47,48],"ascension_level":0}}