{"host":"phapnj0danpxvjlm","time":1613692157,"event":{"mods":["BaseMod","Better Note","Better Third Choice","Bossed Relics","Colored Powertips","Downfall","Hermit","Lobotomy","Marisa????????","Minty Spire (QoL Compilation)","Permanent Neow","Quick Restart","Rare Cards Sparkle","Spire Arcade","StSLib","The Animator","The Necromancer","The Wild Card"],"gold_per_floor":[113,113,113,127,140,140,155,155,181,209,209,223,235,247,247,347,347,358,103,103,103],"floor_reached":20,"language":"ENG","playtime":706,"items_purged":[],"score":176,"play_id":"f4b05eef-1d12-4f69-89d1-94cf009fe007","local_time":"20210219004917","is_ascension_mode":false,"campfire_choices":[{"data":"WindmillStrike","floor":6,"key":"SMITH"},{"floor":11,"key":"REST"},{"floor":15,"key":"REST"}],"circlet_count":0,"master_deck":["Strike_P","Strike_P","Strike_P","Strike_P","Defend_P","Defend_P","Defend_P","Eruption","Vigilance","OSAHOGD","Consecrate+1","WindmillStrike+1","GalaxyChild","FollowUp","FairyFestival","Woodsman","QueenOfHatred","FlurryOfBlows","CherryBlossoms","VoidDream","DevaForm"],"relics":["HolyWater","CogitoBucket","Potion Belt","Vajra","ResearcherNote","Sling"],"acts_visited":["Exordium","TheCity"],"potions_floor_usage":[10,10,16,20,20],"damage_taken":[{"damage":0,"enemies":"Small Slimes","floor":1,"turns":3},{"damage":0,"enemies":"Cultist","floor":4,"turns":2},{"damage":0,"enemies":"2 Louse","floor":5,"turns":2},{"damage":9,"enemies":"Blue Slaver","floor":7,"turns":4},{"damage":18,"enemies":"Lagavulin","floor":10,"turns":4},{"damage":40,"enemies":"3 Louse","floor":12,"turns":4},{"damage":0,"enemies":"2 Fungi Beasts","floor":13,"turns":3},{"damage":0,"enemies":"Exordium Wildlife","floor":14,"turns":2},{"damage":17,"enemies":"Slime Boss","floor":16,"turns":5},{"damage":28,"enemies":"3 Byrds","floor":18,"turns":4},{"damage":54,"enemies":"2 Thieves","floor":20,"turns":3}],"seed_played":"699495717169483339","potions_obtained":[{"floor":5,"key":"LiquidMemories"},{"floor":7,"key":"DistilledChaos"},{"floor":10,"key":"sneckomod:MuddlingPotion"},{"floor":12,"key":"Strength Potion"},{"floor":13,"key":"champ:CounterPotion"},{"floor":18,"key":"Regen Potion"}],"is_trial":false,"path_per_floor":["M","?","$","M","M","R","M","?","T","E","R","M","M","M","R","B",null,"M","$","M"],"character_chosen":"WATCHER","items_purchased":["Sling","FairyPotion"],"campfire_rested":2,"item_purchase_floors":[19,19],"current_hp_per_floor":[72,72,72,72,72,72,63,63,63,45,66,29,43,61,72,64,72,68,68,30,30],"gold":103,"neow_bonus":"","is_daily":false,"chose_seed":false,"campfire_upgraded":1,"win_rate":0.0,"timestamp":1613692157,"path_taken":["M","?","?","M","?","R","M","?","T","E","R","M","M","M","R","BOSS","M","?","M"],"items_purchased_type":["Relic","Potion"],"build_version":"2020-12-22","purchased_purges":0,"victory":false,"max_hp_per_floor":[72,72,72,72,72,72,72,72,72,72,72,72,72,72,72,72,72,72,72,72,72],"card_choices":[{"not_picked":["OldLady","SingingMachine"],"picked":"OSAHOGD","floor":1},{"not_picked":["PathToVictory","Indignation"],"picked":"Consecrate","floor":1},{"not_picked":["Perseverance","DeceiveReality","Fasting2"],"picked":"SKIP","floor":4},{"not_picked":["CarveReality","Wallop"],"picked":"WindmillStrike","floor":5},{"not_picked":["SpiderBud","GalaxyChild","VoidDream"],"picked":"Singing Bowl","floor":5},{"not_picked":["Scorched","OldLady"],"picked":"GalaxyChild","floor":5},{"not_picked":["CherryBlossoms","UniverseFragment","NakedNest"],"picked":"Singing Bowl","floor":7},{"not_picked":["Evaluate","WreathOfFlame","ThirdEye"],"picked":"SKIP","floor":7},{"not_picked":["Worship","SignatureMove"],"picked":"FollowUp","floor":10},{"not_picked":["MHz","Scorched"],"picked":"FairyFestival","floor":10},{"not_picked":["OldLady","RedShoes"],"picked":"Woodsman","floor":12},{"not_picked":["InnerPeace","Scrawl","EmptyFist"],"picked":"SKIP","floor":12},{"not_picked":["BigBird","WhitesApple"],"picked":"QueenOfHatred","floor":13},{"not_picked":["Swivel","Perseverance"],"picked":"FlurryOfBlows","floor":13},{"not_picked":["DreamingCurrent","ShyLook"],"picked":"CherryBlossoms","floor":14},{"not_picked":["FlyingSleeves","Wallop","PathToVictory"],"picked":"SKIP","floor":14},{"not_picked":["FlyingSleeves","Wallop","PathToVictory"],"picked":"SKIP","floor":14},{"not_picked":["BeautyBeast","SnowQueen"],"picked":"VoidDream","floor":16},{"not_picked":["Omniscience","Ragnarok"],"picked":"DevaForm","floor":16},{"not_picked":["WaveOfTheHand+1","EmptyFist+1","Weave"],"picked":"SKIP","floor":18}],"player_experience":613737,"relics_obtained":[{"floor":9,"key":"Potion Belt"},{"floor":10,"key":"Vajra"}],"event_choices":[{"cards_removed":["Defend_P"],"damage_healed":0,"gold_gain":0,"player_choice":"Offered Basic","damage_taken":0,"max_hp_gain":0,"max_hp_loss":0,"event_name":"Bonfire Elementals","floor":2,"gold_loss":0},{"damage_healed":0,"gold_gain":0,"player_choice":"Upgraded","damage_taken":0,"max_hp_gain":0,"max_hp_loss":0,"event_name":"Upgrade Shrine","floor":8,"gold_loss":0,"cards_upgraded":["Consecrate"]}],"is_beta":false,"boss_relics":[{"not_picked":["Runic Dome","Ectoplasm"],"picked":"HolyWater"}],"items_purged_floors":[],"is_endless":false,"potions_floor_spawned":[5,7,10,12,13,18],"killed_by":"2 Thieves","ascension_level":0}}