{"host":"owox7x4ngjt9htcc","time":1613637242,"event":{"mods":["BaseMod","Colored Map","DeckTracker","Keyboard Shortcuts","Minty Spire (QoL Compilation)","SuperFastMode"],"gold_per_floor":[114,114,133,83,12,50,50,50,75,94,113,113,132,151,151,276,276,295,314,333,352,352,352,390,423,498,517,536,555,176,195,195,320,320,339,358,421,440,459,459,15,15,15,34,53,53,91,110,110,110],"floor_reached":51,"language":"KOR","playtime":725,"items_purged":["Pain","Normality"],"score":782,"play_id":"885dcf4d-e02e-4c6a-9666-bd3bcb46242d","local_time":"20210218173402","daily_mods":["Cursed Run","Uncertain Future","Lethality"],"is_ascension_mode":false,"campfire_choices":[{"data":"Anger","floor":7.0,"key":"SMITH"},{"floor":12.0,"key":"REST"},{"data":"Inflame","floor":15.0,"key":"SMITH"},{"floor":23.0,"key":"REST"},{"floor":32,"key":"REST"},{"data":"1","floor":40,"key":"LIFT"},{"data":"2","floor":46,"key":"LIFT"},{"data":"3","floor":49,"key":"LIFT"}],"circlet_count":0,"master_deck":["Defend_R","Defend_R","Defend_R","Defend_R+1","Bash+1","Cleave","Anger+1","Seeing Red","Inflame+1","Injury","Heavy Blade+1","Reckless Charge+1","Sword Boomerang+1","Inflame","Immolate+1","Rage","Sword Boomerang+1","Pummel+1","Shockwave","Bite+1","Bite+1","Bite+1","Bite+1","Bite+1","Iron Wave+1","Metallicize","Decay","Second Wind","True Grit","Shrug It Off","Limit Break","Shrug It Off","CurseOfTheBell","Intimidate","Ghostly Armor","Warcry+1","Limit Break","Feel No Pain","True Grit","Offering","Inflame","Shrug It Off+1"],"relics":["Cursed Key","Darkstone Periapt","Du-Vu Doll","Golden Idol","Molten Egg 2","Smiling Mask","SlaversCollar","Strawberry","Red Mask","Bottled Tornado","Kunai","Calling Bell","Oddly Smooth Stone","Eternal Feather","Girya","Ice Cream","Omamori","Boot","Art of War"],"acts_visited":["Exordium","TheCity","TheBeyond"],"potions_floor_usage":[27,28,42,47,50,50,50],"damage_taken":[{"damage":4.0,"enemies":"Jaw Worm","floor":1.0,"turns":2.0},{"damage":3.0,"enemies":"2 Louse","floor":3.0,"turns":2.0},{"damage":17.0,"enemies":"Gremlin Nob","floor":6.0,"turns":3.0},{"damage":0.0,"enemies":"Cultist","floor":10.0,"turns":2.0},{"damage":0.0,"enemies":"Looter","floor":11.0,"turns":1.0},{"damage":10.0,"enemies":"Blue Slaver","floor":13.0,"turns":2.0},{"damage":0.0,"enemies":"Exordium Wildlife","floor":14.0,"turns":1.0},{"damage":36.0,"enemies":"The Guardian","floor":16.0,"turns":5.0},{"damage":11.0,"enemies":"Chosen","floor":18.0,"turns":2.0},{"damage":57.0,"enemies":"3 Byrds","floor":19.0,"turns":3.0},{"damage":14.0,"enemies":"Shelled Parasite and Fungi","floor":20.0,"turns":3.0},{"damage":5.0,"enemies":"Cultist and Chosen","floor":21.0,"turns":3.0},{"damage":20.0,"enemies":"Book of Stabbing","floor":24.0,"turns":2.0},{"damage":3,"enemies":"Masked Bandits","floor":25,"turns":2},{"damage":0,"enemies":"Snake Plant","floor":27,"turns":1},{"damage":16,"enemies":"Chosen and Byrds","floor":28,"turns":3},{"damage":7,"enemies":"Cultist and Chosen","floor":29,"turns":3},{"damage":0,"enemies":"Snake Plant","floor":31,"turns":2},{"damage":17,"enemies":"Automaton","floor":33,"turns":5},{"damage":15,"enemies":"3 Darklings","floor":35,"turns":4},{"damage":0,"enemies":"Orb Walker","floor":36,"turns":3},{"damage":45,"enemies":"Mind Bloom Boss Battle","floor":37,"turns":3},{"damage":6,"enemies":"Writhing Mass","floor":38,"turns":4},{"damage":15,"enemies":"Jaw Worm Horde","floor":39,"turns":4},{"damage":10,"enemies":"4 Shapes","floor":44,"turns":5},{"damage":6,"enemies":"3 Darklings","floor":45,"turns":2},{"damage":21,"enemies":"Reptomancer","floor":47,"turns":3},{"damage":10,"enemies":"Jaw Worm Horde","floor":48,"turns":2},{"damage":15,"enemies":"Awakened One","floor":50,"turns":7}],"seed_played":"-4060160915487772418","potions_obtained":[{"floor":1.0,"key":"FearPotion"},{"floor":6.0,"key":"Fire Potion"},{"floor":10.0,"key":"Dexterity Potion"},{"floor":19.0,"key":"SkillPotion"},{"floor":20.0,"key":"PowerPotion"},{"floor":21.0,"key":"Regen Potion"},{"floor":25,"key":"DistilledChaos"},{"floor":27,"key":"SkillPotion"},{"floor":35,"key":"HeartOfIron"},{"floor":37,"key":"Block Potion"},{"floor":42,"key":"BloodPotion"},{"floor":42,"key":"LiquidBronze"},{"floor":47,"key":"BloodPotion"},{"floor":48,"key":"Block Potion"}],"is_trial":false,"path_per_floor":["M","?","M","?","$","E","R","?","T","M","M","R","M","M","R","B",null,"M","M","M","M","?","R","E","?","T","M","M","M","$","M","R","B",null,"M","M","?","M","M","R","$","?","T","M","M","R","E","M","R","B",null],"character_chosen":"IRONCLAD","items_purchased":["Seeing Red","Limit Break","Kunai","Omamori","Limit Break","Feel No Pain","True Grit"],"campfire_rested":3,"item_purchase_floors":[5,30,30,41,41,41,41],"current_hp_per_floor":[76,56,53,53,53,36,36,20,26,26,26,51,41,41,41,11,92,81,24,10,5,5,24,25,28,34,37,27,32,32,35,58,59,89,80,89,47,47,38,59,59,76,76,75,75,89,85,75,89,74],"gold":110,"neow_bonus":"","is_daily":true,"chose_seed":false,"campfire_upgraded":2,"win_rate":0.0,"timestamp":1613637242,"path_taken":["M","?","M","?","$","E","R","?","T","M","M","R","M","M","R","BOSS","M","M","M","M","?","R","E","?","T","M","M","?","$","M","R","BOSS","M","M","?","M","M","R","$","?","T","?","M","R","E","M","R","BOSS"],"items_purchased_type":["Card","Card","Relic","Relic","Card","Card","Card"],"build_version":"2020-12-22","purchased_purges":2,"victory":true,"max_hp_per_floor":[80,80,80,80,80,80,80,80,86,86,86,86,86,86,86,92,92,92,92,92,92,64,64,71,71,77,77,77,77,77,77,77,83,89,89,89,89,89,89,89,89,89,89,89,89,89,89,89,89,89],"card_choices":[{"not_picked":["Spot Weakness","Evolve"],"picked":"Cleave","floor":1.0},{"not_picked":["Body Slam","Sentinel"],"picked":"Anger","floor":3.0},{"not_picked":["Entrench","Body Slam+1"],"picked":"Inflame","floor":6.0},{"not_picked":["True Grit","Warcry"],"picked":"Heavy Blade+1","floor":10.0},{"not_picked":["Clash+1","Sentinel"],"picked":"Reckless Charge+1","floor":11.0},{"not_picked":["Rupture","Pommel Strike+1"],"picked":"Sword Boomerang+1","floor":13.0},{"not_picked":["Headbutt+1","Hemokinesis+1"],"picked":"Inflame","floor":14.0},{"not_picked":["Demon Form","Bludgeon+1"],"picked":"Immolate+1","floor":16.0},{"not_picked":["Inflame","Feel No Pain+1"],"picked":"Rage","floor":18.0},{"not_picked":["Wild Strike+1","Anger+1"],"picked":"Sword Boomerang+1","floor":19.0},{"not_picked":["Entrench+1","Wild Strike+1"],"picked":"Pummel+1","floor":20.0},{"not_picked":["Dark Embrace","Twin Strike+1"],"picked":"Shockwave","floor":21.0},{"not_picked":["Infernal Blade","Body Slam+1"],"picked":"Iron Wave+1","floor":24.0},{"not_picked":["Flex","Blood for Blood+1"],"picked":"Metallicize","floor":25},{"not_picked":["Headbutt+1","Searing Blow+1"],"picked":"Second Wind","floor":27},{"not_picked":["Power Through","Flex"],"picked":"True Grit","floor":28},{"not_picked":["Pommel Strike+1","Pummel+1"],"picked":"Shrug It Off","floor":29},{"not_picked":["Perfected Strike+1","Searing Blow+1"],"picked":"Shrug It Off","floor":31},{"not_picked":["Heavy Blade+1","Twin Strike+1","Clothesline+1"],"picked":"SKIP","floor":35},{"not_picked":["Wild Strike+1","Bloodletting+1"],"picked":"Intimidate","floor":36},{"not_picked":["Clash+1","Wild Strike+1"],"picked":"Ghostly Armor","floor":37},{"not_picked":["Body Slam+1","Wild Strike+1","Flex"],"picked":"SKIP","floor":38},{"not_picked":["Body Slam+1","Fire Breathing+1"],"picked":"Warcry+1","floor":39},{"not_picked":["Havoc","Shockwave+1"],"picked":"Offering","floor":44},{"not_picked":["Wild Strike+1","Bloodletting","Pommel Strike+1"],"picked":"SKIP","floor":45},{"not_picked":["Ghostly Armor+1","Cleave+1"],"picked":"Inflame","floor":47},{"not_picked":["Cleave+1","Hemokinesis+1"],"picked":"Shrug It Off+1","floor":48}],"player_experience":934530,"relics_obtained":[{"floor":6.0,"key":"Molten Egg 2"},{"floor":9.0,"key":"Smiling Mask"},{"floor":24.0,"key":"Strawberry"},{"floor":25,"key":"Red Mask"},{"floor":26,"key":"Bottled Tornado"},{"floor":34,"key":"Oddly Smooth Stone"},{"floor":34,"key":"Eternal Feather"},{"floor":34,"key":"Girya"},{"floor":37,"key":"Ice Cream"},{"floor":43,"key":"Boot"},{"floor":47,"key":"Art of War"}],"event_choices":[{"damage_healed":0.0,"max_hp_gain":0.0,"max_hp_loss":0.0,"gold_gain":0.0,"event_name":"Golden Idol","player_choice":"Take Damage","floor":2.0,"gold_loss":0.0,"damage_taken":20.0,"relics_obtained":["Golden Idol"]},{"cards_removed":["Strike_R"],"damage_healed":0.0,"max_hp_gain":0.0,"max_hp_loss":0.0,"gold_gain":0.0,"event_name":"The Cleric","player_choice":"Card Removal","floor":4.0,"gold_loss":50.0,"damage_taken":0.0},{"damage_healed":0.0,"max_hp_gain":0.0,"max_hp_loss":0.0,"gold_gain":0.0,"event_name":"Shining Light","player_choice":"Entered Light","floor":8.0,"gold_loss":0.0,"damage_taken":16.0,"cards_upgraded":["Bash","Defend_R"]},{"damage_healed":0.0,"max_hp_gain":0.0,"max_hp_loss":28.0,"gold_gain":0.0,"event_name":"Vampires","player_choice":"Became a vampire","floor":22.0,"gold_loss":0.0,"damage_taken":0.0,"cards_obtained":["Bite","Bite","Bite","Bite","Bite"]},{"damage_healed":0,"gold_gain":0,"player_choice":"Fought Bandits","damage_taken":0,"max_hp_gain":0,"max_hp_loss":0,"event_name":"Masked Bandits","floor":25,"gold_loss":0},{"damage_healed":0,"gold_gain":0,"player_choice":"Fight","damage_taken":0,"max_hp_gain":0,"max_hp_loss":0,"event_name":"MindBloom","floor":37,"gold_loss":0},{"damage_healed":0,"gold_gain":0,"player_choice":"Got Potions","damage_taken":0,"max_hp_gain":0,"max_hp_loss":0,"event_name":"Lab","floor":42,"gold_loss":0}],"is_beta":false,"boss_relics":[{"not_picked":["Runic Dome","Pandora\u0027s Box"],"picked":"SlaversCollar"},{"not_picked":["Runic Pyramid","Fusion Hammer"],"picked":"Calling Bell"}],"items_purged_floors":[30,41],"is_endless":false,"potions_floor_spawned":[1,6,10,14,19,20,21,25,27,35,37,38,47,48],"ascension_level":0}}