{"host":"hbrjinenk1akq1dy","time":1613651984,"event":{"mods":["BaseMod","Colored Map","Colored Powertips","Highlight Path","Minty Spire (QoL Compilation)","Quick Restart","StSLib","SuperFastMode"],"gold_per_floor":[113,130,130,147,165,165,190,190,217,97,122,140,140,59,59,162,162,181,35,55,55,65,65,100,100,127,157,177,203,221,254,254,358,358,378,390,390,59,69,69,96,108,108,137,147,147,147,47,47,47],"floor_reached":51,"language":"ENG","playtime":2210,"items_purged":["Perfected Strike","Havoc"],"score":994,"play_id":"0c1ee692-caff-4cad-89bf-84a28c6386c3","local_time":"20210218203944","is_ascension_mode":true,"campfire_choices":[{"data":"True Grit","floor":6.0,"key":"SMITH"},{"data":"Immolate","floor":8.0,"key":"SMITH"},{"data":"Sentinel","floor":13.0,"key":"SMITH"},{"data":"Double Tap","floor":15.0,"key":"SMITH"},{"data":"Feed","floor":23.0,"key":"SMITH"},{"data":"Inflame","floor":25.0,"key":"SMITH"},{"floor":32.0,"key":"REST"},{"data":"Uppercut","floor":40,"key":"SMITH"},{"data":"Offering","floor":46,"key":"SMITH"},{"data":"Madness","floor":49,"key":"SMITH"}],"circlet_count":0,"master_deck":["Bash","Clothesline+1","Impervious","Impervious","Rage","Inflame","Immolate+1","Double Tap+1","Ghostly Armor","Dark Embrace+1","True Grit+1","Inflame+1","Shrug It Off","Sentinel+1","Fiend Fire+1","Feed+1","CurseOfTheBell","Twin Strike+1","Ghostly Armor+1","Sword Boomerang","Uppercut+1","Offering+1","Feel No Pain","Sentinel+1","Madness+1","Madness"],"relics":["Pandora\u0027s Box","Nunchaku","Red Skull","Bag of Preparation","Calling Bell","Lizard Tail","Regal Pillow","Blue Candle","MealTicket","Paper Frog","Whetstone","Vajra","Singing Bowl","Pear","Sundial","Mark of Pain","ClockworkSouvenir","Anchor","Bronze Scales","Meat on the Bone","Potion Belt"],"acts_visited":["Exordium","TheCity","TheBeyond"],"potions_floor_usage":[39],"damage_taken":[{"damage":0.0,"enemies":"Jaw Worm","floor":1.0,"turns":3.0},{"damage":0.0,"enemies":"Cultist","floor":2.0,"turns":3.0},{"damage":0.0,"enemies":"2 Louse","floor":4.0,"turns":2.0},{"damage":0.0,"enemies":"Lots of Slimes","floor":5.0,"turns":2.0},{"damage":12.0,"enemies":"Gremlin Nob","floor":7.0,"turns":4.0},{"damage":22.0,"enemies":"Lagavulin","floor":11.0,"turns":6.0},{"damage":0.0,"enemies":"Blue Slaver","floor":12.0,"turns":2.0},{"damage":15.0,"enemies":"Hexaghost","floor":16.0,"turns":7.0},{"damage":14.0,"enemies":"2 Thieves","floor":18.0,"turns":4.0},{"damage":3.0,"enemies":"Chosen","floor":20.0,"turns":4.0},{"damage":1.0,"enemies":"Snake Plant","floor":22.0,"turns":4.0},{"damage":7.0,"enemies":"Slavers","floor":24.0,"turns":2.0},{"damage":25.0,"enemies":"Gremlin Leader","floor":27.0,"turns":4.0},{"damage":0.0,"enemies":"Snecko","floor":28.0,"turns":2.0},{"damage":14.0,"enemies":"Slavers","floor":29.0,"turns":5.0},{"damage":0.0,"enemies":"Cultist and Chosen","floor":30.0,"turns":3.0},{"damage":13.0,"enemies":"Book of Stabbing","floor":31.0,"turns":6.0},{"damage":34.0,"enemies":"Collector","floor":33.0,"turns":6.0},{"damage":0.0,"enemies":"3 Shapes","floor":35.0,"turns":3.0},{"damage":18.0,"enemies":"3 Darklings","floor":36.0,"turns":4.0},{"damage":6,"enemies":"Transient","floor":39,"turns":5},{"damage":9,"enemies":"Giant Head","floor":41,"turns":5},{"damage":6,"enemies":"Maw","floor":42,"turns":4},{"damage":21,"enemies":"Nemesis","floor":44,"turns":7},{"damage":0,"enemies":"Spire Growth","floor":45,"turns":2},{"damage":56,"enemies":"Donu and Deca","floor":50,"turns":7}],"seed_played":"689070809602109509","potions_obtained":[{"floor":4.0,"key":"Energy Potion"},{"floor":7.0,"key":"LiquidBronze"},{"floor":12.0,"key":"SkillPotion"},{"floor":16.0,"key":"AttackPotion"},{"floor":22.0,"key":"LiquidMemories"},{"floor":27.0,"key":"AttackPotion"},{"floor":33.0,"key":"SpeedPotion"},{"floor":35.0,"key":"SteroidPotion"},{"floor":36.0,"key":"Swift Potion"},{"floor":44,"key":"Fire Potion"},{"floor":45,"key":"PowerPotion"}],"is_trial":false,"path_per_floor":["M","M","?","M","M","R","E","R","T","$","E","M","R","$","R","B",null,"M","$","M","T","M","R","E","R","T","E","M","E","M","E","R","B",null,"M","M","?","$","M","R","E","M","T","E","M","R","?","$","R","B",null],"character_chosen":"IRONCLAD","items_purchased":["Shrug It Off","Fiend Fire","MealTicket","ClockworkSouvenir","Anchor","Feel No Pain"],"campfire_rested":1,"item_purchase_floors":[10,14,19,38,38,38],"current_hp_per_floor":[80,80,80,80,80,80,68,68,68,68,46,46,46,46,46,31,80,66,66,66,66,68,68,65,65,65,40,40,42,44,33,81,47,110,112,96,96,111,107,107,100,96,96,75,77,77,62,77,77,33],"gold":47,"neow_bonus":"BOSS_RELIC","is_daily":false,"chose_seed":false,"campfire_upgraded":9,"win_rate":0.0,"timestamp":1613651984,"path_taken":["M","M","?","M","M","R","E","R","T","$","E","M","R","$","R","BOSS","M","$","M","?","?","R","E","R","T","E","M","E","M","E","R","BOSS","M","M","?","$","M","R","E","?","T","E","M","R","?","$","R","BOSS"],"items_purchased_type":["Card","Card","Relic","Relic","Relic","Card"],"build_version":"2020-12-22","purchased_purges":2,"victory":true,"max_hp_per_floor":[80,80,80,80,80,80,80,80,80,80,80,80,80,80,80,80,80,80,80,83,83,86,86,90,90,90,90,90,106,108,110,110,110,110,112,114,114,114,116,116,118,120,120,120,122,122,122,122,122,122],"card_choices":[{"not_picked":["Headbutt","Heavy Blade"],"picked":"Ghostly Armor","floor":1.0},{"not_picked":["Thunderclap","Wild Strike"],"picked":"Dark Embrace","floor":2.0},{"not_picked":["Heavy Blade","Dropkick"],"picked":"True Grit","floor":4.0},{"not_picked":["Blood for Blood","Thunderclap"],"picked":"Inflame","floor":5.0},{"not_picked":["Second Wind","Thunderclap","Armaments"],"picked":"SKIP","floor":7.0},{"not_picked":["Shrug It Off","Flame Barrier"],"picked":"Sentinel","floor":11.0},{"not_picked":["Perfected Strike","Flex","Blood for Blood"],"picked":"SKIP","floor":12.0},{"not_picked":["Double Tap","Juggernaut"],"picked":"Feed","floor":16.0},{"not_picked":["Clothesline","Heavy Blade"],"picked":"Twin Strike+1","floor":18.0},{"not_picked":["Dark Embrace+1","Rampage","Clothesline"],"picked":"SKIP","floor":20.0},{"not_picked":["Iron Wave","Twin Strike","Armaments+1"],"picked":"SKIP","floor":22.0},{"not_picked":["Armaments","Heavy Blade+1"],"picked":"Ghostly Armor+1","floor":24.0},{"not_picked":["Brutality","Heavy Blade"],"picked":"Sword Boomerang","floor":27.0},{"not_picked":["Armaments+1","Pommel Strike+1"],"picked":"Uppercut","floor":28.0},{"not_picked":["Cleave","Feed","Double Tap"],"picked":"Singing Bowl","floor":29.0},{"not_picked":["Havoc","Cleave+1","Intimidate"],"picked":"Singing Bowl","floor":30.0},{"not_picked":["Dual Wield","Pommel Strike","Carnage"],"picked":"Singing Bowl","floor":31.0},{"not_picked":["Brutality","Barricade"],"picked":"Offering","floor":33.0},{"not_picked":["Clash+1","Sword Boomerang","Blood for Blood"],"picked":"Singing Bowl","floor":35.0},{"not_picked":["Ghostly Armor","Armaments","Dual Wield"],"picked":"Singing Bowl","floor":36.0},{"not_picked":["Pommel Strike","Searing Blow+1","Flame Barrier+1"],"picked":"Singing Bowl","floor":39},{"not_picked":["True Grit","Clothesline+1","Anger+1"],"picked":"Singing Bowl","floor":41},{"not_picked":["Headbutt+1","Wild Strike","Pommel Strike+1"],"picked":"Singing Bowl","floor":42},{"not_picked":["Dual Wield+1","Barricade"],"picked":"Sentinel+1","floor":44},{"not_picked":["Intimidate+1","Uppercut","Heavy Blade+1"],"picked":"Singing Bowl","floor":45}],"player_experience":199164,"relics_obtained":[{"floor":7.0,"key":"Nunchaku"},{"floor":9.0,"key":"Red Skull"},{"floor":11.0,"key":"Bag of Preparation"},{"floor":17.0,"key":"Lizard Tail"},{"floor":17.0,"key":"Regal Pillow"},{"floor":17.0,"key":"Blue Candle"},{"floor":21.0,"key":"Paper Frog"},{"floor":24.0,"key":"Whetstone"},{"floor":26.0,"key":"Vajra"},{"floor":27.0,"key":"Singing Bowl"},{"floor":29.0,"key":"Pear"},{"floor":31.0,"key":"Sundial"},{"floor":41,"key":"Bronze Scales"},{"floor":43,"key":"Meat on the Bone"},{"floor":44,"key":"Potion Belt"}],"event_choices":[{"damage_healed":0.0,"max_hp_gain":0.0,"max_hp_loss":0.0,"gold_gain":0.0,"event_name":"Accursed Blacksmith","player_choice":"Forge","floor":3.0,"gold_loss":0.0,"damage_taken":0.0,"cards_upgraded":["Dark Embrace"]},{"damage_healed":0.0,"max_hp_gain":0.0,"max_hp_loss":0.0,"gold_gain":0.0,"event_name":"SecretPortal","player_choice":"Ignored","floor":37.0,"gold_loss":0.0,"damage_taken":0.0},{"damage_healed":0,"gold_gain":0,"player_choice":"Embrace Madness","damage_taken":15,"max_hp_gain":0,"max_hp_loss":0,"event_name":"Winding Halls","floor":47,"gold_loss":0,"cards_obtained":["Madness","Madness"]}],"is_beta":false,"boss_relics":[{"not_picked":["SacredBark","Ectoplasm"],"picked":"Calling Bell"},{"not_picked":["Philosopher\u0027s Stone","Tiny House"],"picked":"Mark of Pain"}],"items_purged_floors":[10,48],"is_endless":false,"potions_floor_spawned":[4,7,12,16,22,24,27,33,35,36,44,45],"ascension_level":4}}