{"host":"kfzb6d1vwx0oeud7","time":1613629529,"event":{"mods":["BaseMod","Colored Map","Colored Powertips","Infinite Spire","Marisa????????","Minty Spire (QoL Compilation)","Remilia??????","StSLib","The Cursed","The Disciple","The Servant 0.9.4"],"gold_per_floor":[110,110,129,129,139,167,167,167,194,211,227,227,253,270,270,366,366,377,377,377,390,46,71,71,90,117,128,145,145,176,193,193,291,291,310,310,1309,150,160,160,189,189,189,189,237,48,48,48,48,148,148,160,173,173,173,187,204,90,90,116,123,143,160,173,187,187,275,275,281,281,281,281,281,278,292,306,306,316,316,316,326,353,353,415,415,417,428,230,238,324,324,344,348,430,462,462,462,474,463,463,508,508,526,538,713,719,77,104,104,104,165,165,199,222,231,234,234,323,373,384,384,429,429,446,453,460,288,288,296,313,313,349,354,354,441,441,455,677,168,168,177,177,197,215,215,219,204,197,235,244,244,338,338,338,65,92,137],"floor_reached":158,"language":"ENG","playtime":30977,"items_purged":["Normality","Normality","Shame","Doubt","Injury"],"score":4597,"play_id":"c66d28ea-c44b-414b-a31a-c04b123838d0","local_time":"20210218012529","is_ascension_mode":false,"campfire_choices":[{"floor":7,"key":"REST"},{"floor":12,"key":"REST"},{"data":"Barrier","floor":15,"key":"SMITH"},{"floor":24,"key":"REST"},{"data":"Apotheosis","floor":24,"key":"SMITH"},{"floor":29,"key":"REST"},{"data":"Dilation","floor":29,"key":"SMITH"},{"floor":32,"key":"REST"},{"data":"Embodiment","floor":32,"key":"SMITH"},{"data":"DualDimension","floor":40,"key":"SMITH"},{"floor":44,"key":"REST"},{"data":"MurderousAura","floor":44,"key":"SMITH"},{"floor":47,"key":"REST"},{"data":"Initiator","floor":47,"key":"SMITH"},{"floor":49,"key":"REST"},{"data":"FlawlessForm","floor":66,"key":"SMITH"},{"floor":80,"key":"REST"},{"data":"Gluttony_TH","floor":80,"key":"PURGE"},{"data":"TheCursedMod:Dregs","floor":83,"key":"PURGE"},{"floor":91,"key":"REST"},{"data":"infinitespire:Punishment","floor":91,"key":"SMITH"},{"data":"Dilation","floor":96,"key":"SMITH"},{"data":"RitualDagger","floor":100,"key":"SMITH"},{"data":"FloweringNight","floor":109,"key":"SMITH"},{"data":"infinitespire:Punishment","floor":117,"key":"SMITH"},{"data":"Metamorphosis","floor":131,"key":"SMITH"},{"data":"Decay","floor":134,"key":"PURGE"},{"data":"Injury","floor":142,"key":"PURGE"},{"floor":151,"key":"REST"},{"data":"Wraith","floor":151,"key":"PURGE"},{"data":"Initiator","floor":154,"key":"SMITH"}],"circlet_count":0,"master_deck":["Defend_S+1","Defend_S+1","Defend_S+1","Defend_S+1","KidneyShot","Exchange","Defy","Luminosity","FanOfKnives","Barrier+1","Rearm","Alleviate","Dilation+1","Moondial","Embodiment+1","Sabotage+1","TimeWarp","Snipe","J.A.X.","Desolation+1","Apotheosis+1","Luminosity","InstantArmor","Potential","Deny+1","Luminosity","Replace+1","Collapse+1","Rewind","Reset","MurderousAura+1","Starlight+1","infinitespire:Punishment+1","SilverBlades","Initiator+1","DualDimension+1","Metamorphosis+1","DoubleEdge","MoonPhase","infinitespire:Gouge","Defy+1","Desolation+1","Madness","Madness","FlawlessForm+1","Snipe","Ricochet","Comet","Spin+1","Apotheosis+1","Potential","Initiator+1","Barrier","Read","Misdirection","infinitespire:TheBestDefense","Dilation+1","Defy","Ricochet","SilverBlades","ShatteredReality","RitualDagger+1","Ricochet","ReturningBlade+1","FloweringNight+1","DoubleEdge+1","Defy+1","Manipulate+1","infinitespire:Punishment+1","InstantArmor+1","BottledTime","GearUp","Hightail+1","CurseOfTheBell","ShiftingGears","DualDimension","InstantArmor","Bite+1","Bite+1","Bite+1","Bite+1","Bite+1","Potential+1","Gouge+1","FloweringNight","Barrier","ShatteredReality+1","Madness","Madness","DoubleEdge+1","infinitespire:Collect","SoulSculpture+1","Mayhem","TimeWarp+1","Spin+1","Solidify"],"relics":["Uniform","Lantern","infinitespire:Satchel","Juzu Bracelet","Mercury Hourglass","Black Star","StoneCalendar","infinitespire:Magic Flask","MealTicket","Bronze Scales","infinitespire:FocusingShard","SacredBark","Orichalcum","SlaversCollar","Kunai","Ginger","The Courier","Bag of Marbles","Akabeko","Mango","Vajra","Cursed Key","Regal Pillow","Art of War","Blue Candle","DollysMirror","Boot","infinitespire:CursedDice","Potion Belt","infinitespire:WardingShard","PreservedInsect","Busted Crown","MutagenicStrength","Peace Pipe","infinitespire:Beetle Shell","Bottled Flame","Whetstone","Happy Flower","Philosopher\u0027s Stone","infinitespire:Lucky Rock","Ice Cream","Toy Ornithopter","Sundial","Nunchaku","Calling Bell","infinitespire:PuzzleCube","Singing Bowl","Calipers","Oddly Smooth Stone","Darkstone Periapt","CeramicFish","infinitespire:ShieldingShard","Bottled Tornado","HornCleat","Pen Nib","Molten Egg 2","War Paint","Omamori","Tiny House","Red Mask","Smiling Mask","Ancient Tea Set","Strawberry","Lizard Tail","Bird Faced Urn","StoneMask","Anchor","infinitespire:CheckeredPen","Eternal Feather","Lee\u0027s Waffle","Du-Vu Doll","Tiny Chest","Ornamental Fan","Bag of Preparation","Centennial Puzzle","infinitespire:Cupcake","OrangePellets","TungstenRod","infinitespire:Midas Blood"],"acts_visited":["Exordium","TheCity","TheBeyond","Exordium","TheCity","TheBeyond","Exordium","TheCity","TheBeyond","TheEnding"],"potions_floor_usage":[6,6,11,21,21,28,28,30,41,45,62,67,67,67,99,101,101,157,157],"damage_taken":[{"damage":9,"enemies":"Cultist","floor":1,"turns":4},{"damage":0,"enemies":"Jaw Worm","floor":3,"turns":3},{"damage":0,"enemies":"2 Louse","floor":5,"turns":3},{"damage":16,"enemies":"Gremlin Nob","floor":6,"turns":4},{"damage":2,"enemies":"Blue Slaver","floor":10,"turns":6},{"damage":7,"enemies":"Lots of Slimes","floor":11,"turns":4},{"damage":21,"enemies":"Lagavulin","floor":13,"turns":12},{"damage":0,"enemies":"3 Louse","floor":14,"turns":2},{"damage":0,"enemies":"Hexaghost","floor":16,"turns":17},{"damage":15,"enemies":"3 Byrds","floor":18,"turns":4},{"damage":10,"enemies":"2 Thieves","floor":21,"turns":4},{"damage":52,"enemies":"Book of Stabbing","floor":23,"turns":8},{"damage":1,"enemies":"Snecko","floor":25,"turns":5},{"damage":2,"enemies":"Shelled Parasite and Fungi","floor":27,"turns":7},{"damage":4,"enemies":"Snake Plant","floor":28,"turns":2},{"damage":0,"enemies":"Nightmare","floor":30,"turns":7},{"damage":13,"enemies":"Centurion and Healer","floor":31,"turns":7},{"damage":0,"enemies":"Champ","floor":33,"turns":12},{"damage":0,"enemies":"3 Shapes","floor":35,"turns":4},{"damage":6,"enemies":"Orb Walker","floor":39,"turns":3},{"damage":32,"enemies":"Giant Head","floor":41,"turns":7},{"damage":37,"enemies":"2 Orb Walkers","floor":45,"turns":4},{"damage":41,"enemies":"Donu and Deca","floor":50,"turns":8},{"damage":0,"enemies":"Small Slimes","floor":52,"turns":1},{"damage":0,"enemies":"2 Louse","floor":53,"turns":1},{"damage":0,"enemies":"Cultist","floor":56,"turns":2},{"damage":0,"enemies":"Lagavulin","floor":57,"turns":2},{"damage":0,"enemies":"3 Louse","floor":61,"turns":2},{"damage":0,"enemies":"Gremlin Nob","floor":62,"turns":3},{"damage":0,"enemies":"Lots of Slimes","floor":63,"turns":1},{"damage":3,"enemies":"Large Slime","floor":64,"turns":1},{"damage":0,"enemies":"Lagavulin","floor":65,"turns":4},{"damage":60,"enemies":"Hexaghost","floor":67,"turns":3},{"damage":0,"enemies":"Shell Parasite","floor":69,"turns":1},{"damage":0,"enemies":"Spheric Guardian","floor":74,"turns":3},{"damage":40,"enemies":"Book of Stabbing","floor":75,"turns":4},{"damage":0,"enemies":"Shelled Parasite and Fungi","floor":76,"turns":1},{"damage":4,"enemies":"Centurion and Healer","floor":78,"turns":2},{"damage":0,"enemies":"Snake Plant","floor":81,"turns":1},{"damage":0,"enemies":"Nightmare_Alpha","floor":82,"turns":1},{"damage":8,"enemies":"Automaton","floor":84,"turns":8},{"damage":7,"enemies":"3 Shapes","floor":86,"turns":2},{"damage":0,"enemies":"Orb Walker","floor":87,"turns":1},{"damage":0,"enemies":"3 Darklings","floor":89,"turns":2},{"damage":0,"enemies":"infinitespire:Three Voidlings","floor":90,"turns":3},{"damage":59,"enemies":"Nightmare_Alpha","floor":90,"turns":2},{"damage":0,"enemies":"Nightmare","floor":92,"turns":3},{"damage":0,"enemies":"Maw","floor":93,"turns":3},{"damage":0,"enemies":"Nemesis","floor":95,"turns":1},{"damage":3,"enemies":"Spire Growth","floor":98,"turns":1},{"damage":4,"enemies":"4 Shapes","floor":99,"turns":4},{"damage":12,"enemies":"Awakened One","floor":101,"turns":6},{"damage":0,"enemies":"Jaw Worm","floor":103,"turns":1},{"damage":0,"enemies":"Cultist","floor":104,"turns":1},{"damage":0,"enemies":"Small Slimes","floor":106,"turns":2},{"damage":0,"enemies":"Nightmare","floor":108,"turns":1},{"damage":0,"enemies":"3 Sentries","floor":113,"turns":2},{"damage":0,"enemies":"Exordium Wildlife","floor":114,"turns":1},{"damage":0,"enemies":"2 Fungi Beasts","floor":116,"turns":2},{"damage":0,"enemies":"The Guardian","floor":118,"turns":1},{"damage":0,"enemies":"Spheric Guardian","floor":120,"turns":1},{"damage":0,"enemies":"Shell Parasite","floor":124,"turns":1},{"damage":0,"enemies":"Nightmare","floor":125,"turns":3},{"damage":0,"enemies":"Centurion and Healer","floor":126,"turns":1},{"damage":0,"enemies":"Cultist and Chosen","floor":129,"turns":1},{"damage":0,"enemies":"Snake Plant","floor":130,"turns":1},{"damage":0,"enemies":"Book of Stabbing","floor":132,"turns":1},{"damage":0,"enemies":"Centurion and Healer","floor":133,"turns":2},{"damage":0,"enemies":"Champ","floor":135,"turns":3},{"damage":0,"enemies":"3 Shapes","floor":137,"turns":2},{"damage":0,"enemies":"Giant Head","floor":143,"turns":1},{"damage":0,"enemies":"3 Darklings","floor":146,"turns":2},{"damage":0,"enemies":"Transient","floor":147,"turns":5},{"damage":0,"enemies":"4 Shapes","floor":148,"turns":3},{"damage":126,"enemies":"Nightmare_Alpha","floor":149,"turns":3},{"damage":0,"enemies":"infinitespire:LordOfFortification","floor":152,"turns":1},{"damage":0,"enemies":"Shield and Spear","floor":156,"turns":2},{"damage":0,"enemies":"The Heart","floor":157,"turns":6}],"seed_played":"-4909688998526770777","potions_obtained":[{"floor":3,"key":"Energy Potion"},{"floor":5,"key":"PowerPotion"},{"floor":10,"key":"Fire Potion"},{"floor":14,"key":"SpeedPotion"},{"floor":16,"key":"Ancient Potion"},{"floor":18,"key":"Block Potion"},{"floor":25,"key":"Fire Potion"},{"floor":27,"key":"SneckoOil"},{"floor":33,"key":"Energy Potion"},{"floor":41,"key":"Strength Potion"},{"floor":53,"key":"Weak Potion"},{"floor":62,"key":"Strength Potion"},{"floor":63,"key":"BlessingOfTheForge"},{"floor":64,"key":"FearPotion"},{"floor":67,"key":"BlessingOfTheForge"},{"floor":75,"key":"Ancient Potion"},{"floor":76,"key":"SpeedPotion"},{"floor":81,"key":"ColorlessPotion"},{"floor":82,"key":"DuplicationPotion"},{"floor":87,"key":"FairyPotion"},{"floor":92,"key":"DistilledChaos"},{"floor":101,"key":"Block Potion"},{"floor":110,"key":"SpeedPotion"},{"floor":110,"key":"FearPotion"},{"floor":113,"key":"FairyPotion"},{"floor":157,"key":"Swift Potion"}],"is_trial":false,"path_per_floor":["M","?","M","?","M","E","R","?","T","M","M","R","E","M","R","B",null,"M","?","?","M","$","E","R","M","T","M","M","R","NM","M","R","B",null,"M","AVR","?","$","M","R","E","?","T","R","?","$","R","?","R","B",null,"M","M","?","?","M","E","$","?","T","M","E","M","M","E","R","B",null,"M","?","AVR","?","?","M","E","M","T","M","?","R","M","NM","R","B",null,"M","M","$","M","?","R","NM","M","T","E","R","?","M","M","R","B",null,"M","M","?","M","$","NM","R","?","T","?","E","M","T","M","R","B",null,"M","?","?","?","M","NM","M","$","T","M","M","R","E","M","R","B",null,"M","?","$","?","AVR","R","E","?","T","M","M","M","NM","?","R","B",null,"R","$","E","B",null],"character_chosen":"THE_SERVANT","items_purchased":["Apotheosis","Luminosity","InstantArmor","Potential","Kunai","Ginger","SilverBlades","Initiator","DualDimension","Metamorphosis","DoubleEdge","Vajra","Desolation","DollysMirror","infinitespire:Lucky Rock","Oddly Smooth Stone","Darkstone Periapt","CeramicFish","infinitespire:ShieldingShard","Strawberry","Anchor","infinitespire:CheckeredPen","Eternal Feather","OrangePellets","Mayhem","TimeWarp+1"],"campfire_rested":11,"item_purchase_floors":[22,22,22,22,38,38,38,38,38,38,38,46,46,58,88,107,107,107,107,127,139,139,139,155,155,155],"current_hp_per_floor":[50,47,47,47,47,31,54,59,59,57,50,74,53,53,53,53,82,67,67,67,57,57,5,29,28,28,26,22,46,46,33,57,57,82,82,82,82,82,76,76,44,24,24,48,25,40,68,56,84,43,96,96,96,96,93,93,93,96,101,101,101,101,101,98,98,98,38,101,101,101,101,116,116,116,76,76,76,72,66,115,115,115,115,107,116,109,109,116,116,57,106,106,106,106,106,106,106,105,108,108,108,116,118,120,120,122,122,122,122,122,128,128,128,128,134,136,136,138,145,147,147,147,147,149,149,151,158,158,160,162,162,162,164,164,164,164,167,167,167,167,174,174,175,153,153,164,179,185,61,67,191,193,193,193,193,195,196],"gold":137,"neow_bonus":"TWENTY_PERCENT_HP_BONUS","is_daily":false,"chose_seed":false,"campfire_upgraded":15,"win_rate":0.0,"timestamp":1613629529,"path_taken":["M","?","M","?","?","E","R","?","T","M","M","R","E","M","R","BOSS","M","?","?","M","$","E","R","M","T","M","M","R","NM","M","R","BOSS","M","AVR","?","$","M","R","E","?","T","R","?","$","R","?","R","BOSS","M","M","?","?","M","E","?","?","T","M","E","M","M","E","R","BOSS","M","?","AVR","?","?","M","E","M","T","M","?","R","M","NM","R","BOSS","M","M","$","M","?","R","NM","M","T","E","R","?","M","M","R","BOSS","M","M","?","M","$","NM","R","?","T","?","E","M","?","M","R","BOSS","M","?","?","?","M","NM","M","$","T","M","M","R","E","M","R","BOSS","M","?","$","?","AVR","R","E","?","T","M","M","M","NM","?","R","BOSS","R","$","E","BOSS"],"items_purchased_type":["Card","Card","Card","Card","Relic","Relic","Card","Card","Card","Card","Card","Relic","Card","Relic","Relic","Relic","Relic","Relic","Relic","Relic","Relic","Relic","Relic","Relic","Card","Card"],"build_version":"2020-12-22","purchased_purges":5,"victory":true,"max_hp_per_floor":[77,77,77,77,77,77,77,82,82,82,82,82,82,82,82,82,82,82,82,82,82,82,82,82,82,82,82,82,82,82,82,82,82,82,82,82,82,82,82,82,82,82,82,82,96,96,96,96,96,96,96,96,96,96,96,96,96,96,101,101,101,101,101,101,101,101,101,101,101,101,101,116,116,116,116,116,116,116,116,116,116,116,116,116,116,116,116,116,116,116,116,116,116,116,116,116,116,116,116,116,116,116,118,120,120,122,122,122,122,122,128,128,128,128,134,136,136,138,145,147,147,147,147,149,149,151,158,158,160,162,162,162,164,164,164,164,167,167,167,167,174,174,175,175,175,178,179,185,185,191,191,193,193,193,193,195,196],"card_choices":[{"not_picked":["InstantArmor","Desolation"],"picked":"Defy","floor":1},{"not_picked":["FanOfKnives","DoubleEdge"],"picked":"Luminosity","floor":3},{"not_picked":["WasteNot","Spin"],"picked":"FanOfKnives","floor":5},{"not_picked":["Gouge","FastForward"],"picked":"Barrier","floor":6},{"not_picked":["Alleviate","Rewind"],"picked":"Rearm","floor":10},{"not_picked":["Spin","Ricochet"],"picked":"Alleviate","floor":11},{"not_picked":["Read","Revamp"],"picked":"Dilation","floor":13},{"not_picked":["Read","FastForward"],"picked":"Moondial","floor":14},{"not_picked":["Solidify","Deny"],"picked":"Embodiment","floor":16},{"not_picked":["Replace","Rewind"],"picked":"Sabotage+1","floor":18},{"not_picked":["Replace","TimeWarp+1"],"picked":"Desolation+1","floor":21},{"not_picked":["TimeWarp","Replace"],"picked":"Deny","floor":23},{"not_picked":["Revamp","SpecialFormula"],"picked":"Luminosity","floor":25},{"not_picked":["Alleviate","Starlight"],"picked":"Replace+1","floor":27},{"not_picked":["Barrier","Starlight"],"picked":"Collapse+1","floor":28},{"not_picked":["Desolation","Defy"],"picked":"Rewind","floor":30},{"not_picked":["Spin","BestPractice+1"],"picked":"Reset","floor":31},{"not_picked":["Embodiment","Duplication"],"picked":"MurderousAura","floor":33},{"not_picked":["Rearm","BottledTime"],"picked":"Starlight+1","floor":35},{"not_picked":["Revamp+1","Rewind","Foresight"],"picked":"SKIP","floor":39},{"not_picked":["Comet+1","Rearm+1"],"picked":"MoonPhase","floor":41},{"not_picked":["infinitespire:Punishment","infinitespire:UltimateForm"],"picked":"infinitespire:Gouge","floor":42},{"not_picked":["Replace","Spin+1"],"picked":"Defy+1","floor":45},{"not_picked":["Solidify","KillingDoll"],"picked":"FlawlessForm","floor":50},{"not_picked":["Ricochet","TimeWarp"],"picked":"Snipe","floor":52},{"not_picked":["Rearm","FanOfKnives"],"picked":"Ricochet","floor":53},{"not_picked":["Ricochet","DoubleEdge"],"picked":"Comet","floor":56},{"not_picked":["Ricochet","Rewind"],"picked":"Spin","floor":57},{"not_picked":["Comet","Revamp"],"picked":"Potential","floor":61},{"not_picked":["Alleviate","Comet"],"picked":"Initiator","floor":62},{"not_picked":["Shuttle","TimeWarp"],"picked":"Barrier","floor":63},{"not_picked":["Unruled","BestPractice"],"picked":"Read","floor":64},{"not_picked":["ShiftingGears","Replace"],"picked":"Misdirection","floor":65},{"not_picked":["infinitespire:Collect","infinitespire:Oblivion"],"picked":"infinitespire:TheBestDefense","floor":67},{"not_picked":["LightFlow","Sunlight"],"picked":"Dilation","floor":67},{"not_picked":[],"picked":"Defy","floor":69},{"not_picked":[],"picked":"Ricochet","floor":74},{"not_picked":[],"picked":"SilverBlades","floor":75},{"not_picked":[],"picked":"ShatteredReality","floor":76},{"not_picked":["Replace"],"picked":"SKIP","floor":78},{"not_picked":[],"picked":"Ricochet","floor":81},{"not_picked":[],"picked":"ReturningBlade+1","floor":82},{"not_picked":[],"picked":"FloweringNight","floor":84},{"not_picked":[],"picked":"DoubleEdge+1","floor":86},{"not_picked":[],"picked":"Defy+1","floor":87},{"not_picked":[],"picked":"Manipulate+1","floor":89},{"not_picked":["infinitespire:Menacing","infinitespire:SevenWalls"],"picked":"infinitespire:Punishment","floor":90},{"not_picked":[],"picked":"InstantArmor","floor":90},{"not_picked":[],"picked":"BottledTime","floor":92},{"not_picked":["Shuttle"],"picked":"SKIP","floor":93},{"not_picked":[],"picked":"GearUp","floor":95},{"not_picked":["StarChef"],"picked":"SKIP","floor":98},{"not_picked":[],"picked":"Hightail","floor":99},{"not_picked":["Moondial"],"picked":"Singing Bowl","floor":103},{"not_picked":["Potential"],"picked":"Singing Bowl","floor":104},{"not_picked":["Alleviate"],"picked":"Singing Bowl","floor":106},{"not_picked":[],"picked":"ShiftingGears","floor":108},{"not_picked":[],"picked":"DualDimension","floor":113},{"not_picked":[],"picked":"InstantArmor","floor":114},{"not_picked":["Comet+1"],"picked":"Singing Bowl","floor":116},{"not_picked":["TheWorld"],"picked":"Singing Bowl","floor":118},{"not_picked":["Comet+1"],"picked":"Singing Bowl","floor":119},{"not_picked":["Starlight+1"],"picked":"Singing Bowl","floor":120},{"not_picked":["WasteNot"],"picked":"Singing Bowl","floor":124},{"not_picked":[],"picked":"Potential+1","floor":125},{"not_picked":["Starlight+1"],"picked":"Singing Bowl","floor":126},{"not_picked":["MoonPhase"],"picked":"Singing Bowl","floor":129},{"not_picked":["Potential+1"],"picked":"Singing Bowl","floor":130},{"not_picked":[],"picked":"Gouge+1","floor":132},{"not_picked":["Alleviate"],"picked":"Singing Bowl","floor":133},{"not_picked":[],"picked":"FloweringNight","floor":135},{"not_picked":["infinitespire:NeuralNetwork","infinitespire:Execution"],"picked":"infinitespire:SealOfDarkness+","floor":135},{"not_picked":[],"picked":"Barrier","floor":137},{"not_picked":[],"picked":"ShatteredReality+1","floor":143},{"not_picked":["Barrier"],"picked":"Singing Bowl","floor":146},{"not_picked":[],"picked":"DoubleEdge+1","floor":147},{"not_picked":["FlawlessForm"],"picked":"Singing Bowl","floor":148},{"not_picked":["infinitespire:NeuralNetwork","infinitespire:FinalStrike"],"picked":"infinitespire:Collect","floor":149},{"not_picked":[],"picked":"SoulSculpture+1","floor":149},{"not_picked":["FlawlessForm"],"picked":"Singing Bowl","floor":152},{"not_picked":[],"picked":"Spin+1","floor":156},{"not_picked":[],"picked":"Solidify","floor":157}],"player_experience":440741,"relics_obtained":[{"floor":6,"key":"infinitespire:Satchel"},{"floor":9,"key":"Juzu Bracelet"},{"floor":13,"key":"Mercury Hourglass"},{"floor":23,"key":"StoneCalendar"},{"floor":23,"key":"infinitespire:Magic Flask"},{"floor":26,"key":"MealTicket"},{"floor":30,"key":"Bronze Scales"},{"floor":30,"key":"infinitespire:FocusingShard"},{"floor":41,"key":"The Courier"},{"floor":41,"key":"Bag of Marbles"},{"floor":43,"key":"Akabeko"},{"floor":45,"key":"Mango"},{"floor":57,"key":"Art of War"},{"floor":57,"key":"Blue Candle"},{"floor":60,"key":"Boot"},{"floor":62,"key":"infinitespire:CursedDice"},{"floor":62,"key":"Potion Belt"},{"floor":65,"key":"infinitespire:WardingShard"},{"floor":65,"key":"PreservedInsect"},{"floor":75,"key":"Peace Pipe"},{"floor":75,"key":"infinitespire:Beetle Shell"},{"floor":77,"key":"Bottled Flame"},{"floor":82,"key":"Whetstone"},{"floor":82,"key":"Happy Flower"},{"floor":90,"key":"Ice Cream"},{"floor":92,"key":"Toy Ornithopter"},{"floor":94,"key":"Sundial"},{"floor":95,"key":"Nunchaku"},{"floor":95,"key":"Blood Vial"},{"floor":102,"key":"infinitespire:PuzzleCube"},{"floor":102,"key":"Singing Bowl"},{"floor":102,"key":"Calipers"},{"floor":108,"key":"Bottled Tornado"},{"floor":108,"key":"HornCleat"},{"floor":111,"key":"Pen Nib"},{"floor":113,"key":"Molten Egg 2"},{"floor":113,"key":"War Paint"},{"floor":115,"key":"Omamori"},{"floor":123,"key":"Red Mask"},{"floor":125,"key":"Smiling Mask"},{"floor":125,"key":"Ancient Tea Set"},{"floor":128,"key":"Lizard Tail"},{"floor":132,"key":"Bird Faced Urn"},{"floor":143,"key":"Du-Vu Doll"},{"floor":143,"key":"Tiny Chest"},{"floor":145,"key":"Ornamental Fan"},{"floor":149,"key":"Bag of Preparation"},{"floor":149,"key":"Centennial Puzzle"},{"floor":156,"key":"TungstenRod"},{"floor":156,"key":"infinitespire:Midas Blood"}],"event_choices":[{"damage_healed":0,"gold_gain":0,"player_choice":"Success","damage_taken":3,"relics_obtained":["Lantern"],"max_hp_gain":0,"max_hp_loss":0,"event_name":"Scrap Ooze","floor":2,"gold_loss":0},{"damage_healed":0,"gold_gain":0,"player_choice":"Ignored","damage_taken":0,"max_hp_gain":0,"max_hp_loss":0,"event_name":"NoteForYourself","floor":4,"gold_loss":0},{"damage_healed":0,"gold_gain":0,"player_choice":"Donut","damage_taken":0,"max_hp_gain":5,"max_hp_loss":0,"event_name":"Big Fish","floor":8,"gold_loss":0},{"damage_healed":0,"gold_gain":0,"player_choice":"2 cards matched","damage_taken":0,"max_hp_gain":0,"max_hp_loss":0,"event_name":"Match and Keep!","floor":19,"gold_loss":0,"cards_obtained":["TimeWarp","Snipe"]},{"damage_healed":0,"gold_gain":0,"player_choice":"Obtain J.A.X.","damage_taken":0,"max_hp_gain":0,"max_hp_loss":0,"event_name":"Drug Dealer","floor":20,"gold_loss":0,"cards_obtained":["J.A.X."]},{"damage_healed":0,"gold_gain":999,"player_choice":"Gold","damage_taken":0,"max_hp_gain":0,"max_hp_loss":0,"event_name":"MindBloom","floor":37,"gold_loss":0,"cards_obtained":["Normality","Normality"]},{"damage_healed":0,"gold_gain":0,"player_choice":"Fight","damage_taken":0,"max_hp_gain":0,"max_hp_loss":0,"event_name":"Mysterious Sphere","floor":45,"gold_loss":0},{"damage_healed":0,"gold_gain":0,"player_choice":"Embrace Madness","damage_taken":12,"max_hp_gain":0,"max_hp_loss":0,"event_name":"Winding Halls","floor":48,"gold_loss":0,"cards_obtained":["Madness","Madness"]},{"damage_healed":0,"gold_gain":0,"player_choice":"Success","damage_taken":3,"relics_obtained":["Regal Pillow"],"max_hp_gain":0,"max_hp_loss":0,"event_name":"Scrap Ooze","floor":55,"gold_loss":0},{"damage_healed":0,"gold_gain":0,"player_choice":"Donut","damage_taken":0,"max_hp_gain":5,"max_hp_loss":0,"event_name":"Big Fish","floor":59,"gold_loss":0},{"damage_healed":0,"gold_gain":0,"player_choice":"Inject Mutagens","damage_taken":0,"relics_obtained":["MutagenicStrength"],"max_hp_gain":0,"max_hp_loss":0,"event_name":"Drug Dealer","floor":70,"gold_loss":0},{"damage_healed":0,"gold_gain":0,"player_choice":"Simplicity","damage_taken":0,"max_hp_gain":0,"max_hp_loss":0,"event_name":"Back to Basics","floor":73,"gold_loss":0,"cards_upgraded":["Strike_S","Strike_S","Strike_S","Strike_S","Defend_S","Defend_S","Defend_S","Defend_S"]},{"damage_healed":0,"gold_gain":0,"player_choice":"Joined the Cult","damage_taken":6,"max_hp_gain":0,"max_hp_loss":0,"event_name":"Nest","floor":79,"gold_loss":0,"cards_obtained":["RitualDagger"]},{"damage_healed":0,"gold_gain":0,"player_choice":"Ignored","damage_taken":0,"max_hp_gain":0,"max_hp_loss":0,"event_name":"Tomb of Lord Red Mask","floor":97,"gold_loss":0},{"damage_healed":0,"gold_gain":175,"player_choice":"AGREE","damage_taken":0,"max_hp_gain":0,"max_hp_loss":0,"event_name":"Liars Game","floor":105,"gold_loss":0,"cards_obtained":["Doubt"]},{"damage_healed":0,"gold_gain":0,"player_choice":"Got Potions","damage_taken":0,"max_hp_gain":0,"max_hp_loss":0,"event_name":"Lab","floor":110,"gold_loss":0},{"damage_healed":0,"gold_gain":0,"player_choice":"Ignored","damage_taken":0,"max_hp_gain":0,"max_hp_loss":0,"event_name":"NoteForYourself","floor":112,"gold_loss":0},{"damage_healed":0,"gold_gain":0,"player_choice":"Ignored","damage_taken":0,"max_hp_gain":0,"max_hp_loss":0,"event_name":"Transmorgrifier","floor":121,"gold_loss":0},{"damage_healed":0,"gold_gain":0,"player_choice":"Became a vampire (Vial)","damage_taken":0,"max_hp_gain":0,"max_hp_loss":0,"event_name":"Vampires","floor":122,"relics_lost":["Blood Vial"],"gold_loss":0,"cards_obtained":["Bite","Bite","Bite","Bite","Bite"]},{"damage_healed":0,"gold_gain":222,"player_choice":"Wore Mask","damage_taken":0,"max_hp_gain":0,"max_hp_loss":0,"event_name":"Tomb of Lord Red Mask","floor":138,"gold_loss":0},{"damage_healed":0,"gold_gain":0,"player_choice":"Ignored","damage_taken":0,"max_hp_gain":0,"max_hp_loss":0,"event_name":"SecretPortal","floor":140,"gold_loss":0},{"damage_healed":0,"gold_gain":0,"player_choice":"Embrace Madness","damage_taken":22,"max_hp_gain":0,"max_hp_loss":0,"event_name":"Winding Halls","floor":144,"gold_loss":0,"cards_obtained":["Madness","Madness"]},{"damage_healed":0,"gold_gain":0,"player_choice":"Ignored","damage_taken":0,"max_hp_gain":0,"max_hp_loss":0,"event_name":"OrinTheCat","floor":150,"gold_loss":0}],"is_beta":false,"boss_relics":[{"not_picked":["Runic Dome","Velvet Choker"],"picked":"Black Star"},{"not_picked":["Astrolabe","Coffee Dripper"],"picked":"SacredBark"},{"not_picked":["Fusion Hammer","infinitespire:Cupcake"],"picked":"Cursed Key"},{"not_picked":["Pandora\u0027s Box","Snecko Eye"],"picked":"Busted Crown"},{"not_picked":["Coffee Dripper","MysterySword"],"picked":"Philosopher\u0027s Stone"},{"not_picked":["infinitespire:Cupcake","Astrolabe"],"picked":"Calling Bell"},{"not_picked":["Velvet Choker","Empty Cage"],"picked":"Tiny House"},{"not_picked":["MysterySword","Astrolabe"],"picked":"StoneMask"},{"not_picked":["Coffee Dripper","Runic Pyramid"],"picked":"infinitespire:Cupcake"}],"items_purged_floors":[38,71,88,127,141],"is_endless":true,"potions_floor_spawned":[3,5,10,14,16,18,25,27,33,41,53,62,63,64,67,75,76,81,82,87,92,98,101,113,114,118,120,125,130,132,135,137,143,147,148,157],"ascension_level":0}}