{"host":"c64dsqyrqv0ei9yn","time":1613650336,"event":{"mods":["BaseMod","Bestiary","Colored Map","Colored Powertips","Curses Come First","Koishi","LagranYue(ùfäiòNÅEåé)","MarisaÅiñ∂âJÅ@ñÇóùçπÅj","Minty Spire (QoL Compilation)","Prisma Mod","Random Character Button","ReimuÅiîé??öÎÅj","RemiliaÅiÂQïƒ‰ª?Åj","StSLib","The Alterego","The Marked","The Saiyan","The Senshi","The Servant 0.9.4","The Wild Card","slay the spire mod where everything is the same but ironclad has a cowboy hat"],"gold_per_floor":[113,113,126,146,93,93,123,139,194,194,41,41,41,59,59,161,161,175,186,198,229,229,229,245,245,271,271,291,304,45,58,58,162,162,173,183,26,45,45,45,80,80,80,99,99,111,111,124,124,124],"floor_reached":51,"language":"ENG","playtime":3572,"items_purged":[],"score":656,"play_id":"6700b3de-4cab-47ec-95b1-7aa05ca8b819","local_time":"20210218121216","is_ascension_mode":false,"campfire_choices":[{"data":"NB:ReiMu","floor":6,"key":"SMITH"},{"data":"Conquer:ReiMu","floor":10,"key":"SMITH"},{"data":"UpKicking:ReiMu","floor":13,"key":"SMITH"},{"data":"TightArray:ReiMu","floor":15,"key":"SMITH"},{"data":"DependentForm:ReiMu","floor":23,"key":"SMITH"},{"floor":25,"key":"REST"},{"floor":27,"key":"REST"},{"floor":32,"key":"REST"},{"data":"Free:ReiMu","floor":40,"key":"SMITH"},{"data":"TakeOff:ReiMu","floor":42,"key":"SMITH"},{"data":"SubAcupoint:ReiMu","floor":45,"key":"SMITH"},{"floor":49,"key":"REST"}],"circlet_count":0,"master_deck":["Strike_Lin:ReiMu","Strike_Lin:ReiMu","Strike_Lin:ReiMu","Strike_Lin:ReiMu","Defend_Lin:ReiMu","Defend_Lin:ReiMu","Defend_Lin:ReiMu","Defend_Lin:ReiMu","NB:ReiMu+1","Stagnation:ReiMu","UpKicking:ReiMu+1","Amulet:ReiMu","Enchanting:ReiMu","AirStrike:ReiMu","Conquer:ReiMu+1","TightArray:ReiMu+1","DependentForm:ReiMu+1","WonderfulDomain:ReiMu+1","SpreadBorder2:ReiMu","FoulBorder2:ReiMu+1","FoulBorder2:ReiMu+1","Dreaming:ReiMu","TakeOff:ReiMu+1","Free:ReiMu+1","SpreadBorder2:ReiMu+1","SubAcupoint:ReiMu+1","SubAcupoint:ReiMu+1"],"relics":["FlyPower:ReiMu","NeowsBlessing","Bottled Flame","MealTicket","TentaclePot:ReiMu","RedLine:ReiMu","Red Mask","Pen Nib","theSenshi:FeatherClipsRelic","Philosopher\u0027s Stone","Ancient Tea Set","Mango","Centennial Puzzle"],"acts_visited":["Exordium","TheCity","TheBeyond"],"potions_floor_usage":[7,20,21,21,33,44,50,50,50],"damage_taken":[{"damage":0,"enemies":"Cultist","floor":1,"turns":1},{"damage":0,"enemies":"Small Slimes","floor":3,"turns":1},{"damage":0,"enemies":"Jaw Worm","floor":4,"turns":1},{"damage":18,"enemies":"3 Sentries","floor":7,"turns":7},{"damage":7,"enemies":"Gremlin Gang","floor":8,"turns":6},{"damage":0,"enemies":"2 Fungi Beasts","floor":14,"turns":3},{"damage":8,"enemies":"Hexaghost","floor":16,"turns":8},{"damage":13,"enemies":"Chosen","floor":18,"turns":6},{"damage":3,"enemies":"3 Byrds","floor":19,"turns":6},{"damage":26,"enemies":"Centurion and Healer","floor":20,"turns":6},{"damage":17,"enemies":"Masked Bandits","floor":21,"turns":5},{"damage":9,"enemies":"Snake Plant","floor":24,"turns":6},{"damage":22,"enemies":"Sentry and Sphere","floor":28,"turns":6},{"damage":3,"enemies":"Snecko","floor":29,"turns":5},{"damage":12,"enemies":"Snake Plant","floor":31,"turns":6},{"damage":8,"enemies":"Champ","floor":33,"turns":13},{"damage":25,"enemies":"3 Darklings","floor":35,"turns":6},{"damage":16,"enemies":"3 Shapes","floor":36,"turns":5},{"damage":18,"enemies":"Jaw Worm Horde","floor":38,"turns":3},{"damage":34,"enemies":"Reptomancer","floor":41,"turns":7},{"damage":1,"enemies":"Transient","floor":44,"turns":5},{"damage":1,"enemies":"Writhing Mass","floor":46,"turns":5},{"damage":22,"enemies":"3 Darklings","floor":48,"turns":4},{"damage":9,"enemies":"Awakened One","floor":50,"turns":10}],"seed_played":"-5933908497892265806","potions_obtained":[{"floor":1,"key":"Regen Potion"},{"floor":3,"key":"BottledKami:ReiMu"},{"floor":4,"key":"AttackPotion"},{"floor":8,"key":"LiquidMemories"},{"floor":20,"key":"Weak Potion"},{"floor":24,"key":"Block Potion"},{"floor":28,"key":"CultistPotion"},{"floor":29,"key":"BottledKami:ReiMu"},{"floor":41,"key":"Fire Potion"},{"floor":44,"key":"BlessingOfTheForge"},{"floor":47,"key":"LiquidFlight:ReiMu"}],"is_trial":false,"path_per_floor":["M","T","M","M","$","R","E","M","T","R","$","?","R","M","R","B",null,"M","M","M","?","?","R","M","R","T","R","M","M","$","M","R","B",null,"M","M","$","M","$","R","E","R","T","M","R","M","?","M","R","B",null],"character_chosen":"REIMU","items_purchased":["Enchanting:ReiMu","TentaclePot:ReiMu","theSenshi:FeatherClipsRelic","Ancient Tea Set"],"campfire_rested":4,"item_purchase_floors":[5,11,30,37],"current_hp_per_floor":[65,65,65,65,65,65,47,40,40,40,55,55,55,55,55,47,65,52,49,35,18,18,18,9,28,28,47,25,22,37,31,50,48,65,46,36,51,39,54,54,40,40,40,45,45,50,50,34,57,54],"gold":124,"neow_bonus":"THREE_ENEMY_KILL","is_daily":false,"chose_seed":false,"campfire_upgraded":8,"win_rate":0.0,"timestamp":1613650336,"path_taken":["M","?","M","M","$","R","E","M","T","R","$","?","R","M","R","BOSS","M","?","M","?","?","R","M","R","T","R","M","?","$","M","R","BOSS","M","M","$","M","$","R","E","R","T","M","R","M","?","M","R","BOSS"],"items_purchased_type":["Card","Relic","Relic","Relic"],"build_version":"2020-12-22","purchased_purges":0,"victory":true,"max_hp_per_floor":[65,65,65,65,65,65,65,65,65,65,65,65,65,65,65,65,65,65,65,65,65,65,65,65,65,65,65,65,65,65,65,65,65,65,65,65,65,65,65,65,79,79,79,79,79,79,79,79,79,79],"card_choices":[{"not_picked":["WonderfulDomain:ReiMu","Intuition:ReiMu"],"picked":"UpKicking:ReiMu","floor":1},{"not_picked":["TightArray:ReiMu","Conquer:ReiMu"],"picked":"Amulet:ReiMu","floor":3},{"not_picked":["TightArray:ReiMu","MountainWay:ReiMu","Amulet:ReiMu"],"picked":"SKIP","floor":4},{"not_picked":["Mountainwind:ReiMu","Enchanting:ReiMu"],"picked":"AirStrike:ReiMu","floor":7},{"not_picked":["RunawayExorcism:ReiMu","PayForSelf:ReiMu"],"picked":"Conquer:ReiMu","floor":8},{"not_picked":["Meditation:ReiMu","Enchanting:ReiMu"],"picked":"TightArray:ReiMu","floor":14},{"not_picked":["Free:ReiMu","CeremonyResonance:ReiMu"],"picked":"DependentForm:ReiMu","floor":16},{"not_picked":["SpreadBorder2:ReiMu","ShadowOfCrow2:ReiMu"],"picked":"WonderfulDomain:ReiMu+1","floor":18},{"not_picked":["Dreaming2:ReiMu","AlertArray:ReiMu","CareerPray:ReiMu"],"picked":"SKIP","floor":19},{"not_picked":["Intuition:ReiMu","RainPray2:ReiMu"],"picked":"SpreadBorder2:ReiMu","floor":20},{"not_picked":["SubcavityInstant:ReiMu+1","WonderfulDomain:ReiMu+1"],"picked":"FoulBorder2:ReiMu+1","floor":21},{"not_picked":["RainPray2:ReiMu","Intuition:ReiMu","TightArray:ReiMu"],"picked":"SKIP","floor":24},{"not_picked":["Amulet:ReiMu","AirStrike:ReiMu"],"picked":"Dreaming:ReiMu","floor":28},{"not_picked":["WonderfulDomain:ReiMu","LovePray:ReiMu"],"picked":"TakeOff:ReiMu","floor":29},{"not_picked":["CollectionFlower2:ReiMu","BarrageOfMoneybags:ReiMu","Intuition:ReiMu"],"picked":"SKIP","floor":31},{"not_picked":["KyokaiOfKami:ReiMu","CeremonyResonance:ReiMu"],"picked":"Free:ReiMu","floor":33},{"not_picked":["Crusade:ReiMu","PhosphorusFlame:ReiMu+1","FineLineFantasy:ReiMu"],"picked":"SKIP","floor":35},{"not_picked":["InherentArray:ReiMu+1","LearningPray:ReiMu+1"],"picked":"SpreadBorder2:ReiMu+1","floor":36},{"not_picked":["PassingAway:ReiMu+1","EmergencyTakeOff:ReiMu","Conquer:ReiMu"],"picked":"SKIP","floor":38},{"not_picked":["SpiritualOutbreak2:ReiMu","Enchanting:ReiMu"],"picked":"SubAcupoint:ReiMu","floor":41},{"not_picked":["Revelation:ReiMu","PassingAway:ReiMu+1"],"picked":"SubAcupoint:ReiMu+1","floor":44},{"not_picked":["Intuition:ReiMu","Amulet:ReiMu+1","Conquer:ReiMu"],"picked":"SKIP","floor":46},{"not_picked":["CareerPray:ReiMu","SafetyPray:ReiMu","UpKicking:ReiMu"],"picked":"SKIP","floor":48}],"player_experience":95032,"relics_obtained":[{"floor":2,"key":"Bottled Flame"},{"floor":7,"key":"MealTicket"},{"floor":21,"key":"Red Mask"},{"floor":26,"key":"Pen Nib"},{"floor":41,"key":"Mango"},{"floor":43,"key":"Centennial Puzzle"}],"event_choices":[{"damage_healed":0,"gold_gain":0,"player_choice":"Leave","damage_taken":0,"max_hp_gain":0,"max_hp_loss":0,"event_name":"FaceTrader","floor":12,"gold_loss":0},{"damage_healed":0,"gold_gain":0,"player_choice":"Fought Bandits","damage_taken":0,"max_hp_gain":0,"max_hp_loss":0,"event_name":"Masked Bandits","floor":21,"gold_loss":0},{"damage_healed":0,"gold_gain":0,"player_choice":"Copied","damage_taken":0,"max_hp_gain":0,"max_hp_loss":0,"event_name":"Duplicator","floor":22,"gold_loss":0,"cards_obtained":["FoulBorder2:ReiMu"]},{"damage_healed":0,"gold_gain":0,"player_choice":"Got Potions","damage_taken":0,"max_hp_gain":0,"max_hp_loss":0,"event_name":"Lab","floor":47,"gold_loss":0}],"is_beta":false,"boss_relics":[{"not_picked":["CrownOfHeavens:ReiMu","Fusion Hammer"],"picked":"RedLine:ReiMu"},{"not_picked":["Empty Cage","Coffee Dripper"],"picked":"Philosopher\u0027s Stone"}],"items_purged_floors":[],"is_endless":false,"potions_floor_spawned":[1,3,4,8,19,20,24,28,29,41,44,48],"ascension_level":0}}