{"host":"qm1va34thld9e1ze","time":1613653043,"event":{"mods":["BaseMod","BetterRewards","Colored Powertips","Downfall","Hubris","Infinite Spire","Minty Spire (QoL Compilation)","Quick Restart","Replay The Spire","StSLib","everything is the same but u backflip on backflip"],"gold_per_floor":[119,119,132,307,326,326,361,361,361,361,375,398,89,166,166,166,166],"floor_reached":16,"language":"ENG","playtime":585,"items_purged":[],"score":100,"play_id":"9754a2c4-629c-4a7b-bbf8-626e827ca803","local_time":"20210218135723","is_ascension_mode":false,"campfire_choices":[{"data":"Dualcast","floor":6,"key":"SMITH"},{"floor":15,"key":"REST"},{"data":"Streamline","floor":15,"key":"SMITH"}],"circlet_count":0,"master_deck":["Strike_B","Strike_B","Strike_B","Defend_B","Defend_B","Defend_B","Defend_B","Zap","Dualcast+1","Cold Snap","Injury","Streamline","Doubt","Streamline+1","ReplayTheSpireMod:Reroute Power","Barrage","Rebound","Beam Cell"],"relics":["Cracked Core","NeowsBlessing","Golden Idol","Unceasing Top","Replay:Bottled Steam","infinitespire:Magic Flask"],"acts_visited":["Exordium"],"potions_floor_usage":[16],"damage_taken":[{"damage":0,"enemies":"Jaw Worm","floor":1,"turns":1},{"damage":0,"enemies":"2 Louse","floor":3,"turns":1},{"damage":0,"enemies":"Small Slimes","floor":5,"turns":1},{"damage":28,"enemies":"Gremlin Nob","floor":7,"turns":4},{"damage":4,"enemies":"3 Louse","floor":11,"turns":2},{"damage":11,"enemies":"Exordium Thugs","floor":12,"turns":4},{"damage":64,"enemies":"Fading Forest","floor":16,"turns":7}],"seed_played":"-3424373813866552902","potions_obtained":[{"floor":5,"key":"SneckoOil"},{"floor":12,"key":"SteroidPotion"}],"is_trial":false,"path_per_floor":["M","?","M","?","M","R","E","?","T","?","M","M","$","?","R","B"],"character_chosen":"DEFECT","items_purchased":["infinitespire:Magic Flask"],"campfire_rested":1,"item_purchase_floors":[13],"current_hp_per_floor":[75,75,75,75,75,75,47,47,47,47,43,32,32,32,54,0,0],"gold":166,"neow_bonus":"THREE_ENEMY_KILL","is_daily":false,"chose_seed":false,"campfire_upgraded":2,"win_rate":0.0,"timestamp":1613653043,"path_taken":["M","?","M","?","M","R","E","?","T","?","M","?","$","?","R","BOSS"],"items_purchased_type":["Relic"],"build_version":"2020-12-22","purchased_purges":0,"victory":false,"max_hp_per_floor":[75,75,75,75,75,75,75,75,75,75,75,75,75,75,75,75,75],"card_choices":[{"not_picked":["Skim","BasicCrystalCard"],"picked":"Cold Snap","floor":1},{"not_picked":["Barrage","Rebound"],"picked":"Streamline","floor":3},{"not_picked":["Rebound","Compile Driver"],"picked":"Streamline","floor":5},{"not_picked":["White Noise","Time Bomb"],"picked":"ReplayTheSpireMod:Reroute Power","floor":7},{"not_picked":["ReplayTheSpireMod:Calculation Training","Barrage"],"picked":"Rebound","floor":11},{"not_picked":["Static Discharge","Rip and Tear"],"picked":"Beam Cell","floor":12}],"player_experience":288068,"relics_obtained":[{"floor":7,"key":"Unceasing Top"},{"floor":9,"key":"Replay:Bottled Steam"}],"event_choices":[{"damage_healed":0,"gold_gain":0,"player_choice":"Take Wound","damage_taken":0,"relics_obtained":["Golden Idol"],"max_hp_gain":0,"max_hp_loss":0,"event_name":"Golden Idol","floor":2,"gold_loss":0,"cards_obtained":["Injury"]},{"damage_healed":0,"gold_gain":175,"player_choice":"AGREE","damage_taken":0,"max_hp_gain":0,"max_hp_loss":0,"event_name":"Liars Game","floor":4,"gold_loss":0,"cards_obtained":["Doubt"]},{"cards_removed":["Strike_B"],"damage_healed":0,"gold_gain":0,"player_choice":"Took Card","damage_taken":0,"max_hp_gain":0,"max_hp_loss":0,"event_name":"NoteForYourself","floor":10,"gold_loss":0,"cards_obtained":["Barrage"]},{"damage_healed":0,"gold_gain":77,"player_choice":"Gained Gold","damage_taken":0,"max_hp_gain":0,"max_hp_loss":0,"event_name":"Golden Wing","floor":14,"gold_loss":0}],"is_beta":false,"boss_relics":[],"items_purged_floors":[],"is_endless":false,"potions_floor_spawned":[5,12],"killed_by":"Fading Forest","ascension_level":0}}