{"host":"684z1xpuwaoqmmh1","time":1613670875,"event":{"mods":["A Magickal Journey","BaseMod","Downfall","Hermit","Jorbs\u0027s Wanderer Trilogy","Marisa????????","Minty Spire (QoL Compilation)","Robot Space Explorer","Shade Mod","StSLib","The Bug Knight","The Dragon Tamer","The Elementalist","The Hayseed","The Hierophant","The Marked","The Mystic","The Runesmith","The Saiyan","The Senshi","The Spell Scribe","The Vixen","TheBandit","TheFirefly"],"gold_per_floor":[109,125,142,142,154,184,184,212,238,238,258,276,311,11,11,116,116,136,146,146,166,166,186,197,222,222,222,251,251,69,101,101,202,202,213,227,9,59,79,79,79,110,110,142,142,171,171,190,190,190,190,190,7,38,38],"floor_reached":56,"language":"ENG","playtime":4493,"items_purged":["HollowMod:NailStrikeStart"],"score":1498,"play_id":"73cc025d-c20f-49ab-aa46-90dac88db9a9","local_time":"20210218195435","is_ascension_mode":true,"campfire_choices":[{"data":"HollowMod:RecoilStrike","floor":7.0,"key":"SMITH"},{"data":"HollowMod:FocusHealStart","floor":10.0,"key":"SMITH"},{"data":"HollowMod:MothsMistake","floor":15.0,"key":"SMITH"},{"data":"HollowMod:NewLastStag","floor":27.0,"key":"SMITH"},{"data":"HollowMod:QuirrelsAssistance","floor":29.0,"key":"SMITH"},{"data":"HollowMod:SoulVessel","floor":32.0,"key":"SMITH"},{"floor":40.0,"key":"RECALL"},{"data":"HollowMod:DashSlash","floor":45.0,"key":"SMITH"},{"data":"HollowMod:GreatSlash","floor":47.0,"key":"SMITH"},{"data":"HollowMod:SoulMaster","floor":49.0,"key":"SMITH"},{"data":"HollowMod:MonomonsArchive","floor":52.0,"key":"SMITH"}],"circlet_count":0,"master_deck":["HollowMod:NailStrikeStart","HollowMod:NailStrikeStart","HollowMod:QuickDashStart","HollowMod:QuickDashStart+1","HollowMod:QuickDashStart","HollowMod:FocusHealStart+1","HollowMod:PogoStrike","HollowMod:GreatSlash+1","HollowMod:DesolateDive","HollowMod:DashSlash+1","HollowMod:DashSlash+1","HollowMod:RecoilStrike+1","HollowMod:SoulStrike","HollowMod:MothsMistake+1","HollowMod:MonomonsArchive+1","HollowMod:NewLastStag+1","HollowMod:SoulMaster+1","HollowMod:SoulSplash+1","HollowMod:Grubsong+1","HollowMod:RecoilStrike+1","HollowMod:DungDefenderAura+1","HollowMod:QuirrelsAssistance+1","HollowMod:SoulVessel+1","HollowMod:DesolateDive+1","HollowMod:ShapeofUnn","HollowMod:LifebloodCore","HollowMod:CrystalDash+1"],"relics":["HollowMod:VesselMask","Letter Opener","HollowMod:MantisClawRelic","Gambling Chip","Anchor","Busted Crown","Strawberry","Mummified Hand","Lantern","Peace Pipe","SlaversCollar","ClockworkSouvenir","CatCart","Ancient Tea Set","Guardian:PocketSentry","HollowMod:MillibellesNoteRelic","Whetstone","Bronze Scales","War Paint"],"acts_visited":["Exordium","TheCity","TheBeyond","TheEnding"],"potions_floor_usage":[55,55,55],"damage_taken":[{"damage":1.0,"enemies":"Cultist","floor":1.0,"turns":4.0},{"damage":10.0,"enemies":"Small Slimes","floor":2.0,"turns":5.0},{"damage":2.0,"enemies":"Jaw Worm","floor":3.0,"turns":5.0},{"damage":9.0,"enemies":"Red Slaver","floor":5.0,"turns":4.0},{"damage":12.0,"enemies":"3 Sentries","floor":6.0,"turns":5.0},{"damage":8.0,"enemies":"Gremlin Nob","floor":8.0,"turns":3.0},{"damage":10.0,"enemies":"Exordium Thugs","floor":11.0,"turns":3.0},{"damage":2.0,"enemies":"Gremlin Gang","floor":12.0,"turns":3.0},{"damage":19.0,"enemies":"Lagavulin","floor":13.0,"turns":5.0},{"damage":12.0,"enemies":"Slime Boss","floor":16.0,"turns":8.0},{"damage":0.0,"enemies":"3 Byrds","floor":18.0,"turns":4.0},{"damage":0.0,"enemies":"2 Thieves","floor":19.0,"turns":4.0},{"damage":0.0,"enemies":"Cultist and Chosen","floor":21.0,"turns":4.0},{"damage":11.0,"enemies":"Snake Plant","floor":23.0,"turns":4.0},{"damage":5.0,"enemies":"Centurion and Healer","floor":24.0,"turns":5.0},{"damage":2.0,"enemies":"Book of Stabbing","floor":25.0,"turns":5.0},{"damage":17.0,"enemies":"Gremlin Leader","floor":28.0,"turns":5.0},{"damage":13.0,"enemies":"Slavers","floor":31.0,"turns":3.0},{"damage":58.0,"enemies":"Collector","floor":33.0,"turns":9.0},{"damage":0.0,"enemies":"Orb Walker","floor":35.0,"turns":4.0},{"damage":17.0,"enemies":"3 Darklings","floor":36.0,"turns":3.0},{"damage":0.0,"enemies":"Orin","floor":38.0,"turns":9.0},{"damage":12.0,"enemies":"Sphere and 2 Shapes","floor":39.0,"turns":7.0},{"damage":22.0,"enemies":"HollowMod:StalkingDevout","floor":42.0,"turns":8.0},{"damage":0.0,"enemies":"Nemesis","floor":44.0,"turns":6.0},{"damage":0.0,"enemies":"Giant Head","floor":46.0,"turns":7.0},{"damage":0.0,"enemies":"Writhing Mass","floor":48.0,"turns":6.0},{"damage":91.0,"enemies":"Time Eater","floor":50.0,"turns":13.0},{"damage":16.0,"enemies":"Shield and Spear","floor":54.0,"turns":7.0},{"damage":28,"enemies":"The Heart","floor":55,"turns":9}],"seed_played":"6787716077698798925","potions_obtained":[{"floor":1.0,"key":"hexamod:SoulburnPotion"},{"floor":8.0,"key":"Strength Potion"},{"floor":12.0,"key":"champ:CounterPotion"},{"floor":13.0,"key":"Energy Potion"},{"floor":16.0,"key":"hexamod:SoulburnPotion"},{"floor":21.0,"key":"Dexterity Potion"},{"floor":22.0,"key":"DuplicationPotion"},{"floor":25.0,"key":"hexamod:SoulburnPotion"},{"floor":28.0,"key":"ColorlessPotion"},{"floor":35.0,"key":"SkillPotion"},{"floor":44.0,"key":"SkillPotion"},{"floor":46.0,"key":"SpeedPotion"}],"is_trial":false,"path_per_floor":["M","M","M","T","M","E","R","E","T","R","M","M","E","?","R","B",null,"M","M","?","M","?","M","M","E","T","R","E","R","$","E","R","B",null,"M","M","$","?","M","R","$","E","T","E","R","E","R","M","R","B",null,"R","$","E","B",null],"character_chosen":"THE_BUGKNIGHT","items_purchased":["HollowMod:SoulVessel","HollowMod:DesolateDive","HollowMod:LifebloodCore","ClockworkSouvenir","Bronze Scales","HollowMod:CrystalDash"],"campfire_rested":0,"item_purchase_floors":[30,30,37,37,53,53],"current_hp_per_floor":[75,71,75,75,71,59,59,57,57,57,47,51,38,38,38,32,75,75,75,75,75,75,70,74,82,82,82,71,71,71,64,64,18,82,82,71,71,82,80,80,80,64,64,70,70,80,80,82,82,1,82,82,82,72,54],"gold":38,"neow_bonus":"REMOVE_CARD","is_daily":false,"chose_seed":false,"campfire_upgraded":10,"win_rate":0.0,"timestamp":1613670875,"path_taken":["M","?","M","?","M","E","R","E","T","R","M","?","E","?","R","BOSS","M","M","?","?","?","M","M","E","T","R","E","R","$","E","R","BOSS","M","?","$","?","M","R","$","E","T","E","R","E","R","M","R","BOSS","R","$","E","BOSS"],"items_purchased_type":["Card","Card","Card","Relic","Relic","Card"],"build_version":"2020-12-22","purchased_purges":1,"victory":true,"max_hp_per_floor":[75,75,75,75,75,75,75,75,75,75,75,75,75,75,75,75,75,75,75,75,75,75,75,75,82,82,82,82,82,82,82,82,82,82,82,82,82,82,82,82,82,82,82,82,82,82,82,82,82,82,82,82,82,82,82],"card_choices":[{"not_picked":["HollowMod:PureNailStrike","HollowMod:ChannelNail"],"picked":"HollowMod:GreatSlash","floor":1.0},{"not_picked":["HollowMod:MawleksShell","HollowMod:DoubleDash"],"picked":"HollowMod:DesolateDive","floor":2.0},{"not_picked":["HollowMod:InfectedCysts","HollowMod:TaintedHusks"],"picked":"HollowMod:DashSlash","floor":3.0},{"not_picked":["HollowMod:NewLittleFool","HollowMod:LifebloodCocoon"],"picked":"HollowMod:DashSlash","floor":5.0},{"not_picked":["HollowMod:RadiancesLament","HollowMod:LifebloodCocoon"],"picked":"HollowMod:RecoilStrike","floor":6.0},{"not_picked":["HollowMod:SharpenedNail","HollowMod:DungDefenderAura"],"picked":"HollowMod:SoulStrike","floor":8.0},{"not_picked":["HollowMod:InfectedCysts","HollowMod:HowlingWraiths"],"picked":"HollowMod:MothsMistake","floor":11.0},{"not_picked":["HollowMod:SiblingsSouls","HollowMod:LifebloodCocoon","HollowMod:MothsMistake"],"picked":"SKIP","floor":12.0},{"not_picked":["HollowMod:SiblingsShadow","HollowMod:InfectedCysts"],"picked":"HollowMod:MonomonsArchive","floor":13.0},{"not_picked":["HollowMod:RadiancesLament","HollowMod:AwokenDreamNail"],"picked":"HollowMod:SoulMaster","floor":16.0},{"not_picked":["HollowMod:SiblingsSouls"],"picked":"SKIP","floor":18.0},{"not_picked":[],"picked":"HollowMod:SoulSplash+1","floor":19.0},{"not_picked":[],"picked":"HollowMod:Grubsong+1","floor":21.0},{"not_picked":[],"picked":"HollowMod:RecoilStrike+1","floor":23.0},{"not_picked":["HollowMod:HeavyBlow"],"picked":"SKIP","floor":24.0},{"not_picked":[],"picked":"HollowMod:DungDefenderAura+1","floor":25.0},{"not_picked":[],"picked":"HollowMod:QuirrelsAssistance","floor":28.0},{"not_picked":["HollowMod:SharpenedNail+1"],"picked":"SKIP","floor":31.0},{"not_picked":[],"picked":"HollowMod:ShapeofUnn","floor":35.0},{"not_picked":["HollowMod:RecoilStrike"],"picked":"SKIP","floor":36.0},{"not_picked":["HollowMod:RecoilStrike"],"picked":"SKIP","floor":36.0},{"not_picked":["HollowMod:MothsMistake+1"],"picked":"SKIP","floor":39.0},{"not_picked":["HollowMod:SoulStrike"],"picked":"SKIP","floor":42.0},{"not_picked":["HollowMod:SiblingsSouls+1"],"picked":"SKIP","floor":44.0},{"not_picked":["HollowMod:DescendingDark"],"picked":"SKIP","floor":46.0},{"not_picked":["HollowMod:ShadowDash+1"],"picked":"SKIP","floor":48.0},{"not_picked":["HollowMod:BrokenVessel"],"picked":"SKIP","floor":54.0}],"player_experience":3329567,"relics_obtained":[{"floor":4.0,"key":"Letter Opener"},{"floor":6.0,"key":"HollowMod:MantisClawRelic"},{"floor":8.0,"key":"Gambling Chip"},{"floor":13.0,"key":"Anchor"},{"floor":25.0,"key":"Strawberry"},{"floor":26.0,"key":"Mummified Hand"},{"floor":28.0,"key":"Lantern"},{"floor":31.0,"key":"Peace Pipe"},{"floor":38.0,"key":"CatCart"},{"floor":42.0,"key":"Ancient Tea Set"},{"floor":43.0,"key":"Guardian:PocketSentry"},{"floor":44.0,"key":"HollowMod:MillibellesNoteRelic"},{"floor":46.0,"key":"Whetstone"},{"floor":54.0,"key":"War Paint"}],"event_choices":[{"cards_removed":["HollowMod:QuickDashStart"],"damage_healed":0.0,"max_hp_gain":0.0,"max_hp_loss":0.0,"gold_gain":0.0,"event_name":"Bonfire Elementals","player_choice":"Offered Basic","floor":20.0,"gold_loss":0.0,"damage_taken":0.0},{"damage_healed":0.0,"max_hp_gain":0.0,"max_hp_loss":0.0,"gold_gain":0.0,"event_name":"Lab","player_choice":"Got Potions","floor":22.0,"gold_loss":0.0,"damage_taken":0.0},{"damage_healed":0.0,"max_hp_gain":0.0,"max_hp_loss":0.0,"gold_gain":0.0,"event_name":"OrinTheCat","player_choice":"Fight","floor":38.0,"gold_loss":0.0,"damage_taken":0.0}],"is_beta":false,"boss_relics":[{"not_picked":["Calling Bell","Velvet Choker"],"picked":"Busted Crown"},{"not_picked":["Philosopher\u0027s Stone","Black Star"],"picked":"SlaversCollar"}],"items_purged_floors":[30],"is_endless":false,"potions_floor_spawned":[1,8,12,13,16,21,23,25,28,35,44,46,48],"ascension_level":4}}