{"host":"jsd6g3c2vo13e69c","time":1613690764,"event":{"mods":["2.2 Compatiblity","Act Like it!","BaseMod","Beaked The Cultist","Better Note","Better Third Choice","BetterRewards","Colored Map","Colored Powertips","Conspire","DeckTracker","Downfall","Friendly Minions","GifTheSpireLib","Googly Eyes","Gremlin Mod","Hermit","Highlight Path","Hubris","Infinite Spire","Lobotomy","LobotomyExtend","Minty Spire (QoL Compilation)","Quick Restart","Random Character Button","Rare Cards Sparkle","Relic Sorter","Relic Stats","Replay The Spire","Ruina","Shop Mod","Spire Arcade","StSLib","SuperFastMode","The Cursed","The Disciple","The Forsaken","The Jungle","The Marked"],"gold_per_floor":[117,132,132,142,142,142,142],"floor_reached":6,"language":"ENG","playtime":226,"items_purged":[],"score":36,"play_id":"54e39f00-074a-49bd-b86b-1e07908e2a20","local_time":"20210218182604","is_ascension_mode":false,"campfire_choices":[],"circlet_count":0,"master_deck":["theForsaken:TheForsaken_Strike","theForsaken:TheForsaken_Strike","theForsaken:TheForsaken_Strike","theForsaken:TheForsaken_Strike","theForsaken:TheForsaken_Defend","theForsaken:TheForsaken_Defend","theForsaken:TheForsaken_Defend","theForsaken:TheForsaken_Defend","theForsaken:Smite","theForsaken:Penitence","theForsaken:Thunderbolt","theForsaken:ShieldBash","theForsaken:DarkBargain"],"relics":["theForsaken:JudgementScales","LetterFromLob","Centennial Puzzle","FossilizedHelix"],"acts_visited":["Exordium"],"potions_floor_usage":[],"damage_taken":[{"damage":2.0,"enemies":"2 Louse","floor":1.0,"turns":3.0},{"damage":3.0,"enemies":"conspire:RoseBush","floor":2.0,"turns":3.0},{"damage":10.0,"enemies":"Jaw Worm","floor":4.0,"turns":4.0},{"damage":0,"enemies":"3 Sentries","floor":6,"turns":1}],"seed_played":"-3924087511829904668","potions_obtained":[{"floor":0.0,"key":"Death Potion"},{"floor":0.0,"key":"BlessingOfTheForge"},{"floor":0.0,"key":"FearPotion"},{"floor":1.0,"key":"Strength Potion"}],"is_trial":false,"path_per_floor":["M","M","?","M","?","E"],"character_chosen":"THE_FORSAKEN","items_purchased":[],"campfire_rested":0,"item_purchase_floors":[],"current_hp_per_floor":[64,62,22,14,14,14,14],"gold":142,"neow_bonus":"THREE_SMALL_POTIONS","is_daily":false,"chose_seed":false,"campfire_upgraded":0,"win_rate":0.0,"timestamp":1613690764,"path_taken":["M","M","?","M","?","E"],"items_purchased_type":[],"build_version":"2020-12-22","purchased_purges":0,"victory":false,"max_hp_per_floor":[65,65,65,65,65,65,65],"relic_stats":{"Centennial Puzzle":[3],"counters":[4,11],"obtain_stats":[{"Centennial Puzzle":3,"LetterFromLob":1,"theForsaken:JudgementScales":0,"FossilizedHelix":3},{"Centennial Puzzle":2,"LetterFromLob":1,"theForsaken:JudgementScales":0,"FossilizedHelix":2},{"Centennial Puzzle":6,"LetterFromLob":3,"theForsaken:JudgementScales":0,"FossilizedHelix":6}]},"card_choices":[{"not_picked":["theForsaken:Eulogy","theForsaken:NobleSacrifice"],"picked":"theForsaken:Thunderbolt","floor":1.0},{"not_picked":["theForsaken:HealingLight","theForsaken:Parry"],"picked":"theForsaken:ShieldBash","floor":2.0},{"not_picked":["theForsaken:RainingSunlight","theForsaken:ChargeAttack"],"picked":"theForsaken:DarkBargain","floor":4.0}],"player_experience":360572,"relics_obtained":[{"floor":1.0,"key":"LetterFromLob"}],"event_choices":[{"damage_healed":0.0,"max_hp_gain":0.0,"max_hp_loss":0.0,"gold_gain":1.0,"event_name":"betterThird:BetterScrap","player_choice":"Relic Relic ","floor":3.0,"gold_loss":0.0,"damage_taken":40.0,"cards_obtained":["Masterful Stab"]},{"damage_healed":0.0,"max_hp_gain":0.0,"max_hp_loss":0.0,"gold_gain":0.0,"event_name":"betterThird:BetterSerpent","player_choice":"Ignored","floor":5.0,"gold_loss":0.0,"damage_taken":142.0}],"is_beta":false,"boss_relics":[],"items_purged_floors":[],"is_endless":false,"potions_floor_spawned":[1],"killed_by":"3 Sentries","ascension_level":0}}