{"host":"uxx7prhn9zlu6i2v","time":1613690985,"event":{"mods":["2.2 Compatiblity","AchievementEnabler","Act Like it!","Ascension Reborn","BaseMod","Bossed Relics","Faster Ascension Climbing","Gensokyo","HololiveMod","Hubris","KomeijiMod","Lobotomy","LobotomyExtend","Marisa????????","Minty Spire (QoL Compilation)","Morshu Shopkeeper - ENHANCED","Permanent Neow","Reimu??????","Relic Filter","Relic Sorter","Ruina","RumiaBox-????????","Spicy Shops","StSLib","The Administrix","The Mystic","Weighted Paths","Wide Potions"],"gold_per_floor":[109,109,109,109,34,64,78,113,113,113,113,113,113,125,125,225,225,235,185,185,185,185,185,185,218,271,271,271,25,50,50,50,148,148,168,168,50,50,63,37,64,64,64,64,64,64,64,64,64],"floor_reached":48,"language":"ENG","playtime":4269,"items_purged":["Injury","mysticmod:Strike_Mystic"],"score":956,"play_id":"5021d1cd-10a5-4c4e-99c3-64557bfdb109","local_time":"20210218172945","is_ascension_mode":true,"campfire_choices":[{"data":"mysticmod:EbbAndFlow","floor":11,"key":"SMITH"},{"data":"mysticmod:Fireball","floor":13,"key":"SMITH"},{"data":"mysticmod:Sideswipe","floor":15,"key":"SMITH"},{"data":"mysticmod:ArcaneAccuracy","floor":23,"key":"SMITH"},{"data":"mysticmod:CorrosiveTouch","floor":27,"key":"SMITH"},{"data":"mysticmod:FloatingDisk","floor":32,"key":"SMITH"},{"data":"mysticmod:Grapple","floor":46,"key":"SMITH"}],"circlet_count":0,"master_deck":["Mercenary","AscendersBane","HereticApostle","mysticmod:Strike_Mystic","mysticmod:Strike_Mystic","mysticmod:Defend_Mystic","mysticmod:Defend_Mystic","mysticmod:Defend_Mystic","mysticmod:Defend_Mystic","mysticmod:ArcaneDodge","mysticmod:ShockingGrasp+1","MeatLantern","mysticmod:TomeOfSpells","mysticmod:Sideswipe+1","mysticmod:Fireball+1","mysticmod:EbbAndFlow+1","mysticmod:Doublecast+1","mysticmod:ArcaneAccuracy+1","mysticmod:Spellstrike+1","mysticmod:Shield+1","Clumsy","ruina:Lumber+1","mysticmod:CorrosiveTouch+1","mysticmod:Grapple+1","VoidDream","mysticmod:FloatingDisk+1","UniverseFragment","mysticmod:ClosingBarrage","mysticmod:EarthenWall+1","Gensokyo:LockedMedkit","mysticmod:Daze","mysticmod:Shield"],"relics":["mysticmod:SpellBook","CogitoBucket","RabbitCall","LetterFromLob","InkBottle","Happy Flower","Vajra","PlanX","Juzu Bracelet","Gensokyo:LunaticRedEyes","SlaversCollar","Frozen Eye","HellTrain","ruina:FalsePresent","hubris:Towel","WantedRequest","HoshigumaDish","Oddly Smooth Stone","NitorisBag","hubris:FoxTail","KyoryuNoHagoromo","Bottled Lightning","TreeSap","hubris:TenFootPole","Pear","hubris:CrystalStatue","Mastiff:ReiMu"],"acts_visited":["Gensokyo:Gensokyo","ruina:Briah","Gensokyo:Gensokyoest"],"potions_floor_usage":[8,18,25,33,39,48],"damage_taken":[{"damage":2,"enemies":"Gensokyo:Python","floor":1,"turns":4},{"damage":9,"enemies":"Gensokyo:Aya","floor":6,"turns":7},{"damage":0,"enemies":"Gensokyo:3_Fairies","floor":7,"turns":4},{"damage":0,"enemies":"Gensokyo:Mamizou","floor":8,"turns":8},{"damage":4,"enemies":"Gensokyo:2_Kodama","floor":14,"turns":1},{"damage":21,"enemies":"Gensokyo:Yukari","floor":16,"turns":11},{"damage":9,"enemies":"ruina:2_Scarecrows","floor":18,"turns":4},{"damage":0,"enemies":"ruina:Mountain","floor":25,"turns":5},{"damage":3,"enemies":"ruina:RoadHome","floor":30,"turns":3},{"damage":14,"enemies":"ruina:Red_and_Wolf","floor":33,"turns":10},{"damage":14,"enemies":"Gensokyo:AncientGuardian","floor":35,"turns":9},{"damage":35,"enemies":"Gensokyo:3_Boulders","floor":39,"turns":7},{"damage":8,"enemies":"Gensokyo:Marisa","floor":41,"turns":6},{"damage":185,"enemies":"Gensokyo:Rafflesia","floor":48,"turns":17}],"seed_played":"-4575129011937550445","potions_obtained":[{"floor":1,"key":"SpeedPotion"},{"floor":14,"key":"Strength Potion"},{"floor":18,"key":"Weak Potion"},{"floor":19,"key":"Fire Potion"},{"floor":25,"key":"BlessingOfTheForge"},{"floor":41,"key":"SpeedPotion"}],"is_trial":false,"path_per_floor":["M","?","T","?","$","E","M","E","T","?","R","?","R","M","R","B",null,"M","?","?","?","?","R","?","E","T","R","?","$","E","?","R","B",null,"M","T","COS","$","M","$","E","?","T","?","?","R","?","M"],"character_chosen":"MYSTIC_CLASS","items_purchased":["NitorisBag","mysticmod:Grapple","mysticmod:Shield"],"campfire_rested":0,"item_purchase_floors":[29,29,40],"current_hp_per_floor":[67,67,67,67,67,58,58,58,58,58,58,58,58,54,54,33,66,57,53,53,53,33,33,33,33,33,33,33,33,30,38,38,24,60,46,46,46,46,55,55,72,72,72,72,66,66,58,0,0],"gold":64,"neow_bonus":"","is_daily":false,"chose_seed":false,"campfire_upgraded":7,"win_rate":0.0,"timestamp":1613690985,"path_taken":["M","?","?","?","?","E","M","E","T","?","R","?","R","M","R","BOSS","M","?","?","?","?","R","?","E","T","R","?","$","E","?","R","BOSS","M","?","COS","?","M","$","E","?","T","?","?","R","?","M"],"items_purchased_type":["Relic","Card","Card"],"build_version":"2020-12-22","purchased_purges":2,"victory":false,"max_hp_per_floor":[77,77,77,77,77,77,77,77,77,77,77,77,77,77,77,77,77,77,72,72,72,72,72,72,72,72,72,72,72,72,72,72,72,72,72,72,72,72,72,72,72,72,82,82,82,82,82,67,67],"card_choices":[{"not_picked":["Scorched","CrumblingArmor","Laetitia"],"picked":"Singing Bowl","floor":1},{"not_picked":["Wellcheers","VoidDream"],"picked":"MeatLantern","floor":1},{"not_picked":["mysticmod:Daze","mysticmod:Snowball"],"picked":"mysticmod:TomeOfSpells","floor":1},{"not_picked":["Bloodbath","BeautyBeast","CherryBlossoms"],"picked":"Singing Bowl","floor":6},{"not_picked":["mysticmod:FloatingDisk","mysticmod:Flourish"],"picked":"mysticmod:Sideswipe","floor":6},{"not_picked":["Scorched","OldLady","SpiderBud"],"picked":"Singing Bowl","floor":7},{"not_picked":["mysticmod:ChargedParry","mysticmod:CorrosiveTouch"],"picked":"mysticmod:Fireball","floor":7},{"not_picked":["OSAHOGD","Murderer","CrumblingArmor"],"picked":"Singing Bowl","floor":8},{"not_picked":["mysticmod:ComponentsPouch","mysticmod:Sideswipe"],"picked":"mysticmod:EbbAndFlow","floor":8},{"not_picked":["QueenBee","SpiderBud","SnowQueen"],"picked":"Singing Bowl","floor":14},{"not_picked":["LittleHelper","Porccubus"],"picked":"Mercenary","floor":14},{"not_picked":["mysticmod:Riposte","mysticmod:SuddenClarity"],"picked":"mysticmod:ArcaneAccuracy","floor":14},{"not_picked":["BlackSwan","Murderer","LittlePrince"],"picked":"Singing Bowl","floor":16},{"not_picked":["mysticmod:MysticalShield","mysticmod:Momentum"],"picked":"mysticmod:Spellstrike","floor":16},{"not_picked":["Murderer","LittleHelper","QueenOfHatred"],"picked":"Singing Bowl","floor":18},{"not_picked":["mysticmod:Probe","mysticmod:LightningBolt"],"picked":"mysticmod:Shield+1","floor":18},{"not_picked":["WhitesApple","Porccubus","DespairKnight"],"picked":"Singing Bowl","floor":25},{"not_picked":["mysticmod:BulkUp","mysticmod:Riposte"],"picked":"mysticmod:CorrosiveTouch","floor":25},{"not_picked":["LittleHelper","WhitesApple"],"picked":"VoidDream","floor":30},{"not_picked":["mysticmod:PowerAttack","mysticmod:PureInstinct"],"picked":"mysticmod:FloatingDisk","floor":30},{"not_picked":["Porccubus","WallGazer"],"picked":"UniverseFragment","floor":33},{"not_picked":["mysticmod:Doublecast","mysticmod:EnchantedMoulinet"],"picked":"mysticmod:ClosingBarrage","floor":33},{"not_picked":["Scorched","RedShoes","BeautyBeast"],"picked":"Singing Bowl","floor":35},{"not_picked":["LittlePrince","PunishingBird"],"picked":"WhiteNight","floor":35},{"not_picked":["mysticmod:DiviningBlow+1","mysticmod:EnergizedRift+1"],"picked":"mysticmod:EarthenWall+1","floor":35},{"not_picked":["Alriune","Woodsman","SingingMachine"],"picked":"Singing Bowl","floor":39},{"not_picked":["mysticmod:Snowball","mysticmod:KeenEdge+1"],"picked":"mysticmod:Daze","floor":39},{"not_picked":["BlackSwan","Woodsman","FieryBird"],"picked":"Singing Bowl","floor":41},{"not_picked":["mysticmod:Natural20","mysticmod:PureInstinct+1","mysticmod:Sideswipe+1"],"picked":"SKIP","floor":41}],"player_experience":1683469,"relics_obtained":[{"floor":1,"key":"LetterFromLob"},{"floor":3,"key":"Happy Flower"},{"floor":6,"key":"Vajra"},{"floor":8,"key":"PlanX"},{"floor":9,"key":"Juzu Bracelet"},{"floor":25,"key":"HoshigumaDish"},{"floor":26,"key":"Oddly Smooth Stone"},{"floor":30,"key":"hubris:FoxTail"},{"floor":36,"key":"Bottled Lightning"},{"floor":41,"key":"hubris:TenFootPole"},{"floor":43,"key":"Pear"}],"event_choices":[],"is_beta":false,"boss_relics":[{"not_picked":["Hololive_TopUpMoneyS","Cursed Key"],"picked":"SlaversCollar"},{"not_picked":["Black Star","EasyGame_NEW"],"picked":"KyoryuNoHagoromo"}],"items_purged_floors":[5,29],"is_endless":false,"potions_floor_spawned":[1,14,18,25,33,41],"killed_by":"Gensokyo:Rafflesia","ascension_level":10}}