{"host":"0luxfixkkfk9wck3","time":1613689252,"event":{"mods":["BaseMod","DeckTracker","Downfall","Highlight Path","Minty Spire (QoL Compilation)","StSLib"],"gold_per_floor":[99,115,115,128,45,45,72,112,124,136,148,145,307,319,348,461,473,485,509,531,818,849,861,873,885,927,1024,418,418,433,451,467,564,564,464,484,503,537,557,557,580,580,590,590,602,618,274,286,301,301],"floor_reached":51,"language":"ENG","playtime":4582,"items_purged":["Regret","hexamod:FourthSeal","hexamod:ThirdSeal"],"score":1068,"play_id":"1ec213d8-45c5-47e9-a694-86b04f6463bb","local_time":"20210218170052","is_ascension_mode":true,"campfire_choices":[{"data":"hexamod:Sear","floor":1,"key":"SMITH"},{"data":"hexamod:GhostflameBarrier","floor":6,"key":"SMITH"},{"data":"hexamod:ShieldOfDarkness","floor":9,"key":"SMITH"},{"data":"hexamod:DynamicBlow","floor":11,"key":"SMITH"},{"data":"hexamod:ForkedFlame","floor":18,"key":"SMITH"},{"data":"hexamod:FlamesFromBeyond","floor":25,"key":"SMITH"},{"data":"hexamod:ParanormalForm","floor":35,"key":"SMITH"},{"data":"hexamod:UnleashSpirits","floor":40,"key":"SMITH"},{"floor":42,"key":"RECALL"}],"circlet_count":0,"master_deck":["hexamod:Sear+1","hexamod:Float","hexamod:RetreatToShadows","hexamod:ShieldOfDarkness+1","hexamod:DynamicBlow+1","hexamod:GhostflameBarrier+1","hexamod:AdvancingGuard","hexamod:GhostLash","hexamod:NightmareStrike","hexamod:RetreatToShadows","hexamod:ForkedFlame+1","hexamod:ExtraCrispy+1","hexamod:FlamesFromBeyond+1","hexamod:CouncilsJustice","hexamod:CouncilsJustice","hexamod:CouncilsJustice","Ghostly","Ghostly","Ghostly","hexamod:RetreatToShadows","hexamod:FlamesFromBeyond","Dramatic Entrance","hexamod:NightmareGuise","hexamod:GhostShield","hexamod:AdvancingGuard+1","hexamod:GhostflameBarrier+1","hexamod:ParanormalForm+1","hexamod:UnleashSpirits+1","hexamod:ThermalTransfer+1","hexamod:HeatShield+1","hexamod:SpectersWail+1","hexamod:HeatCrush+1"],"relics":["hexamod:SpiritBrand","Gremlin Horn","MawBank","Matryoshka","Sozu","Smiling Mask","Eternal Feather","bronze:DecasWashers","Lizard Tail","PreservedInsect","Bag of Marbles","sneckomod:BlankCard","expansioncontent:StudyCardRelic","downfall:HeartBlessingGreen","hexamod:InflammatoryLetter","Vajra","Membership Card","hexamod:BolsterEngine","Juzu Bracelet"],"acts_visited":["Exordium","TheCity","TheBeyond"],"potions_floor_usage":[16,32,32],"damage_taken":[{"damage":0,"enemies":"Small Slimes","floor":2,"turns":3},{"damage":2,"enemies":"Jaw Worm","floor":4,"turns":3},{"damage":0,"enemies":"downfall:FleeingMerchant","floor":5,"turns":4},{"damage":11,"enemies":"Gremlin Nob","floor":8,"turns":5},{"damage":5,"enemies":"downfall:FleeingMerchant","floor":12,"turns":4},{"damage":0,"enemies":"Cultist","floor":15,"turns":4},{"damage":9,"enemies":"IC_STATUS_ARCHETYPE","floor":16,"turns":9},{"damage":0,"enemies":"Shell Parasite","floor":19,"turns":3},{"damage":6,"enemies":"Spheric Guardian","floor":20,"turns":4},{"damage":16,"enemies":"Snake Plant","floor":22,"turns":3},{"damage":3,"enemies":"Book of Stabbing","floor":26,"turns":6},{"damage":9,"enemies":"downfall:FleeingMerchant","floor":28,"turns":4},{"damage":7,"enemies":"Sentry and Sphere","floor":30,"turns":4},{"damage":1,"enemies":"Centurion and Healer","floor":31,"turns":5},{"damage":19,"enemies":"Snake Plant","floor":32,"turns":3},{"damage":3,"enemies":"DF_ARCHETYPE_CLAW","floor":33,"turns":10},{"damage":0,"enemies":"3 Shapes","floor":36,"turns":3},{"damage":1,"enemies":"Orb Walker","floor":37,"turns":3},{"damage":0,"enemies":"downfall:FleeingMerchant","floor":38,"turns":3},{"damage":1,"enemies":"Writhing Mass","floor":39,"turns":5},{"damage":0,"enemies":"Jaw Worm Horde","floor":43,"turns":2},{"damage":0,"enemies":"3 Darklings","floor":45,"turns":3},{"damage":3,"enemies":"Writhing Mass","floor":46,"turns":5},{"damage":6,"enemies":"Sphere and 2 Shapes","floor":48,"turns":4},{"damage":0,"enemies":"4 Shapes","floor":49,"turns":3},{"damage":17,"enemies":"WA_ARCHETYPE_DIVINITY","floor":50,"turns":12}],"seed_played":"8448289808134306433","potions_obtained":[{"floor":2,"key":"sneckomod:MuddlingPotion"},{"floor":4,"key":"BlessingOfTheForge"},{"floor":8,"key":"Fire Potion"},{"floor":15,"key":"PowerPotion"}],"is_trial":false,"path_per_floor":["R","M","?","M","$","R","T","E","R","?","R","$","?","?","M","B",null,"R","M","M","?","M","?","T","R","E","?","$","T","M","M","M","B",null,"R","M","M","$","M","R","T","R","M","?","M","M","$","M","M","B",null],"character_chosen":"THE_SPIRIT","items_purchased":["hexamod:GhostflameBarrier","Lizard Tail","PreservedInsect","Dramatic Entrance","hexamod:InflammatoryLetter","Membership Card","hexamod:BolsterEngine","Juzu Bracelet"],"campfire_rested":0,"item_purchase_floors":[5,28,28,28,38,47,47,47],"current_hp_per_floor":[70,70,63,61,61,61,61,50,50,50,50,45,45,45,45,36,67,67,67,61,61,45,38,38,38,35,21,12,12,5,4,11,8,31,38,38,37,37,36,38,38,38,38,38,38,35,35,29,29,12],"gold":301,"neow_bonus":"TEN_PERCENT_HP_BONUS","is_daily":false,"chose_seed":false,"campfire_upgraded":8,"win_rate":0.0,"timestamp":1613689252,"path_taken":["R","M","?","M","$","R","T","E","R","?","R","$","?","?","M","BOSS","R","M","M","?","?","?","T","R","E","?","$","?","M","M","M","BOSS","R","M","M","$","M","R","T","R","M","?","M","M","$","M","M","BOSS"],"items_purchased_type":["Card","Relic","Relic","Card","Relic","Relic","Relic","Relic"],"build_version":"2020-12-22","purchased_purges":3,"victory":true,"max_hp_per_floor":[77,77,77,77,77,77,77,77,77,77,77,77,77,77,77,77,77,77,77,77,77,77,38,38,38,38,38,38,38,38,38,38,38,38,38,38,38,38,38,38,38,38,38,38,38,38,38,38,38,38],"card_choices":[{"not_picked":["hexamod:Again","hexamod:NightmareStrike"],"picked":"hexamod:RetreatToShadows","floor":2},{"not_picked":["hexamod:HeatMetal","hexamod:SuperheatedStrike"],"picked":"hexamod:ShieldOfDarkness","floor":4},{"not_picked":["hexamod:ThermalTransfer","hexamod:NightmareStrike"],"picked":"hexamod:DynamicBlow","floor":5},{"not_picked":["hexamod:GhostOfSpirePresent","hexamod:SecondSeal"],"picked":"hexamod:AdvancingGuard","floor":8},{"not_picked":["hexamod:HeatMetal","hexamod:SwordOfDarkness"],"picked":"hexamod:NightmareStrike","floor":12},{"not_picked":["hexamod:PhantomFireball","hexamod:Hexaguard"],"picked":"hexamod:RetreatToShadows","floor":15},{"not_picked":["hexamod:TurnItUp","hexamod:Toasty"],"picked":"hexamod:ForkedFlame","floor":16},{"not_picked":["hexamod:ThermalTransfer","hexamod:SpectersWail"],"picked":"hexamod:ThirdSeal","floor":19},{"not_picked":["hexamod:FlamesFromBeyond","hexamod:SecondSeal"],"picked":"hexamod:FourthSeal","floor":20},{"not_picked":["hexamod:BacktrackSmack+1","hexamod:GhostLash+1"],"picked":"hexamod:ExtraCrispy+1","floor":20},{"not_picked":["hexamod:GiftsFromTheDead","hexamod:CatchUp"],"picked":"hexamod:FlamesFromBeyond","floor":22},{"not_picked":["hexamod:EmpoweredFlame","hexamod:NecessarySacrifice"],"picked":"hexamod:RetreatToShadows","floor":26},{"not_picked":["hexamod:EmpoweredFlame","hexamod:Rewind"],"picked":"hexamod:FlamesFromBeyond","floor":26},{"not_picked":["hexamod:HeatMetal+1","hexamod:RadiantFlame+1","hexamod:GhostOfSpirePresent"],"picked":"SKIP","floor":28},{"not_picked":["hexamod:Firestarter+1","hexamod:SuperheatedStrike"],"picked":"hexamod:NightmareGuise","floor":30},{"not_picked":["hexamod:PhantomFireball","hexamod:NightmareStrike+1","hexamod:FastForward"],"picked":"SKIP","floor":30},{"not_picked":["hexamod:FlamesFromBeyond+1","hexamod:GhostOfSpireFuture+1"],"picked":"hexamod:GhostShield","floor":31},{"not_picked":["hexamod:Firestarter","hexamod:UnlimitedPower","hexamod:AdvancingGuard"],"picked":"SKIP","floor":31},{"not_picked":["hexamod:Hexaguard","hexamod:HauntingEcho"],"picked":"hexamod:AdvancingGuard+1","floor":32},{"not_picked":["hexamod:RecurringNightmare","hexamod:AdvancingGuard+1"],"picked":"hexamod:GhostflameBarrier+1","floor":32},{"not_picked":["hexamod:ApocalypseNow","hexamod:UnleashSpirits"],"picked":"hexamod:ParanormalForm","floor":33},{"not_picked":["hexamod:GhostflameInferno","hexamod:TurnItUp"],"picked":"hexamod:UnleashSpirits","floor":33},{"not_picked":["hexamod:Hexaguard","hexamod:SuperheatedStrike+1","hexamod:PhantomCloak"],"picked":"SKIP","floor":36},{"not_picked":["hexamod:HauntingEcho+1","hexamod:SwordOfDarkness"],"picked":"hexamod:ThermalTransfer+1","floor":37},{"not_picked":["hexamod:SkipABeat","hexamod:Firestarter+1","hexamod:GhostLash+1"],"picked":"SKIP","floor":37},{"not_picked":["hexamod:DynamicBlow","hexamod:GhostOfSpirePresent","hexamod:SpectralAdrenaline"],"picked":"SKIP","floor":38},{"not_picked":["hexamod:FastForward+1","hexamod:NightmareGuise+1","hexamod:AdvancingGuard"],"picked":"SKIP","floor":39},{"not_picked":["hexamod:InspiringFlames+1","hexamod:FlamesFromBeyond","hexamod:GhostOfSpireFuture"],"picked":"SKIP","floor":43},{"not_picked":["hexamod:SpectersWail","hexamod:ThermalTransfer+1"],"picked":"hexamod:HeatShield+1","floor":45},{"not_picked":["hexamod:ThermalTransfer","hexamod:PhantomCloak"],"picked":"hexamod:SpectersWail+1","floor":45},{"not_picked":["hexamod:SpectralSpark","hexamod:AdvancingGuard"],"picked":"hexamod:HeatCrush+1","floor":46},{"not_picked":["hexamod:FastForward+1","hexamod:GhostLash","hexamod:RecurringNightmare"],"picked":"SKIP","floor":46},{"not_picked":["hexamod:GhostLash","hexamod:GhostOfSpireFuture","hexamod:InspiringFlames+1"],"picked":"SKIP","floor":48},{"not_picked":["hexamod:ChargedBarrage+1","hexamod:Rewind+1","hexamod:HeatCrush+1"],"picked":"SKIP","floor":49}],"player_experience":11986434,"relics_obtained":[{"floor":7,"key":"MawBank"},{"floor":8,"key":"Matryoshka"},{"floor":24,"key":"Smiling Mask"},{"floor":24,"key":"Eternal Feather"},{"floor":26,"key":"bronze:DecasWashers"},{"floor":29,"key":"Bag of Marbles"},{"floor":29,"key":"sneckomod:BlankCard"},{"floor":41,"key":"Vajra"}],"event_choices":[{"damage_healed":0,"gold_gain":0,"player_choice":"Success","damage_taken":7,"relics_obtained":["Gremlin Horn"],"max_hp_gain":0,"max_hp_loss":0,"event_name":"Scrap Ooze","floor":3,"gold_loss":0},{"damage_healed":0,"gold_gain":0,"cards_transformed":["hexamod:Strike"],"player_choice":"Change","damage_taken":0,"max_hp_gain":0,"max_hp_loss":0,"event_name":"Living Wall","floor":10,"gold_loss":0,"cards_obtained":["hexamod:GhostLash"]},{"cards_removed":["downfall:Icky"],"damage_healed":0,"gold_gain":0,"player_choice":"Card Removal","damage_taken":0,"max_hp_gain":0,"max_hp_loss":0,"event_name":"The Cleric","floor":14,"gold_loss":0}],"is_beta":false,"boss_relics":[{"not_picked":["Astrolabe","Philosopher\u0027s Stone"],"picked":"Sozu"},{"not_picked":["Empty Cage","hexamod:UnbrokenSoul"],"picked":"expansioncontent:StudyCardRelic"}],"items_purged_floors":[28,38,47],"is_endless":false,"potions_floor_spawned":[2,4,8,15,30,32,33,37,45,46,48],"ascension_level":9}}