{"host":"5inz41fcnifmg6v2","time":1613651909,"event":{"mods":["BaseMod","Downfall","Minty Spire (QoL Compilation)","Reliquary","Replay The Spire","StSLib"],"gold_per_floor":[119,138,177,33,33,63,79,104,130,156,167,186,186,186,186,285,285,296,296,319,339,339,339,369,369,421,68,81,97,122,150,150,247,247,261,308,308,308,323,323,401,401,401,401,401,401,150,150,76,96,96,96,96],"floor_reached":52,"language":"ZHS","playtime":3277,"items_purged":["Bash"],"score":783,"play_id":"f46f4454-238b-4af2-bf6c-ff15e1385458","local_time":"20210218203829","is_ascension_mode":true,"campfire_choices":[{"floor":13,"key":"RECALL"},{"data":"Fire Breathing","floor":15,"key":"SMITH"},{"floor":23,"key":"REST"},{"floor":25,"key":"REST"},{"floor":40,"key":"REST"},{"floor":42,"key":"REST"},{"data":"Barricade","floor":46,"key":"SMITH"},{"floor":51,"key":"REST"}],"circlet_count":0,"master_deck":["Defend_R","Defend_R+1","Defend_R","Defend_R+1","Bash","Shrug It Off","Fire Breathing+1","ReplayTheSpireMod:Splinters","Pommel Strike","Searing Blow+1","Offering+1","Sword Boomerang","Twin Strike","ReplayTheSpireMod:Corrosion Curse","Power Through","Juggernaut","Wild Strike","Slimebound:Tackle+1","Slimebound:Tackle+1","Slimebound:Tackle+1","Body Slam","downfall:Icky","Immolate","Specialist","Shrug It Off","Seeing Red+1","Anger","Double Tap","Barricade+1","Hemogenesis","ReplayTheSpireMod:LeadingStrike","Spot Weakness","Wild Strike+1","Amnesia","Flame Barrier","Fire Breathing","ReplayTheSpireMod:IOU","ReplayTheSpireMod:IOU","Armaments","Spot Weakness+1"],"relics":["Burning Blood","NeowsBlessing","Torii","Sling","ReplayFunnel","reliquary:TuningFork","Toy Ornithopter","Replay:Mystery Machine","ChewingGum","Peace Pipe","Centennial Puzzle","BargainBundle","Simple Rune","reliquary:WeakTea","reliquary:GummyVitamins","reliquary:RedCape","WingedGreaves","ReplayTheSpireMod:CursedCoin","reliquary:HotPoker","Replay:Wax Seal","Juzu Bracelet","Cauldron","InkBottle","Onion Ring"],"acts_visited":["Exordium","TheCity","TheBeyond"],"potions_floor_usage":[8,10,10,11,33,39,50,52,52],"damage_taken":[{"damage":0,"enemies":"Cultist","floor":1,"turns":1},{"damage":0,"enemies":"Jaw Worm","floor":2,"turns":1},{"damage":0,"enemies":"Replay:BlueRogue","floor":6,"turns":1},{"damage":6,"enemies":"2 Louse","floor":7,"turns":3},{"damage":14,"enemies":"3 Sentries","floor":8,"turns":5},{"damage":16,"enemies":"Lagavulin","floor":10,"turns":4},{"damage":10,"enemies":"Lots of Slimes","floor":11,"turns":3},{"damage":8,"enemies":"3 Louse","floor":12,"turns":1},{"damage":20,"enemies":"Fading Forest","floor":16,"turns":11},{"damage":30,"enemies":"2 Thieves","floor":18,"turns":4},{"damage":6,"enemies":"3 Byrds","floor":21,"turns":3},{"damage":34,"enemies":"Replay:Snechameleon","floor":24,"turns":5},{"damage":21,"enemies":"Snake Plant","floor":28,"turns":3},{"damage":24,"enemies":"3 Cultists","floor":29,"turns":4},{"damage":21,"enemies":"Gremlin Leader","floor":31,"turns":4},{"damage":54,"enemies":"Collector","floor":33,"turns":8},{"damage":6,"enemies":"Orb Walker","floor":35,"turns":1},{"damage":61,"enemies":"2 Orb Walkers","floor":36,"turns":5},{"damage":20,"enemies":"3 Darklings","floor":39,"turns":4},{"damage":38,"enemies":"Writhing Mass","floor":50,"turns":4},{"damage":95,"enemies":"Awakened One","floor":52,"turns":8}],"seed_played":"-5375055979194668389","potions_obtained":[{"floor":6,"key":"Adrenaline Potion"},{"floor":7,"key":"Toxic Potion"},{"floor":8,"key":"EssenceOfSteel"},{"floor":10,"key":"SteroidPotion"},{"floor":11,"key":"Milkshake"},{"floor":33,"key":"DuplicationPotion"},{"floor":39,"key":"Block Potion"},{"floor":50,"key":"Fire Potion"}],"is_trial":false,"path_per_floor":["M","M","?","$","?","E","M","E","T","E","M","M","R","?","R","B",null,"M","?","T","M","?","R","E","R","T","$","M","M","T","E","R","B",null,"M","?","?","?","M","R","$","R","T","PTL","PTL","R","$","T","?","M","R","B"],"character_chosen":"IRONCLAD","items_purchased":["Sling","BargainBundle","FairyPotion","PowerPotion","Specialist","Shrug It Off","Seeing Red+1","Anger","Simple Rune","FearPotion","ReplayTheSpireMod:CursedCoin","Flame Barrier","Fire Breathing","Replay:Wax Seal","Juzu Bracelet","Cauldron","Armaments"],"campfire_rested":5,"item_purchase_floors":[4,27,27,27,27,27,27,27,27,27,41,41,47,47,47,47,47],"current_hp_per_floor":[80,80,80,80,80,80,80,72,72,72,73,71,71,71,71,57,80,56,56,56,56,56,80,52,76,76,76,61,43,43,28,52,9,80,80,25,25,25,16,40,40,64,64,64,64,64,64,64,64,37,61,0,0],"gold":96,"neow_bonus":"THREE_ENEMY_KILL","is_daily":false,"chose_seed":false,"campfire_upgraded":2,"win_rate":0.0,"timestamp":1613651909,"path_taken":["M","M","?","$","?","E","M","E","T","E","M","?","R","?","R","BOSS","M","?","?","M","?","R","E","R","T","$","?","M","?","E","R","BOSS","M","?","?","?","?","R","?","R","T","PTL","PTL","R","$","?","?","M","R","BOSS"],"items_purchased_type":["Relic","Relic","Potion","Potion","Card","Card","Card","Card","Relic","Potion","Relic","Card","Card","Relic","Relic","Relic","Card"],"build_version":"2020-12-22","purchased_purges":1,"victory":false,"max_hp_per_floor":[80,80,80,80,80,80,80,80,80,80,80,80,80,80,80,80,80,80,80,80,80,80,80,80,80,80,80,80,80,80,80,80,80,80,80,80,80,80,80,80,80,80,80,80,80,80,80,80,80,80,80,80,80],"card_choices":[{"not_picked":["Dropkick","Flex"],"picked":"Shrug It Off","floor":1},{"not_picked":["Replay:Undeath\u0027s Touch","Double Tap"],"picked":"Fire Breathing","floor":2},{"not_picked":["Iron Wave","True Grit"],"picked":"Pommel Strike","floor":3},{"not_picked":["Sword Boomerang","Cleave"],"picked":"Offering","floor":6},{"not_picked":["Warcry","Replay:Undeath\u0027s Touch"],"picked":"Sword Boomerang","floor":7},{"not_picked":["Clash","Carnage"],"picked":"Hemokinesis","floor":8},{"not_picked":["True Grit","Eclipse"],"picked":"Twin Strike","floor":10},{"not_picked":["Hemokinesis","Clothesline"],"picked":"ReplayTheSpireMod:Corrosion Curse","floor":11},{"not_picked":["True Grit","ReplayTheSpireMod:Corrosion Curse"],"picked":"Power Through","floor":12},{"not_picked":["Brutality","Demon Form"],"picked":"Juggernaut","floor":16},{"not_picked":["Dark Embrace+1","Perfected Strike+1"],"picked":"Wild Strike","floor":18},{"not_picked":["Havoc","Flame Barrier+1"],"picked":"Body Slam","floor":21},{"not_picked":["Second Wind","Headbutt","Flex"],"picked":"SKIP","floor":24},{"not_picked":["Sever Soul","Sword Boomerang"],"picked":"Double Tap","floor":28},{"not_picked":["Clash+1","Massacre","Sever Soul"],"picked":"SKIP","floor":29},{"not_picked":["Heavy Blade","Inflame"],"picked":"Barricade","floor":31},{"not_picked":["Brutality","Eclipse"],"picked":"Hemogenesis","floor":33},{"not_picked":["Perfected Strike+1","ReplayTheSpireMod:Strike From Hell+1"],"picked":"ReplayTheSpireMod:LeadingStrike","floor":35},{"not_picked":["Defy Death","Thunderclap"],"picked":"Spot Weakness","floor":36},{"not_picked":["Thunderclap+1","Rampage"],"picked":"Wild Strike+1","floor":39},{"not_picked":["Cleave+1","Clothesline"],"picked":"Spot Weakness+1","floor":50}],"player_experience":115581,"relics_obtained":[{"floor":3,"key":"Torii"},{"floor":6,"key":"ReplayFunnel"},{"floor":8,"key":"reliquary:TuningFork"},{"floor":9,"key":"Toy Ornithopter"},{"floor":10,"key":"Replay:Mystery Machine"},{"floor":24,"key":"Peace Pipe"},{"floor":26,"key":"Centennial Puzzle"},{"floor":30,"key":"reliquary:WeakTea"},{"floor":31,"key":"reliquary:GummyVitamins"},{"floor":36,"key":"WingedGreaves"},{"floor":43,"key":"reliquary:HotPoker"},{"floor":48,"key":"InkBottle"}],"event_choices":[{"damage_healed":0,"gold_gain":0,"cards_transformed":["Strike_R"],"player_choice":"Transformed","damage_taken":0,"max_hp_gain":0,"max_hp_loss":0,"event_name":"Transmorgrifier","floor":5,"gold_loss":0,"cards_obtained":["Searing Blow"]},{"damage_healed":0,"gold_gain":0,"player_choice":"3 cards matched","damage_taken":0,"max_hp_gain":0,"max_hp_loss":0,"event_name":"Match and Keep!","floor":22,"gold_loss":0,"cards_obtained":["Bash","downfall:Icky","Immolate"]},{"damage_healed":0,"gold_gain":0,"player_choice":"Fight","damage_taken":0,"max_hp_gain":0,"max_hp_loss":0,"event_name":"Mysterious Sphere","floor":36,"gold_loss":0},{"damage_healed":0,"gold_gain":0,"player_choice":"Ignored","damage_taken":0,"max_hp_gain":0,"max_hp_loss":0,"event_name":"Tomb of Lord Red Mask","floor":37,"gold_loss":0},{"cards_removed":["Hemokinesis"],"damage_healed":0,"gold_gain":0,"player_choice":"Purged","damage_taken":0,"max_hp_gain":0,"max_hp_loss":0,"event_name":"Purifier","floor":38,"gold_loss":0},{"damage_healed":0,"gold_gain":0,"player_choice":"Paid Gold","damage_taken":0,"relics_obtained":["Onion Ring"],"max_hp_gain":0,"max_hp_loss":0,"event_name":"WeMeetAgain","floor":49,"gold_loss":74}],"is_beta":false,"boss_relics":[{"not_picked":["Kintsugi","Honey Jar"],"picked":"ChewingGum"},{"not_picked":["Runic Pyramid","Sozu"],"picked":"reliquary:RedCape"}],"items_purged_floors":[27],"is_endless":false,"potions_floor_spawned":[6,7,8,10,11,31,33,39,50],"killed_by":"Awakened One","ascension_level":3}}