{"host":"g3js2eermvvpeiqn","time":1613684858,"event":{"mods":["BaseMod","DeckTracker","Downfall","Minty Spire (QoL Compilation)","Quick Restart","StSLib"],"gold_per_floor":[119,30,180,180,180,180,209,209,209,236,236,246,280,292,292,365,365,377,329,329,29,41,41,51,51,74,74,89,69,99,5,5,82,82,96,37,82,94,108,108,108,121,121,121,21,33,33,33,33,33,33,33,33,33,65,65,65],"floor_reached":56,"language":"ENG","playtime":4669,"items_purged":["Strike_B","Strike_B"],"score":1887,"play_id":"da434597-1f25-4075-acc4-1bb7c592e423","local_time":"20210218154738","is_ascension_mode":true,"campfire_choices":[{"data":"Coolheaded","floor":6.0,"key":"SMITH"},{"data":"Sunder","floor":8.0,"key":"SMITH"},{"data":"Fusion","floor":15.0,"key":"SMITH"},{"data":"Biased Cognition","floor":23.0,"key":"SMITH"},{"floor":25.0,"key":"REST"},{"data":"Blizzard","floor":32.0,"key":"SMITH"},{"data":"Hologram","floor":41.0,"key":"SMITH"},{"floor":44.0,"key":"RECALL"},{"floor":47.0,"key":"REST"},{"floor":49.0,"key":"REST"},{"data":"Recycle","floor":53.0,"key":"SMITH"}],"circlet_count":0,"master_deck":["AscendersBane","Strike_B","Defend_B","Defend_B","Defend_B","Zap","Dualcast","Coolheaded+1","Glacier","Sunder+1","Fusion+1","Reinforced Body","Coolheaded","Gash","Biased Cognition+1","Go for the Eyes","Go for the Eyes","Echo Form+1","Beam Cell","Recycle+1","Gash","Blizzard+1","All For One","Gash","Hologram+1","Coolheaded+1","Gash"],"relics":["Cracked Core","NeowsBlessing","Shuriken","Kunai","Omamori","InkBottle","Pocketwatch","Runic Pyramid","OrangePellets","DataDisk","Darkstone Periapt","Empty Cage","Du-Vu Doll"],"acts_visited":["Exordium","TheCity","TheBeyond","TheEnding"],"potions_floor_usage":[],"damage_taken":[{"damage":0.0,"enemies":"2 Louse","floor":1.0,"turns":1.0},{"damage":0.0,"enemies":"Lagavulin","floor":7.0,"turns":1.0},{"damage":0.0,"enemies":"3 Sentries","floor":10.0,"turns":1.0},{"damage":0.0,"enemies":"Jaw Worm","floor":12.0,"turns":1.0},{"damage":8.0,"enemies":"Gremlin Nob","floor":13.0,"turns":4.0},{"damage":0.0,"enemies":"Small Slimes","floor":14.0,"turns":4.0},{"damage":13.0,"enemies":"The Guardian","floor":16.0,"turns":14.0},{"damage":7.0,"enemies":"Spheric Guardian","floor":18.0,"turns":6.0},{"damage":27.0,"enemies":"2 Thieves","floor":19.0,"turns":5.0},{"damage":0.0,"enemies":"Chosen and Byrds","floor":22.0,"turns":8.0},{"damage":14.0,"enemies":"Shelled Parasite and Fungi","floor":24.0,"turns":5.0},{"damage":0.0,"enemies":"Centurion and Healer","floor":28.0,"turns":5.0},{"damage":0.0,"enemies":"Gremlin Leader","floor":30.0,"turns":6.0},{"damage":13.0,"enemies":"Champ","floor":33.0,"turns":9.0},{"damage":4.0,"enemies":"3 Shapes","floor":35.0,"turns":5.0},{"damage":8.0,"enemies":"2 Orb Walkers","floor":37.0,"turns":2.0},{"damage":5.0,"enemies":"3 Darklings","floor":38.0,"turns":3.0},{"damage":0.0,"enemies":"Writhing Mass","floor":39.0,"turns":6.0},{"damage":14.0,"enemies":"4 Shapes","floor":42.0,"turns":5.0},{"damage":0.0,"enemies":"Maw","floor":46.0,"turns":6.0},{"damage":7.0,"enemies":"Donu and Deca","floor":50.0,"turns":8.0},{"damage":15.0,"enemies":"Awakened One","floor":51.0,"turns":8.0},{"damage":46.0,"enemies":"Shield and Spear","floor":55.0,"turns":7.0},{"damage":48,"enemies":"The Heart","floor":56,"turns":3}],"seed_played":"-3143545928507102069","potions_obtained":[{"floor":1.0,"key":"SteroidPotion"},{"floor":10.0,"key":"ColorlessPotion"},{"floor":14.0,"key":"hexamod:SoulburnPotion"},{"floor":18.0,"key":"LiquidMemories"},{"floor":28.0,"key":"FearPotion"},{"floor":30.0,"key":"BlessingOfTheForge"},{"floor":37.0,"key":"BlessingOfTheForge"},{"floor":39.0,"key":"LiquidMemories"},{"floor":46.0,"key":"sneckomod:MuddlingPotion"}],"is_trial":false,"path_per_floor":["M","$","?","T","?","R","E","R","T","E","?","M","E","M","R","B",null,"M","M","?","$","M","R","M","R","T","?","M","?","E","$","R","B",null,"M","$","?","M","M","?","R","M","T","R","$","M","R","$","R","B","B",null,"R","$","E","B"],"character_chosen":"DEFECT","items_purchased":["Glacier","OrangePellets","Go for the Eyes","Gash","Blizzard","Gash"],"campfire_rested":3,"item_purchase_floors":[2,21,21,31,31,36],"current_hp_per_floor":[64,64,64,64,64,64,64,64,64,64,69,69,61,61,61,48,69,62,35,35,35,35,35,21,43,43,43,43,43,43,43,43,30,65,61,61,53,48,48,48,48,34,34,34,34,34,56,56,76,69,54,71,71,71,25,0,0],"gold":65,"neow_bonus":"THREE_ENEMY_KILL","is_daily":false,"chose_seed":false,"campfire_upgraded":7,"win_rate":0.0,"timestamp":1613684858,"path_taken":["M","$","?","?","?","R","E","R","T","E","?","?","E","M","R","BOSS","M","M","?","$","M","R","M","R","T","?","?","?","E","?","R","BOSS","M","$","?","M","M","?","R","M","T","R","?","?","R","$","R","BOSS","BOSS","R","$","E","BOSS"],"items_purchased_type":["Card","Relic","Card","Card","Card","Card"],"build_version":"2020-12-22","purchased_purges":2,"victory":false,"max_hp_per_floor":[71,71,71,71,71,71,71,71,71,71,76,76,76,76,76,76,76,76,76,76,76,76,76,76,76,76,76,76,76,76,76,76,76,76,76,76,76,76,76,76,76,76,76,76,76,76,76,76,76,76,76,76,76,76,76,76,76],"card_choices":[{"not_picked":["Go for the Eyes","Leap"],"picked":"Coolheaded","floor":1.0},{"not_picked":["Auto Shields","Reinforced Body"],"picked":"Sunder","floor":7.0},{"not_picked":["Darkness","Double Energy"],"picked":"Fusion","floor":10.0},{"not_picked":["Streamline","Sweeping Beam"],"picked":"Reinforced Body","floor":12.0},{"not_picked":["Conserve Battery","Ball Lightning"],"picked":"Coolheaded","floor":13.0},{"not_picked":["Go for the Eyes","Auto Shields"],"picked":"Gash","floor":14.0},{"not_picked":["Amplify","Buffer"],"picked":"Biased Cognition","floor":16.0},{"not_picked":["Sweeping Beam","Cold Snap","Static Discharge"],"picked":"SKIP","floor":18.0},{"not_picked":["Rebound","Compile Driver"],"picked":"Go for the Eyes","floor":19.0},{"not_picked":["Ball Lightning","Compile Driver","Sweeping Beam"],"picked":"SKIP","floor":22.0},{"not_picked":["Ball Lightning","Barrage"],"picked":"Echo Form","floor":24.0},{"not_picked":["Streamline","Rebound"],"picked":"Beam Cell","floor":28.0},{"not_picked":["Skim","Chill+1"],"picked":"Recycle","floor":30.0},{"not_picked":["Thunder Strike","Creative AI"],"picked":"All For One","floor":33.0},{"not_picked":["Leap","Turbo"],"picked":"Beam Cell","floor":35.0},{"not_picked":["Scrape","Conserve Battery","Redo+1"],"picked":"SKIP","floor":38.0},{"not_picked":["Cold Snap+1","Redo"],"picked":"Hologram","floor":39.0},{"not_picked":["Melter","Reprogram"],"picked":"Coolheaded+1","floor":42.0},{"not_picked":["Steam","Leap+1","Barrage"],"picked":"SKIP","floor":46.0},{"not_picked":["Hologram","Beam Cell+1"],"picked":"Gash","floor":55.0}],"player_experience":1492576,"relics_obtained":[{"floor":4.0,"key":"Shuriken"},{"floor":7.0,"key":"Kunai"},{"floor":9.0,"key":"Omamori"},{"floor":10.0,"key":"InkBottle"},{"floor":13.0,"key":"Pocketwatch"},{"floor":26.0,"key":"DataDisk"},{"floor":30.0,"key":"Darkstone Periapt"},{"floor":37.0,"key":"Du-Vu Doll"}],"event_choices":[{"damage_healed":0.0,"max_hp_gain":0.0,"max_hp_loss":0.0,"gold_gain":150.0,"event_name":"Liars Game","player_choice":"AGREE","floor":3.0,"gold_loss":0.0,"damage_taken":0.0,"cards_obtained":["Doubt"]},{"cards_removed":["Doubt"],"damage_healed":0.0,"max_hp_gain":0.0,"max_hp_loss":0.0,"gold_gain":0.0,"event_name":"Living Wall","player_choice":"Forget","floor":5.0,"gold_loss":0.0,"damage_taken":0.0},{"damage_healed":0.0,"max_hp_gain":5.0,"max_hp_loss":0.0,"gold_gain":0.0,"event_name":"Big Fish","player_choice":"Donut","floor":11.0,"gold_loss":0.0,"damage_taken":0.0},{"damage_healed":0.0,"max_hp_gain":0.0,"max_hp_loss":0.0,"gold_gain":0.0,"event_name":"Forgotten Altar","player_choice":"Smashed Altar","floor":20.0,"gold_loss":0.0,"damage_taken":0.0,"cards_obtained":["Decay"]},{"damage_healed":0.0,"max_hp_gain":0.0,"max_hp_loss":0.0,"gold_gain":0.0,"event_name":"Upgrade Shrine","player_choice":"Upgraded","floor":27.0,"gold_loss":0.0,"damage_taken":0.0,"cards_upgraded":["Echo Form"]},{"damage_healed":0.0,"max_hp_gain":0.0,"max_hp_loss":0.0,"gold_gain":0.0,"event_name":"The Woman in Blue","player_choice":"Bought 1 Potion","floor":29.0,"gold_loss":0.0,"damage_taken":0.0},{"damage_healed":0.0,"max_hp_gain":0.0,"max_hp_loss":0.0,"gold_gain":0.0,"event_name":"Mysterious Sphere","player_choice":"Fight","floor":37.0,"gold_loss":0.0,"damage_taken":0.0},{"cards_removed":["Beam Cell"],"damage_healed":0.0,"max_hp_gain":0.0,"max_hp_loss":0.0,"gold_gain":0.0,"event_name":"Falling","player_choice":"Removed Attack","floor":40.0,"gold_loss":0.0,"damage_taken":0.0}],"is_beta":false,"boss_relics":[{"not_picked":["FrozenCore","Busted Crown"],"picked":"Runic Pyramid"},{"not_picked":["Velvet Choker","SacredBark"],"picked":"Empty Cage"}],"items_purged_floors":[21,45],"is_endless":false,"potions_floor_spawned":[1,10,14,18,28,30,37,39,46],"killed_by":"The Heart","ascension_level":20}}