{"host":"yqztwemefsbhfep8","time":1613611056,"event":{"mods":["BaseMod","Downfall","Minty Spire (QoL Compilation)","StSLib"],"gold_per_floor":[99,117,117,136,146,5,32,32,49,69,69,69,69],"floor_reached":11,"language":"ENG","playtime":440,"items_purged":[],"score":68,"play_id":"9550c3fc-081b-4f70-8a52-2aa097db1a30","local_time":"20210217171736","is_ascension_mode":true,"campfire_choices":[{"data":"hexamod:Float","floor":1,"key":"SMITH"}],"circlet_count":0,"master_deck":["hexamod:Strike","hexamod:Strike","hexamod:Strike","hexamod:Strike","hexamod:Defend","hexamod:Defend","hexamod:Defend","hexamod:Defend","hexamod:Sear","hexamod:Float+1","Pain","hexamod:GiftsFromTheDead","hexamod:Hexaguard","hexamod:PhantomFireball","hexamod:FastForward","hexamod:SuperheatedStrike","hexamod:SpectersWail"],"relics":["hexamod:SpiritBrand","downfall:ShatteredFragment","InkBottle"],"acts_visited":["Exordium"],"potions_floor_usage":[6,11],"damage_taken":[{"damage":3,"enemies":"2 Louse","floor":2,"turns":2},{"damage":3,"enemies":"Jaw Worm","floor":4,"turns":3},{"damage":4,"enemies":"Cultist","floor":5,"turns":3},{"damage":7,"enemies":"downfall:FleeingMerchant","floor":6,"turns":4},{"damage":5,"enemies":"Exordium Wildlife","floor":9,"turns":3},{"damage":6,"enemies":"3 Louse","floor":10,"turns":3},{"damage":9,"enemies":"Gremlin Nob","floor":11,"turns":1}],"seed_played":"-4418101637680544782","potions_obtained":[{"floor":2,"key":"SkillPotion"},{"floor":5,"key":"bronze:BurnAndBuffPotion"}],"is_trial":false,"path_per_floor":["R","M","?","M","M","$","T","?","M","M","E"],"character_chosen":"THE_SPIRIT","items_purchased":["hexamod:SuperheatedStrike","Slimebound:ThreeZeroPotion"],"campfire_rested":0,"item_purchase_floors":[6,6],"current_hp_per_floor":[70,67,46,43,39,32,32,20,15,9,0,0,0],"gold":69,"neow_bonus":"THREE_RARE_CARDS","is_daily":false,"chose_seed":false,"campfire_upgraded":1,"win_rate":0.0,"timestamp":1613611056,"path_taken":["R","M","?","M","M","$","T","?","?","?","E"],"items_purchased_type":["Card","Potion"],"build_version":"2020-12-22","purchased_purges":0,"victory":false,"max_hp_per_floor":[70,70,70,70,70,70,70,70,70,70,70,70,70],"card_choices":[{"not_picked":["hexamod:Toasty","hexamod:GhostOfSpirePresent"],"picked":"hexamod:GiftsFromTheDead","floor":0},{"not_picked":["hexamod:StepThrough","hexamod:ThermalTransfer"],"picked":"hexamod:Hexaguard","floor":2},{"not_picked":["hexamod:GhostflameBarrier","hexamod:SwordOfDarkness","hexamod:GhostLash"],"picked":"SKIP","floor":4},{"not_picked":["hexamod:BurningTouch","hexamod:AdvancingGuard"],"picked":"hexamod:PhantomFireball","floor":5},{"not_picked":["hexamod:Haunt","hexamod:HauntingEcho"],"picked":"hexamod:FastForward","floor":6},{"not_picked":["hexamod:NightmareGuise","hexamod:FastForward","hexamod:HauntingEcho"],"picked":"SKIP","floor":9},{"not_picked":["hexamod:InspiringFlames","hexamod:HeatMetal"],"picked":"hexamod:SpectersWail","floor":10}],"player_experience":330770,"relics_obtained":[],"event_choices":[{"damage_healed":0,"gold_gain":0,"player_choice":"Success","damage_taken":12,"relics_obtained":["InkBottle"],"max_hp_gain":0,"max_hp_loss":0,"event_name":"Scrap Ooze","floor":8,"gold_loss":0}],"is_beta":false,"boss_relics":[],"items_purged_floors":[],"is_endless":false,"potions_floor_spawned":[2,5],"killed_by":"Gremlin Nob","ascension_level":1}}