{"host":"5tnmlfm2arf82kze","time":1613640859,"event":{"mods":["Act Like it!","Arknights","BaseMod","CapriCore","Colored Powertips","Gensokyo","Minty Spire (QoL Compilation)","MostiFishMod","Remilia（蕾米莉亚）","Replay The Spire","RumiaBox-露米娅的神秘盒子","Shop Mod","Spicy Shops","StSLib","Waifu the Spire","Youmu（魂魄妖梦）","Yuyuko","【功能Mod】聪明的最终Boss"],"gold_per_floor":[110,130,144,156,16,48,58,58,84,110,110,153,153,153,153,277,277,311,16,52,52,82,129,129,352,378,454,0,49,61,73,85,218,230,279,291,342,384,396,485,497,9,21,33,45,104,163,56,56,78,78,78,3,54,72],"floor_reached":56,"language":"ZHS","playtime":11041,"items_purged":[],"score":1976,"play_id":"ffc2b77f-8fcf-4f0e-bdc4-2be78bf6d0d2","local_time":"20210218173419","is_ascension_mode":true,"campfire_choices":[{"data":"PreachingAvici","floor":11.0,"key":"SMITH"},{"data":"GreatEnlightenmentAppearingAndDisappearing","floor":13.0,"key":"SMITH"},{"data":"SlashOfDelusionalInnerEye","floor":15.0,"key":"SMITH"},{"data":"TurningAngelCut","floor":24.0,"key":"SMITH"},{"data":"HellFireSword","floor":30.0,"key":"SMITH"},{"floor":32.0,"key":"DIG"},{"data":"SwordExtraction","floor":41.0,"key":"SMITH"},{"data":"FourBirthsSword","floor":44,"key":"SMITH"},{"floor":49,"key":"RECALL"},{"data":"ReincarnationSword","floor":52,"key":"SMITH"}],"circlet_count":0,"master_deck":["Strike_YM+1","Strike_YM","Defend_YM","Defend_YM","Defend_YM","SlashOfPresentWorld","WheelOfPainOfLivingAndDead+1","HiganSword+1","SwordExtraction","SlashOfAscensionToBuddhahood","KarmicPunishmentOfTheIdleAndUnfocused","PreachingAvici+1","FourBirthsSword+1","GreatEnlightenmentAppearingAndDisappearing+1","SlashOfDelusionalInnerEye+1","HeavenSword+1","CherryBlossomSword+1","SlashOfAscensionToBuddhahood+1","SanzenSekai+1","SwordExtraction+1","Gensokyo:MissMary","ConstancyOfTheConventionalTruth+1","TurningAngelCut+1","FourBirthsSword+1","RapidSlash+1","HellFireSword+1","ReincarnationSword+1","TurningAngelCut","ObsessionWithThePresentWorld","AsTheSilentNirvana+1","Gensokyo:TarnishedGold","SpiritMediumsBind+1","HellFireSword+1","MostiFishMod:StoryBook","MostiFishMod:StoryBook","LifeCuttingSword+1"],"relics":["DaveBox","JellyFishMachine","BionicSphere","Gremlin Food","ReplayFunnel","Replay:Bandana","Replay:WaspNest","Replay:Baseball","Astrolabe","Regal Pillow","MawBank","ArrowTower","ReplayTheSpireMod:Ninjato","Hakurouken","ChewingGum","ReplayTheSpireMod:Ring of Exchange","Blue Doll","PatriotShield","GodSword3","Gensokyo:EmptyGrave","SynthV:C4","Orichalcum","Lantern","HornCleat","PlanX"],"acts_visited":["Gensokyo:Gensokyo","Gensokyo:Gensokyoer","Gensokyo:Gensokyoest","TheEnding"],"potions_floor_usage":[47,55],"damage_taken":[{"damage":0.0,"enemies":"Gensokyo:2_Kodama","floor":1.0,"turns":3.0},{"damage":6.0,"enemies":"Gensokyo:Gryphon","floor":2.0,"turns":4.0},{"damage":0.0,"enemies":"Gensokyo:Python","floor":3.0,"turns":4.0},{"damage":0.0,"enemies":"Gensokyo:LivingMonolith","floor":4.0,"turns":3.0},{"damage":0.0,"enemies":"Gensokyo:Aya","floor":6.0,"turns":7.0},{"damage":0.0,"enemies":"Gensokyo:Kitsune","floor":7.0,"turns":3.0},{"damage":0.0,"enemies":"Gensokyo:Mamizou","floor":10.0,"turns":8.0},{"damage":4.0,"enemies":"Gensokyo:Cirno","floor":12.0,"turns":5.0},{"damage":0.0,"enemies":"Gensokyo:Reimu","floor":16.0,"turns":7.0},{"damage":0.0,"enemies":"Gensokyo:Chomper","floor":18.0,"turns":4.0},{"damage":1.0,"enemies":"Gensokyo:CosmicMonolith","floor":20.0,"turns":3.0},{"damage":9.0,"enemies":"Gensokyo:Slime_Group","floor":22.0,"turns":4.0},{"damage":2.0,"enemies":"Gensokyo:Reisen","floor":23.0,"turns":5.0},{"damage":7.0,"enemies":"Gensokyo:Swordslinger","floor":25.0,"turns":5.0},{"damage":0.0,"enemies":"Gensokyo:Tenshi","floor":27.0,"turns":3.0},{"damage":3.0,"enemies":"Gensokyo:Koishi","floor":29.0,"turns":5.0},{"damage":0.0,"enemies":"Gensokyo:Eternal_Rivals","floor":33.0,"turns":6.0},{"damage":0.0,"enemies":"Gensokyo:3_Bats","floor":35.0,"turns":2.0},{"damage":0.0,"enemies":"Gensokyo:AncientGuardian","floor":37.0,"turns":3.0},{"damage":0.0,"enemies":"Gensokyo:Sharpion","floor":38.0,"turns":4.0},{"damage":0.0,"enemies":"Gensokyo:Doremy","floor":40.0,"turns":4.0},{"damage":0,"enemies":"Gensokyo:Rafflesia","floor":46,"turns":2},{"damage":0,"enemies":"Gensokyo:Marisa","floor":47,"turns":4},{"damage":2,"enemies":"Gensokyo:Yuyuko","floor":50,"turns":4},{"damage":0,"enemies":"Shield and Spear","floor":54,"turns":2},{"damage":3,"enemies":"The Heart","floor":55,"turns":4}],"seed_played":"-4748539833889217844","potions_obtained":[{"floor":2.0,"key":"Explosive Potion"},{"floor":3.0,"key":"Block Potion"},{"floor":6.0,"key":"LiquidBronze"},{"floor":12.0,"key":"AttackPotion"},{"floor":16.0,"key":"BlessingOfTheForge"},{"floor":18.0,"key":"AttackPotion"},{"floor":22.0,"key":"PowerPotion"},{"floor":25.0,"key":"AttackPotion"},{"floor":29.0,"key":"CultistPotion"},{"floor":38.0,"key":"Regen Potion"},{"floor":46,"key":"Block Potion"}],"is_trial":false,"path_per_floor":["M","M","M","M","?","E","M","T","T","E","R","E","R","?","R","B",null,"M","COS","M","?","M","E","R","M","T","E","?","E","R","?","R","B",null,"M","?","M","M","?","E","R","COS","T","R","?","M","E","$","R","B",null,"R","$","E","B",null],"character_chosen":"YOUMU","items_purchased":["MostiFishMod:StoryBook","Lantern"],"campfire_rested":0,"item_purchase_floors":[48,53],"current_hp_per_floor":[75,69,69,69,69,69,69,69,69,69,69,65,65,65,65,65,73,73,73,72,72,63,61,61,54,54,54,54,51,51,51,51,51,69,69,69,69,69,69,69,69,69,69,69,69,69,69,69,69,67,69,69,69,69,69],"gold":72,"neow_bonus":"BOSS_RELIC","is_daily":false,"chose_seed":false,"campfire_upgraded":8,"win_rate":0.0,"timestamp":1613640859,"path_taken":["M","M","M","M","?","E","M","?","T","E","R","E","R","?","R","BOSS","M","COS","M","?","M","E","R","M","T","E","?","E","R","?","R","BOSS","M","?","M","M","?","E","R","COS","T","R","?","M","E","?","R","BOSS","R","$","E","BOSS"],"items_purchased_type":["Card","Relic"],"build_version":"2020-12-22","purchased_purges":0,"victory":true,"max_hp_per_floor":[75,75,75,75,75,75,75,75,75,75,75,75,75,75,75,75,75,75,75,75,75,75,75,75,75,75,75,75,75,75,75,75,75,75,75,75,75,75,75,75,75,75,75,75,69,69,69,69,69,69,69,69,69,69,69],"card_choices":[{"not_picked":["HumanKnowledgeSword","FlashingScatteredFlowers"],"picked":"HiganSword","floor":1.0},{"not_picked":["PhosphoricSlash","SanzenSekai"],"picked":"SwordExtraction","floor":2.0},{"not_picked":["SlashOfDelusionalInnerEye","CrescentMoonSlash"],"picked":"SlashOfAscensionToBuddhahood","floor":3.0},{"not_picked":["CrescentMoonSlash","TenKingsRetributionOnThePreta"],"picked":"KarmicPunishmentOfTheIdleAndUnfocused","floor":4.0},{"not_picked":["ObsessionWithThePresentWorld","FantasyOfEnteringEnlightenment"],"picked":"PreachingAvici","floor":6.0},{"not_picked":["SlashOfMeditation","SpiritCuttingSword"],"picked":"FourBirthsSword","floor":7.0},{"not_picked":["TurningAngelCut","HumanKnowledgeSword"],"picked":"GreatEnlightenmentAppearingAndDisappearing","floor":10.0},{"not_picked":["ThreeKonsSevenHakus","HeartExcerptSlash"],"picked":"SlashOfDelusionalInnerEye","floor":12.0},{"not_picked":["DeadlyForm","ReincarnationSword"],"picked":"HeavenSword","floor":16.0},{"not_picked":["TwoHundredYojanaInOneSlash+1","PhosphoricSlash"],"picked":"SwordExtraction","floor":18.0},{"not_picked":["SanzenSekai","ThreeKonsSevenHakus"],"picked":"ConstancyOfTheConventionalTruth+1","floor":20.0},{"not_picked":["HumanKnowledgeSword+1","SwordOfBindingDesires","TwoHundredYojanaInOneSlash"],"picked":"SKIP","floor":22.0},{"not_picked":["VoidnessSword","RapidSlash"],"picked":"TurningAngelCut","floor":23.0},{"not_picked":["PretaSword","SanzenSekai"],"picked":"FourBirthsSword","floor":25.0},{"not_picked":["LowerRealmReflectionSlash","ConstancyOfTheConventionalTruth"],"picked":"RapidSlash+1","floor":27.0},{"not_picked":["LifeCuttingSword","CherryBlossomFlashing"],"picked":"HellFireSword","floor":29.0},{"not_picked":["DeadlyForm","VoidnessSword"],"picked":"ReincarnationSword","floor":33.0},{"not_picked":["FlashingScatteredFlowers","SlashOfMeditation+1"],"picked":"TurningAngelCut","floor":35.0},{"not_picked":["LifeCuttingSword+1","SwordExtraction"],"picked":"ObsessionWithThePresentWorld","floor":37.0},{"not_picked":["PretaSword","RapidSlash","FantasyOfEnteringEnlightenment"],"picked":"SKIP","floor":38.0},{"not_picked":["SpiritCuttingSword+1","LifeCuttingSword+1"],"picked":"AsTheSilentNirvana+1","floor":40.0},{"not_picked":["HumanKnowledgeSword","LifeCuttingSword+1"],"picked":"SpiritMediumsBind+1","floor":46},{"not_picked":["LowerRealmReflectionSlash","PhosphoricSlash+1"],"picked":"HellFireSword+1","floor":47},{"not_picked":["SlashOfMeditation","CherryBlossomFlashing+1"],"picked":"LifeCuttingSword+1","floor":54}],"player_experience":311566,"relics_obtained":[{"floor":6.0,"key":"Gremlin Food"},{"floor":9.0,"key":"ReplayFunnel"},{"floor":10.0,"key":"Replay:Bandana"},{"floor":12.0,"key":"Replay:WaspNest"},{"floor":23.0,"key":"Regal Pillow"},{"floor":26.0,"key":"MawBank"},{"floor":27.0,"key":"ArrowTower"},{"floor":29.0,"key":"ReplayTheSpireMod:Ninjato"},{"floor":32.0,"key":"Hakurouken"},{"floor":36.0,"key":"ReplayTheSpireMod:Ring of Exchange"},{"floor":40.0,"key":"Blue Doll"},{"floor":43,"key":"GodSword3"},{"floor":47,"key":"Orichalcum"},{"floor":54,"key":"HornCleat"}],"event_choices":[],"is_beta":false,"boss_relics":[{"not_picked":["Replay:Ancient Bell","Abe\u0027s Treasure"],"picked":"Astrolabe"},{"not_picked":["Ring of Chaos","BloodWine"],"picked":"ChewingGum"}],"items_purged_floors":[],"is_endless":false,"potions_floor_spawned":[2,3,6,10,12,16,18,22,25,29,35,38,46],"ascension_level":5}}