{"host":"2qv44oxt58ptq59r","time":1613679802,"event":{"mods":["AchievementEnabler","BaseMod","Colored Powertips","Highlight Path","Minty Spire (QoL Compilation)","Permanent Neow","StSLib"],"gold_per_floor":[118,3,3,13,26,52,52,84,160,171,171,171,199,217,217,315,315,296,313,326,326,344,344,373,373,373,389,389,35,46,46,46,151,151,165,8,8,8,53,70,70,86,86,86,100,117,117,136,136,136],"floor_reached":51,"language":"ENG","playtime":5787,"items_purged":["Strike_R","Strike_R"],"score":988,"play_id":"75af1116-6d7f-43b4-b97e-fc5736f15438","local_time":"20210218202322","is_ascension_mode":true,"campfire_choices":[{"data":"Uppercut","floor":7.0,"key":"SMITH"},{"data":"Inflame","floor":11.0,"key":"SMITH"},{"data":"Body Slam","floor":15.0,"key":"SMITH"},{"data":"Feel No Pain","floor":23.0,"key":"SMITH"},{"floor":25.0,"key":"REST"},{"data":"Corruption","floor":28.0,"key":"SMITH"},{"data":"Cleave","floor":32.0,"key":"SMITH"},{"floor":41.0,"key":"DIG"},{"floor":47.0,"key":"RECALL"},{"floor":49.0,"key":"DIG"}],"circlet_count":0,"master_deck":["Strike_R+1","Defend_R+1","Defend_R+1","Defend_R+1","Defend_R+1","Bash","Uppercut+1","Inflame+1","Spot Weakness","Dark Embrace","Body Slam+1","Feel No Pain+1","Warcry+1","Corruption+1","Cleave+1","Infernal Blade+1","Feel No Pain+1","Intimidate+1","Intimidate+1","Dark Shackles+1","Whirlwind+1","Reaper","Wild Strike+1","Dark Shackles+1","Cleave+1","Headbutt","Carnage","Madness+1","Madness+1","Intimidate+1","Thunderclap","Parasite","Impervious+1"],"relics":["Burning Blood","Thread and Needle","Anchor","Shuriken","Toxic Egg 2","Empty Cage","War Paint","Nunchaku","Ornamental Fan","Mark of Pain","Medical Kit","Shovel","Pear","Meat on the Bone","Charon\u0027s Ashes"],"acts_visited":["Exordium","TheCity","TheBeyond"],"potions_floor_usage":[50,50,50],"damage_taken":[{"damage":1.0,"enemies":"Cultist","floor":1.0,"turns":4.0},{"damage":0.0,"enemies":"2 Louse","floor":4.0,"turns":3.0},{"damage":1.0,"enemies":"Small Slimes","floor":5.0,"turns":4.0},{"damage":45.0,"enemies":"Lagavulin","floor":6.0,"turns":6.0},{"damage":28.0,"enemies":"Gremlin Nob","floor":8.0,"turns":5.0},{"damage":2.0,"enemies":"Blue Slaver","floor":10.0,"turns":4.0},{"damage":26.0,"enemies":"Lagavulin","floor":13.0,"turns":6.0},{"damage":7.0,"enemies":"Looter","floor":14.0,"turns":3.0},{"damage":43.0,"enemies":"Hexaghost","floor":16.0,"turns":10.0},{"damage":15.0,"enemies":"2 Thieves","floor":18.0,"turns":4.0},{"damage":17.0,"enemies":"Spheric Guardian","floor":19.0,"turns":5.0},{"damage":4.0,"enemies":"Centurion and Healer","floor":20.0,"turns":6.0},{"damage":17.0,"enemies":"Snecko","floor":22.0,"turns":5.0},{"damage":31.0,"enemies":"Slavers","floor":24.0,"turns":6.0},{"damage":12.0,"enemies":"Snake Plant","floor":27.0,"turns":4.0},{"damage":0.0,"enemies":"Chosen and Byrds","floor":30.0,"turns":5.0},{"damage":59.0,"enemies":"Collector","floor":33.0,"turns":11.0},{"damage":0.0,"enemies":"3 Shapes","floor":35.0,"turns":4.0},{"damage":21.0,"enemies":"2 Orb Walkers","floor":39.0,"turns":5.0},{"damage":6.0,"enemies":"Orb Walker","floor":40.0,"turns":3.0},{"damage":28.0,"enemies":"Transient","floor":42.0,"turns":5.0},{"damage":27.0,"enemies":"Spire Growth","floor":45.0,"turns":6.0},{"damage":30.0,"enemies":"Sphere and 2 Shapes","floor":46.0,"turns":5.0},{"damage":6.0,"enemies":"Writhing Mass","floor":48.0,"turns":5.0},{"damage":13,"enemies":"Time Eater","floor":50,"turns":10}],"seed_played":"6023529476203012106","potions_obtained":[{"floor":1.0,"key":"Block Potion"},{"floor":10.0,"key":"BloodPotion"},{"floor":14.0,"key":"HeartOfIron"},{"floor":18.0,"key":"AttackPotion"},{"floor":22.0,"key":"Fire Potion"},{"floor":39.0,"key":"Dexterity Potion"},{"floor":42.0,"key":"Block Potion"},{"floor":45.0,"key":"DuplicationPotion"},{"floor":48.0,"key":"DistilledChaos"}],"is_trial":false,"path_per_floor":["M","$","?","M","M","E","R","E","T","M","R","?","E","M","R","B",null,"M","M","M","?","M","R","E","R","T","M","R","$","M","?","R","B",null,"M","$","?","?","?","M","R","M","T","?","M","M","R","M","R","B",null],"character_chosen":"IRONCLAD","items_purchased":["Inflame","Dark Shackles+1","Apotheosis+1","Medical Kit"],"campfire_rested":1,"item_purchase_floors":[2,29,29,36],"current_hp_per_floor":[85,85,90,93,93,54,54,32,32,36,36,93,73,72,72,35,79,70,59,61,61,50,50,25,52,52,46,46,46,52,52,52,17,74,80,80,80,80,78,78,88,78,78,65,58,56,56,68,68,74],"gold":136,"neow_bonus":"TEN_PERCENT_HP_BONUS","is_daily":false,"chose_seed":false,"campfire_upgraded":6,"win_rate":0.0,"timestamp":1613679802,"path_taken":["M","$","?","M","M","E","R","E","T","M","R","?","E","M","R","BOSS","M","?","M","?","M","R","E","R","T","M","R","$","M","?","R","BOSS","M","$","?","?","?","M","R","M","T","?","M","M","R","M","R","BOSS"],"items_purchased_type":["Card","Card","Card","Relic"],"build_version":"2020-12-22","purchased_purges":2,"victory":true,"max_hp_per_floor":[88,88,93,93,93,93,93,93,93,93,93,93,93,93,93,93,93,93,93,93,93,93,93,93,93,93,93,93,93,93,93,93,93,93,93,93,93,93,93,93,103,103,103,103,103,103,103,103,103,103],"card_choices":[{"not_picked":["Evolve","Thunderclap"],"picked":"Uppercut","floor":1.0},{"not_picked":["Clothesline","Dropkick"],"picked":"Spot Weakness","floor":4.0},{"not_picked":["Clothesline","Body Slam"],"picked":"Dark Embrace","floor":5.0},{"not_picked":["Armaments","Barricade","Uppercut"],"picked":"SKIP","floor":6.0},{"not_picked":["Sword Boomerang","Armaments"],"picked":"Body Slam","floor":8.0},{"not_picked":["Armaments","True Grit"],"picked":"Feel No Pain","floor":10.0},{"not_picked":["Infernal Blade+1","Twin Strike"],"picked":"Warcry+1","floor":13.0},{"not_picked":["Hemokinesis","Rampage","Berserk"],"picked":"SKIP","floor":14.0},{"not_picked":["Impervious+1","Brutality"],"picked":"Corruption","floor":16.0},{"not_picked":["Pommel Strike","Rupture"],"picked":"Cleave","floor":18.0},{"not_picked":["Sword Boomerang","Havoc+1"],"picked":"Infernal Blade+1","floor":19.0},{"not_picked":["Havoc+1","Battle Trance+1"],"picked":"Feel No Pain+1","floor":20.0},{"not_picked":["Clash","Anger","Pummel"],"picked":"SKIP","floor":22.0},{"not_picked":["Twin Strike","Shrug It Off+1"],"picked":"Intimidate+1","floor":24.0},{"not_picked":["Armaments+1","Flex+1"],"picked":"Intimidate+1","floor":27.0},{"not_picked":["Fire Breathing","Dual Wield+1"],"picked":"Whirlwind+1","floor":30.0},{"not_picked":["Impervious+1","Fiend Fire"],"picked":"Reaper","floor":33.0},{"not_picked":["Flex+1","Iron Wave"],"picked":"Wild Strike+1","floor":35.0},{"not_picked":["Mind Blast","Finesse+1"],"picked":"Dark Shackles+1","floor":38.0},{"not_picked":["Searing Blow","Infernal Blade+1"],"picked":"Cleave+1","floor":39.0},{"not_picked":["Reckless Charge","Flex+1"],"picked":"Headbutt","floor":40.0},{"not_picked":["Rupture+1","Headbutt+1"],"picked":"Carnage","floor":42.0},{"not_picked":["Iron Wave+1","Clothesline+1"],"picked":"Intimidate+1","floor":45.0},{"not_picked":["Twin Strike","Pommel Strike"],"picked":"Thunderclap","floor":46.0},{"not_picked":["Carnage","Shrug It Off+1"],"picked":"Impervious+1","floor":48.0}],"player_experience":5758473,"relics_obtained":[{"floor":6.0,"key":"Thread and Needle"},{"floor":8.0,"key":"Anchor"},{"floor":9.0,"key":"Shuriken"},{"floor":13.0,"key":"Toxic Egg 2"},{"floor":24.0,"key":"Nunchaku"},{"floor":26.0,"key":"Ornamental Fan"},{"floor":39.0,"key":"Shovel"},{"floor":41.0,"key":"Pear"},{"floor":43.0,"key":"Meat on the Bone"},{"floor":49.0,"key":"Charon\u0027s Ashes"}],"event_choices":[{"damage_healed":0.0,"max_hp_gain":5.0,"max_hp_loss":0.0,"gold_gain":0.0,"event_name":"Big Fish","player_choice":"Donut","floor":3.0,"gold_loss":0.0,"damage_taken":0.0},{"damage_healed":57.0,"max_hp_gain":0.0,"max_hp_loss":0.0,"gold_gain":0.0,"event_name":"Wheel of Change","player_choice":"Full Heal","floor":12.0,"gold_loss":0.0,"damage_taken":0.0},{"damage_healed":0.0,"max_hp_gain":0.0,"max_hp_loss":0.0,"gold_gain":0.0,"event_name":"The Mausoleum","player_choice":"Opened","floor":21.0,"gold_loss":0.0,"damage_taken":0.0,"relics_obtained":["War Paint"]},{"damage_healed":0.0,"max_hp_gain":0.0,"max_hp_loss":0.0,"gold_gain":0.0,"event_name":"Back to Basics","player_choice":"Simplicity","floor":31.0,"gold_loss":0.0,"damage_taken":0.0,"cards_upgraded":["Strike_R","Defend_R","Defend_R"]},{"cards_removed":["Apotheosis"],"damage_healed":0.0,"max_hp_gain":0.0,"max_hp_loss":0.0,"gold_gain":0.0,"event_name":"Falling","player_choice":"Removed Skill","floor":37.0,"gold_loss":0.0,"damage_taken":0.0},{"damage_healed":0.0,"max_hp_gain":0.0,"max_hp_loss":0.0,"gold_gain":0.0,"event_name":"SensoryStone","player_choice":"Memory 1","floor":38.0,"gold_loss":0.0,"damage_taken":0.0},{"damage_healed":0.0,"max_hp_gain":0.0,"max_hp_loss":0.0,"gold_gain":0.0,"event_name":"Mysterious Sphere","player_choice":"Fight","floor":39.0,"gold_loss":0.0,"damage_taken":0.0},{"damage_healed":0.0,"max_hp_gain":0.0,"max_hp_loss":0.0,"gold_gain":0.0,"event_name":"Winding Halls","player_choice":"Embrace Madness","floor":44.0,"gold_loss":0.0,"damage_taken":13.0,"cards_obtained":["Madness","Madness"]}],"is_beta":false,"boss_relics":[{"not_picked":["Busted Crown","SlaversCollar"],"picked":"Empty Cage"},{"not_picked":["Cursed Key","Runic Cube"],"picked":"Mark of Pain"}],"items_purged_floors":[2,29],"is_endless":false,"potions_floor_spawned":[1,10,14,18,22,39,42,45,48],"ascension_level":9}}