{"host":"f5gffvlv6a66yqkd","time":1613658320,"event":{"mods":["2.2 Compatiblity","BaseMod","Colored Map","Custom Start","DeckTracker","Keyboard Shortcuts","Minty Spire (QoL Compilation)","Permanent Neow","Quick Restart","Relic Stats","StSLib","SuperFastMode"],"gold_per_floor":[119,138,152,152,166,192,192,203,258,271,271,283,333,125,125,203,203,214,304,45,59,9,34,34,34,34],"floor_reached":25,"language":"KOR","playtime":430,"items_purged":["Strike_P","Strike_P","Strike_P"],"score":491,"play_id":"a46b0680-bb47-4e7e-ae08-d7de4ee8f2fe","local_time":"20210218232520","is_ascension_mode":true,"campfire_choices":[{"floor":7.0,"key":"REST"},{"data":"Wallop","floor":11.0,"key":"SMITH"},{"data":"SignatureMove","floor":15.0,"key":"SMITH"},{"data":"Adaptation","floor":24.0,"key":"SMITH"}],"circlet_count":0,"master_deck":["AscendersBane","Defend_P","Defend_P","Defend_P","Defend_P","Eruption+1","Vigilance","SignatureMove+1","CutThroughFate","Consecrate","Tantrum","Wallop+1","Judgement","LessonLearned","FlurryOfBlows","Adaptation+1"],"relics":["PureWater","Shuriken","Smiling Mask","Lee\u0027s Waffle","Runic Pyramid","OrangePellets","Letter Opener"],"acts_visited":["Exordium","TheCity"],"potions_floor_usage":[25],"damage_taken":[{"damage":0.0,"enemies":"Cultist","floor":1.0,"turns":2.0},{"damage":0.0,"enemies":"Jaw Worm","floor":2.0,"turns":3.0},{"damage":9.0,"enemies":"Small Slimes","floor":3.0,"turns":5.0},{"damage":11.0,"enemies":"3 Louse","floor":5.0,"turns":2.0},{"damage":32.0,"enemies":"Gremlin Nob","floor":6.0,"turns":3.0},{"damage":0.0,"enemies":"Gremlin Gang","floor":8.0,"turns":2.0},{"damage":0.0,"enemies":"Red Slaver","floor":10.0,"turns":1.0},{"damage":0.0,"enemies":"3 Louse","floor":12.0,"turns":2.0},{"damage":0.0,"enemies":"Slime Boss","floor":16.0,"turns":2.0},{"damage":0.0,"enemies":"Spheric Guardian","floor":18.0,"turns":2.0},{"damage":6.0,"enemies":"3 Byrds","floor":21.0,"turns":3.0},{"damage":33.0,"enemies":"Book of Stabbing","floor":23.0,"turns":3.0},{"damage":0,"enemies":"Gremlin Leader","floor":25,"turns":2}],"seed_played":"-1347436598165227504","potions_obtained":[{"floor":2.0,"key":"AttackPotion"},{"floor":5.0,"key":"FearPotion"},{"floor":6.0,"key":"SmokeBomb"},{"floor":10.0,"key":"PowerPotion"},{"floor":12.0,"key":"EntropicBrew"},{"floor":23.0,"key":"GamblersBrew"}],"is_trial":false,"path_per_floor":["M","M","M","?","M","E","R","M","T","M","R","M","?","$","R","B",null,"M","?","$","M","$","E","R","E"],"character_chosen":"WATCHER","items_purchased":["Lee\u0027s Waffle","Adaptation","OrangePellets"],"campfire_rested":1,"item_purchase_floors":[14,20,20],"current_hp_per_floor":[61,61,52,52,41,9,29,29,29,29,29,29,29,75,75,75,75,75,63,63,57,57,24,24,24,24],"gold":34,"neow_bonus":"UPGRADE_CARD","is_daily":false,"chose_seed":false,"campfire_upgraded":3,"win_rate":0.0,"timestamp":1613658320,"path_taken":["M","M","M","?","M","E","R","M","T","?","R","M","?","$","R","BOSS","M","?","$","M","?","E","R","E"],"items_purchased_type":["Relic","Card","Relic"],"build_version":"2020-12-22","purchased_purges":3,"victory":false,"max_hp_per_floor":[68,68,68,68,68,68,68,68,68,68,68,68,68,75,75,75,75,75,75,75,75,75,75,75,75,75],"relic_stats":{"OrangePellets":[1],"Lee\u0027s Waffle":46,"counters":[13,32],"Shuriken":[9],"Letter Opener":[5],"Smiling Mask":150,"obtain_stats":[{"OrangePellets":20,"Lee\u0027s Waffle":14,"Shuriken":6,"Letter Opener":23,"PureWater":0,"Smiling Mask":9,"Runic Pyramid":17},{"OrangePellets":10,"Lee\u0027s Waffle":8,"Shuriken":5,"Letter Opener":12,"PureWater":0,"Smiling Mask":6,"Runic Pyramid":9},{"OrangePellets":24,"Lee\u0027s Waffle":20,"Shuriken":15,"Letter Opener":30,"PureWater":0,"Smiling Mask":17,"Runic Pyramid":22}]},"card_choices":[{"not_picked":["FollowUp","Evaluate"],"picked":"SignatureMove","floor":1.0},{"not_picked":["FlyingSleeves","Pray","JustLucky"],"picked":"SKIP","floor":2.0},{"not_picked":["Protect","SandsOfTime","Pray"],"picked":"SKIP","floor":3.0},{"not_picked":["Vengeance","JustLucky"],"picked":"Consecrate","floor":5.0},{"not_picked":["Prostrate","BowlingBash"],"picked":"Tantrum","floor":6.0},{"not_picked":["FollowUp","Prostrate"],"picked":"Wallop","floor":8.0},{"not_picked":["Crescendo","ThirdEye"],"picked":"Judgement","floor":10.0},{"not_picked":["Pray","Protect","Evaluate"],"picked":"SKIP","floor":12.0},{"not_picked":["Establishment","Ragnarok"],"picked":"LessonLearned","floor":16.0},{"not_picked":["Consecrate","DeceiveReality"],"picked":"FlurryOfBlows","floor":18.0},{"not_picked":["LikeWater","Weave","FlurryOfBlows"],"picked":"SKIP","floor":21.0},{"not_picked":["CrushJoints","Prostrate","CutThroughFate"],"picked":"SKIP","floor":23.0}],"player_experience":1494499,"relics_obtained":[{"floor":6.0,"key":"Shuriken"},{"floor":9.0,"key":"Smiling Mask"},{"floor":23.0,"key":"Letter Opener"}],"event_choices":[{"damage_healed":0.0,"max_hp_gain":0.0,"max_hp_loss":0.0,"gold_gain":0.0,"cards_transformed":["Strike_P"],"event_name":"Transmorgrifier","player_choice":"Transformed","floor":4.0,"gold_loss":0.0,"damage_taken":0.0,"cards_obtained":["CutThroughFate"]},{"damage_healed":0.0,"max_hp_gain":0.0,"max_hp_loss":0.0,"gold_gain":50.0,"event_name":"Golden Shrine","player_choice":"Pray","floor":13.0,"gold_loss":0.0,"damage_taken":0.0},{"damage_healed":0.0,"max_hp_gain":0.0,"max_hp_loss":0.0,"gold_gain":90.0,"event_name":"Knowing Skull","player_choice":"GOLD ","floor":19.0,"potions_obtained":[],"gold_loss":0.0,"damage_taken":12.0,"cards_obtained":[]}],"is_beta":false,"boss_relics":[{"not_picked":["Runic Dome","Snecko Eye"],"picked":"Runic Pyramid"}],"items_purged_floors":[14,20,22],"is_endless":false,"potions_floor_spawned":[2,5,6,10,12,23],"killed_by":"Gremlin Leader","ascension_level":16}}