{"host":"tzz1a4lp7gkxiavd","time":1613653175,"event":{"mods":["BaseMod","KomeijiMod","Minty Spire (QoL Compilation)","Youmu£¨»êÆÇÑýÃÎ£©","¡¾¹¦ÄÜMod¡¿Neow½±Àø"],"gold_per_floor":[114,114,114,131,56,89,89,116,116,142,156,125,150,162,162,261,261,274,274,34,52,52,52,52,69,123,123,148,148,148],"floor_reached":29,"language":"ZHS","playtime":1221,"items_purged":["Strike_R","Strike_R"],"score":298,"play_id":"6e40db29-3449-48c0-a756-4218fb76b62f","local_time":"20210218205935","is_ascension_mode":true,"campfire_choices":[{"floor":15.0,"key":"REST"},{"data":"Demon Form","floor":23.0,"key":"SMITH"},{"data":"Limit Break","floor":27.0,"key":"SMITH"}],"circlet_count":0,"master_deck":["Strike_R","Strike_R","Strike_R","Defend_R","Defend_R+1","Defend_R","Defend_R+1","Bash","Sword Boomerang+1","Infernal Blade","Twin Strike+1","Demon Form+1","Twin Strike+1","Limit Break+1","Berserk","Muse","Double Tap"],"relics":["Burning Blood","NeowsBlessing","Molten Egg 2","Regal Pillow","HoshigumaDish","Potion Belt","Velvet Choker","Happy Flower","Self Forming Clay"],"acts_visited":["Exordium","TheCity"],"potions_floor_usage":[29],"damage_taken":[{"damage":0.0,"enemies":"2 Louse","floor":1.0,"turns":1.0},{"damage":0.0,"enemies":"Jaw Worm","floor":4.0,"turns":1.0},{"damage":0.0,"enemies":"3 Sentries","floor":6.0,"turns":2.0},{"damage":50.0,"enemies":"Lagavulin","floor":8.0,"turns":9.0},{"damage":1.0,"enemies":"Cultist","floor":11.0,"turns":3.0},{"damage":24.0,"enemies":"3 Sentries","floor":13.0,"turns":8.0},{"damage":0.0,"enemies":"Red Slaver","floor":14.0,"turns":4.0},{"damage":62.0,"enemies":"Slime Boss","floor":16.0,"turns":13.0},{"damage":2.0,"enemies":"Chosen","floor":18.0,"turns":3.0},{"damage":5.0,"enemies":"3 Byrds","floor":21.0,"turns":5.0},{"damage":19.0,"enemies":"Cultist and Chosen","floor":25.0,"turns":6.0},{"damage":65.0,"enemies":"Slavers","floor":28.0,"turns":6.0},{"damage":8,"enemies":"Snake Plant","floor":29,"turns":3}],"seed_played":"-5052467225774491116","potions_obtained":[{"floor":1.0,"key":"PowerPotion"},{"floor":6.0,"key":"Explosive Potion"},{"floor":16.0,"key":"Fire Potion"},{"floor":28.0,"key":"SkillPotion"}],"is_trial":false,"path_per_floor":["M","?","?","M","$","E","$","E","T","T","M","?","E","M","R","B",null,"M","?","$","M","?","R","?","M","T","R","E","M"],"character_chosen":"IRONCLAD","items_purchased":["Limit Break"],"campfire_rested":1,"item_purchase_floors":[20],"current_hp_per_floor":[80,64,80,80,80,80,80,36,36,36,41,41,23,29,68,12,80,80,80,80,80,80,80,80,67,67,67,8,0,0],"gold":148,"neow_bonus":"THREE_ENEMY_KILL","is_daily":false,"chose_seed":false,"campfire_upgraded":2,"win_rate":0.0,"timestamp":1613653175,"path_taken":["M","?","?","?","?","E","$","E","T","?","M","?","E","M","R","BOSS","M","?","$","?","?","R","?","?","T","R","E","M"],"items_purchased_type":["Card"],"build_version":"2020-12-22","purchased_purges":2,"victory":false,"max_hp_per_floor":[80,80,80,80,80,80,80,80,80,80,80,80,80,80,80,80,80,80,80,80,80,80,80,80,80,80,80,80,80,80],"card_choices":[{"not_picked":["Burning Pact","Hemokinesis"],"picked":"Ghostly Armor","floor":1.0},{"not_picked":["Heavy Blade","Twin Strike","Sever Soul"],"picked":"SKIP","floor":4.0},{"not_picked":["Clothesline+1","Rampage+1"],"picked":"Sword Boomerang+1","floor":6.0},{"not_picked":["Flame Barrier","Warcry"],"picked":"Infernal Blade","floor":8.0},{"not_picked":["Perfected Strike+1","Headbutt+1","Pommel Strike+1"],"picked":"SKIP","floor":11.0},{"not_picked":["Second Wind","Sword Boomerang+1"],"picked":"Twin Strike+1","floor":13.0},{"not_picked":["Perfected Strike+1","Flame Barrier","Body Slam+1"],"picked":"SKIP","floor":14.0},{"not_picked":["Offering","Juggernaut"],"picked":"Demon Form","floor":16.0},{"not_picked":["Body Slam+1","Clothesline+1"],"picked":"Twin Strike+1","floor":18.0},{"not_picked":["Clash+1","Clothesline+1","Anger+1"],"picked":"SKIP","floor":21.0},{"not_picked":["Rupture","Headbutt+1"],"picked":"Double Tap","floor":25.0},{"not_picked":["Seeing Red","Metallicize","Headbutt+1"],"picked":"SKIP","floor":28.0}],"player_experience":126988,"relics_obtained":[{"floor":6.0,"key":"Molten Egg 2"},{"floor":8.0,"key":"Regal Pillow"},{"floor":10.0,"key":"HoshigumaDish"},{"floor":13.0,"key":"Potion Belt"},{"floor":26.0,"key":"Happy Flower"},{"floor":28.0,"key":"Self Forming Clay"}],"event_choices":[{"damage_healed":0.0,"max_hp_gain":0.0,"max_hp_loss":0.0,"gold_gain":0.0,"event_name":"Shining Light","player_choice":"Entered Light","floor":2.0,"gold_loss":0.0,"damage_taken":16.0,"cards_upgraded":["Defend_R","Defend_R"]},{"cards_removed":["Ghostly Armor"],"damage_healed":16.0,"max_hp_gain":0.0,"max_hp_loss":0.0,"gold_gain":0.0,"event_name":"Bonfire Elementals","player_choice":"Offered Uncommon","floor":3.0,"gold_loss":0.0,"damage_taken":0.0},{"damage_healed":0.0,"max_hp_gain":0.0,"max_hp_loss":0.0,"gold_gain":0.0,"event_name":"World of Goop","player_choice":"Left Gold","floor":12.0,"gold_loss":31.0,"damage_taken":0.0},{"damage_healed":0.0,"max_hp_gain":0.0,"max_hp_loss":0.0,"gold_gain":0.0,"event_name":"The Woman in Blue","player_choice":"Bought 0 Potions","floor":19.0,"gold_loss":0.0,"damage_taken":0.0},{"damage_healed":0.0,"max_hp_gain":0.0,"max_hp_loss":0.0,"gold_gain":0.0,"event_name":"Match and Keep!","player_choice":"2 cards matched","floor":24.0,"gold_loss":0.0,"damage_taken":0.0,"cards_obtained":["Berserk","Muse"]},{"damage_healed":0.0,"max_hp_gain":0.0,"max_hp_loss":0.0,"gold_gain":0.0,"event_name":"Match and Keep!","player_choice":"2 cards matched","floor":24.0,"gold_loss":0.0,"damage_taken":0.0,"cards_obtained":["Berserk","Muse"]}],"is_beta":false,"boss_relics":[{"not_picked":["Busted Crown","Calling Bell"],"picked":"Velvet Choker"}],"items_purged_floors":[5,20],"is_endless":false,"potions_floor_spawned":[1,6,16,28],"killed_by":"Snake Plant","ascension_level":1}}