{"host":"4qp30tywltrhkmjj","time":1613669441,"event":{"mods":["2.2 Compatiblity","AchievementEnabler","Act Like it!","Ascension Unlocker","Aspiration","BaseMod","Bestiary","Better Altar","Better Match","Better Note","Better Skull","Better Third Choice","BetterRewards","CCEM2","CapriCore","Challenge The Spire","Colored Map","Colored Powertips","Conjunction","Conspire","Defuse TimeMaze Blight","Displayed Cursed Tome","Downfall","EXCEPTION","Emptier Cage","Energized Spire","Exacting","Gold Saver","Halation","Highlight Path","Hubris","Infinite Spire","Jedi Mod","Lobotomy","LobotomyExtend","Minty Spire (QoL Compilation)","Poor People Problems","Replay The Spire","Ruina","SacredBarkPlus","Shop Mod","Spicy Shops","Spire Arcade","StSLib","The Blue Laboratory","Transform Curses","Uncapped","Unceasing Turn Reminder","Wandering Minibosses","Yuri Mod"],"gold_per_floor":[3465,3481,3507,3507,3507,3520,3520,2286,2315,1243,1243,1253,1253,1253,1271,1346,1346,1346,1403,1421,1421,1421,1421,1491,1821,1821,1821],"floor_reached":25,"language":"ENG","playtime":1311,"items_purged":[],"score":498,"play_id":"800c1f9e-7bdc-4ea8-9c77-9c5246e14147","local_time":"20210218183041","is_ascension_mode":true,"campfire_choices":[{"floor":13,"key":"REST"},{"floor":18,"key":"RECALL"}],"circlet_count":0,"master_deck":["LongBird","AscendersBane","bronze:Strike","bronze:Strike","bronze:Strike","bronze:Strike","bronze:Defend","bronze:Defend","bronze:Defend","bronze:Defend","bronze:Replicate","bronze:Goto+1","bronze:Replicate","bronze:BronzeArmor","bronze:InfiniteLoop","OSAHOGD","Amnesia","PunishingBird","bronze:MaxOutput","bronze:Safeguard","expansioncontent:DashGenerateEvil","bronze:InfiniteLoop","bronze:Repair","bronze:AlphaBuild","bronze:MaxOutput","bronze:ChildClass","bronze:FindAndReplace","CherryBlossoms","bronze:SpaghettiCode"],"relics":["Bronze Scales","CogitoBucket","LetterFromLob","Ring of Fury","infinitespire:Golems Mask","hubris:MedicalManual","yuri:PortableGlitches","TheAbacus","MerchantsRug","ReplayFunnel","Bag of Preparation","jedi:shrinkray","Toy Ornithopter","CCEMRelics:TinyMinotavrHorn","Replay:Lucky Slots","CCEMRelics:Pendulum","CCEMRelics:PocketTank","Theresia","Philosopher\u0027s Stone","Justitia_r","CENSORED_r","wanderingMiniBosses:ThiefScarf","bronze:BronzeCore","hubris:MobiusCoin","halation:EternalFortune","Cauldron","Golden Egg","halation:Sosunser"],"acts_visited":["Exordium","ruina:Briah"],"potions_floor_usage":[8,10,19],"damage_taken":[{"damage":1,"enemies":"Cultist","floor":2,"turns":3},{"damage":8,"enemies":"conspire:RoseBush","floor":3,"turns":3},{"damage":3,"enemies":"2 Louse","floor":6,"turns":2},{"damage":8,"enemies":"downfall:FleeingMerchant","floor":8,"turns":4},{"damage":22,"enemies":"3 Sentries","floor":9,"turns":5},{"damage":1,"enemies":"downfall:FleeingMerchant","floor":10,"turns":5},{"damage":5,"enemies":"Large Slime","floor":12,"turns":2},{"damage":16,"enemies":"Exordium Thugs","floor":15,"turns":3},{"damage":18,"enemies":"SI_SHIV_ARCHETYPE","floor":16,"turns":5},{"damage":71,"enemies":"ruina:2_Scarecrows","floor":19,"turns":9},{"damage":0,"enemies":"ruina:Nosferatu","floor":20,"turns":1}],"seed_played":"-44224494748259088","potions_obtained":[{"floor":3,"key":"blueLaboratory:FrostheartPotion"},{"floor":6,"key":"Milkshake"},{"floor":9,"key":"blueLaboratory:StoneskinPotion"},{"floor":16,"key":"Conjunction:LightningMarble"},{"floor":19,"key":"Fire Potion"},{"floor":23,"key":"blueLaboratory:FruitPunch"}],"is_trial":false,"path_per_floor":["R_BF","M","M","?","?","M","T","$","E","$","?","M","R","?","M","B",null,"R","M","M","?","?","$","T","$"],"character_chosen":"THE_AUTOMATON","items_purchased":["hubris:MedicalManual","hubris:MobiusCoin","yuri:PortableGlitches","expansioncontent:DashGenerateEvil","TheAbacus","MerchantsRug","jedi:shrinkray","Toy Ornithopter","CCEMRelics:TinyMinotavrHorn","Replay:Lucky Slots","CCEMRelics:Pendulum","bronze:AlphaBuild","Cauldron"],"campfire_rested":1,"item_purchase_floors":[8,8,8,8,8,8,10,10,10,10,10,10,23],"current_hp_per_floor":[57,56,48,48,48,45,45,39,21,22,22,19,37,40,35,28,54,54,3,10,10,13,3,3,0,0,0],"gold":1821,"neow_bonus":"RANDOM_COMMON_RELIC","is_daily":false,"chose_seed":false,"campfire_upgraded":0,"win_rate":0.0,"timestamp":1613669441,"path_taken":["R_BF","M","M","?","?","M","T","$","E","$","?","?","R","?","M","BOSS","R","M","M","?","?","?","T","$"],"items_purchased_type":["Relic","Relic","Relic","Card","Relic","Relic","Relic","Relic","Relic","Relic","Relic","Card","Relic"],"build_version":"2020-12-22","purchased_purges":0,"victory":false,"max_hp_per_floor":[63,63,63,63,63,63,63,63,63,63,63,63,63,63,63,63,63,63,63,63,63,66,66,66,66,66,66],"card_choices":[{"not_picked":["bronze:Overheat","bronze:Deprecate"],"picked":"bronze:BronzeArmor","floor":2},{"not_picked":["Murderer","BeautyBeast","Wellcheers"],"picked":"Singing Bowl","floor":2},{"not_picked":["Murderer","WallGazer"],"picked":"LongBird","floor":2},{"not_picked":["bronze:FineTuning","bronze:CutThrough"],"picked":"bronze:InfiniteLoop","floor":3},{"not_picked":["Bloodbath","MHz"],"picked":"OSAHOGD","floor":3},{"not_picked":["MHz","MeatLantern"],"picked":"PunishingBird","floor":6},{"not_picked":["bronze:ClassDefault","bronze:DigitalCarnage"],"picked":"bronze:MaxOutput","floor":6},{"not_picked":["bronze:ThunderWave","bronze:Backtrace"],"picked":"bronze:Safeguard","floor":8},{"not_picked":["bronze:Allocate","bronze:ChosenStrike"],"picked":"bronze:InfiniteLoop","floor":9},{"not_picked":["bronze:OilSpill","bronze:Invalidate"],"picked":"bronze:Repair","floor":10},{"not_picked":["MeatLantern","CrumblingArmor","SpiderBud"],"picked":"Singing Bowl","floor":10},{"not_picked":["bronze:Boost","bronze:Turbo"],"picked":"bronze:MaxOutput","floor":12},{"not_picked":["bronze:BronzeArmor","bronze:Philosophize"],"picked":"bronze:ChildClass","floor":15},{"not_picked":["bronze:Format","bronze:Break"],"picked":"bronze:FindAndReplace","floor":16},{"not_picked":["HeroicMonk","CherryBlossoms"],"picked":"CENSORED","floor":16},{"not_picked":["FairyFestival","Rudolta","UniverseFragment"],"picked":"Singing Bowl","floor":19},{"not_picked":["GalaxyChild","BeautyBeast"],"picked":"CherryBlossoms","floor":19},{"not_picked":["bronze:Branch","bronze:BuggyMess"],"picked":"bronze:SpaghettiCode","floor":19},{"not_picked":["OldLady","SnowQueen","MHz"],"picked":"Singing Bowl","floor":20},{"not_picked":["bronze:OilSpill","bronze:Separator","bronze:FineTuning"],"picked":"SKIP","floor":20}],"player_experience":480596,"relics_obtained":[{"floor":2,"key":"LetterFromLob"},{"floor":5,"key":"Ring of Fury"},{"floor":7,"key":"infinitespire:Golems Mask"},{"floor":9,"key":"ReplayFunnel"},{"floor":9,"key":"Bag of Preparation"},{"floor":11,"key":"CCEMRelics:PocketTank"},{"floor":19,"key":"wanderingMiniBosses:ThiefScarf"},{"floor":19,"key":"bronze:BronzeCore"},{"floor":19,"key":"hubris:MobiusCoin"}],"event_choices":[{"damage_healed":0,"gold_gain":0,"player_choice":"Relic","damage_taken":0,"max_hp_gain":0,"max_hp_loss":0,"event_name":"Wheel of Change","floor":11,"gold_loss":0}],"is_beta":false,"boss_relics":[{"not_picked":["jedi:paperlyon","conspire:RoyalGoblet"],"picked":"Philosopher\u0027s Stone"}],"items_purged_floors":[],"is_endless":false,"potions_floor_spawned":[3,9,16,19],"killed_by":"downfall:FleeingMerchant","ascension_level":20}}