{"host":"acw864156wjp8gcv","time":1613685348,"event":{"mods":["2.2 Compatiblity","AchievementEnabler","Ascension Reborn","Aspiration","BaseMod","Beaked The Cultist","Better Altar","Better Match","Better Note","Better Sensory Stone","Better Silent Start","Better Skull","Better Third Choice","Better Vampires","BetterRewards","Challenge The Spire","Colored Map","Colored Powertips","Conspire","Curses Come First","Downfall","Energized Spire","GifTheSpireLib","Halation","Hubris","Infinite Spire","Ironclad Rager","Jedi Mod","Mimic Mod","Minty Spire (QoL Compilation)","Permanent Neow","Relic Sorter","Replay The Spire","Robot Space Explorer","Shop Mod","Spicy Shops","Spikes Relics","StSLib","Stuff the Spire","The Blue Laboratory","The Construct","The Jungle","The Marked","Wandering Minibosses","everything is the same but u backflip on backflip"],"gold_per_floor":[121,144,144,157,157,197,197,221,319,319,319,319,79,109,109,230,230,253,269,286,310,310,348,150,173,173,221,263,276,276,290,290,416,416,440,440,400,420,438,438,460,474,474,496,496,496,234,275,275,275,275,275,50,80,212],"floor_reached":56,"language":"ENG","playtime":2229,"items_purged":["Defend_G+1","Strike_G+1"],"score":550,"play_id":"2f33b9b0-4e64-4fae-9120-0d6d2df1bcd8","local_time":"20210218155548","is_ascension_mode":true,"campfire_choices":[{"floor":7.0,"key":"RECALL"},{"floor":15.0,"key":"REST"},{"data":"Blade Dance","floor":32.0,"key":"SMITH"},{"floor":40.0,"key":"REST"},{"floor":46.0,"key":"REST"},{"data":"Accuracy","floor":49.0,"key":"SMITH"}],"circlet_count":0,"master_deck":["jedi:collectorvenom+1","Adrenaline+1"],"relics":["Ring of the Snake","hubris:Icosahedron","infinitespire:CheckeredPen","CherryCoatedStake","halation:TwoAmDonut","infinitespire:ShieldingShard","Replay:Baseball","Tough Bandages","energizedSpire:HighHeels","Blue Doll","FaceOfCleric","Unceasing Top","ToxicTincture","Lantern","jedi:archwizardhat","wanderingMiniBosses:OtherGremlinHorn","infinitespire:Bottled Soul","hubris:DuctTape","StuffTheSpire:Expresso","hubris:Backtick","ReplayTheSpireMod:Ninjato","hubris:MysteriousPyramids","Ring of Peace","Ginger","halation:LettersToHer","HandDrill","Vajra","hubris:TenFootPole","construct:FoamFinger","infinitespire:EvilPickle","construct:BoolHorns"],"acts_visited":["Exordium","TheCity","TheBeyond","TheEnding"],"potions_floor_usage":[],"damage_taken":[{"damage":0.0,"enemies":"2 Louse","floor":1.0,"turns":2.0},{"damage":0.0,"enemies":"Cultist","floor":2.0,"turns":3.0},{"damage":0.0,"enemies":"conspire:RoseBush","floor":4.0,"turns":2.0},{"damage":0.0,"enemies":"Replay:BlueRogue","floor":6.0,"turns":4.0},{"damage":0.0,"enemies":"3 Louse","floor":8.0,"turns":2.0},{"damage":0.0,"enemies":"Lagavulin","floor":14.0,"turns":2.0},{"damage":0.0,"enemies":"Slime Boss","floor":16.0,"turns":5.0},{"damage":0.0,"enemies":"3 Byrds","floor":18.0,"turns":2.0},{"damage":0.0,"enemies":"Shell Parasite","floor":19.0,"turns":2.0},{"damage":0.0,"enemies":"Chosen and Byrds","floor":20.0,"turns":2.0},{"damage":5.0,"enemies":"Sentry and Sphere","floor":21.0,"turns":4.0},{"damage":0.0,"enemies":"Gremlin Leader","floor":23.0,"turns":3.0},{"damage":0.0,"enemies":"Snake Plant","floor":25.0,"turns":2.0},{"damage":2.0,"enemies":"Centurion and Healer","floor":27.0,"turns":5.0},{"damage":0.0,"enemies":"Nightmare","floor":28.0,"turns":2.0},{"damage":0.0,"enemies":"Centurion and Healer","floor":29.0,"turns":2.0},{"damage":0.0,"enemies":"Sentry and Sphere","floor":31.0,"turns":2.0},{"damage":0.0,"enemies":"Pondfish","floor":33.0,"turns":5.0},{"damage":0.0,"enemies":"Orb Walker","floor":35.0,"turns":1.0},{"damage":0.0,"enemies":"3 Darklings","floor":38.0,"turns":1.0},{"damage":0.0,"enemies":"Sphere and 2 Shapes","floor":39.0,"turns":1.0},{"damage":0.0,"enemies":"Transient","floor":41.0,"turns":3.0},{"damage":6.0,"enemies":"4 Shapes","floor":42.0,"turns":1.0},{"damage":0.0,"enemies":"Maw","floor":44.0,"turns":1.0},{"damage":0.0,"enemies":"Nemesis","floor":48.0,"turns":1.0},{"damage":0.0,"enemies":"Awakened One","floor":50.0,"turns":2.0},{"damage":0,"enemies":"Shield and Spear","floor":54,"turns":1},{"damage":24,"enemies":"The Heart","floor":55,"turns":3}],"seed_played":"7124929853682853238","potions_obtained":[{"floor":1.0,"key":"blueLaboratory:PhilterOfMotion"},{"floor":2.0,"key":"CultistPotion"},{"floor":4.0,"key":"blueLaboratory:FruitPunch"},{"floor":28.0,"key":"LifebloodPotion"},{"floor":55,"key":"CunningPotion"}],"is_trial":false,"path_per_floor":["M","M","?","M","?","E","R","M","T","?","?","?","$","E","R","B",null,"M","M","M","M","?","E","$","M","T","MIM","NM","M","?","M","R","B",null,"M","?","?","M","M","R","M","M","T","M","?","R","$","E","R","B",null,"R","$","E","B",null],"character_chosen":"THE_SILENT","items_purchased":["infinitespire:ShieldingShard","Blade Dance","ToxicTincture","halation:LettersToHer","HandDrill","Accuracy","Vajra","hubris:TenFootPole"],"campfire_rested":3,"item_purchase_floors":[13,24,24,47,47,47,53,53],"current_hp_per_floor":[74,74,74,74,74,74,74,74,74,74,74,74,74,74,74,78,78,78,78,78,73,73,79,79,80,80,79,80,83,83,84,84,89,89,90,90,90,91,92,92,93,88,88,89,89,95,95,96,96,101,101,101,101,102,85],"gold":212,"neow_bonus":"RANDOM_EVENT","is_daily":false,"chose_seed":false,"campfire_upgraded":2,"win_rate":0.0,"timestamp":1613685348,"path_taken":["M","M","?","?","?","E","R","M","T","?","?","?","?","E","R","BOSS","M","M","M","M","?","E","$","M","T","?","NM","M","?","?","R","BOSS","M","?","?","?","M","R","M","?","T","?","?","R","$","E","R","BOSS","R","$","E","BOSS"],"items_purchased_type":["Relic","Card","Relic","Relic","Relic","Card","Relic","Relic"],"build_version":"2020-12-22","purchased_purges":2,"victory":true,"max_hp_per_floor":[74,74,74,74,74,74,74,74,74,74,74,74,74,74,74,78,78,78,78,78,78,78,79,79,80,80,81,82,83,83,84,84,89,89,90,90,90,91,92,92,93,94,94,95,95,95,95,96,96,101,101,101,101,102,107],"card_choices":[{"not_picked":["Slice","Flying Knee","StuffTheSpire:Python"],"picked":"SKIP","floor":1.0},{"not_picked":["Poisoned Stab","Expertise+1"],"picked":"jedi:collectorvenom","floor":2.0},{"not_picked":["Endless Agony","Dash+1"],"picked":"jedi:collectorvenom+1","floor":4.0},{"not_picked":["ReplayTheSpireMod:From All Sides","Riddle With Holes+1"],"picked":"jedi:collectorvenom+1","floor":6.0},{"not_picked":["Sucker Punch+1","StuffTheSpire:ReptileScales"],"picked":"jedi:collectorvenom+1","floor":6.0},{"not_picked":["Riddle With Holes","Deflect"],"picked":"jedi:collectorvenom+1","floor":8.0},{"not_picked":["Flying Knee","Quick Slash"],"picked":"jedi:collectorvenom+1","floor":14.0},{"not_picked":["Prepared","Infinite Blades+1"],"picked":"jedi:collectorvenom+1","floor":14.0},{"not_picked":["Grand Finale","ReplayTheSpireMod:From All Sides"],"picked":"jedi:collectorvenom+1","floor":16.0},{"not_picked":["StuffTheSpire:Python+1","Cloak And Dagger+1"],"picked":"jedi:collectorvenom+1","floor":18.0},{"not_picked":["hubris:SlightOfHand+1","Underhanded Strike"],"picked":"jedi:collectorvenom+1","floor":19.0},{"not_picked":["PiercingWail","Poisoned Stab"],"picked":"jedi:collectorvenom+1","floor":20.0},{"not_picked":["StuffTheSpire:Python","Leg Sweep+1"],"picked":"jedi:collectorvenom+1","floor":21.0},{"not_picked":["Dodge and Roll+1","Poisoned Stab+1"],"picked":"jedi:collectorvenom+1","floor":23.0},{"not_picked":["StuffTheSpire:ClusterCrunch","Heel Hook"],"picked":"jedi:collectorvenom+1","floor":25.0},{"not_picked":["Setup","Outmaneuver+1"],"picked":"jedi:collectorvenom+1","floor":27.0},{"not_picked":["infinitespire:Punishment","infinitespire:UltimateForm"],"picked":"infinitespire:Fortify","floor":28.0},{"not_picked":["Calculated Gamble+1","Phantasmal Killer"],"picked":"jedi:collectorvenom+1","floor":28.0},{"not_picked":["Underhanded Strike","Blade Dance"],"picked":"jedi:collectorvenom+1","floor":29.0},{"not_picked":["Blade Dance+1","Flechettes"],"picked":"jedi:collectorvenom+1","floor":31.0},{"not_picked":["jedi:collectorvenom+1","A Thousand Cuts"],"picked":"Adrenaline","floor":33.0},{"not_picked":["Underhanded Strike","Blade Dance+1"],"picked":"jedi:collectorvenom+1","floor":35.0},{"not_picked":["StuffTheSpire:BumpUp+1","jedi:studypoison"],"picked":"jedi:collectorvenom+1","floor":38.0},{"not_picked":["Slice+1","StuffTheSpire:BrimstoneBlast+1"],"picked":"jedi:collectorvenom+1","floor":39.0},{"not_picked":["Hidden Blade+1","Deadly Poison"],"picked":"jedi:collectorvenom+1","floor":41.0},{"not_picked":["Deadly Poison+1","Finisher+1"],"picked":"jedi:collectorvenom+1","floor":42.0},{"not_picked":["Flechettes","StuffTheSpire:Incantation+1"],"picked":"jedi:collectorvenom+1","floor":44.0},{"not_picked":["Flechettes","Backflip+1"],"picked":"jedi:collectorvenom+1","floor":48.0},{"not_picked":["Cloak And Dagger+1","Dagger Throw"],"picked":"jedi:collectorvenom+1","floor":54},{"not_picked":["ReplayTheSpireMod:From All Sides","jedi:brewingpoison"],"picked":"jedi:collectorvenom+1","floor":55}],"player_experience":193554,"relics_obtained":[{"floor":6.0,"key":"infinitespire:CheckeredPen"},{"floor":9.0,"key":"CherryCoatedStake"},{"floor":9.0,"key":"halation:TwoAmDonut"},{"floor":14.0,"key":"Replay:Baseball"},{"floor":16.0,"key":"Tough Bandages"},{"floor":21.0,"key":"Blue Doll"},{"floor":23.0,"key":"Unceasing Top"},{"floor":26.0,"key":"Lantern"},{"floor":26.0,"key":"jedi:archwizardhat"},{"floor":27.0,"key":"wanderingMiniBosses:OtherGremlinHorn"},{"floor":28.0,"key":"infinitespire:Bottled Soul"},{"floor":29.0,"key":"hubris:DuctTape"},{"floor":33.0,"key":"StuffTheSpire:Expresso"},{"floor":35.0,"key":"hubris:MysteriousPyramids"},{"floor":36.0,"key":"Ring of Peace"},{"floor":43.0,"key":"Ginger"},{"floor":48.0,"key":"aspiration:EmptySkull"},{"floor":54,"key":"construct:FoamFinger"},{"floor":55,"key":"construct:BoolHorns"}],"event_choices":[{"damage_healed":0.0,"max_hp_gain":0.0,"max_hp_loss":0.0,"gold_gain":0.0,"event_name":"Accursed Blacksmith","player_choice":"Forge","floor":3.0,"gold_loss":0.0,"damage_taken":0.0,"cards_upgraded":["jedi:collectorvenom"]},{"damage_healed":0.0,"max_hp_gain":0.0,"max_hp_loss":0.0,"gold_gain":1.0,"event_name":"betterStone:BetterStone","player_choice":"1","floor":10.0,"gold_loss":0.0,"damage_taken":0.0},{"cards_removed":["Defend_G"],"damage_healed":0.0,"max_hp_gain":0.0,"max_hp_loss":0.0,"gold_gain":0.0,"event_name":"Living Wall","player_choice":"Forget","floor":12.0,"gold_loss":0.0,"damage_taken":0.0},{"damage_healed":0.0,"max_hp_gain":0.0,"max_hp_loss":0.0,"gold_gain":0.0,"event_name":"FaceTrader","player_choice":"Trade","floor":22.0,"gold_loss":0.0,"damage_taken":0.0,"relics_obtained":["FaceOfCleric"]},{"damage_healed":0.0,"max_hp_gain":0.0,"max_hp_loss":0.0,"gold_gain":0.0,"event_name":"betterNote:BetterNote","player_choice":"Ignored","floor":30.0,"gold_loss":0.0,"damage_taken":0.0,"cards_obtained":["construct:SweepLaser"]},{"damage_healed":0.0,"max_hp_gain":0.0,"max_hp_loss":0.0,"gold_gain":0.0,"event_name":"Designer","player_choice":"Tried to Upgrade","floor":37.0,"gold_loss":40.0,"damage_taken":0.0,"cards_upgraded":["Adrenaline"]}],"is_beta":false,"boss_relics":[{"not_picked":["aspiration:RunicSpoon","aspiration:SecretTechniqueScroll"],"picked":"energizedSpire:HighHeels"},{"not_picked":["hubris:TerracottaHorce","Pandora\u0027s Box"],"picked":"hubris:Backtick"}],"items_purged_floors":[13,24],"is_endless":true,"potions_floor_spawned":[6,14,18,19,21,28,29,31,35,39,41,42,54],"ascension_level":-20}}