{"host":"en4narc5947t7k9n","time":1613644489,"event":{"mods":["AchievementEnabler","BaseMod","Colored Map","Minty Spire (QoL Compilation)","SuperFastMode"],"gold_per_floor":[113,73,87,103,11,11,40,40,66,128,2,17,27,357,357,462,462,480,496,496,507,542,542,286,286,286,6,6,6,6,26,26,127,127,137,156,56,66,66,66,66],"floor_reached":40,"language":"KOR","playtime":2100,"items_purged":["Strike_G","Strike_G","Writhe"],"score":394,"play_id":"e3aa4e99-fae2-403d-8549-f923942db79e","local_time":"20210218193449","is_ascension_mode":false,"campfire_choices":[{"data":"Bouncing Flask","floor":6,"key":"SMITH"},{"data":"Jack Of All Trades","floor":8,"key":"SMITH"},{"data":"Die Die Die","floor":15,"key":"SMITH"},{"floor":23,"key":"REST"},{"floor":30,"key":"DIG"},{"data":"Venomology","floor":32,"key":"SMITH"}],"circlet_count":0,"master_deck":["Strike_G","Strike_G","Strike_G","Defend_G","Defend_G","Defend_G","Defend_G","Defend_G","Survivor","Neutralize","Bouncing Flask+1","Outmaneuver","Deadly Poison","Jack Of All Trades+1","Die Die Die+1","Choke+1","Noxious Fumes+1","Slice+1","Masterful Stab+1","Calculated Gamble","Bullet Time","Venomology+1","Deadly Poison+1","Noxious Fumes","Slice+1","Heel Hook+1","Bane+1","Corpse Explosion+1","Cloak And Dagger+1","Skewer+1"],"relics":["Ring of the Snake","Ancient Tea Set","Bronze Scales","Molten Egg 2","Old Coin","SlaversCollar","The Courier","Red Mask","Bottled Tornado","Shovel","Toxic Egg 2","Snake Skull","Black Star","Frozen Egg 2"],"acts_visited":["Exordium","TheCity","TheBeyond"],"potions_floor_usage":[7,14,16,16,18,19,21,21,22,33,33,38,38,40],"damage_taken":[{"damage":0,"enemies":"Jaw Worm","floor":1,"turns":4},{"damage":1,"enemies":"Cultist","floor":3,"turns":4},{"damage":0,"enemies":"Small Slimes","floor":4,"turns":3},{"damage":6,"enemies":"Lagavulin","floor":7,"turns":6},{"damage":13,"enemies":"Lagavulin Event","floor":10,"turns":4},{"damage":7,"enemies":"Exordium Wildlife","floor":12,"turns":3},{"damage":0,"enemies":"Looter","floor":13,"turns":2},{"damage":12,"enemies":"Gremlin Nob","floor":14,"turns":2},{"damage":22,"enemies":"Slime Boss","floor":16,"turns":6},{"damage":14,"enemies":"Shell Parasite","floor":18,"turns":5},{"damage":10,"enemies":"Chosen","floor":19,"turns":4},{"damage":29,"enemies":"Centurion and Healer","floor":21,"turns":6},{"damage":13,"enemies":"Masked Bandits","floor":22,"turns":3},{"damage":1,"enemies":"Cultist and Chosen","floor":31,"turns":3},{"damage":23,"enemies":"Automaton","floor":33,"turns":6},{"damage":7,"enemies":"3 Shapes","floor":35,"turns":3},{"damage":38,"enemies":"3 Darklings","floor":36,"turns":5},{"damage":24,"enemies":"Sphere and 2 Shapes","floor":38,"turns":3},{"damage":12,"enemies":"Giant Head","floor":40,"turns":3}],"seed_played":"3404283362430677859","potions_obtained":[{"floor":2,"key":"ColorlessPotion"},{"floor":2,"key":"SpeedPotion"},{"floor":2,"key":"Dexterity Potion"},{"floor":3,"key":"BlessingOfTheForge"},{"floor":7,"key":"Ancient Potion"},{"floor":13,"key":"LiquidMemories"},{"floor":16,"key":"Poison Potion"},{"floor":18,"key":"PowerPotion"},{"floor":19,"key":"Strength Potion"},{"floor":38,"key":"AttackPotion"}],"is_trial":false,"path_per_floor":["M","?","M","M","$","R","E","R","T","?","$","M","M","E","R","B",null,"M","M","?","M","?","R","$","?","T","$","?","?","R","M","R","B",null,"M","M","$","M","T","E"],"character_chosen":"THE_SILENT","items_purchased":["Jack Of All Trades","Noxious Fumes","Slice+1","Bottled Tornado","Toxic Egg 2"],"campfire_rested":1,"item_purchase_floors":[5,11,11,24,27],"current_hp_per_floor":[77,77,76,76,76,76,70,70,70,57,57,50,50,38,38,16,77,63,53,53,24,11,34,34,34,34,34,34,34,34,33,33,10,77,70,32,32,8,8,0,0],"gold":66,"neow_bonus":"TEN_PERCENT_HP_BONUS","is_daily":false,"chose_seed":false,"campfire_upgraded":4,"win_rate":0.0,"timestamp":1613644489,"path_taken":["M","?","?","M","$","R","E","R","T","?","$","M","M","E","R","BOSS","M","M","?","M","?","R","$","?","T","$","?","?","R","?","R","BOSS","M","?","$","?","?","E"],"items_purchased_type":["Card","Card","Card","Relic","Relic"],"build_version":"2020-12-22","purchased_purges":3,"victory":false,"max_hp_per_floor":[77,77,77,77,77,77,77,77,77,77,77,77,77,77,77,77,77,77,77,77,77,77,77,77,77,77,77,77,77,77,77,77,77,77,77,77,77,77,77,77,77],"card_choices":[{"not_picked":["Dodge and Roll","Infinite Blades"],"picked":"Bouncing Flask","floor":1},{"not_picked":["PiercingWail","Dagger Throw"],"picked":"Outmaneuver","floor":3},{"not_picked":["Riddle With Holes","Dagger Throw"],"picked":"Deadly Poison","floor":4},{"not_picked":["All Out Attack","Predator"],"picked":"Die Die Die","floor":7},{"not_picked":["Noxious Fumes","Outmaneuver"],"picked":"Choke+1","floor":10},{"not_picked":["Riddle With Holes+1","Sucker Punch+1"],"picked":"Masterful Stab+1","floor":12},{"not_picked":["Prepared","Backflip"],"picked":"Calculated Gamble","floor":13},{"not_picked":["PiercingWail","Dagger Spray+1"],"picked":"Bullet Time","floor":14},{"not_picked":["Phantasmal Killer","Bullet Time"],"picked":"Venomology","floor":16},{"not_picked":["Acrobatics","Dagger Throw+1"],"picked":"Deadly Poison+1","floor":18},{"not_picked":["PiercingWail","Backflip"],"picked":"Noxious Fumes","floor":19},{"not_picked":["Quick Slash+1","All Out Attack+1"],"picked":"Slice+1","floor":21},{"not_picked":["Blur","Eviscerate+1"],"picked":"Heel Hook+1","floor":22},{"not_picked":["Deadly Poison+1","Caltrops"],"picked":"Bane+1","floor":31},{"not_picked":["Doppelganger+1","Glass Knife+1"],"picked":"Corpse Explosion+1","floor":33},{"not_picked":["Reflex+1","Accuracy"],"picked":"Cloak And Dagger+1","floor":35},{"not_picked":["Well Laid Plans","Slice+1","Eviscerate+1"],"picked":"SKIP","floor":36},{"not_picked":["Footwork+1","Dodge and Roll+1"],"picked":"Skewer+1","floor":38}],"player_experience":60212,"relics_obtained":[{"floor":7,"key":"Ancient Tea Set"},{"floor":9,"key":"Bronze Scales"},{"floor":14,"key":"Old Coin"},{"floor":22,"key":"Red Mask"},{"floor":26,"key":"Shovel"},{"floor":30,"key":"Snake Skull"},{"floor":39,"key":"Frozen Egg 2"}],"event_choices":[{"damage_healed":0,"gold_gain":0,"player_choice":"Bought 3 Potions","damage_taken":0,"max_hp_gain":0,"max_hp_loss":0,"event_name":"The Woman in Blue","floor":2,"gold_loss":0},{"damage_healed":0,"gold_gain":0,"player_choice":"Searched \u00272\u0027 times","damage_taken":0,"relics_obtained":["Molten Egg 2"],"max_hp_gain":0,"max_hp_loss":0,"event_name":"Dead Adventurer","floor":10,"gold_loss":0},{"damage_healed":0,"gold_gain":0,"player_choice":"Opened","damage_taken":0,"relics_obtained":["The Courier"],"max_hp_gain":0,"max_hp_loss":0,"event_name":"The Mausoleum","floor":20,"gold_loss":0,"cards_obtained":["Writhe"]},{"damage_healed":0,"gold_gain":0,"player_choice":"Fought Bandits","damage_taken":0,"max_hp_gain":0,"max_hp_loss":0,"event_name":"Masked Bandits","floor":22,"gold_loss":0},{"damage_healed":0,"gold_gain":0,"player_choice":"Ignored","damage_taken":0,"max_hp_gain":0,"max_hp_loss":0,"event_name":"Vampires","floor":25,"gold_loss":0},{"damage_healed":0,"gold_gain":0,"player_choice":"Forge","damage_taken":0,"max_hp_gain":0,"max_hp_loss":0,"event_name":"Accursed Blacksmith","floor":29,"gold_loss":0,"cards_upgraded":["Noxious Fumes"]}],"is_beta":false,"boss_relics":[{"not_picked":["Runic Pyramid","Runic Dome"],"picked":"SlaversCollar"},{"not_picked":["Sozu","Cursed Key"],"picked":"Black Star"}],"items_purged_floors":[24,27,37],"is_endless":false,"potions_floor_spawned":[3,7,12,13,16,18,19,38],"killed_by":"Giant Head","ascension_level":0}}