{"host":"cfqfeqi6u2qx5u0e","time":1613631219,"event":{"mods":["AchievementEnabler","BaseMod","Colored Powertips","Minty Spire (QoL Compilation)","Quick Restart","StSLib"],"gold_per_floor":[118,193,193,213,228,253,253,253,253,264,299,311,343,383,395,407,407],"floor_reached":16,"language":"ENG","playtime":1374,"items_purged":[],"score":126,"play_id":"4e52a5e3-9f9b-4fe4-9c3d-bc376093a95a","local_time":"20210217225339","is_ascension_mode":true,"campfire_choices":[{"floor":7,"key":"RECALL"},{"floor":12,"key":"REST"},{"floor":15,"key":"REST"}],"circlet_count":0,"master_deck":["Strike_G","Strike_G","Strike_G","Strike_G","Strike_G","Defend_G+1","Defend_G","Defend_G","Defend_G","Defend_G","Survivor","Neutralize","Cloak And Dagger+1","Calculated Gamble","Blade Dance","Crippling Poison","Pain","Backstab","Cloak And Dagger","Crippling Poison","Bane"],"relics":["Cursed Key","Pantograph","Mummified Hand","MawBank","Blood Vial"],"acts_visited":["Exordium"],"potions_floor_usage":[6,6,11,11,14],"damage_taken":[{"damage":0,"enemies":"Small Slimes","floor":1,"turns":3},{"damage":1,"enemies":"2 Louse","floor":4,"turns":3},{"damage":0,"enemies":"Jaw Worm","floor":5,"turns":3},{"damage":6,"enemies":"3 Sentries","floor":6,"turns":6},{"damage":14,"enemies":"Lots of Slimes","floor":10,"turns":4},{"damage":15,"enemies":"Gremlin Nob","floor":11,"turns":4},{"damage":6,"enemies":"Blue Slaver","floor":13,"turns":3},{"damage":7,"enemies":"Lagavulin","floor":14,"turns":4},{"damage":73,"enemies":"The Guardian","floor":16,"turns":13}],"seed_played":"-8893110397350981791","potions_obtained":[{"floor":4,"key":"AttackPotion"},{"floor":5,"key":"DistilledChaos"},{"floor":6,"key":"Poison Potion"},{"floor":10,"key":"Regen Potion"},{"floor":11,"key":"BlessingOfTheForge"}],"is_trial":false,"path_per_floor":["M","?","?","M","M","E","R","?","T","M","E","R","M","E","R","B"],"character_chosen":"THE_SILENT","items_purchased":[],"campfire_rested":2,"item_purchase_floors":[],"current_hp_per_floor":[70,59,59,58,58,52,52,38,38,24,21,42,36,29,50,0,0],"gold":407,"neow_bonus":"BOSS_RELIC","is_daily":false,"chose_seed":false,"campfire_upgraded":0,"win_rate":0.0,"timestamp":1613631219,"path_taken":["M","?","?","M","M","E","R","?","T","?","E","R","?","E","R","BOSS"],"items_purchased_type":[],"build_version":"2020-12-22","purchased_purges":0,"victory":false,"max_hp_per_floor":[70,70,70,70,70,70,70,70,70,70,70,70,70,70,70,70,70],"card_choices":[{"not_picked":["Dagger Throw","Deadly Poison"],"picked":"Cloak And Dagger","floor":1},{"not_picked":["Blur","Reflex"],"picked":"Calculated Gamble","floor":4},{"not_picked":["Sucker Punch","Tactician"],"picked":"Blade Dance","floor":5},{"not_picked":["Outmaneuver","Poisoned Stab"],"picked":"Crippling Poison","floor":6},{"not_picked":["Dodge and Roll","Underhanded Strike"],"picked":"Backstab","floor":10},{"not_picked":["Underhanded Strike","Masterful Stab"],"picked":"Cloak And Dagger","floor":11},{"not_picked":["Cloak And Dagger","Backflip"],"picked":"Crippling Poison","floor":13},{"not_picked":["Slice","Flechettes"],"picked":"Bane","floor":14}],"player_experience":82430,"relics_obtained":[{"floor":6,"key":"Pantograph"},{"floor":9,"key":"Mummified Hand"},{"floor":11,"key":"MawBank"},{"floor":14,"key":"Blood Vial"}],"event_choices":[{"damage_healed":0,"gold_gain":75,"player_choice":"Gather Gold","damage_taken":11,"max_hp_gain":0,"max_hp_loss":0,"event_name":"World of Goop","floor":2,"gold_loss":0},{"damage_healed":0,"gold_gain":0,"player_choice":"Ignored","damage_taken":0,"max_hp_gain":0,"max_hp_loss":0,"event_name":"Golden Wing","floor":3,"gold_loss":0},{"damage_healed":0,"gold_gain":0,"player_choice":"Entered Light","damage_taken":14,"max_hp_gain":0,"max_hp_loss":0,"event_name":"Shining Light","floor":8,"gold_loss":0,"cards_upgraded":["Cloak And Dagger","Defend_G"]}],"is_beta":false,"boss_relics":[],"items_purged_floors":[],"is_endless":false,"potions_floor_spawned":[4,5,6,10,11],"killed_by":"The Guardian","ascension_level":1}}