{"host":"srv5asjf43cuzsar","time":1613658772,"event":{"mods":["2.2 Compatiblity","A Magickal Journey","AchievementEnabler","Act Like it!","Astrologer","Bartender","BaseMod","Best Route Mod","Better Third Choice","Card Forge","CatGirl Mod","Clockwork Mod","Conspire","Duelist Mod","Friendly Minions","GifTheSpireLib","Hermit","Hubris","Infinite Spire","Jorbs\u0027s Wanderer Trilogy","Luminous","Mad Scientist","Magitek Elite","Marisa????????","Minty Spire (QoL Compilation)","Pale of the Ancients","Random Character Button","Replay The Spire","StSLib","The Alterego","The Animator","The Construct","The Cursed","The Druid","The Exalted","The Judge","The Jungle","The Mystic","The Necromancer","The Poker Player","The Runesmith","The Saiyan","The Senshi","The Servant 0.9.4","TheBandit","TheSwordswoman"],"gold_per_floor":[120,120,136,136,136,136,165,165,165,21,132,150,168,188,188,188,188],"floor_reached":16,"language":"ENG","playtime":893,"items_purged":[],"score":152,"play_id":"2f91339d-8bd0-4989-9ccd-00bd584d4ff2","local_time":"20210218143252","is_ascension_mode":false,"campfire_choices":[{"floor":6,"key":"REST"},{"floor":15,"key":"RECALL"}],"circlet_count":0,"master_deck":["alterego_mod:Strike+1","alterego_mod:Strike+1","alterego_mod:Strike+1","alterego_mod:Strike+1","alterego_mod:Defend+1","alterego_mod:Defend+1","alterego_mod:Defend+1","alterego_mod:Defend+1","alterego_mod:Impale+1","alterego_mod:BigMeatyClaws+1","alterego_mod:BrynhildrsRune+1","alterego_mod:Pet+1","Infernal Blade+1","alterego_mod:RidiculouslyBig+1","alterego_mod:HighServant+1","alterego_mod:Undulate+1","alterego_mod:Exercise+1","alterego_mod:Jiggle+1","alterego_mod:Cycle+1"],"relics":["alterego_mod:MasochisticConstitution","Hammer of Thor","Seething Fire","Anvil of the Gods","NeowsBlessing","conspire:TopHat","hubris:Towel","Lantern","hubris:Icosahedron","ClockworkSouvenir"],"acts_visited":["Exordium"],"potions_floor_usage":[16,16,16],"damage_taken":[{"damage":0,"enemies":"Small Slimes","floor":1,"turns":1},{"damage":0,"enemies":"Jaw Worm","floor":3,"turns":1},{"damage":0,"enemies":"3 Sentries","floor":7,"turns":1},{"damage":0,"enemies":"Cultist","floor":11,"turns":1},{"damage":0,"enemies":"3 Louse","floor":12,"turns":3},{"damage":0,"enemies":"Lots of Slimes","floor":13,"turns":3},{"damage":0,"enemies":"Gremlin Gang","floor":14,"turns":6},{"damage":70,"enemies":"Hexaghost","floor":16,"turns":16}],"seed_played":"6514090025930988778","potions_obtained":[{"floor":3,"key":"Doom Potion"},{"floor":7,"key":"Adrenaline Potion"},{"floor":12,"key":"PowerPotion"},{"floor":14,"key":"Adrenaline Potion"}],"is_trial":false,"path_per_floor":["M","?","M","?","?","R","E","?","T","$","M","M","M","M","R","B"],"character_chosen":"The_Alterego","items_purchased":["ClockworkSouvenir"],"campfire_rested":1,"item_purchase_floors":[10],"current_hp_per_floor":[70,54,54,54,54,70,70,70,70,70,70,70,70,70,70,0,0],"gold":188,"neow_bonus":"THREE_ENEMY_KILL","is_daily":false,"chose_seed":false,"campfire_upgraded":0,"win_rate":0.0,"timestamp":1613658772,"path_taken":["M","?","M","?","?","R","E","?","T","$","?","M","M","?","R","BOSS"],"items_purchased_type":["Relic"],"build_version":"2020-12-22","purchased_purges":0,"victory":false,"max_hp_per_floor":[70,70,70,70,70,70,70,70,70,70,70,70,70,70,70,70,70],"card_choices":[{"not_picked":["alterego_mod:TrashNCrash","alterego_mod:PerceptionDisorder"],"picked":"alterego_mod:Pet","floor":1},{"not_picked":["alterego_mod:PerceptionDisorder","alterego_mod:DestructionOfProperty"],"picked":"alterego_mod:RidiculouslyBig","floor":3},{"not_picked":["alterego_mod:Punishment","alterego_mod:Belle"],"picked":"alterego_mod:HighServant","floor":7},{"not_picked":["alterego_mod:Maid","alterego_mod:DustData"],"picked":"alterego_mod:Undulate","floor":11},{"not_picked":["alterego_mod:MagicResistance","alterego_mod:Skirt"],"picked":"alterego_mod:Exercise","floor":12},{"not_picked":["alterego_mod:Maid","alterego_mod:HighServant"],"picked":"alterego_mod:Jiggle","floor":13},{"not_picked":["alterego_mod:Lingerie","alterego_mod:TrashNCrash"],"picked":"alterego_mod:Cycle","floor":14}],"player_experience":531833,"relics_obtained":[{"floor":7,"key":"Lantern"}],"event_choices":[],"is_beta":false,"boss_relics":[],"items_purged_floors":[],"is_endless":false,"potions_floor_spawned":[3,7,12,14],"killed_by":"Hexaghost","ascension_level":0}}