{"host":"mydft8i2zzydgggw","time":1613649073,"event":{"mods":["AchievementEnabler","BaseMod","Colored Map","Colored Powertips","DeckTracker","Keyboard Shortcuts","Minty Spire (QoL Compilation)","Rare Cards Sparkle","Relic Stats","StSLib","SuperFastMode","Together in Spire","everything is the same but u backflip on backflip"],"gold_per_floor":[116,126,141,141,17,17,46,46,46,46,46,61,61,12,12,109,109,123,48,67,87,104,104,4,4,31,31,45,75,75,87,87,87,87],"floor_reached":33,"language":"KOR","playtime":853,"items_purged":["Strike_G","Strike_G"],"score":411,"play_id":"16062d87-3fd9-4a63-9417-bc8bffb6cbcd","local_time":"20210218205113","is_ascension_mode":true,"campfire_choices":[{"data":"Cloak And Dagger","floor":6,"key":"SMITH"},{"data":"Reflex","floor":8,"key":"SMITH"},{"data":"Skewer","floor":11,"key":"SMITH"},{"data":"Dagger Throw","floor":15,"key":"SMITH"},{"floor":23,"key":"REST"},{"floor":27,"key":"REST"},{"floor":32,"key":"REST"}],"circlet_count":0,"master_deck":["AscendersBane","Strike_G","Defend_G","Defend_G","Defend_G","Defend_G","Defend_G","Survivor","Neutralize+1","Well Laid Plans+1","Skewer+1","Cloak And Dagger+1","Reflex+1","Burst","Dagger Throw+1","Grand Finale","Dagger Spray","Bullet Time","Prepared","Acrobatics","Backflip"],"relics":["Ring of the Snake","Ginger","Lantern","Ice Cream","Fusion Hammer","Regal Pillow","Anchor","Bird Faced Urn"],"acts_visited":["Exordium","TheCity"],"potions_floor_usage":[7,16,18,21,29,31],"damage_taken":[{"damage":0.0,"enemies":"Jaw Worm","floor":1.0,"turns":6.0},{"damage":1.0,"enemies":"2 Louse","floor":2.0,"turns":3.0},{"damage":5.0,"enemies":"Cultist","floor":3.0,"turns":5.0},{"damage":27,"enemies":"3 Sentries","floor":7,"turns":12},{"damage":0,"enemies":"Blue Slaver","floor":12,"turns":4},{"damage":14,"enemies":"The Guardian","floor":16,"turns":14},{"damage":9,"enemies":"2 Thieves","floor":18,"turns":3},{"damage":3,"enemies":"Shell Parasite","floor":20,"turns":5},{"damage":9,"enemies":"Centurion and Healer","floor":21,"turns":4},{"damage":28,"enemies":"Shelled Parasite and Fungi","floor":22,"turns":8},{"damage":12,"enemies":"Snake Plant","floor":28,"turns":4},{"damage":46,"enemies":"Book of Stabbing","floor":29,"turns":6},{"damage":12,"enemies":"3 Cultists","floor":31,"turns":5},{"damage":62,"enemies":"Automaton","floor":33,"turns":6}],"seed_played":"5535338356184639035","potions_obtained":[{"floor":2.0,"key":"ColorlessPotion"},{"floor":7,"key":"FearPotion"},{"floor":16,"key":"Regen Potion"},{"floor":20,"key":"AttackPotion"},{"floor":22,"key":"LiquidMemories"},{"floor":29,"key":"PowerPotion"}],"is_trial":false,"path_per_floor":["M","M","M","?","$","R","E","R","T","?","R","M","?","$","R","B",null,"M","?","M","M","M","R","$","?","T","R","M","E","?","M","R","B"],"character_chosen":"THE_SILENT","items_purchased":["Cloak And Dagger","Dagger Throw"],"campfire_rested":3,"item_purchase_floors":[5,14],"current_hp_per_floor":[63,62,57,50,50,50,23,23,23,23,23,23,23,23,23,9,55,51,51,48,39,11,32,32,32,32,68,56,10,10,2,38,0,0],"gold":87,"neow_bonus":"UPGRADE_CARD","is_daily":false,"chose_seed":false,"campfire_upgraded":4,"win_rate":0.0,"timestamp":1613649073,"path_taken":["M","M","M","?","$","R","E","R","T","?","R","?","?","?","R","BOSS","M","?","M","M","M","R","$","?","T","R","M","E","?","M","R","BOSS"],"items_purchased_type":["Card","Card"],"build_version":"2020-12-22","purchased_purges":2,"victory":false,"max_hp_per_floor":[70,70,70,70,70,70,70,70,70,70,70,70,70,70,70,70,70,70,70,70,70,70,70,70,70,70,70,70,70,70,70,70,70,70],"relic_stats":{"Regal Pillow":30,"counters":[14,85],"Bird Faced Urn":[6],"Ginger":[5],"obtain_stats":[{"Ice Cream":9,"Lantern":7,"Regal Pillow":25,"Anchor":26,"Bird Faced Urn":29,"Fusion Hammer":17,"Ginger":4,"Ring of the Snake":0},{"Ice Cream":4,"Lantern":4,"Regal Pillow":10,"Anchor":10,"Bird Faced Urn":12,"Fusion Hammer":6,"Ginger":3,"Ring of the Snake":0},{"Ice Cream":26,"Lantern":26,"Regal Pillow":64,"Anchor":64,"Bird Faced Urn":74,"Fusion Hammer":44,"Ginger":14,"Ring of the Snake":0}],"Ring of the Snake":[28]},"card_choices":[{"not_picked":["Prepared","Backflip"],"picked":"Well Laid Plans","floor":1.0},{"not_picked":["Noxious Fumes","Outmaneuver","Well Laid Plans"],"picked":"SKIP","floor":2.0},{"not_picked":["Slice","Blur"],"picked":"Skewer","floor":3},{"not_picked":["Quick Slash","Sucker Punch"],"picked":"Reflex","floor":7},{"not_picked":["Blade Dance","Quick Slash"],"picked":"Burst","floor":12},{"not_picked":["Phantasmal Killer","Adrenaline"],"picked":"Grand Finale","floor":16},{"not_picked":["Deadly Poison","Outmaneuver"],"picked":"Dagger Spray","floor":18},{"not_picked":["Well Laid Plans","Distraction","Escape Plan+1"],"picked":"SKIP","floor":20},{"not_picked":["Underhanded Strike+1","Finisher+1","Poisoned Stab"],"picked":"SKIP","floor":21},{"not_picked":["Predator","Deadly Poison+1"],"picked":"Bullet Time","floor":22},{"not_picked":["Escape Plan","PiercingWail"],"picked":"Prepared","floor":28},{"not_picked":["Phantasmal Killer","Masterful Stab"],"picked":"Acrobatics","floor":29},{"not_picked":["Leg Sweep","Masterful Stab"],"picked":"Backflip","floor":31}],"player_experience":282391,"relics_obtained":[{"floor":7,"key":"Lantern"},{"floor":9,"key":"Ice Cream"},{"floor":26,"key":"Anchor"},{"floor":29,"key":"Bird Faced Urn"}],"event_choices":[{"damage_healed":0,"gold_gain":0,"player_choice":"Success","damage_taken":7,"relics_obtained":["Ginger"],"max_hp_gain":0,"max_hp_loss":0,"event_name":"Scrap Ooze","floor":4,"gold_loss":0},{"damage_healed":0,"gold_gain":0,"player_choice":"Upgraded","damage_taken":0,"max_hp_gain":0,"max_hp_loss":0,"event_name":"Upgrade Shrine","floor":10,"gold_loss":0,"cards_upgraded":["Well Laid Plans"]},{"cards_removed":["Strike_G"],"damage_healed":0,"gold_gain":0,"player_choice":"Purged","damage_taken":0,"max_hp_gain":0,"max_hp_loss":0,"event_name":"Purifier","floor":13,"gold_loss":0},{"cards_removed":["Strike_G"],"damage_healed":0,"gold_gain":0,"player_choice":"Gave Gold","damage_taken":0,"max_hp_gain":0,"max_hp_loss":0,"event_name":"Beggar","floor":19,"gold_loss":75},{"damage_healed":0,"gold_gain":0,"player_choice":"Opened","damage_taken":0,"relics_obtained":["Regal Pillow"],"max_hp_gain":0,"max_hp_loss":0,"event_name":"The Mausoleum","floor":25,"gold_loss":0},{"damage_healed":0,"gold_gain":0,"player_choice":"Ignored","damage_taken":0,"max_hp_gain":0,"max_hp_loss":0,"event_name":"Vampires","floor":30,"gold_loss":0}],"is_beta":false,"boss_relics":[{"not_picked":["Cursed Key","HoveringKite"],"picked":"Fusion Hammer"}],"items_purged_floors":[5,24],"is_endless":false,"potions_floor_spawned":[2,7,16,20,22,29],"killed_by":"Automaton","ascension_level":11}}