{"host":"7gewg82ormp6yt4e","time":1613648288,"event":{"mods":["BaseMod","Block Reminder","Colored Map","DeckTracker","Highlight Path","Minty Spire (QoL Compilation)","Relic Stats","StSLib","ojb\u0027s Info Mod"],"gold_per_floor":[115,40,54,73,43,76,95,95,95,127,127,160,160,180,180,253,253,263,278,73,73,73],"floor_reached":21,"language":"JPN","playtime":1102,"items_purged":[],"score":498,"play_id":"c64f9614-84eb-49ad-9593-45d670eac444","local_time":"20210218203808","is_ascension_mode":true,"campfire_choices":[{"floor":8.0,"key":"REST"},{"data":"SandsOfTime","floor":11.0,"key":"SMITH"},{"floor":13.0,"key":"REST"},{"data":"Meditate","floor":15.0,"key":"SMITH"}],"circlet_count":0,"master_deck":["AscendersBane","Strike_P","Strike_P","Strike_P","Defend_P","Defend_P","Defend_P","Defend_P","Eruption","Vigilance","SandsOfTime","SandsOfTime+1","WaveOfTheHand","CutThroughFate","CutThroughFate","Establishment","Halt","Meditate+1","Scrawl","Tantrum","DevaForm"],"relics":["PureWater","Oddly Smooth Stone","The Courier","StoneCalendar","Pocketwatch","Boot","Snecko Eye"],"acts_visited":["Exordium","TheCity"],"potions_floor_usage":[21,21],"damage_taken":[{"damage":1.0,"enemies":"2 Louse","floor":1.0,"turns":4.0},{"damage":0.0,"enemies":"Cultist","floor":3.0,"turns":3.0},{"damage":15.0,"enemies":"Small Slimes","floor":4.0,"turns":4.0},{"damage":12.0,"enemies":"Gremlin Nob","floor":6.0,"turns":3.0},{"damage":18.0,"enemies":"Exordium Thugs","floor":7.0,"turns":4.0},{"damage":14.0,"enemies":"3 Sentries","floor":10.0,"turns":7.0},{"damage":15.0,"enemies":"Gremlin Nob","floor":12.0,"turns":3.0},{"damage":16.0,"enemies":"Gremlin Gang","floor":14.0,"turns":5.0},{"damage":0.0,"enemies":"Slime Boss","floor":16.0,"turns":3.0},{"damage":21.0,"enemies":"3 Byrds","floor":18.0,"turns":5.0},{"damage":22.0,"enemies":"Shell Parasite","floor":19.0,"turns":4.0},{"damage":24,"enemies":"Masked Bandits","floor":21,"turns":2}],"seed_played":"-8519284539313393271","potions_obtained":[{"floor":1.0,"key":"Ancient Potion"},{"floor":5.0,"key":"BlessingOfTheForge"},{"floor":5.0,"key":"Strength Potion"},{"floor":6.0,"key":"SteroidPotion"},{"floor":14.0,"key":"GamblersBrew"}],"is_trial":false,"path_per_floor":["M","?","M","M","?","E","M","R","T","E","R","E","R","M","R","B",null,"M","M","$","?"],"character_chosen":"WATCHER","items_purchased":["DevaForm","Regen Potion"],"campfire_rested":2,"item_purchase_floors":[20,20],"current_hp_per_floor":[60,60,60,45,45,33,15,35,35,21,21,6,26,10,10,10,54,33,11,11,0,0],"gold":73,"neow_bonus":"RANDOM_COMMON_RELIC","is_daily":false,"chose_seed":false,"campfire_upgraded":2,"win_rate":0.0,"timestamp":1613648288,"path_taken":["M","?","M","M","?","E","M","R","T","E","R","E","R","?","R","BOSS","M","M","$","?"],"items_purchased_type":["Card","Potion"],"build_version":"2020-12-22","purchased_purges":0,"victory":false,"max_hp_per_floor":[68,68,68,68,68,68,68,68,68,68,68,68,68,68,68,68,68,68,68,68,68,68],"relic_stats":{"counters":[12,47],"Snecko Eye":[14,21,27,23],"StoneCalendar":[65],"Boot":[4],"obtain_stats":[{"Oddly Smooth Stone":0,"Snecko Eye":17,"StoneCalendar":9,"The Courier":6,"PureWater":0,"Boot":12,"Pocketwatch":10},{"Oddly Smooth Stone":0,"Snecko Eye":9,"StoneCalendar":5,"The Courier":4,"PureWater":0,"Boot":7,"Pocketwatch":6},{"Oddly Smooth Stone":0,"Snecko Eye":36,"StoneCalendar":18,"The Courier":14,"PureWater":0,"Boot":28,"Pocketwatch":25}],"Pocketwatch":[21]},"card_choices":[{"not_picked":["Evaluate","Consecrate"],"picked":"SandsOfTime","floor":1.0},{"not_picked":["Adaptation","Crescendo"],"picked":"SandsOfTime","floor":3.0},{"not_picked":["PathToVictory","Fasting2"],"picked":"WaveOfTheHand","floor":4.0},{"not_picked":["SashWhip","Evaluate"],"picked":"CutThroughFate","floor":6.0},{"not_picked":["Protect","Consecrate"],"picked":"CutThroughFate","floor":7.0},{"not_picked":["Weave","WaveOfTheHand"],"picked":"Establishment","floor":10.0},{"not_picked":["WindmillStrike","BowlingBash"],"picked":"Halt","floor":12.0},{"not_picked":["Halt","Sanctity"],"picked":"Meditate","floor":14.0},{"not_picked":["DevaForm","DeusExMachina"],"picked":"Scrawl","floor":16.0},{"not_picked":["Evaluate+1","Swivel"],"picked":"Tantrum","floor":18.0},{"not_picked":["CrushJoints","Crescendo","ClearTheMind"],"picked":"SKIP","floor":19.0}],"player_experience":2874177,"relics_obtained":[{"floor":6.0,"key":"The Courier"},{"floor":9.0,"key":"StoneCalendar"},{"floor":10.0,"key":"Pocketwatch"},{"floor":12.0,"key":"Boot"}],"event_choices":[{"cards_removed":["Strike_P"],"damage_healed":0.0,"max_hp_gain":0.0,"max_hp_loss":0.0,"gold_gain":0.0,"event_name":"The Cleric","player_choice":"Card Removal","floor":2.0,"gold_loss":75.0,"damage_taken":0.0},{"damage_healed":0.0,"max_hp_gain":0.0,"max_hp_loss":0.0,"gold_gain":0.0,"event_name":"The Woman in Blue","player_choice":"Bought 2 Potions","floor":5.0,"gold_loss":0.0,"damage_taken":0.0},{"damage_healed":0,"gold_gain":0,"player_choice":"Fought Bandits","damage_taken":0,"max_hp_gain":0,"max_hp_loss":0,"event_name":"Masked Bandits","floor":21,"gold_loss":0}],"is_beta":false,"boss_relics":[{"not_picked":["Pandora\u0027s Box","Velvet Choker"],"picked":"Snecko Eye"}],"items_purged_floors":[],"is_endless":false,"potions_floor_spawned":[1,6,14,16],"killed_by":"Masked Bandits","ascension_level":20}}