{"host":"0utx1lcxgx5vu4k0","time":1613627324,"event":{"mods":["BaseMod","Colored Powertips","Minty Spire (QoL Compilation)","Permanent Neow","Relic Stats","StSLib"],"gold_per_floor":[363,374,374,179,191,216,232,261,261,281,296,1,28,28,28,132,132,145,165,165,182,197,230,230,262,286,301,327,327,341,361,361,457,457,470,470,470,224,240,272,272,297,297,297,332,332,332,332,332,332,332,332,31,62,62],"floor_reached":56,"language":"ENG","playtime":2316,"items_purged":["Strike_G","Strike_G"],"score":1871,"play_id":"e02e6af1-0537-4593-85f3-a88550e9b63f","local_time":"20210218004844","is_ascension_mode":true,"campfire_choices":[{"floor":15,"key":"REST"},{"data":"Calculated Gamble","floor":24,"key":"SMITH"},{"data":"Blade Dance","floor":29,"key":"SMITH"},{"data":"Adrenaline","floor":32,"key":"SMITH"},{"floor":41,"key":"RECALL"},{"floor":44,"key":"REST"},{"data":"Night Terror","floor":46,"key":"SMITH"},{"data":"Apotheosis","floor":49,"key":"SMITH"},{"data":"Phantasmal Killer","floor":52,"key":"SMITH"}],"circlet_count":0,"master_deck":["Strike_G+1","Strike_G+1","Defend_G","Defend_G","Defend_G","Defend_G","Defend_G","Survivor","Sucker Punch+1","Choke","Blade Dance+1","Flash of Steel","Dash","PiercingWail","Venomology","Heel Hook+1","Backstab+1","Phantasmal Killer+1","Cloak And Dagger+1","Blade Dance","Terror","Calculated Gamble+1","Backflip","Glass Knife+1","Escape Plan+1","Prepared+1","Adrenaline+1","Night Terror+1","Blade Dance","Apotheosis+1","Good Instincts","PiercingWail","Leg Sweep","Footwork+1","Cloak And Dagger+1","Well Laid Plans","Acrobatics","Deflect","Reflex"],"relics":["Ring of the Snake","Molten Egg 2","Shuriken","Tough Bandages","Kunai","Runic Dome","Paper Crane","Whetstone","Torii","Smiling Mask","Potion Belt","SacredBark","Happy Flower","Matryoshka","Bag of Preparation","Bag of Marbles","FossilizedHelix","Toy Ornithopter","Membership Card","Pen Nib"],"acts_visited":["Exordium","TheCity","TheBeyond","TheEnding"],"potions_floor_usage":[6,8,8,11,13,13,16,16,16,16,18,19,21,22,23,23,25,27,28,33,35,35,40,42,45,45,45,45,45,45,45,47,50,54,55,55,55,55,55,55,55,55,55,55],"damage_taken":[{"damage":0,"enemies":"Small Slimes","floor":1,"turns":3},{"damage":0,"enemies":"Cultist","floor":2,"turns":4},{"damage":0,"enemies":"2 Louse","floor":5,"turns":3},{"damage":29,"enemies":"Lagavulin","floor":6,"turns":7},{"damage":0,"enemies":"Red Slaver","floor":7,"turns":4},{"damage":8,"enemies":"Gremlin Nob","floor":8,"turns":3},{"damage":2,"enemies":"Blue Slaver","floor":10,"turns":3},{"damage":0,"enemies":"3 Louse","floor":11,"turns":3},{"damage":10,"enemies":"Lagavulin","floor":13,"turns":4},{"damage":18,"enemies":"The Guardian","floor":16,"turns":11},{"damage":5,"enemies":"Spheric Guardian","floor":18,"turns":4},{"damage":0,"enemies":"Chosen","floor":19,"turns":2},{"damage":0,"enemies":"Centurion and Healer","floor":21,"turns":4},{"damage":10,"enemies":"Snecko","floor":22,"turns":3},{"damage":0,"enemies":"Slavers","floor":23,"turns":4},{"damage":0,"enemies":"Book of Stabbing","floor":25,"turns":4},{"damage":1,"enemies":"Chosen and Byrds","floor":27,"turns":3},{"damage":0,"enemies":"Gremlin Leader","floor":28,"turns":2},{"damage":2,"enemies":"Snake Plant","floor":30,"turns":3},{"damage":0,"enemies":"Centurion and Healer","floor":31,"turns":3},{"damage":11,"enemies":"Collector","floor":33,"turns":3},{"damage":2,"enemies":"3 Shapes","floor":35,"turns":4},{"damage":0,"enemies":"Orb Walker","floor":39,"turns":2},{"damage":0,"enemies":"Giant Head","floor":40,"turns":4},{"damage":2,"enemies":"Reptomancer","floor":42,"turns":4},{"damage":0,"enemies":"Giant Head","floor":45,"turns":5},{"damage":0,"enemies":"Sphere and 2 Shapes","floor":47,"turns":1},{"damage":1,"enemies":"Donu and Deca","floor":50,"turns":9},{"damage":0,"enemies":"Shield and Spear","floor":54,"turns":4},{"damage":0,"enemies":"The Heart","floor":55,"turns":5}],"seed_played":"-1459403089241103095","potions_obtained":[{"floor":1,"key":"SkillPotion"},{"floor":2,"key":"Dexterity Potion"},{"floor":6,"key":"LiquidBronze"},{"floor":7,"key":"AttackPotion"},{"floor":16,"key":"PowerPotion"},{"floor":21,"key":"SteroidPotion"},{"floor":25,"key":"SpeedPotion"},{"floor":28,"key":"AttackPotion"},{"floor":31,"key":"EntropicBrew"},{"floor":35,"key":"SpeedPotion"},{"floor":45,"key":"SmokeBomb"}],"is_trial":false,"path_per_floor":["M","M","?","$","M","E","M","E","T","M","M","$","E","?","R","B",null,"M","M","?","M","M","E","R","E","T","M","E","R","M","M","R","B",null,"M","?","?","$","M","E","R","E","T","R","E","R","M","?","R","B",null,"R","$","E","B",null],"character_chosen":"THE_SILENT","items_purchased":["Blade Dance","Flash of Steel","Dash","Tough Bandages","Happy Flower","PiercingWail","Membership Card","Well Laid Plans","Acrobatics","SteroidPotion","Deflect"],"campfire_rested":2,"item_purchase_floors":[4,4,4,12,38,38,53,53,53,53,53],"current_hp_per_floor":[63,63,63,63,63,34,34,26,26,24,24,24,14,14,32,14,51,46,46,46,46,36,36,36,36,36,35,35,35,33,33,33,22,53,51,41,41,41,41,41,41,39,39,57,57,57,62,62,62,62,63,63,63,63,63],"gold":62,"neow_bonus":"TWO_FIFTY_GOLD","is_daily":false,"chose_seed":false,"campfire_upgraded":6,"win_rate":0.0,"timestamp":1613627324,"path_taken":["M","M","?","?","M","E","M","E","T","M","?","$","E","?","R","BOSS","M","?","?","M","?","E","R","E","T","M","E","R","M","M","R","BOSS","M","?","?","$","M","E","R","E","T","R","E","R","M","?","R","BOSS","R","$","E","BOSS"],"items_purchased_type":["Card","Card","Card","Relic","Relic","Card","Relic","Card","Card","Potion","Card"],"build_version":"2020-12-22","purchased_purges":2,"victory":true,"max_hp_per_floor":[63,63,63,63,63,63,63,63,63,63,63,63,63,63,63,63,63,63,63,63,63,63,63,63,63,63,63,63,63,63,63,63,63,63,63,63,63,63,63,63,63,63,63,63,63,63,63,63,63,63,63,63,63,63,63],"relic_stats":{"Torii":14,"Happy Flower":[11],"counters":[30,118],"Pen Nib":[3],"Bag of Preparation":[10],"Whetstone":["Strike_G","Strike_G"],"Smiling Mask":25,"Tough Bandages":[135],"Shuriken":[86],"Kunai":[80],"obtain_stats":[{"Potion Belt":28,"Torii":25,"Happy Flower":38,"SacredBark":34,"Pen Nib":54,"Bag of Preparation":42,"Whetstone":23,"Paper Crane":20,"Smiling Mask":26,"Runic Dome":17,"Tough Bandages":12,"Matryoshka":40,"Shuriken":8,"Molten Egg 2":6,"Bag of Marbles":43,"Kunai":13,"Membership Card":53,"FossilizedHelix":43,"Toy Ornithopter":45,"Ring of the Snake":0},{"Potion Belt":18,"Torii":16,"Happy Flower":22,"SacredBark":21,"Pen Nib":29,"Bag of Preparation":25,"Whetstone":15,"Paper Crane":12,"Smiling Mask":16,"Runic Dome":10,"Tough Bandages":8,"Matryoshka":24,"Shuriken":6,"Molten Egg 2":4,"Bag of Marbles":25,"Kunai":9,"Membership Card":28,"FossilizedHelix":25,"Toy Ornithopter":26,"Ring of the Snake":0},{"Potion Belt":71,"Torii":66,"Happy Flower":84,"SacredBark":80,"Pen Nib":113,"Bag of Preparation":94,"Whetstone":62,"Paper Crane":51,"Smiling Mask":66,"Runic Dome":45,"Tough Bandages":30,"Matryoshka":90,"Shuriken":24,"Molten Egg 2":17,"Bag of Marbles":94,"Kunai":34,"Membership Card":109,"FossilizedHelix":94,"Toy Ornithopter":99,"Ring of the Snake":0}],"Toy Ornithopter":6,"Ring of the Snake":[60]},"card_choices":[{"not_picked":["Prepared","Dodge and Roll"],"picked":"Sucker Punch","floor":1},{"not_picked":["Escape Plan","Bane"],"picked":"Choke","floor":2},{"not_picked":["Bane","Dagger Spray"],"picked":"PiercingWail","floor":5},{"not_picked":["Distraction","Eviscerate+1"],"picked":"Venomology","floor":6},{"not_picked":["Outmaneuver","Well Laid Plans","Sucker Punch+1"],"picked":"SKIP","floor":7},{"not_picked":["Concentrate","Underhanded Strike+1","Deflect"],"picked":"SKIP","floor":8},{"not_picked":["Blur","Calculated Gamble"],"picked":"Heel Hook+1","floor":10},{"not_picked":["Bane+1","Dagger Throw+1","Storm of Steel"],"picked":"SKIP","floor":11},{"not_picked":["Dagger Throw+1","Dash+1"],"picked":"Backstab+1","floor":13},{"not_picked":["Night Terror","Unload+1"],"picked":"Phantasmal Killer","floor":16},{"not_picked":["Backstab+1","Leg Sweep"],"picked":"Cloak And Dagger+1","floor":18},{"not_picked":["Cloak And Dagger","Flying Knee+1"],"picked":"Blade Dance","floor":19},{"not_picked":["Predator+1","Well Laid Plans"],"picked":"Terror","floor":21},{"not_picked":["Deadly Poison","Heel Hook+1","Sucker Punch+1"],"picked":"SKIP","floor":22},{"not_picked":["Noxious Fumes","Concentrate"],"picked":"Calculated Gamble","floor":23},{"not_picked":["Quick Slash+1","Leg Sweep"],"picked":"Backflip","floor":25},{"not_picked":["Underhanded Strike+1","Expertise"],"picked":"Glass Knife+1","floor":27},{"not_picked":["Endless Agony+1","Deadly Poison"],"picked":"Escape Plan+1","floor":28},{"not_picked":["Sucker Punch+1","Slice+1"],"picked":"Prepared+1","floor":30},{"not_picked":["Eviscerate+1","Catalyst"],"picked":"Adrenaline","floor":31},{"not_picked":["Unload+1","A Thousand Cuts"],"picked":"Night Terror","floor":33},{"not_picked":["Dagger Spray+1","Prepared"],"picked":"Blade Dance","floor":35},{"not_picked":["Deep Breath","Purity"],"picked":"Apotheosis","floor":36},{"not_picked":["Deep Breath","Panache"],"picked":"Good Instincts","floor":36},{"not_picked":["All Out Attack+1","Expertise+1"],"picked":"Leg Sweep","floor":39},{"not_picked":["Masterful Stab+1","Cloak And Dagger"],"picked":"Footwork+1","floor":40},{"not_picked":["Distraction","Outmaneuver","Quick Slash+1"],"picked":"SKIP","floor":42},{"not_picked":["Dagger Spray+1","Poisoned Stab+1"],"picked":"Cloak And Dagger+1","floor":45},{"not_picked":["Night Terror","Crippling Poison"],"picked":"Reflex","floor":54}],"player_experience":63041,"relics_obtained":[{"floor":6,"key":"Molten Egg 2"},{"floor":8,"key":"Shuriken"},{"floor":13,"key":"Kunai"},{"floor":20,"key":"Paper Crane"},{"floor":23,"key":"Whetstone"},{"floor":25,"key":"Torii"},{"floor":26,"key":"Smiling Mask"},{"floor":28,"key":"Potion Belt"},{"floor":40,"key":"Matryoshka"},{"floor":42,"key":"Bag of Preparation"},{"floor":43,"key":"Bag of Marbles"},{"floor":43,"key":"FossilizedHelix"},{"floor":45,"key":"Toy Ornithopter"},{"floor":54,"key":"Pen Nib"}],"event_choices":[{"damage_healed":0,"gold_gain":0,"player_choice":"Upgraded","damage_taken":0,"max_hp_gain":0,"max_hp_loss":0,"event_name":"Upgrade Shrine","floor":3,"gold_loss":0,"cards_upgraded":["Sucker Punch"]},{"damage_healed":0,"gold_gain":0,"player_choice":"Forge","damage_taken":0,"max_hp_gain":0,"max_hp_loss":0,"event_name":"Accursed Blacksmith","floor":14,"gold_loss":0,"cards_upgraded":["Neutralize"]},{"damage_healed":0,"gold_gain":0,"player_choice":"Relic","damage_taken":0,"max_hp_gain":0,"max_hp_loss":0,"event_name":"Wheel of Change","floor":20,"gold_loss":0},{"damage_healed":0,"gold_gain":0,"player_choice":"Memory 3","damage_taken":10,"max_hp_gain":0,"max_hp_loss":0,"event_name":"SensoryStone","floor":36,"gold_loss":0},{"cards_removed":["Neutralize"],"damage_healed":0,"gold_gain":0,"player_choice":"Removed Attack","damage_taken":0,"max_hp_gain":0,"max_hp_loss":0,"event_name":"Falling","floor":37,"gold_loss":0},{"cards_removed":["Strike_G"],"damage_healed":0,"gold_gain":0,"player_choice":"Purged","damage_taken":0,"max_hp_gain":0,"max_hp_loss":0,"event_name":"Purifier","floor":48,"gold_loss":0}],"is_beta":false,"boss_relics":[{"not_picked":["Velvet Choker","Calling Bell"],"picked":"Runic Dome"},{"not_picked":["Empty Cage","Snecko Eye"],"picked":"SacredBark"}],"items_purged_floors":[38,53],"is_endless":false,"potions_floor_spawned":[1,2,6,7,11,16,18,21,22,25,28,31,35,40,42,45,54],"ascension_level":5}}