{"host":"v8w6asmmk749zsdc","time":1613636173,"event":{"mods":["AchievementEnabler","BaseMod","Minty Spire (QoL Compilation)","Replay The Spire","StSLib"],"gold_per_floor":[118,118,118,132,132,132,97,131,131,206,221,231,243,243,243,348,348,329,361,133,233,250,250,93,93,166,166,186,186,186,186],"floor_reached":30,"language":"ENG","playtime":1170,"items_purged":["Strike_G"],"score":294,"play_id":"93741bbd-dad5-472c-9c13-895ece2991d0","local_time":"20210218001613","is_ascension_mode":true,"campfire_choices":[{"data":"Survivor","floor":6,"key":"SMITH"},{"floor":15,"key":"REST"},{"floor":23,"key":"REST"},{"floor":27,"key":"REST"}],"circlet_count":0,"master_deck":["Strike_G","Strike_G","Strike_G","Strike_G","Defend_G","Defend_G","Defend_G","Defend_G","Defend_G","Survivor+1","Neutralize+1","Atom Bomb","Flying Knee","Hidden Blade","Storm of Steel","Backflip","Endless Agony+1","Deflect","Hidden Blade","Neutralize+1","Bullet Time"],"relics":["Ring of the Serpent","Paper Crane","Bottled Lightning","Red Mask","Tiny Chest","Blue Doll","ReplayTheSpireMod:Shallot","Happy Flower"],"acts_visited":["Exordium","TheCity"],"potions_floor_usage":[8,8,18,19,19,30],"damage_taken":[{"damage":0,"enemies":"2 Louse","floor":1,"turns":4},{"damage":11,"enemies":"Jaw Worm","floor":4,"turns":4},{"damage":29,"enemies":"Gremlin Nob","floor":8,"turns":5},{"damage":6,"enemies":"Small Slimes","floor":11,"turns":3},{"damage":8,"enemies":"Blue Slaver","floor":12,"turns":5},{"damage":5,"enemies":"2 Fungi Beasts","floor":13,"turns":4},{"damage":38,"enemies":"Fading Forest","floor":16,"turns":11},{"damage":8,"enemies":"2 Thieves","floor":18,"turns":4},{"damage":32,"enemies":"Masked Bandits","floor":19,"turns":5},{"damage":1,"enemies":"3 Byrds","floor":22,"turns":7},{"damage":29,"enemies":"3 Cultists","floor":28,"turns":7},{"damage":35,"enemies":"Cultist and Chosen","floor":30,"turns":12}],"seed_played":"-1422758763574346820","potions_obtained":[{"floor":1,"key":"Languid Potion"},{"floor":4,"key":"SteroidPotion"},{"floor":13,"key":"BlessingOfTheForge"},{"floor":16,"key":"Weak Potion"},{"floor":18,"key":"Weak Potion"},{"floor":19,"key":"Elixir"}],"is_trial":false,"path_per_floor":["M","$","?","M","$","R","?","E","T","?","M","M","M","?","R","B",null,"M","?","$","?","M","R","$","?","T","R","M","T","M"],"character_chosen":"THE_SILENT","items_purchased":["Tiny Chest","Blue Doll"],"campfire_rested":3,"item_purchase_floors":[20,24],"current_hp_per_floor":[63,63,63,52,52,52,69,40,40,33,27,19,14,14,35,17,57,49,17,17,17,16,37,37,37,37,58,29,29,0,0],"gold":186,"neow_bonus":"ONE_RANDOM_RARE_CARD","is_daily":false,"chose_seed":false,"campfire_upgraded":1,"win_rate":0.0,"timestamp":1613636173,"path_taken":["M","$","?","M","$","R","?","E","T","?","M","M","?","?","R","BOSS","M","?","$","?","?","R","$","?","T","R","M","?","M"],"items_purchased_type":["Relic","Relic"],"build_version":"2020-12-22","purchased_purges":1,"victory":false,"max_hp_per_floor":[70,70,70,70,70,70,70,70,70,70,70,70,70,70,70,70,70,70,70,70,70,70,70,70,70,70,70,70,70,70,70],"card_choices":[{"not_picked":["ReplayTheSpireMod:Scrap Shanks","Slice"],"picked":"Flying Knee","floor":1},{"not_picked":["Dagger Throw","Acrobatics","Dodge and Roll"],"picked":"SKIP","floor":4},{"not_picked":["Prepared","Reflex"],"picked":"Hidden Blade","floor":8},{"not_picked":["Prepared","Riddle With Holes"],"picked":"Storm of Steel","floor":11},{"not_picked":["ReplayTheSpireMod:Scrap Shanks","ReplayTheSpireMod:Exploit Weakness","Prepared"],"picked":"SKIP","floor":12},{"not_picked":["Sucker Punch","Dagger Throw"],"picked":"Backflip","floor":13},{"not_picked":["Hidden Blade","Concentrate"],"picked":"Endless Agony+1","floor":18},{"not_picked":["Deadly Poison+1","Flying Knee"],"picked":"Deflect","floor":19},{"not_picked":["Heel Hook","Bane"],"picked":"Hidden Blade","floor":22},{"not_picked":["Prepared","Noxious Fumes"],"picked":"Bullet Time","floor":28}],"player_experience":47189,"relics_obtained":[{"floor":8,"key":"Paper Crane"},{"floor":9,"key":"Bottled Lightning"},{"floor":19,"key":"Red Mask"},{"floor":26,"key":"ReplayTheSpireMod:Shallot"},{"floor":29,"key":"Happy Flower"}],"event_choices":[{"damage_healed":0,"gold_gain":0,"player_choice":"Grow","damage_taken":0,"max_hp_gain":0,"max_hp_loss":0,"event_name":"Living Wall","floor":3,"gold_loss":0,"cards_upgraded":["Neutralize"]},{"damage_healed":17,"gold_gain":0,"player_choice":"Healed","damage_taken":0,"max_hp_gain":0,"max_hp_loss":0,"event_name":"The Cleric","floor":7,"gold_loss":35},{"damage_healed":0,"gold_gain":75,"player_choice":"Touch","damage_taken":7,"max_hp_gain":0,"max_hp_loss":0,"event_name":"FaceTrader","floor":10,"gold_loss":0},{"damage_healed":0,"gold_gain":0,"player_choice":"Ignored","damage_taken":0,"max_hp_gain":0,"max_hp_loss":0,"event_name":"Liars Game","floor":14,"gold_loss":0},{"damage_healed":0,"gold_gain":0,"player_choice":"Fought Bandits","damage_taken":0,"max_hp_gain":0,"max_hp_loss":0,"event_name":"Masked Bandits","floor":19,"gold_loss":0},{"damage_healed":0,"gold_gain":100,"player_choice":"Pray","damage_taken":0,"max_hp_gain":0,"max_hp_loss":0,"event_name":"Golden Shrine","floor":21,"gold_loss":0},{"damage_healed":0,"gold_gain":0,"player_choice":"Copied","damage_taken":0,"max_hp_gain":0,"max_hp_loss":0,"event_name":"Duplicator","floor":25,"gold_loss":0,"cards_obtained":["Neutralize"]}],"is_beta":false,"boss_relics":[{"not_picked":["Cursed Key","Replay:Drink Me"],"picked":"Ring of the Serpent"}],"items_purged_floors":[20],"is_endless":false,"potions_floor_spawned":[1,4,13,16,18,19],"killed_by":"Cultist and Chosen","ascension_level":6}}