{"host":"5m2js577gj4e7pak","time":1613670843,"event":{"mods":["AchievementEnabler","Act Like it!","BaseMod","Better Match","Better Note","Better Third Choice","BetterRewards","Colored Map","Colored Powertips","Highlight Path","Lobotomy","LobotomyExtend","Minty Spire (QoL Compilation)","Quick Restart","Relic Filter","Relic Sorter","Remove Card Discount Mod","Ruina","Shop Mod","Spicy Shops","StSLib"],"gold_per_floor":[117,292,307,322,322,322,355,280,326,351,363,391,403,445,457,564,576,617,629,657,686,710,748,760,807,819,844,856,868,894,926,938,1045],"floor_reached":17,"language":"ENG","playtime":1416,"items_purged":[],"score":499,"play_id":"77ddd4a7-4ef3-43cf-a8c7-465f92f14ef0","local_time":"20210218185403","is_ascension_mode":true,"campfire_choices":[],"circlet_count":0,"master_deck":["DespairKnight","BigBird","SpecialBullet","SpecialBullet","SpecialBullet","SpecialBullet","SpecialBullet","SpecialBullet","SpecialBullet","ControlCode","SecurityCode","Mimicry","BeautyBeast","Spore","OSAHOGD","Logging+1","ShyLook","Heaven+1","Apotheosis+1","Pinks+1","Moonlight","Penitence","LaLuna","Lamp+8","GoldRush","RedEyes","TT2Protocol","Twilight","RedEyes","Penitence","TrainingCode","Christmas","CENSORED_ego","BearPaw","Beak","Hypocrisy","CENSORED_ego"],"relics":["CogitoBucket","BackwardClock","Whetstone","Anchor","MawBank","MealTicket","Calling Bell","Omamori","Ornamental Fan","CaptainsWheel","LetterFromLob","WarpedTongs","Lamp_r","Amita_r","Strawberry","Meat on the Bone","Pantograph","SwordSharpenedByTears_r"],"acts_visited":["Exordium","TheCity"],"potions_floor_usage":[3,3,4,13,16,16,17],"damage_taken":[{"damage":11.0,"enemies":"Jaw Worm","floor":1.0,"turns":3.0},{"damage":0.0,"enemies":"2 Louse","floor":3.0,"turns":2.0},{"damage":6.0,"enemies":"Cultist","floor":4.0,"turns":3.0},{"damage":20.0,"enemies":"Gremlin Nob","floor":7.0,"turns":4.0},{"damage":15.0,"enemies":"3 Sentries","floor":10.0,"turns":5.0},{"damage":0.0,"enemies":"Exordium Wildlife","floor":12.0,"turns":2.0},{"damage":30.0,"enemies":"Lagavulin","floor":14.0,"turns":5.0},{"damage":52.0,"enemies":"Hexaghost","floor":16.0,"turns":10.0},{"damage":0,"enemies":"2 Louse","floor":1,"turns":2},{"damage":29,"enemies":"Cultist","floor":3,"turns":6},{"damage":6,"enemies":"Small Slimes","floor":4,"turns":4},{"damage":4,"enemies":"Gremlin Gang","floor":5,"turns":3},{"damage":2,"enemies":"3 Sentries","floor":6,"turns":4},{"damage":7,"enemies":"Lagavulin","floor":8,"turns":3},{"damage":0,"enemies":"Exordium Wildlife","floor":10,"turns":2},{"damage":84,"enemies":"Lots of Slimes","floor":13,"turns":19},{"damage":0,"enemies":"Exordium Thugs","floor":14,"turns":2},{"damage":45,"enemies":"Hexaghost","floor":16,"turns":5},{"damage":40,"enemies":"Malkuth","floor":17,"turns":4},{"damage":67,"enemies":"Netzach","floor":17,"turns":7}],"seed_played":"2395986567333107971","potions_obtained":[{"floor":3.0,"key":"Weak Potion"},{"floor":7.0,"key":"Weak Potion"},{"floor":10.0,"key":"DistilledChaos"},{"floor":12.0,"key":"Explosive Potion"},{"floor":16.0,"key":"CultistPotion"},{"floor":3,"key":"GamblersBrew"},{"floor":4,"key":"Weak Potion"},{"floor":8,"key":"Strength Potion"},{"floor":10,"key":"Block Potion"},{"floor":13,"key":"Fire Potion"}],"is_trial":false,"path_per_floor":["M","?","M","M","?","R","E","?","T","E","R","M","R","E","R","B",null,"M","M","?","M","M","M","E","R","E","T","M","R","?","M","M","R","B",null],"character_chosen":"Angela","items_purchased":[],"campfire_rested":0,"item_purchase_floors":[],"current_hp_per_floor":[67,67,70,70,70,70,64,64,64,63,63,70,70,58,58,65,70,70,70,63,73,77,87,87,88,88,90,90,90,52,76,76,91],"gold":1057,"neow_bonus":"TRANSFORM_CARD","is_daily":false,"chose_seed":false,"campfire_upgraded":0,"win_rate":0.0,"timestamp":1613670843,"path_taken":["M","?","M","M","?","R","E","?","T","E","R","M","R","E","R","BOSS","M","M","?","M","M","M","E","R","E","T","M","R","?","M","?","R","BOSS"],"items_purchased_type":[],"build_version":"2020-12-22","purchased_purges":0,"victory":true,"max_hp_per_floor":[70,70,70,70,70,70,70,70,70,70,70,70,70,70,70,70,70,70,70,70,73,77,87,87,88,88,90,90,90,109,111,111,112],"card_choices":[{"not_picked":["Scorched","MHz"],"picked":"BeautyBeast","floor":1.0},{"not_picked":["Galaxy"],"picked":"Spore","floor":1.0},{"not_picked":["SpiderBud","ShyLook"],"picked":"OSAHOGD","floor":3.0},{"not_picked":["Noise"],"picked":"Logging","floor":3.0},{"not_picked":["Laetitia","CherryBlossoms"],"picked":"ShyLook","floor":4.0},{"not_picked":["TheSmile"],"picked":"Heaven","floor":4.0},{"not_picked":["Regret_ego","Galaxy"],"picked":"SKIP","floor":7.0},{"not_picked":["SoundOfStar+1"],"picked":"Pinks+1","floor":8.0},{"not_picked":["Scarecrow","BlackSwan"],"picked":"Wellcheers","floor":10.0},{"not_picked":["Loneliness"],"picked":"Moonlight","floor":10.0},{"not_picked":["CherryBlossom"],"picked":"Penitence","floor":12.0},{"not_picked":["HappyTeddy","SpiderBud"],"picked":"LaLuna","floor":14.0},{"not_picked":["WristCuter"],"picked":"Lamp","floor":14.0},{"not_picked":["Adoration"],"picked":"GoldRush","floor":16.0},{"not_picked":["FairyFestival","WallGazer"],"picked":"BigBird","floor":1},{"not_picked":["Galaxy"],"picked":"RedEyes","floor":1},{"not_picked":["Reverberation"],"picked":"Twilight","floor":3},{"not_picked":["CUTE"],"picked":"RedEyes","floor":4},{"not_picked":["Tough"],"picked":"Penitence","floor":5},{"not_picked":["GoldRush"],"picked":"Christmas","floor":6},{"not_picked":["ParadiseLost"],"picked":"CENSORED_ego","floor":8},{"not_picked":["SingingMachine","LittleHelper"],"picked":"DespairKnight","floor":10},{"not_picked":["TodaysExpression","Loneliness"],"picked":"SKIP","floor":10},{"not_picked":["Discord"],"picked":"Beak","floor":13},{"not_picked":["BearPaw"],"picked":"Hypocrisy","floor":14},{"not_picked":["Justitia"],"picked":"CENSORED_ego","floor":16}],"player_experience":89550,"relics_obtained":[{"floor":1.0,"key":"LetterFromLob"},{"floor":7.0,"key":"Whetstone"},{"floor":9.0,"key":"Anchor"},{"floor":10.0,"key":"MawBank"},{"floor":14.0,"key":"MealTicket"},{"floor":17.0,"key":"Omamori"},{"floor":17.0,"key":"Ornamental Fan"},{"floor":17.0,"key":"CaptainsWheel"},{"floor":1,"key":"LetterFromLob"},{"floor":6,"key":"Strawberry"},{"floor":8,"key":"Meat on the Bone"},{"floor":9,"key":"Pantograph"}],"event_choices":[{"damage_healed":0.0,"max_hp_gain":0.0,"max_hp_loss":0.0,"gold_gain":175.0,"event_name":"betterThird:BetterSerpent","player_choice":"AGREE","floor":2.0,"gold_loss":0.0,"damage_taken":117.0},{"damage_healed":70.0,"max_hp_gain":0.0,"max_hp_loss":70.0,"gold_gain":0.0,"event_name":"betterThird:BetterShining","player_choice":"Embrace","floor":5.0,"gold_loss":0.0,"damage_taken":0.0},{"damage_healed":0.0,"max_hp_gain":0.0,"max_hp_loss":0.0,"gold_gain":0.0,"event_name":"betterMatch:BetterMatch","player_choice":"2","floor":8.0,"gold_loss":0.0,"damage_taken":0.0,"cards_obtained":["betterMatch:RareCard"]},{"damage_healed":0,"gold_gain":0,"player_choice":"Rummage","damage_taken":0,"relics_obtained":["WarpedTongs"],"max_hp_gain":0,"max_hp_loss":0,"event_name":"Accursed Blacksmith","floor":2,"gold_loss":0,"cards_obtained":["Pain"]},{"damage_healed":0,"gold_gain":0,"cards_transformed":["Wellcheers"],"player_choice":"Transformed","damage_taken":0,"max_hp_gain":0,"max_hp_loss":0,"event_name":"Transmorgrifier","floor":12,"gold_loss":0,"cards_obtained":["BearPaw"]}],"is_beta":false,"boss_relics":[{"not_picked":["SacredBark","SlaversCollar"],"picked":"Calling Bell"}],"items_purged_floors":[],"is_endless":false,"potions_floor_spawned":[3,7,10,12,16,3,4,8,10,13],"ascension_level":1}}