{"host":"bjzqjr1ycgj8gt55","time":1613616032,"event":{"mods":["100% Spire Juice","BaseMod","Better Altar","Better Match","Better Sensory Stone","Better Skull","Better Third Choice","Better Vampires","Block Reminder","Colored Map","Colored Powertips","GifTheSpireLib","Hermit","Infinite Spire","Minty Spire (QoL Compilation)","Rare Cards Sparkle","Red Circlet Mod","Shade Mod","Shop Mod","Spicy Shops","StSLib","The Cursed","The Jungle","The Marked","The Necromancer","TheVacant","Waifu the Spire","everything is the same but u backflip on backflip","slay the spire mod where everything is the same but ironclad has a cowboy hat"],"gold_per_floor":[112,112,112,112,125,125,138,157,181,191,191,206,219,234,234,234,234],"floor_reached":16,"language":"ENG","playtime":509,"items_purged":[],"score":101,"play_id":"4c30fe26-e8ba-4446-b2ab-a3b00146d9fc","local_time":"20210217204032","is_ascension_mode":true,"campfire_choices":[{"data":"theVacant:Husk","floor":6,"key":"SMITH"},{"data":"theVacant:TheAnvil","floor":15,"key":"SMITH"}],"circlet_count":0,"master_deck":["theVacant:VacantStarterStrike","theVacant:VacantStarterStrike","theVacant:VacantStarterStrike","theVacant:VacantStarterDefend","theVacant:VacantStarterDefend","theVacant:VacantStarterDefend","theVacant:VacantStarterDefend","theVacant:Release","theVacant:Crunch","theVacant:Jab","theVacant:Husk+1","theVacant:Immaterialize","theVacant:Dig","theVacant:TheAnvil+1","Injury","theVacant:GraveWave","theVacant:Acceptance","theVacant:Exorcise"],"relics":["theVacant:BrassGoblet","NeowsBlessing","Anchor","Vajra","Golden Idol"],"acts_visited":["Exordium"],"potions_floor_usage":[],"damage_taken":[{"damage":0,"enemies":"Jaw Worm","floor":1,"turns":1},{"damage":0,"enemies":"2 Louse","floor":5,"turns":1},{"damage":0,"enemies":"Cultist","floor":7,"turns":1},{"damage":0,"enemies":"Gremlin Gang","floor":8,"turns":5},{"damage":0,"enemies":"3 Louse","floor":10,"turns":3},{"damage":0,"enemies":"Blue Slaver","floor":12,"turns":4},{"damage":0,"enemies":"Looter","floor":13,"turns":2},{"damage":2,"enemies":"Exordium Wildlife","floor":14,"turns":4},{"damage":49,"enemies":"Slime Boss","floor":16,"turns":11}],"seed_played":"-3306016179172402926","potions_obtained":[{"floor":7,"key":"Explosive Potion"},{"floor":10,"key":"SneckoOil"},{"floor":12,"key":"Dexterity Potion"}],"is_trial":false,"path_per_floor":["M","?","?","?","M","R","M","M","T","M","?","M","M","M","R","B"],"character_chosen":"THE_VACANT","items_purchased":[],"campfire_rested":0,"item_purchase_floors":[],"current_hp_per_floor":[80,80,73,66,66,66,66,66,66,66,66,66,66,64,64,15,15],"gold":234,"neow_bonus":"THREE_ENEMY_KILL","is_daily":false,"chose_seed":false,"campfire_upgraded":2,"win_rate":0.0,"timestamp":1613616032,"path_taken":["M","?","?","?","?","R","M","M","T","M","?","M","M","M","R","BOSS"],"items_purchased_type":[],"build_version":"2020-12-22","purchased_purges":0,"victory":false,"max_hp_per_floor":[80,80,80,80,80,80,80,80,80,80,80,80,80,80,80,80,80],"card_choices":[{"not_picked":["theVacant:Cower","theVacant:SurpriseAttack"],"picked":"theVacant:Jab","floor":1},{"not_picked":["theVacant:Dig","theVacant:SpiritOrb"],"picked":"theVacant:Husk","floor":5},{"not_picked":["theVacant:Dig","theVacant:Barrage"],"picked":"theVacant:Immaterialize","floor":7},{"not_picked":["theVacant:Jab","theVacant:ShutAway"],"picked":"theVacant:Dig","floor":8},{"not_picked":["theVacant:GraveWave","theVacant:Jab"],"picked":"theVacant:TheAnvil","floor":10},{"not_picked":["theVacant:Unearth","theVacant:OnSecondThought"],"picked":"theVacant:GraveWave","floor":12},{"not_picked":["theVacant:HolyWater","theVacant:Thoughtseize"],"picked":"theVacant:Acceptance","floor":13},{"not_picked":["theVacant:HolyWater","theVacant:Exorcise","theVacant:ShutAway"],"picked":"SKIP","floor":14},{"not_picked":["theVacant:HolyWater","theVacant:ShutAway"],"picked":"theVacant:Exorcise","floor":14}],"player_experience":176529,"relics_obtained":[{"floor":9,"key":"Vajra"}],"event_choices":[{"cards_removed":["theVacant:VacantStarterStrike"],"damage_healed":0,"gold_gain":0,"player_choice":"Card Removal","damage_taken":7,"max_hp_gain":0,"max_hp_loss":0,"event_name":"Golden Wing","floor":3,"gold_loss":0},{"damage_healed":0,"gold_gain":0,"player_choice":"Relic ","damage_taken":7,"max_hp_gain":0,"max_hp_loss":0,"event_name":"betterThird:BetterScrap","floor":4,"gold_loss":0,"cards_obtained":["Blasphemy"]},{"damage_healed":0,"gold_gain":0,"player_choice":"Take Wound","damage_taken":0,"relics_obtained":["Golden Idol"],"max_hp_gain":0,"max_hp_loss":0,"event_name":"Golden Idol","floor":11,"gold_loss":0,"cards_obtained":["Injury"]}],"is_beta":false,"boss_relics":[],"items_purged_floors":[],"is_endless":false,"potions_floor_spawned":[7,10,12],"killed_by":"Slime Boss","ascension_level":1}}