{"host":"i9wanet4r0ff4t9y","time":1613650316,"event":{"mods":["2.2 Compatiblity","Act Like it!","BaseMod","Bestiary","Better Altar","Better Match","Better Note","Better Sensory Stone","Better Skull","Better Third Choice","Better Vampires","BetterRewards","CapriCore","Colored Map","Curses Come First","Downfall","Hubris","Minty Spire (QoL Compilation)","Quick Restart","READ ME - Guardian Mod","READ ME - Snecko Mod","Relic Stats","Reliquary","Ruina","Say the Spire","Spicy Shops","StSLib","The Gatherer","Waifu the Spire"],"gold_per_floor":[114,114,114,133,145,145,145,219,245,245,256,288,305,316,316,412,412,431,431,381,400,88,88,106,123,123,123,143,143,167,267,267,362,362,376,426,38,38,55,88,88,106,157,210,210,224,224,251,251,251],"floor_reached":51,"language":"POL","playtime":1121,"items_purged":[],"score":955,"play_id":"fce58540-7ead-41c5-ae0d-e94009056aba","local_time":"20210218131156","is_ascension_mode":false,"campfire_choices":[{"data":"Limit Break","floor":6.0,"key":"SMITH"},{"floor":10.0,"key":"REST"},{"data":"Rupture","floor":15.0,"key":"SMITH"},{"data":"Armaments","floor":23,"key":"SMITH"},{"floor":27,"key":"REST"},{"data":"Seeing Red","floor":32,"key":"SMITH"},{"floor":41,"key":"REST"},{"floor":45,"key":"DIG"},{"floor":47,"key":"RECALL"},{"floor":49,"key":"DIG"}],"circlet_count":0,"master_deck":["Strike_R+1","Strike_R","Strike_R+1","Strike_R","Defend_R+1","Defend_R+1","Defend_R","Defend_R+1","Bash+1","Limit Break+1","Sword Boomerang+1","Cleave+1","Fire Breathing","Twin Strike+1","Inflame","Iron Wave+1","Twin Strike+1","Flex","Rupture+1","Fire Breathing","Hemokinesis+1","Reaper+1","hubris:SharpeningStone+1","Clumsy","Sword Boomerang+1","Pain","Armaments+1","Cleave+1","Reaper+1","Seeing Red+1","Doubt","downfall:Haunted","downfall:Haunted","Shame","Bludgeon+1","downfall:Icky","Regret","Limit Break+1","Uppercut+1","Flex+1","Dropkick+1","Panacea","Thunderclap+1","Heavy Blade+1","Power Through+1","Dropkick+1","Combust"],"relics":["Burning Blood","Molten Egg 2","reliquary:Knoch","Tiny Chest","reliquary:Sod","reliquary:QuartzCube","reliquary:RosewoodLute","hexamod:Sixitude","hubris:HollowSoul","hubris:Towel","ruina:FalsePresent","hubris:GlazedTorus","Lee\u0027s Waffle","Ice Cream","reliquary:WeakTea","War Paint","Du-Vu Doll","Philosopher\u0027s Stone","Shovel","Mummified Hand","Bronze Scales","Bag of Preparation","Strawberry","Whetstone","hubris:ToyBattleship","hubris:PeanutButter"],"acts_visited":["Exordium","ruina:Briah","TheBeyond"],"potions_floor_usage":[21,24,40,50,50,50],"damage_taken":[{"damage":0.0,"enemies":"Cultist","floor":1.0,"turns":2.0},{"damage":6.0,"enemies":"Jaw Worm","floor":4.0,"turns":3.0},{"damage":0.0,"enemies":"Small Slimes","floor":5.0,"turns":1.0},{"damage":7.0,"enemies":"Blue Slaver","floor":11.0,"turns":2.0},{"damage":0.0,"enemies":"Gremlin Nob","floor":12.0,"turns":3.0},{"damage":9.0,"enemies":"2 Fungi Beasts","floor":13.0,"turns":3.0},{"damage":0.0,"enemies":"Large Slime","floor":14.0,"turns":3.0},{"damage":18.0,"enemies":"The Guardian","floor":16.0,"turns":7.0},{"damage":31.0,"enemies":"ruina:BadWolf","floor":18.0,"turns":4.0},{"damage":19,"enemies":"ruina:Nosferatu","floor":21,"turns":4},{"damage":22,"enemies":"ruina:QueenOfHate","floor":24,"turns":4},{"damage":42,"enemies":"ruina:KnightOfDespair","floor":25,"turns":3},{"damage":14,"enemies":"ruina:KingOfGreed","floor":28,"turns":4},{"damage":64,"enemies":"ruina:Red_and_Wolf","floor":33,"turns":7},{"damage":11,"enemies":"3 Darklings","floor":35,"turns":4},{"damage":23,"enemies":"Mind Bloom Boss Battle","floor":36,"turns":3},{"damage":11,"enemies":"Orb Walker","floor":39,"turns":2},{"damage":16,"enemies":"Giant Head","floor":40,"turns":5},{"damage":9,"enemies":"Transient","floor":42,"turns":5},{"damage":26,"enemies":"Writhing Mass","floor":46,"turns":2},{"damage":0,"enemies":"Nemesis","floor":48,"turns":1},{"damage":19,"enemies":"hubris:GrandSnecko","floor":50,"turns":4}],"seed_played":"-1481423822054140655","potions_obtained":[{"floor":4.0,"key":"SkillPotion"},{"floor":11.0,"key":"Strength Potion"},{"floor":13.0,"key":"Dexterity Potion"},{"floor":18.0,"key":"Energy Potion"},{"floor":20,"key":"Explosive Potion"},{"floor":28,"key":"Strength Potion"},{"floor":39,"key":"PowerPotion"},{"floor":42,"key":"BloodPotion"}],"is_trial":false,"path_per_floor":["M","T","?","M","M","R","?","T","T","R","M","E","M","M","R","B",null,"M","?","?","M","$","R","M","M","T","R","M","?","T","?","R","B",null,"M","?","$","?","M","E","R","M","T","T","R","M","R","E","R","B",null],"character_chosen":"IRONCLAD","items_purchased":["Limit Break","Molten Egg 2","reliquary:Knoch","Tiny Chest","Sword Boomerang+1","Cleave+1","Fire Breathing","hubris:GlazedTorus","Lee\u0027s Waffle","Armaments","Mummified Hand","Dropkick+1","Panacea"],"campfire_rested":3,"item_purchase_floors":[0,0,0,0,0,0,0,22,22,22,37,37,37],"current_hp_per_floor":[50,50,50,50,56,56,40,40,40,64,63,69,66,72,72,60,80,71,71,67,62,82,82,66,44,44,68,68,68,68,73,73,45,87,87,70,70,70,65,55,81,84,84,91,91,71,71,77,77,81],"gold":251,"neow_bonus":"","is_daily":false,"chose_seed":false,"campfire_upgraded":4,"win_rate":0.0,"timestamp":1613650316,"path_taken":["M","?","?","M","M","R","?","?","T","R","M","E","M","M","R","BOSS","M","?","?","M","$","R","M","M","T","R","M","?","?","?","R","BOSS","M","?","$","?","M","E","R","M","T","?","R","?","R","E","R","BOSS"],"items_purchased_type":["Card","Relic","Relic","Relic","Card","Card","Card","Relic","Relic","Card","Relic","Card","Card"],"build_version":"2020-12-22","purchased_purges":0,"victory":true,"max_hp_per_floor":[80,80,80,80,80,80,80,80,80,80,80,80,80,80,80,80,80,80,80,75,75,82,82,82,82,82,82,82,82,82,87,87,87,87,87,87,87,87,87,87,87,87,87,94,94,94,94,94,94,94],"relic_stats":{"Lee\u0027s Waffle":20,"Shovel":2,"counters":[206,862],"Mummified Hand":[13],"Bronze Scales":[24],"Tiny Chest":3,"Bag of Preparation":[6],"Whetstone":["Strike_R","Strike_R"],"War Paint":["Defend_R","Defend_R"],"obtain_stats":[{"reliquary:BigHammer":17,"Whetstone":0,"Ginger":45,"reliquary:Tamtam":2,"Sling":0,"Boot":17,"Old Coin":23,"reliquary:FerryPass":10,"Blood Vial":38,"MealTicket":48,"HandDrill":0,"ruina:FalsePresent":20,"Pear":0,"Blue Candle":0,"reliquary:WeakTea":0,"reliquary:Bookmark":0,"Mark of Pain":17,"reliquary:SculptingSteel":26,"CultistMask":24,"hubris:TenFootPole":0,"StrikeDummy":26,"Unceasing Top":22,"Lantern":0,"Regal Pillow":3,"reliquary:SilkGlove":9,"Singing Bowl":43,"reliquary:Aerogel":25,"Magic Flower":0,"Bag of Preparation":7,"hubris:EmptyBottle":0,"Cursed Key":17,"Smiling Mask":9,"Burning Blood":0,"reliquary:TridentHead":0,"Shovel":7,"Matryoshka":0,"hubris:Backtick":17,"Toolbox":0,"reliquary:Buckler":0,"WingedGreaves":26,"hubris:CuriousFeather":0,"downfall:ExtraCursedBell":7,"hubris:GlazedTorus":22,"Potion Belt":26,"Lee\u0027s Waffle":11,"Golden Idol":2,"PreservedInsect":22,"Omamori":11,"hubris:Towel":47,"reliquary:RosewoodLute":0,"Frozen Egg 2":9,"reliquary:Crutches":42,"reliquary:Sod":2,"sneckomod:BabySnecko":21,"Busted Crown":17,"Ornamental Fan":0,"betterThird:SlimedRelic":4,"Bloody Idol":24,"Orrery":0,"Turnip":40,"Champion Belt":0,"Toy Ornithopter":10,"Ice Cream":27,"Calipers":0,"Tiny House":34,"hubris:CrystalStatue":0,"reliquary:PartyBalloon":14,"CeramicFish":0,"Vajra":15,"reliquary:QuartzCube":8,"Sozu":17,"Centennial Puzzle":24,"Lizard Tail":0,"HornCleat":13,"reliquary:CitrusReamer":0,"Strawberry":44,"Philosopher\u0027s Stone":34,"reliquary:SharkskinSheath":9,"Girya":5,"Happy Flower":0,"Oddly Smooth Stone":0,"Charon\u0027s Ashes":0,"hubris:HollowSoul":17,"Letter Opener":24,"War Paint":0,"WarpedTongs":30,"reliquary:JackalopeAntler":26,"Du-Vu Doll":48,"hubris:Zylophone":0,"reliquary:PorcupineQuills":0,"Shuriken":9,"Bronze Scales":6,"Molten Egg 2":31,"hubris:PeanutButter":49,"reliquary:BallBearing":12,"Black Star":34,"reliquary:MedicineBall":0,"hubris:ToyBattleship":48,"reliquary:Knoch":0,"Pocketwatch":27,"Meat on the Bone":0,"Darkstone Periapt":10,"reliquary:PrincelyHelmet":7,"reliquary:Firecrackers":31,"reliquary:BoilingFlask":13,"Enchiridion":25,"Mango":0,"Incense Burner":19,"Juzu Bracelet":0,"ClockworkSouvenir":0,"Frozen Eye":19,"Dream Catcher":9,"Nunchaku":42,"hubris:Icosahedron":2,"Mummified Hand":17,"Gambling Chip":17,"Pantograph":7,"Tiny Chest":0,"hubris:IronBody":26,"Red Mask":39,"hubris:DisguiseKit":0,"hexamod:CandleOfCauterizing":9,"hexamod:Sixitude":12,"Orichalcum":0,"Odd Mushroom":8,"White Beast Statue":17,"reliquary:IridiumChain":0,"Mercury Hourglass":32,"Calling Bell":17,"reliquary:ExpiredCoupon":0,"Anchor":9,"CaptainsWheel":0,"reliquary:Stiletto":11,"hubris:BundleOfHerbs":0,"reliquary:TuningFork":0,"Membership Card":0,"hubris:Potato":6,"TungstenRod":0},{"reliquary:BigHammer":155,"Whetstone":0,"Ginger":125,"reliquary:Tamtam":99,"Sling":3,"Boot":46,"Old Coin":38,"reliquary:FerryPass":108,"Blood Vial":21,"MealTicket":126,"HandDrill":39,"ruina:FalsePresent":193,"Pear":26,"Blue Candle":59,"reliquary:WeakTea":102,"reliquary:Bookmark":26,"Mark of Pain":65,"reliquary:SculptingSteel":69,"CultistMask":114,"hubris:TenFootPole":148,"StrikeDummy":115,"Unceasing Top":68,"Lantern":0,"Regal Pillow":1,"reliquary:SilkGlove":42,"Singing Bowl":23,"reliquary:Aerogel":97,"Magic Flower":3,"Bag of Preparation":61,"hubris:EmptyBottle":0,"Cursed Key":13,"Smiling Mask":30,"Burning Blood":0,"reliquary:TridentHead":148,"Shovel":61,"Matryoshka":102,"hubris:Backtick":168,"Toolbox":80,"reliquary:Buckler":59,"WingedGreaves":49,"hubris:CuriousFeather":159,"downfall:ExtraCursedBell":61,"hubris:GlazedTorus":194,"Potion Belt":115,"Lee\u0027s Waffle":61,"Golden Idol":27,"PreservedInsect":113,"Omamori":11,"hubris:Towel":24,"reliquary:RosewoodLute":39,"Frozen Egg 2":90,"reliquary:Crutches":146,"reliquary:Sod":185,"sneckomod:BabySnecko":113,"Busted Crown":111,"Ornamental Fan":80,"betterThird:SlimedRelic":28,"Bloody Idol":49,"Orrery":0,"Turnip":145,"Champion Belt":53,"Toy Ornithopter":11,"Ice Cream":115,"Calipers":98,"Tiny House":141,"hubris:CrystalStatue":159,"reliquary:PartyBalloon":45,"CeramicFish":98,"Vajra":64,"reliquary:QuartzCube":187,"Sozu":35,"Centennial Puzzle":69,"Lizard Tail":85,"HornCleat":91,"reliquary:CitrusReamer":148,"Strawberry":203,"Philosopher\u0027s Stone":198,"reliquary:SharkskinSheath":107,"Girya":105,"Happy Flower":148,"Oddly Smooth Stone":39,"Charon\u0027s Ashes":26,"hubris:HollowSoul":192,"Letter Opener":17,"War Paint":0,"WarpedTongs":18,"reliquary:JackalopeAntler":97,"Du-Vu Doll":146,"hubris:Zylophone":159,"reliquary:PorcupineQuills":148,"Shuriken":57,"Bronze Scales":106,"Molten Egg 2":19,"hubris:PeanutButter":205,"reliquary:BallBearing":62,"Black Star":20,"reliquary:MedicineBall":39,"hubris:ToyBattleship":205,"reliquary:Knoch":80,"Pocketwatch":69,"Meat on the Bone":102,"Darkstone Periapt":31,"reliquary:PrincelyHelmet":61,"reliquary:Firecrackers":72,"reliquary:BoilingFlask":166,"Enchiridion":49,"Mango":85,"Incense Burner":14,"Juzu Bracelet":98,"ClockworkSouvenir":3,"Frozen Eye":156,"Dream Catcher":61,"Nunchaku":125,"hubris:Icosahedron":1,"Mummified Hand":134,"Gambling Chip":46,"Pantograph":162,"Tiny Chest":50,"hubris:IronBody":17,"Red Mask":21,"hubris:DisguiseKit":159,"hexamod:CandleOfCauterizing":10,"hexamod:Sixitude":189,"Orichalcum":85,"Odd Mushroom":90,"White Beast Statue":46,"reliquary:IridiumChain":85,"Mercury Hourglass":72,"Calling Bell":46,"reliquary:ExpiredCoupon":53,"Anchor":101,"CaptainsWheel":127,"reliquary:Stiletto":43,"hubris:BundleOfHerbs":170,"reliquary:TuningFork":53,"Membership Card":98,"hubris:Potato":9,"TungstenRod":102},{"reliquary:BigHammer":670,"Whetstone":0,"Ginger":550,"reliquary:Tamtam":452,"Sling":10,"Boot":217,"Old Coin":178,"reliquary:FerryPass":483,"Blood Vial":105,"MealTicket":553,"HandDrill":184,"ruina:FalsePresent":814,"Pear":133,"Blue Candle":267,"reliquary:WeakTea":463,"reliquary:Bookmark":133,"Mark of Pain":295,"reliquary:SculptingSteel":310,"CultistMask":506,"hubris:TenFootPole":647,"StrikeDummy":509,"Unceasing Top":307,"Lantern":0,"Regal Pillow":4,"reliquary:SilkGlove":192,"Singing Bowl":113,"reliquary:Aerogel":444,"Magic Flower":10,"Bag of Preparation":273,"hubris:EmptyBottle":0,"Cursed Key":60,"Smiling Mask":144,"Burning Blood":0,"reliquary:TridentHead":647,"Shovel":273,"Matryoshka":463,"hubris:Backtick":732,"Toolbox":354,"reliquary:Buckler":267,"WingedGreaves":231,"hubris:CuriousFeather":697,"downfall:ExtraCursedBell":273,"hubris:GlazedTorus":818,"Potion Belt":509,"Lee\u0027s Waffle":273,"Golden Idol":135,"PreservedInsect":503,"Omamori":47,"hubris:Towel":117,"reliquary:RosewoodLute":184,"Frozen Egg 2":390,"reliquary:Crutches":635,"reliquary:Sod":788,"sneckomod:BabySnecko":503,"Busted Crown":497,"Ornamental Fan":354,"betterThird:SlimedRelic":138,"Bloody Idol":231,"Orrery":0,"Turnip":630,"Champion Belt":243,"Toy Ornithopter":47,"Ice Cream":509,"Calipers":449,"Tiny House":614,"hubris:CrystalStatue":697,"reliquary:PartyBalloon":207,"CeramicFish":449,"Vajra":288,"reliquary:QuartzCube":792,"Sozu":166,"Centennial Puzzle":310,"Lizard Tail":370,"HornCleat":396,"reliquary:CitrusReamer":647,"Strawberry":855,"Philosopher\u0027s Stone":836,"reliquary:SharkskinSheath":479,"Girya":471,"Happy Flower":647,"Oddly Smooth Stone":184,"Charon\u0027s Ashes":133,"hubris:HollowSoul":810,"Letter Opener":82,"War Paint":0,"WarpedTongs":88,"reliquary:JackalopeAntler":444,"Du-Vu Doll":635,"hubris:Zylophone":697,"reliquary:PorcupineQuills":647,"Shuriken":258,"Bronze Scales":475,"Molten Egg 2":92,"hubris:PeanutButter":858,"reliquary:BallBearing":278,"Black Star":100,"reliquary:MedicineBall":184,"hubris:ToyBattleship":858,"reliquary:Knoch":354,"Pocketwatch":310,"Meat on the Bone":463,"Darkstone Periapt":146,"reliquary:PrincelyHelmet":273,"reliquary:Firecrackers":319,"reliquary:BoilingFlask":721,"Enchiridion":231,"Mango":370,"Incense Burner":66,"Juzu Bracelet":449,"ClockworkSouvenir":10,"Frozen Eye":677,"Dream Catcher":273,"Nunchaku":550,"hubris:Icosahedron":4,"Mummified Hand":587,"Gambling Chip":217,"Pantograph":705,"Tiny Chest":235,"hubris:IronBody":82,"Red Mask":105,"hubris:DisguiseKit":697,"hexamod:CandleOfCauterizing":42,"hexamod:Sixitude":797,"Orichalcum":370,"Odd Mushroom":390,"White Beast Statue":217,"reliquary:IridiumChain":370,"Mercury Hourglass":319,"Calling Bell":217,"reliquary:ExpiredCoupon":243,"Anchor":458,"CaptainsWheel":564,"reliquary:Stiletto":196,"hubris:BundleOfHerbs":740,"reliquary:TuningFork":243,"Membership Card":449,"hubris:Potato":36,"TungstenRod":463}],"Burning Blood":1190},"card_choices":[{"not_picked":["Clothesline+1","Dark Embrace"],"picked":"Twin Strike+1","floor":1.0},{"not_picked":["Sword Boomerang+1","Flex"],"picked":"Iron Wave+1","floor":4.0},{"not_picked":["Sword Boomerang+1","Dark Embrace"],"picked":"Twin Strike+1","floor":5.0},{"not_picked":["True Grit","Sentinel"],"picked":"Flex","floor":11.0},{"not_picked":["Barricade","Pummel+1"],"picked":"Rupture","floor":12.0},{"not_picked":["Pommel Strike+1","Dark Embrace"],"picked":"Fire Breathing","floor":13.0},{"not_picked":["Sword Boomerang+1","Anger+1"],"picked":"Hemokinesis+1","floor":14.0},{"not_picked":["Brutality","Impervious"],"picked":"Reaper+1","floor":16.0},{"not_picked":["Pommel Strike+1","Iron Wave+1"],"picked":"hubris:SharpeningStone+1","floor":18.0},{"not_picked":["Headbutt+1","hubris:ReadiedAction"],"picked":"Sword Boomerang+1","floor":21},{"not_picked":["Iron Wave+1","Sword Boomerang+1"],"picked":"Cleave+1","floor":24},{"not_picked":["Entrench","Headbutt+1"],"picked":"Reaper+1","floor":25},{"not_picked":["Armaments","Wild Strike+1"],"picked":"Seeing Red","floor":28},{"not_picked":["Offering","Brutality"],"picked":"Limit Break","floor":33},{"not_picked":["Armaments","True Grit+1"],"picked":"Uppercut+1","floor":35},{"not_picked":["Havoc","Wild Strike+1"],"picked":"Flex+1","floor":36},{"not_picked":["True Grit","Iron Wave+1"],"picked":"Thunderclap+1","floor":39},{"not_picked":["Flex","Ghostly Armor+1"],"picked":"Heavy Blade+1","floor":40},{"not_picked":["True Grit+1","Sword Boomerang+1"],"picked":"Power Through+1","floor":42},{"not_picked":["Iron Wave+1","Clothesline+1"],"picked":"Dropkick+1","floor":46},{"not_picked":["Searing Blow+1","Iron Wave+1"],"picked":"Combust","floor":48}],"player_experience":477435,"relics_obtained":[{"floor":2.0,"key":"reliquary:Sod"},{"floor":8.0,"key":"reliquary:QuartzCube"},{"floor":9.0,"key":"reliquary:RosewoodLute"},{"floor":12.0,"key":"hexamod:Sixitude"},{"floor":26,"key":"Ice Cream"},{"floor":30,"key":"War Paint"},{"floor":36,"key":"Shovel"},{"floor":40,"key":"Bronze Scales"},{"floor":43,"key":"Bag of Preparation"},{"floor":44,"key":"Strawberry"},{"floor":45,"key":"Whetstone"},{"floor":48,"key":"hubris:ToyBattleship"},{"floor":49,"key":"hubris:PeanutButter"}],"event_choices":[{"damage_healed":56.0,"max_hp_gain":0.0,"max_hp_loss":80.0,"gold_gain":0.0,"event_name":"betterThird:BetterShining","player_choice":"Upgrade","floor":7.0,"gold_loss":0.0,"damage_taken":16.0,"cards_upgraded":["Bash","Defend_R"]},{"damage_healed":0,"gold_gain":0,"player_choice":"Fight","damage_taken":0,"max_hp_gain":0,"max_hp_loss":0,"event_name":"MindBloom","floor":36,"gold_loss":0},{"damage_healed":0,"gold_gain":0,"player_choice":"Upgraded","damage_taken":0,"max_hp_gain":0,"max_hp_loss":0,"event_name":"Upgrade Shrine","floor":38,"gold_loss":0,"cards_upgraded":["Limit Break"]}],"is_beta":false,"boss_relics":[{"not_picked":["Velvet Choker","hubris:CrackedHourglass"],"picked":"hubris:HollowSoul"},{"not_picked":["Snecko Eye","hubris:GrandSneckoEye"],"picked":"Philosopher\u0027s Stone"}],"items_purged_floors":[],"is_endless":false,"potions_floor_spawned":[4,11,13,18,28,39,42],"ascension_level":0}}