{"host":"nsc6ozq3atyrdr3m","time":1613675640,"event":{"mods":["BaseMod","Colored Map","Minty Spire (QoL Compilation)"],"gold_per_floor":[114,114,114,114,126,155,168,198,221,221,221,146,146,160,160,264,264,282,302,312,212,212,212,247,260,260,275,307,307,307,318,318,421,421,431,431,447,100,120,120,138,138,138,156,156,203,253,264,264,264],"floor_reached":51,"language":"FRA","playtime":1282,"items_purged":["Strike_B","Zap","Storm+1"],"score":946,"play_id":"f34160cd-a00a-4428-9af3-94791dfd4a83","local_time":"20210218201400","is_ascension_mode":true,"campfire_choices":[{"data":"Sunder","floor":11,"key":"SMITH"},{"data":"Gash","floor":15,"key":"SMITH"},{"data":"Hyperbeam","floor":23,"key":"SMITH"},{"data":"Hologram","floor":29,"key":"SMITH"},{"floor":32,"key":"REST"},{"data":"Beam Cell","floor":40,"key":"SMITH"},{"data":"Dramatic Entrance","floor":42,"key":"SMITH"},{"floor":45,"key":"REST"},{"floor":49,"key":"REST"}],"circlet_count":0,"master_deck":["Defend_B+1","Defend_B+1","Defend_B+1","Defend_B+1","Sunder+1","Gash+1","Reprogram+1","Gash","Hyperbeam+1","Turbo","Beam Cell+1","Melter+1","Conserve Battery+1","Hologram+1","Beam Cell","Turbo","All For One","Gash+1","White Noise+1","Dramatic Entrance+1","Gash+1","Skim","Rebound+1","Buffer"],"relics":["Cracked Core","NeowsBlessing","Bronze Scales","War Paint","Anchor","Philosopher\u0027s Stone","The Courier","Cables","Lizard Tail","Bird Faced Urn","MutagenicStrength","Astrolabe","TungstenRod","Juzu Bracelet","Du-Vu Doll","StoneCalendar"],"acts_visited":["Exordium","TheCity","TheBeyond"],"potions_floor_usage":[16,25,33,50,50,50],"damage_taken":[{"damage":0,"enemies":"2 Louse","floor":1,"turns":1},{"damage":0,"enemies":"Cultist","floor":5,"turns":1},{"damage":0,"enemies":"Lagavulin","floor":6,"turns":2},{"damage":0,"enemies":"Jaw Worm","floor":7,"turns":3},{"damage":23,"enemies":"3 Sentries","floor":8,"turns":7},{"damage":0,"enemies":"Blue Slaver","floor":14,"turns":3},{"damage":3,"enemies":"The Guardian","floor":16,"turns":11},{"damage":12,"enemies":"2 Thieves","floor":18,"turns":3},{"damage":0,"enemies":"Chosen","floor":19,"turns":3},{"damage":7,"enemies":"3 Cultists","floor":20,"turns":4},{"damage":37,"enemies":"Book of Stabbing","floor":24,"turns":5},{"damage":9,"enemies":"Snecko","floor":25,"turns":3},{"damage":14,"enemies":"Shelled Parasite and Fungi","floor":27,"turns":3},{"damage":0,"enemies":"Gremlin Leader","floor":28,"turns":3},{"damage":7,"enemies":"Sentry and Sphere","floor":31,"turns":3},{"damage":46,"enemies":"Collector","floor":33,"turns":8},{"damage":2,"enemies":"3 Shapes","floor":35,"turns":2},{"damage":3,"enemies":"3 Darklings","floor":37,"turns":4},{"damage":16,"enemies":"Spire Growth","floor":39,"turns":3},{"damage":0,"enemies":"Jaw Worm Horde","floor":41,"turns":3},{"damage":0,"enemies":"Sphere and 2 Shapes","floor":44,"turns":2},{"damage":27,"enemies":"2 Orb Walkers","floor":46,"turns":3},{"damage":20,"enemies":"Mind Bloom Boss Battle","floor":47,"turns":5},{"damage":0,"enemies":"Transient","floor":48,"turns":5},{"damage":45,"enemies":"Donu and Deca","floor":50,"turns":6}],"seed_played":"-6924925012679419733","potions_obtained":[{"floor":1,"key":"PowerPotion"},{"floor":7,"key":"ColorlessPotion"},{"floor":13,"key":"DuplicationPotion"},{"floor":18,"key":"DuplicationPotion"},{"floor":20,"key":"CultistPotion"},{"floor":25,"key":"SpeedPotion"},{"floor":37,"key":"FocusPotion"},{"floor":46,"key":"PowerPotion"}],"is_trial":false,"path_per_floor":["M","?","?","?","M","E","M","E","T","?","R","$","?","M","R","B",null,"M","M","M","$","T","R","E","M","T","M","E","R","?","M","R","B",null,"M","?","M","$","M","R","M","R","T","M","R","?","?","M","R","B",null],"character_chosen":"DEFECT","items_purchased":["TungstenRod"],"campfire_rested":3,"item_purchase_floors":[38],"current_hp_per_floor":[75,60,75,75,75,75,75,52,52,52,52,52,52,52,52,49,69,57,57,50,50,50,50,13,4,4,37,37,37,37,30,52,6,58,58,58,59,59,45,45,47,47,47,47,69,44,26,30,52,13],"gold":264,"neow_bonus":"THREE_ENEMY_KILL","is_daily":false,"chose_seed":false,"campfire_upgraded":6,"win_rate":0.0,"timestamp":1613675640,"path_taken":["M","?","?","?","M","E","?","E","T","?","R","$","?","?","R","BOSS","M","?","M","$","?","R","E","M","T","M","E","R","?","M","R","BOSS","M","?","?","$","M","R","M","R","T","M","R","?","?","M","R","BOSS"],"items_purchased_type":["Relic"],"build_version":"2020-12-22","purchased_purges":3,"victory":true,"max_hp_per_floor":[75,75,75,75,75,75,75,75,75,75,75,75,75,75,75,75,75,75,75,75,75,75,75,75,75,75,75,75,75,75,75,75,75,75,75,75,75,75,75,75,75,75,75,75,75,75,75,75,75,75],"card_choices":[{"not_picked":["White Noise","Coolheaded"],"picked":"Sunder","floor":1},{"not_picked":["Cold Snap","Redo"],"picked":"Gash","floor":5},{"not_picked":["Rebound","Hello World"],"picked":"Reprogram","floor":6},{"not_picked":["Capacitor","Scrape"],"picked":"Gash","floor":7},{"not_picked":["Tempest","Coolheaded","Redo"],"picked":"SKIP","floor":8},{"not_picked":["Rip and Tear","Capacitor","Lockon"],"picked":"SKIP","floor":14},{"not_picked":["Meteor Strike","Reboot"],"picked":"Hyperbeam","floor":16},{"not_picked":["Stack+1","Steam"],"picked":"Turbo","floor":18},{"not_picked":["Leap","Auto Shields"],"picked":"Beam Cell","floor":19},{"not_picked":["Cold Snap","Genetic Algorithm+1","Conserve Battery+1"],"picked":"SKIP","floor":20},{"not_picked":["Turbo+1","Steam"],"picked":"Melter+1","floor":24},{"not_picked":["Leap","Rainbow"],"picked":"Conserve Battery+1","floor":25},{"not_picked":["Compile Driver+1","Stack+1"],"picked":"Hologram","floor":27},{"not_picked":["Barrage","Ball Lightning"],"picked":"Beam Cell","floor":28},{"not_picked":["Streamline+1","Amplify"],"picked":"Turbo","floor":31},{"not_picked":["Reboot","Creative AI"],"picked":"All For One","floor":33},{"not_picked":["Ball Lightning+1","Static Discharge+1","Compile Driver+1"],"picked":"SKIP","floor":35},{"not_picked":["Sweeping Beam+1","Compile Driver+1"],"picked":"Gash+1","floor":37},{"not_picked":["Hello World+1","Rip and Tear+1","Barrage"],"picked":"SKIP","floor":39},{"not_picked":["Barrage+1","Capacitor+1","Blizzard+1"],"picked":"SKIP","floor":41},{"not_picked":["BootSequence","Undo"],"picked":"Skim","floor":44},{"not_picked":["Steam","Recycle"],"picked":"Rebound+1","floor":46},{"not_picked":["Reprogram+1","Undo+1"],"picked":"Buffer","floor":47},{"not_picked":["Go for the Eyes","Ball Lightning+1","Barrage"],"picked":"SKIP","floor":48}],"player_experience":428627,"relics_obtained":[{"floor":6,"key":"Bronze Scales"},{"floor":8,"key":"War Paint"},{"floor":9,"key":"Anchor"},{"floor":22,"key":"The Courier"},{"floor":24,"key":"Cables"},{"floor":26,"key":"Lizard Tail"},{"floor":28,"key":"Bird Faced Urn"},{"floor":43,"key":"Juzu Bracelet"},{"floor":46,"key":"Du-Vu Doll"},{"floor":47,"key":"StoneCalendar"}],"event_choices":[{"damage_healed":0,"gold_gain":0,"player_choice":"Entered Light","damage_taken":15,"max_hp_gain":0,"max_hp_loss":0,"event_name":"Shining Light","floor":2,"gold_loss":0,"cards_upgraded":["Defend_B","Defend_B"]},{"damage_healed":25,"gold_gain":0,"player_choice":"Banana","damage_taken":0,"max_hp_gain":0,"max_hp_loss":0,"event_name":"Big Fish","floor":3,"gold_loss":0},{"cards_removed":["Strike_B"],"damage_healed":0,"gold_gain":0,"player_choice":"Offered Basic","damage_taken":0,"max_hp_gain":0,"max_hp_loss":0,"event_name":"Bonfire Elementals","floor":4,"gold_loss":0},{"damage_healed":0,"gold_gain":0,"player_choice":"Grow","damage_taken":0,"max_hp_gain":0,"max_hp_loss":0,"event_name":"Living Wall","floor":10,"gold_loss":0,"cards_upgraded":["Reprogram"]},{"damage_healed":0,"gold_gain":0,"player_choice":"Got Potions","damage_taken":0,"max_hp_gain":0,"max_hp_loss":0,"event_name":"Lab","floor":13,"gold_loss":0},{"damage_healed":0,"gold_gain":0,"player_choice":"Inject Mutagens","damage_taken":0,"relics_obtained":["MutagenicStrength"],"max_hp_gain":0,"max_hp_loss":0,"event_name":"Drug Dealer","floor":30,"gold_loss":0},{"damage_healed":0,"gold_gain":0,"player_choice":"1 cards matched","damage_taken":0,"max_hp_gain":0,"max_hp_loss":0,"event_name":"Match and Keep!","floor":36,"gold_loss":0,"cards_obtained":["Dramatic Entrance"]},{"damage_healed":0,"gold_gain":0,"player_choice":"Fight","damage_taken":0,"max_hp_gain":0,"max_hp_loss":0,"event_name":"Mysterious Sphere","floor":46,"gold_loss":0},{"damage_healed":0,"gold_gain":0,"player_choice":"Fight","damage_taken":0,"max_hp_gain":0,"max_hp_loss":0,"event_name":"MindBloom","floor":47,"gold_loss":0}],"is_beta":false,"boss_relics":[{"not_picked":["Runic Dome","Busted Crown"],"picked":"Philosopher\u0027s Stone"},{"not_picked":["Snecko Eye","SacredBark"],"picked":"Astrolabe"}],"items_purged_floors":[12,21,38],"is_endless":false,"potions_floor_spawned":[1,7,14,18,20,24,25,31,37,46,47,48],"ascension_level":5}}