{"host":"mljkxr5b6an9e5iz","time":1613651771,"event":{"mods":["AchievementEnabler","Aspiration","BaseMod","Colored Map","Conspire","Downfall","Hubris","Minty Spire (QoL Compilation)","Permanent Neow","Reliquary","Replay The Spire","StSLib"],"gold_per_floor":[113,125,125,139,157,188,188,45,45,57,57,70,81,110,110,209,209,222,232,232,232],"floor_reached":20,"language":"ENG","playtime":2607,"items_purged":[],"score":213,"play_id":"ded2fc49-8c1e-49e8-9949-a9c09bfd277f","local_time":"20210218133611","is_ascension_mode":false,"campfire_choices":[{"floor":7.0,"key":"REST"},{"floor":15.0,"key":"DIG"}],"circlet_count":0,"master_deck":["Strike_R+1","Strike_R","Strike_R","Strike_R","Defend_R","Defend_R","Defend_R","Defend_R","Bash","hubris:ReadiedAction","Searing Blow","Anger","Panacea","Feed","True Grit","conspire:Charge","Fiend Fire","Dark Embrace"],"relics":["Burning Blood","aspiration:DSix","Gremlin Food","Strange Spoon","Charon\u0027s Ashes","reliquary:BoilingFlask","reliquary:ThirdArm"],"acts_visited":["Exordium","TheCity"],"potions_floor_usage":[],"damage_taken":[{"damage":0.0,"enemies":"2 Louse","floor":1.0,"turns":3.0},{"damage":1.0,"enemies":"Cultist","floor":2.0,"turns":3.0},{"damage":6.0,"enemies":"Jaw Worm","floor":4.0,"turns":3.0},{"damage":5.0,"enemies":"2 Fungi Beasts","floor":5.0,"turns":4.0},{"damage":29.0,"enemies":"Gremlin Nob","floor":6.0,"turns":5.0},{"damage":21.0,"enemies":"Exordium Thugs","floor":10.0,"turns":5.0},{"damage":5.0,"enemies":"Lots of Slimes","floor":12.0,"turns":4.0},{"damage":5.0,"enemies":"Looter","floor":13.0,"turns":3.0},{"damage":40.0,"enemies":"3 Sentries","floor":14.0,"turns":10.0},{"damage":61.0,"enemies":"The Guardian","floor":16.0,"turns":11.0},{"damage":32,"enemies":"3 Byrds","floor":18,"turns":4},{"damage":37,"enemies":"Shell Parasite","floor":19,"turns":6}],"seed_played":"7407237427727415481","potions_obtained":[{"floor":4.0,"key":"Guardian:BlockOnCardUsePotion"},{"floor":6.0,"key":"champ:CounterPotion"},{"floor":12.0,"key":"BloodPotion"},{"floor":16.0,"key":"Toxic Potion"},{"floor":19,"key":"Weak Potion"}],"is_trial":false,"path_per_floor":["M","M","?","M","M","E","R","$","T","M","?","M","M","E","R_BF","B",null,"M","M","?"],"character_chosen":"IRONCLAD","items_purchased":["Strange Spoon"],"campfire_rested":1,"item_purchase_floors":[8],"current_hp_per_floor":[80,80,80,80,80,57,80,80,80,68,68,72,76,63,63,8,92,69,38,0,0],"gold":232,"neow_bonus":"DSIX","is_daily":false,"chose_seed":false,"campfire_upgraded":0,"win_rate":0.0,"timestamp":1613651771,"path_taken":["M","M","?","M","M","E","R","?","T","M","?","?","?","E","R_BF","BOSS","M","M","?"],"items_purchased_type":["Relic"],"build_version":"2020-12-22","purchased_purges":0,"victory":false,"max_hp_per_floor":[80,80,80,80,80,80,80,80,80,83,83,86,89,92,92,92,92,95,95,95,95],"card_choices":[{"not_picked":["Hemokinesis","Anger"],"picked":"hubris:ReadiedAction","floor":1.0},{"not_picked":["Anger","Carnage"],"picked":"Searing Blow","floor":2.0},{"not_picked":["Carnage","Thunderclap","ReplayTheSpireMod:Strike From Hell"],"picked":"SKIP","floor":4.0},{"not_picked":["ReplayTheSpireMod:LeadingStrike","Thunderclap","Heavy Blade"],"picked":"SKIP","floor":5.0},{"not_picked":["Flame Barrier","Flex"],"picked":"Feed","floor":6.0},{"not_picked":["Warcry","Second Wind","Bloodletting"],"picked":"SKIP","floor":10.0},{"not_picked":["Armaments","ReplayTheSpireMod:Muscle Training","Clash"],"picked":"SKIP","floor":12.0},{"not_picked":["Clothesline","Thunderclap"],"picked":"True Grit","floor":13.0},{"not_picked":["Iron Wave","Shrug It Off"],"picked":"conspire:Charge","floor":14.0},{"not_picked":["Bludgeon","conspire:HitWhereItHurts"],"picked":"Fiend Fire","floor":16.0},{"not_picked":["Pommel Strike+1","True Grit+1"],"picked":"Dark Embrace","floor":18},{"not_picked":["Perfected Strike","Searing Blow","Pommel Strike"],"picked":"SKIP","floor":19}],"player_experience":11794,"relics_obtained":[{"floor":6.0,"key":"Gremlin Food"},{"floor":14.0,"key":"Charon\u0027s Ashes"},{"floor":15.0,"key":"reliquary:BoilingFlask"}],"event_choices":[{"damage_healed":0.0,"max_hp_gain":0.0,"max_hp_loss":0.0,"gold_gain":0.0,"event_name":"Match and Keep!","player_choice":"2 cards matched","floor":3.0,"gold_loss":0.0,"damage_taken":0.0,"cards_obtained":["Anger","Panacea"]},{"cards_removed":["Strike_R"],"damage_healed":0.0,"max_hp_gain":0.0,"max_hp_loss":0.0,"gold_gain":0.0,"event_name":"Wheel of Change","player_choice":"Card Removal","floor":11.0,"gold_loss":0.0,"damage_taken":0.0}],"is_beta":false,"boss_relics":[{"not_picked":["conspire:RoyalGoblet","Snecko Eye"],"picked":"reliquary:ThirdArm"}],"items_purged_floors":[],"is_endless":false,"potions_floor_spawned":[4,6,12,13,16,19],"ascension_level":0}}