{"host":"bpr07pynnqpe5ded","time":1613671228,"event":{"mods":["2.2 Compatiblity","Aspiration","BaseMod","Better Note","Better Third Choice","BetterRewards","Downfall","Infinite Spire","Jorbs\u0027s Wanderer Trilogy","Minty Spire (QoL Compilation)","Replay The Spire","Shop Mod","StSLib","The Marked","??????REMEMod"],"gold_per_floor":[122,122,122,47,71,71,124,124,172,222,303,323,323,345,345,463,463,495,539,586,586,586,644,688,688,688,688,721,721,780,822,822,977,977,1015,1055,1055,1092,1134,1134,1185,1234,1282,1321,1404,1404,1440,1498,1498,1564,1564,1564,1310,1387,1453],"floor_reached":56,"language":"ENG","playtime":1842,"items_purged":["Strike_R","Strike_R"],"score":1411,"play_id":"f93261bc-7480-4c37-b3f2-301233f577a6","local_time":"20210218180028","is_ascension_mode":false,"campfire_choices":[{"data":"Bash","floor":6,"key":"SMITH"},{"data":"Sword Boomerang","floor":8,"key":"SMITH"},{"data":"Sword Boomerang","floor":13,"key":"SMITH"},{"data":"Twin Strike","floor":15,"key":"SMITH"},{"floor":25,"key":"REST"},{"floor":27,"key":"REST"},{"data":"Double Tap","floor":29,"key":"SMITH"},{"floor":32,"key":"RECALL"},{"data":"REME_Scribble","floor":40,"key":"SMITH"},{"data":"infinitespire:Execution","floor":49,"key":"SMITH"},{"data":"REME_Cut","floor":52,"key":"SMITH"}],"circlet_count":0,"master_deck":["Strike_R+1","Defend_R","Defend_R","Defend_R+1","Defend_R","Bash+1","Twin Strike+1","Strike_R","Sword Boomerang+1","Sword Boomerang+1","Double Tap+1","Twin Strike","REME_Cut+1","Twin Strike+1","Pummel","Sword Boomerang+1","REME_ACTH","REME_Scribble+1","infinitespire:Execution+1","Shrug It Off"],"relics":["Burning Blood","REME_ComplimentaryCards","Replay:Bandana","infinitespire:CursedDice","Akabeko","infinitespire:EmpoweringShard","Potion Belt","Empty Cage","aspiration:RitualStick","Ancient Tea Set","Onion Ring","infinitespire:ShieldingShard","aspiration:PoetsPen_weak","Bag of Preparation","Bottled Lightning","Mummified Hand"],"acts_visited":["Exordium","TheCity","TheBeyond","TheEnding"],"potions_floor_usage":[11,16,16,18,23,23,33,42,45,45,48,50,54,55,55,55],"damage_taken":[{"damage":1,"enemies":"Cultist","floor":1,"turns":4},{"damage":10,"enemies":"Small Slimes","floor":5,"turns":4},{"damage":20,"enemies":"Replay:BlueRogue","floor":7,"turns":5},{"damage":23,"enemies":"Lagavulin","floor":10,"turns":5},{"damage":1,"enemies":"3 Sentries","floor":11,"turns":5},{"damage":0,"enemies":"Jaw Worm","floor":12,"turns":2},{"damage":0,"enemies":"Exordium Thugs","floor":14,"turns":1},{"damage":0,"enemies":"Slime Boss","floor":16,"turns":2},{"damage":10,"enemies":"Chosen","floor":18,"turns":2},{"damage":20,"enemies":"2 Thieves","floor":19,"turns":2},{"damage":12,"enemies":"Cultist and Chosen","floor":20,"turns":4},{"damage":45,"enemies":"Slavers","floor":23,"turns":4},{"damage":16,"enemies":"3 Cultists","floor":24,"turns":4},{"damage":0,"enemies":"Sentry and Sphere","floor":28,"turns":1},{"damage":0,"enemies":"REME_1_Revenger","floor":30,"turns":2},{"damage":13,"enemies":"Shelled Parasite and Fungi","floor":31,"turns":3},{"damage":19,"enemies":"Automaton","floor":33,"turns":6},{"damage":14,"enemies":"3 Shapes","floor":35,"turns":3},{"damage":0,"enemies":"3 Darklings","floor":36,"turns":1},{"damage":10,"enemies":"Jaw Worm Horde","floor":38,"turns":2},{"damage":11,"enemies":"Writhing Mass","floor":39,"turns":2},{"damage":0,"enemies":"Nemesis","floor":41,"turns":1},{"damage":0,"enemies":"Spire Growth","floor":42,"turns":1},{"damage":0,"enemies":"Jaw Worm Horde","floor":44,"turns":1},{"damage":26,"enemies":"Nightmare","floor":45,"turns":3},{"damage":0,"enemies":"3 Darklings","floor":47,"turns":2},{"damage":19,"enemies":"Maw","floor":48,"turns":3},{"damage":99,"enemies":"Awakened One","floor":50,"turns":7},{"damage":0,"enemies":"Shield and Spear","floor":54,"turns":2},{"damage":69,"enemies":"The Heart","floor":55,"turns":4}],"seed_played":"-4059081949325668625","potions_obtained":[{"floor":7,"key":"champ:CounterPotion"},{"floor":10,"key":"SteroidPotion"},{"floor":12,"key":"Swift Potion"},{"floor":16,"key":"Adrenaline Potion"},{"floor":19,"key":"ColorlessPotion"},{"floor":20,"key":"BloodPotion"},{"floor":24,"key":"Block Potion"},{"floor":30,"key":"Explosive Potion"},{"floor":31,"key":"BloodPotion"},{"floor":33,"key":"sneckomod:MuddlingPotion"},{"floor":38,"key":"LiquidMemories"},{"floor":41,"key":"Venom Potion"},{"floor":44,"key":"FearPotion"},{"floor":45,"key":"Elixir"},{"floor":54,"key":"Ancient Potion"}],"is_trial":false,"path_per_floor":["M","?","?","$","M","R","E","R","T","E","?","M","R","M","R","B",null,"M","M","M","?","?","E","M","R","T","R","M","R","E","M","R","B",null,"M","M","?","M","M","R","E","M","T","M","NM","?","M","M","R","B",null,"R","$","E","B",null],"character_chosen":"IRONCLAD","items_purchased":["Energy Potion","Dexterity Potion","Shrug It Off"],"campfire_rested":2,"item_purchase_floors":[53,53,53],"current_hp_per_floor":[80,80,64,64,60,60,46,46,46,29,34,40,40,46,46,52,80,76,62,56,56,40,17,7,31,31,55,61,61,67,60,60,47,80,72,78,78,76,73,73,82,87,87,87,70,70,79,69,69,41,99,99,99,102,42],"gold":1453,"neow_bonus":"RANDOM_COMMON_RELIC","is_daily":false,"chose_seed":false,"campfire_upgraded":8,"win_rate":0.0,"timestamp":1613671228,"path_taken":["M","?","?","$","M","R","E","R","T","E","?","?","R","M","R","BOSS","M","M","M","?","?","E","M","R","T","R","M","R","E","M","R","BOSS","M","M","?","M","M","R","E","M","T","M","NM","?","?","M","R","BOSS","R","$","E","BOSS"],"items_purchased_type":["Potion","Potion","Card"],"build_version":"2020-12-22","purchased_purges":2,"victory":true,"max_hp_per_floor":[80,80,80,80,80,80,80,80,80,80,80,80,80,80,80,80,80,80,80,80,80,80,80,80,80,80,80,80,80,80,80,80,80,80,80,80,80,82,84,84,87,87,87,87,90,90,93,96,96,99,99,99,99,102,105],"card_choices":[{"not_picked":["Sentinel","Twin Strike","Body Slam"],"picked":"SKIP","floor":1},{"not_picked":["Sentinel","Body Slam"],"picked":"Twin Strike","floor":1},{"not_picked":["Flex","Corruption"],"picked":"Sword Boomerang","floor":5},{"not_picked":["Armaments","ReplayTheSpireMod:Limb From Limb","Perfected Strike"],"picked":"SKIP","floor":7},{"not_picked":["Intimidate","Clash","Blood for Blood"],"picked":"SKIP","floor":10},{"not_picked":["Warcry","Pummel"],"picked":"Sword Boomerang","floor":11},{"not_picked":["Clash","Havoc","Warcry"],"picked":"SKIP","floor":12},{"not_picked":["Rupture","Second Wind","Armaments"],"picked":"SKIP","floor":14},{"not_picked":["Replay:Many Hands","REME_Fury"],"picked":"Double Tap","floor":16},{"not_picked":["Iron Wave+1","ReplayTheSpireMod:Stacked"],"picked":"Twin Strike","floor":18},{"not_picked":["Abandon","Havoc","Perfected Strike"],"picked":"SKIP","floor":19},{"not_picked":["Shrug It Off","Heavy Blade","Dual Wield+1"],"picked":"SKIP","floor":20},{"not_picked":["Dropkick+1","Perfected Strike+1"],"picked":"REME_Cut","floor":23},{"not_picked":["Iron Wave","Battle Trance+1"],"picked":"Twin Strike+1","floor":24},{"not_picked":["Shrug It Off","Uppercut+1"],"picked":"Pummel","floor":28},{"not_picked":["Replay:Undeath\u0027s Touch","Twin Strike","Body Slam"],"picked":"SKIP","floor":30},{"not_picked":["Perfected Strike+1","Rampage+1"],"picked":"Sword Boomerang+1","floor":31},{"not_picked":["Fiend Fire","Brutality"],"picked":"REME_ACTH","floor":33},{"not_picked":["ReplayTheSpireMod:Corrosion Curse+1","Evolve","Wild Strike"],"picked":"SKIP","floor":35},{"not_picked":["ReplayTheSpireMod:Limb From Limb","Body Slam"],"picked":"REME_Scribble","floor":36},{"not_picked":["Cleave+1","Anger","Run Through+1"],"picked":"SKIP","floor":38},{"not_picked":["Armaments","Hemogenesis","Havoc"],"picked":"SKIP","floor":39},{"not_picked":["ReplayTheSpireMod:LeadingStrike","Seeing Red","Shrug It Off"],"picked":"SKIP","floor":41},{"not_picked":["Wild Strike+1","Havoc+1","Twin Strike+1"],"picked":"SKIP","floor":42},{"not_picked":["Warcry","Clash","Run Through"],"picked":"SKIP","floor":44},{"not_picked":["infinitespire:SealOfDarkness+","infinitespire:UltimateForm"],"picked":"infinitespire:Execution","floor":45},{"not_picked":["Juggernaut","Havoc+1","Wild Strike"],"picked":"SKIP","floor":45},{"not_picked":["Wild Strike+1","Warcry+1","Clash+1"],"picked":"SKIP","floor":47},{"not_picked":["Anger+1","Power Through","Heavy Blade"],"picked":"SKIP","floor":48},{"not_picked":["Replay:Undeath\u0027s Touch","Corruption","Clash"],"picked":"SKIP","floor":54}],"player_experience":1146458,"relics_obtained":[{"floor":7,"key":"infinitespire:CursedDice"},{"floor":9,"key":"Akabeko"},{"floor":10,"key":"infinitespire:EmpoweringShard"},{"floor":11,"key":"Potion Belt"},{"floor":23,"key":"Ancient Tea Set"},{"floor":26,"key":"Onion Ring"},{"floor":30,"key":"infinitespire:ShieldingShard"},{"floor":41,"key":"Bag of Preparation"},{"floor":45,"key":"Bottled Lightning"},{"floor":54,"key":"Mummified Hand"}],"event_choices":[{"damage_healed":80,"gold_gain":0,"player_choice":"Upgrade","damage_taken":16,"max_hp_gain":0,"max_hp_loss":80,"event_name":"betterThird:BetterShining","floor":3,"gold_loss":0,"cards_upgraded":["Defend_R","Strike_R"]},{"damage_healed":0,"gold_gain":0,"player_choice":"Searched \u00271\u0027 times","damage_taken":0,"max_hp_gain":0,"max_hp_loss":0,"event_name":"Dead Adventurer","floor":11,"gold_loss":0},{"damage_healed":0,"gold_gain":0,"player_choice":"Ignored","damage_taken":0,"max_hp_gain":0,"max_hp_loss":0,"event_name":"betterNote:BetterNote","floor":21,"gold_loss":0,"cards_obtained":["REME_EyeOfCthun"]},{"damage_healed":0,"gold_gain":0,"player_choice":"Memory 1","damage_taken":0,"max_hp_gain":0,"max_hp_loss":0,"event_name":"SensoryStone","floor":37,"gold_loss":0},{"damage_healed":0,"gold_gain":0,"player_choice":"Ignored","damage_taken":0,"max_hp_gain":0,"max_hp_loss":0,"event_name":"Transmorgrifier","floor":46,"gold_loss":0}],"is_beta":false,"boss_relics":[{"not_picked":["Runic Dome","Tiny House"],"picked":"Empty Cage"},{"not_picked":["Coffee Dripper","Ring of Chaos"],"picked":"aspiration:PoetsPen_weak"}],"items_purged_floors":[4,53],"is_endless":false,"potions_floor_spawned":[7,10,12,16,19,20,24,30,31,33,38,41,44,45,54],"ascension_level":0}}