{"host":"7ue15d6wz1o7m0ar","time":1613686979,"event":{"mods":["BaseMod","Filter the Spire","Hermit","Minty Spire (QoL Compilation)","Replay The Spire","StSLib"],"gold_per_floor":[110,125,125,200,213,246,246,259,259,9,40,60,60,123,123,226,226,238,254,33,48,67,95,95,122,122,122,122,122,133,158,158,254,254,269,194,208,222,222,253,253,285,285,37,49,49,59,76,76,76],"floor_reached":51,"language":"ENG","playtime":7223,"items_purged":["Strike_G","Strike_G"],"score":937,"play_id":"4a362fa4-1c7d-48da-93fb-24ad7702f491","local_time":"20210218162259","is_ascension_mode":true,"campfire_choices":[{"floor":7,"key":"REST"},{"data":"Adrenaline","floor":24,"key":"SMITH"},{"data":"Blade Dance","floor":29,"key":"SMITH"},{"data":"Accuracy","floor":32,"key":"SMITH"}],"circlet_count":0,"master_deck":["Defend_G+1","Defend_G+1","Defend_G+1","Defend_G+1","Defend_G+1","Survivor","Neutralize","Deflect","Slice","Calculated Gamble","Backflip","Accuracy+1","Dodge and Roll","Cloak And Dagger","Hidden Blade","Endless Agony","Blade Dance+1","Malaise+1","Adrenaline+1","Slice","Blade Dance","Distraction","Flying Knee+1","ReplayTheSpireMod:Scrap Shanks","Infinite Blades","ReplayTheSpireMod:Scrap Shanks+1","Footwork+1","Blade Dance+1","ReplayTheSpireMod:Speed Training+1","Fluid Movement","Fluid Movement+1","Burst"],"relics":["WristBlade","Blood Vial","Question Card","Lee\u0027s Waffle","Ornamental Fan","Replay:Rubber Ducky","Replay:Drink Me","Lantern","Regal Pillow","Pear","Tiny Chest","Replay:Accelerometer","Fusion Hammer","Replay:Bottled Eggs","TungstenRod","Replay:Bottled Snecko","Pantograph","Chemical X"],"acts_visited":["Exordium","TheCity","TheBeyond"],"potions_floor_usage":[6,25,33],"damage_taken":[{"damage":10,"enemies":"Small Slimes","floor":1,"turns":6},{"damage":3,"enemies":"Jaw Worm","floor":2,"turns":4},{"damage":0,"enemies":"2 Louse","floor":5,"turns":2},{"damage":29,"enemies":"Lagavulin","floor":6,"turns":8},{"damage":16,"enemies":"Large Slime","floor":8,"turns":8},{"damage":5,"enemies":"3 Sentries","floor":11,"turns":7},{"damage":6,"enemies":"Looter","floor":12,"turns":2},{"damage":22,"enemies":"The Guardian","floor":16,"turns":11},{"damage":0,"enemies":"3 Byrds","floor":18,"turns":4},{"damage":0,"enemies":"Shell Parasite","floor":19,"turns":3},{"damage":0,"enemies":"Cultist and Chosen","floor":21,"turns":3},{"damage":4,"enemies":"Snecko","floor":22,"turns":3},{"damage":0,"enemies":"Gremlin Leader","floor":23,"turns":4},{"damage":0,"enemies":"Slavers","floor":25,"turns":2},{"damage":0,"enemies":"3 Cultists","floor":30,"turns":3},{"damage":0,"enemies":"Gremlin Leader","floor":31,"turns":3},{"damage":5,"enemies":"Collector","floor":33,"turns":8},{"damage":0,"enemies":"3 Shapes","floor":35,"turns":3},{"damage":0,"enemies":"Orb Walker","floor":37,"turns":2},{"damage":0,"enemies":"3 Darklings","floor":38,"turns":3},{"damage":0,"enemies":"Reptomancer","floor":40,"turns":5},{"damage":0,"enemies":"R_Hoarder","floor":42,"turns":5},{"damage":0,"enemies":"Sphere and 2 Shapes","floor":45,"turns":3},{"damage":0,"enemies":"Spire Growth","floor":47,"turns":3},{"damage":0,"enemies":"4 Shapes","floor":48,"turns":3},{"damage":1,"enemies":"Donu and Deca","floor":50,"turns":6}],"seed_played":"-4071894876229128044","potions_obtained":[{"floor":1,"key":"Strength Potion"},{"floor":6,"key":"Ancient Potion"},{"floor":8,"key":"BlessingOfTheForge"},{"floor":14,"key":"Flashbang"},{"floor":14,"key":"DistilledChaos"},{"floor":25,"key":"Flashbang"},{"floor":33,"key":"Milkshake"}],"is_trial":false,"path_per_floor":["M","M","?","?","M","E","R","M","T","$","E","M","$","?","R","B",null,"M","M","$","M","M","E","R","E","T","?","?","R","M","E","R","B",null,"M","$","M","M","T","E","?","E","T","$","M","?","M","M","R","B",null],"character_chosen":"THE_SILENT","items_purchased":["Blade Dance","Cloak And Dagger","Lee\u0027s Waffle","Lantern","Distraction","Chemical X"],"campfire_rested":1,"item_purchase_floors":[10,10,10,20,20,44],"current_hp_per_floor":[60,57,57,46,46,17,38,24,24,77,72,68,68,68,68,48,58,58,58,58,58,54,56,56,68,68,68,68,68,68,68,68,63,68,68,68,68,68,68,68,68,68,68,68,68,68,68,68,68,67],"gold":76,"neow_bonus":"BOSS_RELIC","is_daily":false,"chose_seed":false,"campfire_upgraded":3,"win_rate":0.0,"timestamp":1613686979,"path_taken":["M","M","?","?","M","E","R","M","T","$","E","M","$","?","R","BOSS","M","?","$","M","M","E","R","E","T","?","?","R","?","E","R","BOSS","M","$","M","M","?","E","?","E","T","$","M","?","M","?","R","BOSS"],"items_purchased_type":["Card","Card","Relic","Relic","Card","Relic"],"build_version":"2020-12-22","purchased_purges":2,"victory":true,"max_hp_per_floor":[70,70,70,70,70,70,70,70,70,77,77,77,77,77,77,77,58,58,58,58,58,58,58,58,68,68,68,68,68,68,68,68,68,68,68,68,68,68,68,68,68,68,68,68,68,68,68,68,68,68],"card_choices":[{"not_picked":["Reflex","Riddle With Holes"],"picked":"Deflect","floor":1},{"not_picked":["Deadly Poison","Tactician"],"picked":"Slice","floor":2},{"not_picked":["Dash","Poisoned Stab"],"picked":"Backflip","floor":5},{"not_picked":["Quick Slash","Deadly Poison"],"picked":"Accuracy","floor":6},{"not_picked":["Underhanded Strike","Bane"],"picked":"Dodge and Roll","floor":8},{"not_picked":["Tactician","Slice","Dodge and Roll"],"picked":"Hidden Blade","floor":11},{"not_picked":["Dash","Malaise","Underhanded Strike"],"picked":"Endless Agony","floor":12},{"not_picked":["Acrobatics","Sucker Punch","Slice"],"picked":"Blade Dance","floor":14},{"not_picked":["Atom Bomb","Glass Knife","Bullet Time"],"picked":"Adrenaline","floor":16},{"not_picked":["Bane","Dagger Throw","Quick Slash"],"picked":"Slice","floor":18},{"not_picked":["Finisher+1","Bane","Underhanded Strike"],"picked":"Blade Dance","floor":19},{"not_picked":["Backflip+1","Dodge and Roll+1","Deadly Poison","Catalyst"],"picked":"SKIP","floor":21},{"not_picked":["Tactician","All Out Attack+1","ReplayTheSpireMod:The Works"],"picked":"Flying Knee","floor":22},{"not_picked":["Blur","Eviscerate","Riddle With Holes+1"],"picked":"Flying Knee+1","floor":23},{"not_picked":["Hidden Blade+1","Phantasmal Killer","Backflip"],"picked":"ReplayTheSpireMod:Scrap Shanks","floor":25},{"not_picked":["Eviscerate","Tactician","Fluid Movement","Quick Slash+1"],"picked":"SKIP","floor":30},{"not_picked":["Venomology","Dodge and Roll","Leg Sweep+1"],"picked":"Infinite Blades","floor":31},{"not_picked":["Hidden Blade+1","Dodge and Roll+1","Well Laid Plans"],"picked":"ReplayTheSpireMod:Scrap Shanks+1","floor":35},{"not_picked":["Poisoned Stab","Dagger Spray+1","Backflip+1","Blur+1"],"picked":"SKIP","floor":37},{"not_picked":["All Out Attack","Acrobatics+1","Hidden Blade+1"],"picked":"Footwork+1","floor":38},{"not_picked":["Dagger Spray+1","Bane","Backflip+1"],"picked":"Blade Dance+1","floor":40},{"not_picked":["Dagger Spray","Choke","Noxious Fumes+1"],"picked":"ReplayTheSpireMod:Speed Training+1","floor":42},{"not_picked":["Backflip","Leg Sweep+1","PiercingWail"],"picked":"Fluid Movement","floor":45},{"not_picked":["Backstab+1","Noxious Fumes+1","Hidden Blade+1"],"picked":"Fluid Movement+1","floor":47},{"not_picked":["PiercingWail","Hidden Blade+1","Deadly Poison+1"],"picked":"Burst","floor":48}],"player_experience":502718,"relics_obtained":[{"floor":6,"key":"Blood Vial"},{"floor":9,"key":"Question Card"},{"floor":11,"key":"Ornamental Fan"},{"floor":14,"key":"Replay:Rubber Ducky"},{"floor":23,"key":"Regal Pillow"},{"floor":25,"key":"Pear"},{"floor":26,"key":"Tiny Chest"},{"floor":31,"key":"Replay:Accelerometer"},{"floor":39,"key":"Replay:Bottled Eggs"},{"floor":40,"key":"TungstenRod"},{"floor":42,"key":"Replay:Bottled Snecko"},{"floor":43,"key":"Pantograph"}],"event_choices":[{"damage_healed":0,"gold_gain":0,"cards_transformed":["Strike_G"],"player_choice":"Change","damage_taken":0,"max_hp_gain":0,"max_hp_loss":0,"event_name":"Living Wall","floor":3,"gold_loss":0,"cards_obtained":["Calculated Gamble"]},{"damage_healed":0,"gold_gain":75,"player_choice":"Gather Gold","damage_taken":11,"max_hp_gain":0,"max_hp_loss":0,"event_name":"World of Goop","floor":4,"gold_loss":0},{"damage_healed":0,"gold_gain":0,"player_choice":"Ignored","damage_taken":0,"max_hp_gain":0,"max_hp_loss":0,"event_name":"Beggar","floor":27,"gold_loss":0},{"damage_healed":0,"gold_gain":0,"player_choice":"0 cards matched","damage_taken":0,"max_hp_gain":0,"max_hp_loss":0,"event_name":"Match and Keep!","floor":28,"gold_loss":0,"cards_obtained":[]},{"damage_healed":0,"gold_gain":0,"player_choice":"Memory 1","damage_taken":0,"max_hp_gain":0,"max_hp_loss":0,"event_name":"SensoryStone","floor":41,"gold_loss":0},{"cards_removed":["Flying Knee"],"damage_healed":0,"gold_gain":0,"player_choice":"Purged","damage_taken":0,"max_hp_gain":0,"max_hp_loss":0,"event_name":"Purifier","floor":46,"gold_loss":0}],"is_beta":false,"boss_relics":[{"not_picked":["Velvet Choker","ReplayTheSpireMod:DimensionalGlitch"],"picked":"Replay:Drink Me"},{"not_picked":["Coffee Dripper","Runic Pyramid"],"picked":"Fusion Hammer"}],"items_purged_floors":[36,44],"is_endless":false,"potions_floor_spawned":[1,6,8,18,22,25,31,33,35,37,40,47,48],"ascension_level":2}}