{"host":"8t5dkgm85abdp22d","time":1613617644,"event":{"mods":["ATMod(阿瑾Mod)","Act Like it!","BaseMod","Colored Powertips","Conspire","Gensokyo","GungeonMod","Hallownest","Minty Spire (QoL Compilation)","MostiFishMod","Remilia（蕾米莉亚）","RumiaBox-露米娅的神秘盒子","Ryuuou龙王","StSLib","The Bug Knight","UnlockEverythingMod","Waifu the Spire","Yakumo Yukari mod"],"gold_per_floor":[236,253,253,253,253,278,278,278,278],"floor_reached":8,"language":"ZHS","playtime":304,"items_purged":["Defend_purpleEX","AT_purpleEX"],"score":68,"play_id":"47f1fd68-f86f-436c-9a62-ab312868fb52","local_time":"20210218110724","is_ascension_mode":true,"campfire_choices":[],"circlet_count":0,"master_deck":["AT_purpleEX+1","AT_purpleEX","Defend_purpleEX","Defend_purpleEX+1","Defend_purpleEX","Observe_purple_1","Observe_purple_2","AT_IchimonjiDouble","Finesse","Bait_HighSpeedFlying_purple","ButterflyHabitatTemple_purple","Secret Technique","Human_Monster_Realm_purple","MostiFishMod:StoryBook"],"relics":["Boundary_crack","Memoryfragments_purpleEX","AT_ATBox","DaveBox","DiscerningMonocle","SynthV:TestCard","DemoMod:PinkGuonStone","Frozen Eye","Bag of Marbles","AT_RedTearstoneRing","AT_GoldPhoenixTree","Strange Spoon"],"acts_visited":["Exordium"],"potions_floor_usage":[6,6,6],"damage_taken":[{"damage":9,"enemies":"2 Louse","floor":1,"turns":3},{"damage":3,"enemies":"Jaw Worm","floor":2,"turns":3},{"damage":37,"enemies":"Lagavulin","floor":6,"turns":5},{"damage":10,"enemies":"Gremlin Nob","floor":8,"turns":1}],"seed_played":"8566584052272547693","potions_obtained":[{"floor":1,"key":"AttackPotion"}],"is_trial":false,"path_per_floor":["M","M","?","$","?","E","$","E"],"character_chosen":"Youkari","items_purchased":["DemoMod:PinkGuonStone","Frozen Eye","Finesse","DistilledChaos","SkillPotion","LiquidBronze","Bait_HighSpeedFlying_purple","ButterflyHabitatTemple_purple","Secret Technique","AT_RedTearstoneRing","MostiFishMod:StoryBook","AttackPotion","Fire Potion","SteroidPotion","AT_GoldPhoenixTree","Strange Spoon"],"campfire_rested":0,"item_purchase_floors":[4,4,4,4,4,4,4,4,4,7,7,7,7,7,7,7],"current_hp_per_floor":[62,60,53,60,45,10,10,0,0],"gold":278,"neow_bonus":"HUNDRED_GOLD","is_daily":false,"chose_seed":false,"campfire_upgraded":0,"win_rate":0.0,"timestamp":1613617644,"path_taken":["M","M","?","$","?","E","$","E"],"items_purchased_type":["Relic","Relic","Card","Potion","Potion","Potion","Card","Card","Card","Relic","Card","Potion","Potion","Potion","Relic","Relic"],"build_version":"2020-12-22","purchased_purges":2,"victory":false,"max_hp_per_floor":[70,70,70,77,77,77,77,77,77],"card_choices":[{"not_picked":["SharpContractionReality_purple","Yakumo_Ran_purple","Bait_Toxicbait_purple"],"picked":"SKIP","floor":1},{"not_picked":["WorldDissolvedintheRealm_purple","SfantasyHide_purple","RuleDissolution_purple","AdvanceAttack_purple","Fantasy_PerpetualMotionMachine_purple"],"picked":"SKIP","floor":2},{"not_picked":["MetroBOOM_purple","PurpleNeedle_purple","SfantasyHide_purple","RealityDreamConfluencek_purple"],"picked":"Human_Monster_Realm_purple","floor":6}],"player_experience":93987,"relics_obtained":[{"floor":1,"key":"SynthV:TestCard"},{"floor":6,"key":"Bag of Marbles"}],"event_choices":[{"cards_removed":["AT_purpleEX"],"damage_healed":0,"gold_gain":0,"player_choice":"Card Removal","damage_taken":7,"max_hp_gain":0,"max_hp_loss":0,"event_name":"Golden Wing","floor":3,"gold_loss":0},{"damage_healed":0,"gold_gain":0,"player_choice":"Entered Light","damage_taken":15,"max_hp_gain":0,"max_hp_loss":0,"event_name":"Shining Light","floor":5,"gold_loss":0,"cards_upgraded":["AT_purpleEX","Defend_purpleEX"]}],"is_beta":false,"boss_relics":[],"items_purged_floors":[4,7],"is_endless":false,"potions_floor_spawned":[1],"killed_by":"Gremlin Nob","ascension_level":5}}