{"host":"g907ck67u7c3hrs6","time":1613635928,"event":{"mods":["BaseMod","Colored Map","DeckTracker","Force Act Four","Highlight Path","Keyboard Shortcuts","Minty Spire (QoL Compilation)","Permanent Neow","Say the Spire","SuperFastMode"],"gold_per_floor":[415,415,415,118,139,172,72,103,103,144,188,224,260,298,298,391,391,416,416,416,291,309,354,401,449,458,495,213,251,294,317,317,431,431,465,318,49,49,49,101,148,195,228,276,92,145,145,185,185,194,203,203,203,78,116,125],"floor_reached":57,"language":"KOR","playtime":2058,"items_purged":["Regret","Injury","Writhe","Shame","Parasite","Injury","Shame","Doubt"],"score":4298,"play_id":"f1a5b21b-a126-4a63-88f7-84d6f503ecdf","local_time":"20210218171208","daily_mods":["SealedDeck","Heirloom","Time Dilation","Flight","DeadlyEvents","Cursed Run","Elite Swarm"],"is_ascension_mode":true,"campfire_choices":[{"data":"Biased Cognition","floor":15,"key":"SMITH"},{"data":"Shame","floor":32,"key":"PURGE"},{"floor":47,"key":"RECALL"},{"data":"Clumsy","floor":49,"key":"PURGE"},{"data":"Normality","floor":53,"key":"PURGE"}],"circlet_count":0,"master_deck":["AscendersBane","Cold Snap","Tempest","Coolheaded","Skim","Turbo","Cold Snap","Cold Snap","Coolheaded","Coolheaded","Capacitor","Heatsinks","Turbo","Storm","Creative AI","Biased Cognition+1","Reboot","Seek","Core Surge","Biased Cognition","Reboot","Defragment","Echo Form","Electrodynamics","Buffer","BootSequence","Coolheaded","Heatsinks","Electrodynamics","Lockon+1","Echo Form","Skim","Capacitor+1","Defragment","Aggregate","Buffer","Echo Form","Echo Form","Echo Form","Seek","Injury"],"relics":["Cursed Key","Darkstone Periapt","Du-Vu Doll","Old Coin","Ice Cream","Golden Idol","Runic Capacitor","Ornamental Fan","White Beast Statue","Peace Pipe","Pocketwatch","StrikeDummy","Thread and Needle","Bottled Tornado","Philosopher\u0027s Stone","Bag of Marbles","Mercury Hourglass","CeramicFish","Shovel","Calipers","Prayer Wheel","Membership Card","PreservedInsect","Ginger","Runic Pyramid","Bird Faced Urn","CaptainsWheel","Symbiotic Virus","Gambling Chip","Regal Pillow","MawBank","Singing Bowl","DataDisk","Potion Belt","Pear","Kunai"],"acts_visited":["Exordium","TheCity","TheBeyond","TheEnding"],"potions_floor_usage":[13,16,23,25,35,56,56,56],"damage_taken":[{"damage":0,"enemies":"Cultist","floor":1,"turns":2},{"damage":4,"enemies":"Jaw Worm","floor":5,"turns":2},{"damage":20,"enemies":"Gremlin Nob","floor":6,"turns":4},{"damage":5,"enemies":"Lagavulin","floor":8,"turns":5},{"damage":4,"enemies":"3 Sentries","floor":10,"turns":5},{"damage":0,"enemies":"Lagavulin","floor":11,"turns":4},{"damage":0,"enemies":"Gremlin Nob","floor":12,"turns":3},{"damage":0,"enemies":"3 Sentries","floor":13,"turns":4},{"damage":0,"enemies":"Gremlin Nob","floor":14,"turns":3},{"damage":0,"enemies":"Hexaghost","floor":16,"turns":4},{"damage":9,"enemies":"3 Byrds","floor":18,"turns":2},{"damage":0,"enemies":"Chosen","floor":22,"turns":3},{"damage":8,"enemies":"Book of Stabbing","floor":23,"turns":3},{"damage":38,"enemies":"Slavers","floor":24,"turns":4},{"damage":0,"enemies":"Book of Stabbing","floor":25,"turns":3},{"damage":9,"enemies":"Snake Plant","floor":27,"turns":3},{"damage":0,"enemies":"Gremlin Leader","floor":29,"turns":5},{"damage":7,"enemies":"Slavers","floor":30,"turns":3},{"damage":0,"enemies":"Snecko","floor":31,"turns":4},{"damage":0,"enemies":"Collector","floor":33,"turns":6},{"damage":0,"enemies":"3 Darklings","floor":35,"turns":4},{"damage":0,"enemies":"Giant Head","floor":40,"turns":4},{"damage":0,"enemies":"Reptomancer","floor":41,"turns":4},{"damage":0,"enemies":"Nemesis","floor":42,"turns":5},{"damage":0,"enemies":"Reptomancer","floor":44,"turns":4},{"damage":0,"enemies":"Giant Head","floor":46,"turns":3},{"damage":0,"enemies":"Nemesis","floor":48,"turns":3},{"damage":12,"enemies":"Donu and Deca","floor":50,"turns":5},{"damage":0,"enemies":"Time Eater","floor":51,"turns":5},{"damage":10,"enemies":"Shield and Spear","floor":55,"turns":4},{"damage":53,"enemies":"The Heart","floor":56,"turns":7}],"seed_played":"5397077799873860199","potions_obtained":[{"floor":5,"key":"ColorlessPotion"},{"floor":10,"key":"Ancient Potion"},{"floor":12,"key":"Weak Potion"},{"floor":13,"key":"Block Potion"},{"floor":16,"key":"FearPotion"},{"floor":23,"key":"Swift Potion"},{"floor":25,"key":"Strength Potion"},{"floor":35,"key":"SteroidPotion"},{"floor":40,"key":"Energy Potion"},{"floor":42,"key":"Weak Potion"},{"floor":46,"key":"Block Potion"},{"floor":48,"key":"DistilledChaos"}],"is_trial":true,"path_per_floor":["M","?","?","$","M","E","$","E","T","E","E","E","E","E","R","B",null,"M","?","?","$","M","E","E","E","T","M","$","E","E","M","R","B",null,"M","$","$","?","?","E","E","E","T","E","$","E","R","E","R","B","B",null,"R","$","E","B",null],"character_chosen":"DEFECT","items_purchased":["Turbo","Runic Capacitor","Membership Card","Heatsinks","Defragment","Aggregate","Bird Faced Urn","DataDisk"],"campfire_rested":0,"item_purchase_floors":[4,4,28,28,36,36,37,45],"current_hp_per_floor":[64,70,76,76,72,52,52,47,53,49,49,49,49,49,49,55,85,76,82,88,88,88,80,42,42,48,39,39,39,32,32,32,38,99,99,99,99,99,99,110,110,110,116,118,118,118,118,128,128,134,140,140,140,140,142,146],"gold":125,"neow_bonus":"","is_daily":false,"chose_seed":false,"campfire_upgraded":1,"win_rate":0.0,"timestamp":1613635928,"path_taken":["M","?","?","$","M","E","$","E","T","E","E","E","E","E","R","BOSS","M","?","?","$","?","E","E","E","T","?","$","E","E","M","R","BOSS","M","$","$","?","?","E","E","E","T","E","$","?","R","E","R","BOSS","BOSS","R","$","E","BOSS"],"items_purchased_type":["Card","Relic","Relic","Card","Card","Card","Relic","Relic"],"build_version":"2020-12-22","purchased_purges":8,"victory":true,"max_hp_per_floor":[71,77,83,83,83,83,83,83,89,89,89,89,89,89,89,95,95,95,101,107,107,107,107,107,107,113,113,113,113,113,113,113,119,119,119,116,116,110,110,110,110,110,116,118,118,118,118,128,128,134,140,140,140,140,142,148],"card_choices":[{"not_picked":["Scrape","Reprogram"],"picked":"Heatsinks","floor":1},{"not_picked":["Sweeping Beam","Redo"],"picked":"Storm","floor":5},{"not_picked":["Thunder Strike","Multi-Cast"],"picked":"Creative AI","floor":6},{"not_picked":["Multi-Cast","Machine Learning"],"picked":"Biased Cognition","floor":8},{"not_picked":["Fission","Biased Cognition"],"picked":"Reboot","floor":10},{"not_picked":["Fission","Hyperbeam"],"picked":"Seek","floor":11},{"not_picked":["Multi-Cast","Amplify"],"picked":"Core Surge","floor":12},{"not_picked":["Core Surge","All For One"],"picked":"Biased Cognition","floor":13},{"not_picked":["Biased Cognition","Thunder Strike"],"picked":"Reboot","floor":14},{"not_picked":["Rebound","Barrage","White Noise"],"picked":"SKIP","floor":18},{"not_picked":["Storm","Cold Snap"],"picked":"Defragment","floor":22},{"not_picked":["Hyperbeam","Creative AI"],"picked":"Echo Form","floor":23},{"not_picked":["Buffer","Core Surge"],"picked":"Electrodynamics","floor":24},{"not_picked":["Amplify","Hyperbeam"],"picked":"Buffer","floor":25},{"not_picked":["Gash","Go for the Eyes+1"],"picked":"BootSequence","floor":27},{"not_picked":["Chaos","Redo"],"picked":"Coolheaded","floor":27},{"not_picked":["All For One","Thunder Strike","Core Surge"],"picked":"SKIP","floor":29},{"not_picked":["Meteor Strike","Fission"],"picked":"Electrodynamics","floor":30},{"not_picked":["Redo","Beam Cell"],"picked":"Lockon+1","floor":31},{"not_picked":["Cold Snap","Sweeping Beam","BootSequence"],"picked":"SKIP","floor":31},{"not_picked":["Buffer","Seek"],"picked":"Echo Form","floor":33},{"not_picked":["Loop","Turbo"],"picked":"Skim","floor":35},{"not_picked":["Force Field","Coolheaded"],"picked":"Capacitor+1","floor":35},{"not_picked":["Seek","Fission"],"picked":"Buffer","floor":40},{"not_picked":["Rainbow","Machine Learning"],"picked":"Echo Form","floor":41},{"not_picked":["Electrodynamics","Thunder Strike"],"picked":"Echo Form","floor":42},{"not_picked":["Biased Cognition","Echo Form","Amplify"],"picked":"Singing Bowl","floor":44},{"not_picked":["Hyperbeam","Rainbow"],"picked":"Echo Form","floor":46},{"not_picked":["Meteor Strike","Electrodynamics"],"picked":"Seek","floor":48},{"not_picked":["Creative AI","Fission","Thunder Strike"],"picked":"Singing Bowl","floor":55}],"player_experience":320026,"relics_obtained":[{"floor":6,"key":"Ornamental Fan"},{"floor":8,"key":"White Beast Statue"},{"floor":10,"key":"Peace Pipe"},{"floor":11,"key":"Pocketwatch"},{"floor":12,"key":"StrikeDummy"},{"floor":13,"key":"Thread and Needle"},{"floor":14,"key":"Bottled Tornado"},{"floor":23,"key":"CeramicFish"},{"floor":24,"key":"Shovel"},{"floor":25,"key":"Calipers"},{"floor":26,"key":"Prayer Wheel"},{"floor":29,"key":"PreservedInsect"},{"floor":30,"key":"Ginger"},{"floor":40,"key":"Symbiotic Virus"},{"floor":41,"key":"Gambling Chip"},{"floor":42,"key":"Regal Pillow"},{"floor":43,"key":"MawBank"},{"floor":44,"key":"Singing Bowl"},{"floor":46,"key":"Potion Belt"},{"floor":48,"key":"Pear"},{"floor":55,"key":"Kunai"}],"event_choices":[{"damage_healed":0,"gold_gain":0,"player_choice":"Box","damage_taken":0,"relics_obtained":["Ice Cream"],"max_hp_gain":0,"max_hp_loss":0,"event_name":"Big Fish","floor":2,"gold_loss":0,"cards_obtained":["Regret"]},{"damage_healed":0,"gold_gain":0,"player_choice":"Take Wound","damage_taken":0,"relics_obtained":["Golden Idol"],"max_hp_gain":0,"max_hp_loss":0,"event_name":"Golden Idol","floor":3,"gold_loss":0,"cards_obtained":["Injury"]},{"damage_healed":0,"gold_gain":0,"player_choice":"Stole Relic","damage_taken":0,"relics_obtained":["Bag of Marbles"],"max_hp_gain":0,"max_hp_loss":0,"event_name":"Addict","floor":19,"gold_loss":0,"cards_obtained":["Shame"]},{"damage_healed":0,"gold_gain":0,"player_choice":"Opened","damage_taken":0,"relics_obtained":["Mercury Hourglass"],"max_hp_gain":0,"max_hp_loss":0,"event_name":"The Mausoleum","floor":20,"gold_loss":0,"cards_obtained":["Writhe"]},{"damage_healed":0,"gold_gain":0,"player_choice":"Max HP","damage_taken":0,"max_hp_gain":0,"max_hp_loss":6,"event_name":"Winding Halls","floor":38,"gold_loss":0},{"damage_healed":0,"gold_gain":0,"player_choice":"Gave Potion","damage_taken":0,"relics_obtained":["CaptainsWheel"],"max_hp_gain":0,"max_hp_loss":0,"event_name":"WeMeetAgain","floor":39,"gold_loss":0}],"is_beta":false,"boss_relics":[{"not_picked":["Busted Crown","SlaversCollar"],"picked":"Philosopher\u0027s Stone"},{"not_picked":["Sozu","Tiny House"],"picked":"Runic Pyramid"}],"items_purged_floors":[4,7,21,28,36,37,45,54],"is_endless":false,"potions_floor_spawned":[5,10,11,12,13,14,16,18,22,23,24,25,27,29,30,31,33,35,40,41,42,44,46,48,55],"ascension_level":20}}