{"host":"2l5k2wp87eek7qja","time":1613668190,"event":{"mods":["BaseMod","Colored Map","Minty Spire (QoL Compilation)","Relic Stats"],"gold_per_floor":[414,432,46,46,74,74,91,133,133,153,153,153,182,202,202,290,290,315,333,353,382,409,409,451,451,451,451,468,54,80,80,80,154,154,179,198,198,222,60,87,87,99,99,132,141,172,181,207,207,207,207],"floor_reached":50,"language":"ENG","playtime":1990,"items_purged":[],"score":1362,"play_id":"7d58eb15-331d-48c7-9644-4f3206c522e1","local_time":"20210218190950","is_ascension_mode":true,"campfire_choices":[{"data":"Deadly Poison","floor":6.0,"key":"SMITH"},{"data":"Catalyst","floor":15.0,"key":"SMITH"},{"data":"Catalyst","floor":23.0,"key":"SMITH"},{"data":"Catalyst","floor":25.0,"key":"SMITH"},{"data":"Crippling Poison","floor":27.0,"key":"SMITH"},{"data":"Well Laid Plans","floor":32,"key":"SMITH"},{"floor":41,"key":"RECALL"},{"data":"Noxious Fumes","floor":49,"key":"SMITH"}],"circlet_count":0,"master_deck":["AscendersBane","Strike_G","Strike_G","Strike_G+1","Strike_G","Defend_G","Defend_G","Defend_G","Defend_G","Defend_G","Survivor","Neutralize+1","Leg Sweep+1","Catalyst+1","Deadly Poison+1","Dagger Spray","Backflip","Blur","Catalyst+1","Poisoned Stab","Die Die Die","Deadly Poison+1","Crippling Poison+1","Dodge and Roll","Catalyst+1","PiercingWail","Noxious Fumes+1","Well Laid Plans+1","PiercingWail+1","Backflip","PanicButton","Doubt"],"relics":["Ring of the Snake","Old Coin","Anchor","Akabeko","CeramicFish","Mango","Gremlin Horn","Philosopher\u0027s Stone","Ninja Scroll","Thread and Needle","Black Star","Letter Opener","OrangePellets","Tingsha","Whetstone","Snake Skull","Potion Belt","Bronze Scales","Dream Catcher","Strawberry","Orichalcum"],"acts_visited":["Exordium","TheCity","TheBeyond"],"potions_floor_usage":[38,44,50],"damage_taken":[{"damage":4.0,"enemies":"Cultist","floor":1.0,"turns":4.0},{"damage":10.0,"enemies":"Small Slimes","floor":2.0,"turns":6.0},{"damage":0.0,"enemies":"2 Louse","floor":5.0,"turns":2.0},{"damage":4.0,"enemies":"Exordium Thugs","floor":7.0,"turns":8.0},{"damage":11.0,"enemies":"Lagavulin","floor":8.0,"turns":5.0},{"damage":0.0,"enemies":"Gremlin Gang","floor":10.0,"turns":1.0},{"damage":0.0,"enemies":"Blue Slaver","floor":13.0,"turns":2.0},{"damage":0.0,"enemies":"Red Slaver","floor":14.0,"turns":5.0},{"damage":0.0,"enemies":"The Guardian","floor":16.0,"turns":6.0},{"damage":10.0,"enemies":"Shell Parasite","floor":18.0,"turns":5.0},{"damage":7.0,"enemies":"Spheric Guardian","floor":19.0,"turns":3.0},{"damage":0.0,"enemies":"Centurion and Healer","floor":20.0,"turns":5.0},{"damage":0.0,"enemies":"Chosen and Byrds","floor":21.0,"turns":3.0},{"damage":5.0,"enemies":"3 Cultists","floor":22.0,"turns":3.0},{"damage":19.0,"enemies":"Book of Stabbing","floor":24.0,"turns":3.0},{"damage":4,"enemies":"Centurion and Healer","floor":28,"turns":7},{"damage":0,"enemies":"Snecko","floor":30,"turns":6},{"damage":11,"enemies":"Champ","floor":33,"turns":4},{"damage":7,"enemies":"Orb Walker","floor":35,"turns":4},{"damage":0,"enemies":"3 Shapes","floor":36,"turns":4},{"damage":24,"enemies":"3 Darklings","floor":38,"turns":6},{"damage":0,"enemies":"Giant Head","floor":40,"turns":3},{"damage":5,"enemies":"Sphere and 2 Shapes","floor":42,"turns":4},{"damage":18,"enemies":"Nemesis","floor":44,"turns":5},{"damage":5,"enemies":"Reptomancer","floor":46,"turns":3},{"damage":92,"enemies":"Awakened One","floor":50,"turns":11}],"seed_played":"4482789301565267069","potions_obtained":[{"floor":1.0,"key":"Fire Potion"},{"floor":2.0,"key":"Strength Potion"},{"floor":8.0,"key":"Fruit Juice"},{"floor":14.0,"key":"CultistPotion"},{"floor":18.0,"key":"Dexterity Potion"},{"floor":35,"key":"Explosive Potion"},{"floor":46,"key":"Energy Potion"}],"is_trial":false,"path_per_floor":["M","M","$","?","M","R","M","E","T","M","?","?","M","M","R","B",null,"M","M","M","M","M","R","E","R","T","R","M","$","M","?","R","B",null,"M","M","T","M","$","E","R","M","T","E","?","E","?","T","R","B"],"character_chosen":"THE_SILENT","items_purchased":["Anchor","Akabeko","Deadly Poison","Thread and Needle","Noxious Fumes","OrangePellets"],"campfire_rested":0,"item_purchase_floors":[3,3,3,29,29,39],"current_hp_per_floor":[55,45,45,34,34,34,30,33,33,33,33,33,33,33,33,38,73,63,56,56,56,51,51,32,32,32,32,28,28,28,28,28,17,68,61,61,61,37,37,37,37,32,32,14,14,16,92,92,92,0,0],"gold":207,"neow_bonus":"ONE_RARE_RELIC","is_daily":false,"chose_seed":false,"campfire_upgraded":7,"win_rate":0.0,"timestamp":1613668190,"path_taken":["M","?","$","?","M","R","M","E","T","M","?","?","M","?","R","BOSS","M","M","?","?","M","R","E","R","T","R","M","$","M","?","R","BOSS","M","M","?","M","$","E","R","M","T","E","?","E","?","?","R","BOSS"],"items_purchased_type":["Relic","Relic","Card","Relic","Card","Relic"],"build_version":"2020-12-22","purchased_purges":0,"victory":false,"max_hp_per_floor":[66,66,66,66,66,66,66,80,80,80,80,80,80,80,80,85,85,85,85,85,85,85,85,85,85,85,85,85,85,85,85,85,85,85,85,85,85,85,85,85,85,85,85,85,85,92,92,92,92,92,92],"relic_stats":{"Gremlin Horn":[18,18],"counters":[26,118],"CeramicFish":153,"Tingsha":[5],"Snake Skull":[34],"Letter Opener":[132],"Whetstone":["Strike_G","Neutralize"],"Orichalcum":[12],"OrangePellets":[0],"Dream Catcher":0,"Bronze Scales":[72],"Black Star":3,"obtain_stats":[{"Potion Belt":44,"Gremlin Horn":9,"CeramicFish":4,"Mango":8,"Thread and Needle":29,"Tingsha":40,"Snake Skull":43,"Letter Opener":37,"Whetstone":40,"Orichalcum":48,"Akabeko":3,"Old Coin":0,"OrangePellets":39,"Anchor":3,"Dream Catcher":46,"Ninja Scroll":24,"Bronze Scales":44,"Strawberry":46,"Philosopher\u0027s Stone":17,"Black Star":34,"Ring of the Snake":0},{"Potion Belt":24,"Gremlin Horn":5,"CeramicFish":2,"Mango":5,"Thread and Needle":16,"Tingsha":22,"Snake Skull":23,"Letter Opener":20,"Whetstone":22,"Orichalcum":25,"Akabeko":2,"Old Coin":0,"OrangePellets":21,"Anchor":2,"Dream Catcher":25,"Ninja Scroll":15,"Bronze Scales":24,"Strawberry":25,"Philosopher\u0027s Stone":9,"Black Star":18,"Ring of the Snake":0},{"Potion Belt":104,"Gremlin Horn":25,"CeramicFish":10,"Mango":25,"Thread and Needle":68,"Tingsha":95,"Snake Skull":99,"Letter Opener":86,"Whetstone":95,"Orichalcum":107,"Akabeko":10,"Old Coin":0,"OrangePellets":92,"Anchor":10,"Dream Catcher":107,"Ninja Scroll":61,"Bronze Scales":104,"Strawberry":107,"Philosopher\u0027s Stone":39,"Black Star":78,"Ring of the Snake":0}],"Ring of the Snake":[52]},"card_choices":[{"not_picked":["Reflex","Setup"],"picked":"Leg Sweep","floor":1.0},{"not_picked":["Leg Sweep","Backflip"],"picked":"Catalyst","floor":2.0},{"not_picked":["Prepared","Choke"],"picked":"Dagger Spray","floor":5.0},{"not_picked":["Expertise","Calculated Gamble","Dodge and Roll"],"picked":"SKIP","floor":7.0},{"not_picked":["Expertise","Calculated Gamble","Dodge and Roll"],"picked":"SKIP","floor":7.0},{"not_picked":["Venomology","Prepared"],"picked":"Backflip","floor":8.0},{"not_picked":["Blade Dance","Quick Slash"],"picked":"Blur","floor":10.0},{"not_picked":["Prepared","Terror"],"picked":"Catalyst","floor":13.0},{"not_picked":["Flying Knee","PiercingWail"],"picked":"Poisoned Stab","floor":14.0},{"not_picked":["Bullet Time","Envenom"],"picked":"Die Die Die","floor":16.0},{"not_picked":["Deflect","Acrobatics"],"picked":"Deadly Poison+1","floor":18.0},{"not_picked":["Expertise","Blade Dance","Acrobatics"],"picked":"SKIP","floor":19.0},{"not_picked":["Tactician","Bane"],"picked":"Crippling Poison","floor":20.0},{"not_picked":["Dagger Spray+1","Flying Knee"],"picked":"Dodge and Roll","floor":21.0},{"not_picked":["Riddle With Holes","Bane"],"picked":"Catalyst","floor":22.0},{"not_picked":["Deadly Poison","Dash"],"picked":"PiercingWail","floor":24.0},{"not_picked":["Bane","Concentrate","Storm of Steel"],"picked":"SKIP","floor":28},{"not_picked":["Setup","Flechettes"],"picked":"Well Laid Plans","floor":30},{"not_picked":["Dodge and Roll","Heel Hook"],"picked":"PiercingWail+1","floor":35},{"not_picked":["Deadly Poison","Bane","All Out Attack"],"picked":"SKIP","floor":36},{"not_picked":["All Out Attack","Flying Knee"],"picked":"Backflip","floor":38},{"not_picked":["Accuracy","Doppelganger","Skewer"],"picked":"SKIP","floor":40},{"not_picked":["Outmaneuver","Well Laid Plans","Expertise"],"picked":"SKIP","floor":42},{"not_picked":["All Out Attack","Dagger Throw+1","Poisoned Stab"],"picked":"SKIP","floor":44},{"not_picked":["Violence","Deep Breath"],"picked":"PanicButton","floor":45},{"not_picked":["Dagger Throw","Blade Dance","Heel Hook"],"picked":"SKIP","floor":46}],"player_experience":803278,"relics_obtained":[{"floor":8.0,"key":"Mango"},{"floor":9.0,"key":"Gremlin Horn"},{"floor":24.0,"key":"Ninja Scroll"},{"floor":37,"key":"Letter Opener"},{"floor":40,"key":"Tingsha"},{"floor":40,"key":"Whetstone"},{"floor":43,"key":"Snake Skull"},{"floor":44,"key":"Potion Belt"},{"floor":44,"key":"Bronze Scales"},{"floor":46,"key":"Dream Catcher"},{"floor":46,"key":"Strawberry"},{"floor":48,"key":"Orichalcum"}],"event_choices":[{"damage_healed":0.0,"max_hp_gain":0.0,"max_hp_loss":0.0,"gold_gain":0.0,"event_name":"Scrap Ooze","player_choice":"Success","floor":4.0,"gold_loss":0.0,"damage_taken":11.0,"relics_obtained":["CeramicFish"]},{"damage_healed":0.0,"max_hp_gain":0.0,"max_hp_loss":0.0,"gold_gain":0.0,"event_name":"Living Wall","player_choice":"Grow","floor":11.0,"gold_loss":0.0,"damage_taken":0.0,"cards_upgraded":["Leg Sweep"]},{"cards_removed":["Strike_G"],"damage_healed":0.0,"max_hp_gain":0.0,"max_hp_loss":0.0,"gold_gain":0.0,"event_name":"Wheel of Change","player_choice":"Card Removal","floor":12.0,"gold_loss":0.0,"damage_taken":0.0},{"cards_removed":["Injury"],"damage_healed":0,"gold_gain":0,"player_choice":"Purged","damage_taken":0,"max_hp_gain":0,"max_hp_loss":0,"event_name":"Purifier","floor":31,"gold_loss":0},{"damage_healed":0,"gold_gain":0,"player_choice":"Memory 1","damage_taken":0,"max_hp_gain":0,"max_hp_loss":0,"event_name":"SensoryStone","floor":45,"gold_loss":0},{"damage_healed":76,"gold_gain":0,"player_choice":"Heal","damage_taken":0,"max_hp_gain":0,"max_hp_loss":0,"event_name":"MindBloom","floor":47,"gold_loss":0,"cards_obtained":["Doubt"]}],"is_beta":false,"boss_relics":[{"not_picked":["WristBlade","Runic Dome"],"picked":"Philosopher\u0027s Stone"},{"not_picked":["HoveringKite","Ring of the Serpent"],"picked":"Black Star"}],"items_purged_floors":[],"is_endless":false,"potions_floor_spawned":[1,2,8,14,18,19,28,30,33,35,46],"killed_by":"Awakened One","ascension_level":20}}