{"host":"9slw7l0ws16384qq","time":1613682875,"event":{"mods":["A Penny For Your Troubles","BaseMod","Colored Map","Downfall","Evolution","Hubris","Minty Spire (QoL Compilation)","Replay The Spire","StS++","StSLib"],"gold_per_floor":[99,99,99,99,113,148,148,164,178,178,178,178,188,265,280,280,280,280],"floor_reached":16,"language":"FRA","playtime":540,"items_purged":[],"score":175,"play_id":"dd94d024-106c-4e9d-a6e5-2cc6f711c7aa","local_time":"20210218221435","is_ascension_mode":true,"campfire_choices":[{"data":"Neutralize","floor":12,"key":"SMITH"}],"circlet_count":0,"master_deck":["AscendersBane","Guardian:Strike_Guardian","Guardian:Strike_Guardian","Guardian:Strike_Guardian","Guardian:Strike_Guardian","Guardian:Defend_Guardian","Guardian:Defend_Guardian","Guardian:Defend_Guardian","Guardian:CurlUp","Guardian:Gem_Lightblue","Guardian:Gem_White","Guardian:Gem_White","Guardian:Gem_Purple","Guardian:TemporalStrike","Survivor","Neutralize+1","Guardian:TemporalStrike"],"relics":["Guardian:ModeShifter","EVO:Axolotl","downfall:HeartsMalice","Guardian:PickAxe","Guardian:DefensiveModeMoreBlock","Replay:Bottled Snecko"],"acts_visited":["Exordium"],"potions_floor_usage":[6,8,15,16],"damage_taken":[{"damage":0,"enemies":"2 Louse","floor":2,"turns":1},{"damage":0,"enemies":"Small Slimes","floor":3,"turns":1},{"damage":0,"enemies":"Small Slimes","floor":4,"turns":1},{"damage":11,"enemies":"Jaw Worm","floor":5,"turns":6},{"damage":20,"enemies":"Lagavulin","floor":6,"turns":8},{"damage":6,"enemies":"2 Fungi Beasts","floor":8,"turns":4},{"damage":4,"enemies":"downfall:LooterAlt","floor":9,"turns":4},{"damage":10,"enemies":"Large Slime","floor":13,"turns":10},{"damage":12,"enemies":"Exordium Thugs","floor":15,"turns":7},{"damage":14,"enemies":"IC_STATUS_ARCHETYPE","floor":16,"turns":2}],"seed_played":"-5375944433134846863","potions_obtained":[{"floor":5,"key":"Cursed Concoction"},{"floor":8,"key":"Fruit Juice"},{"floor":9,"key":"StSpp:SecondWindPotion"},{"floor":13,"key":"Explosive Potion"},{"floor":15,"key":"ColorlessPotion"}],"is_trial":false,"path_per_floor":["R_BF","M","M","?","M","E","T","M","M","?","?","R","M","T","M","B"],"character_chosen":"GUARDIAN","items_purchased":[],"campfire_rested":0,"item_purchase_floors":[],"current_hp_per_floor":[65,65,65,65,54,34,34,33,29,29,29,29,19,19,7,0,0,0],"gold":280,"neow_bonus":"THREE_ENEMY_KILL","is_daily":false,"chose_seed":false,"campfire_upgraded":1,"win_rate":0.0,"timestamp":1613682875,"path_taken":["R_BF","M","M","?","M","E","T","M","M","?","?","R","M","?","M","BOSS"],"items_purchased_type":[],"build_version":"2020-12-22","purchased_purges":0,"victory":false,"max_hp_per_floor":[72,72,72,72,72,72,72,77,77,77,77,77,77,77,77,77,77,77],"card_choices":[{"not_picked":["Guardian:TimeCapacitor","Guardian:Suspension","Guardian:PiercingHide"],"picked":"SKIP","floor":2},{"not_picked":["Guardian:Gem_Red","Guardian:TemporalStrike"],"picked":"Guardian:Gem_White","floor":3},{"not_picked":["Guardian:SpikerProtocol","Guardian:Incinerate","Guardian:FloatingOrbs"],"picked":"SKIP","floor":5},{"not_picked":["Guardian:Reroute","Guardian:Gem_Lightblue"],"picked":"Guardian:Gem_Purple","floor":6},{"not_picked":["Guardian:VentSteam","Guardian:BodySlam"],"picked":"Guardian:TemporalStrike","floor":8},{"not_picked":["Guardian:MultiBeam","Guardian:HyperBeam_Guardian","Guardian:ChargeCore"],"picked":"SKIP","floor":9},{"not_picked":["Guardian:DonusPower","Guardian:PrimingBeam","Guardian:Recover"],"picked":"SKIP","floor":13},{"not_picked":["Guardian:TimeBomb","Guardian:TemporalShield"],"picked":"Guardian:TemporalStrike","floor":15}],"player_experience":1711522,"relics_obtained":[{"floor":6,"key":"Guardian:DefensiveModeMoreBlock"},{"floor":7,"key":"Replay:Bottled Snecko"}],"event_choices":[{"cards_removed":["Guardian:Defend_Guardian"],"damage_healed":0,"gold_gain":0,"player_choice":"Card Removal","damage_taken":0,"max_hp_gain":0,"max_hp_loss":0,"event_name":"The Cleric","floor":1,"gold_loss":0}],"is_beta":false,"boss_relics":[],"items_purged_floors":[],"is_endless":false,"potions_floor_spawned":[4,5,8,9,13,15],"killed_by":"IC_STATUS_ARCHETYPE","ascension_level":15}}