{"host":"whyfdmrq1ty0e9zp","time":1613639987,"event":{"mods":["Act Like it!","BaseMod","Colored Map","Colored Powertips","Conspire","Energized Spire","Gensokyo","Marisa（F雨　魔理沙）","Minty Spire (QoL Compilation)","MostiFishMod","Prisma Mod","Quick Restart","Relic Stats","Remilia（蕾米莉亚）","Replay The Spire","StSLib","TestMod","The Servant 0.9.4","【遗物卡牌】REMEMod"],"gold_per_floor":[116,116,116,135,334,364,378,378,378,378,418,429,429,441,441,515,515,530,530,545,545,545,576,594,594,594,624,724,734,734,753,753,827,827,847,847,847,847,847,872,887,887,910,910,940,965,1010,1022,1022,1022],"floor_reached":51,"language":"ZHS","playtime":2112,"items_purged":["Strike_MRS","Strike_MRS","Strike_MRS","Strike_MRS","MasterSpark","GrandCross"],"score":1771,"play_id":"0c223ec7-7b6d-4e9c-bd9a-4d9f12c6ae53","local_time":"20210218171947","is_ascension_mode":true,"campfire_choices":[{"data":"GalacticHalo","floor":8.0,"key":"SMITH"},{"data":"EventHorizon","floor":15.0,"key":"SMITH"},{"data":"StarDustReverie","floor":25.0,"key":"SMITH"},{"data":"SatelliteIllusion","floor":32.0,"key":"SMITH"},{"data":"OpenUniverse","floor":42,"key":"SMITH"},{"data":"Acceleration","floor":44,"key":"SMITH"},{"data":"MagicChant","floor":49,"key":"SMITH"}],"circlet_count":0,"master_deck":["AscendersBane","Defend_MRS","Defend_MRS","Defend_MRS","Defend_MRS","UpSweep","MostiFishMod:Hijack+1","Orbital","DarkMatter","MillisecondPulsars","IllusionStar","AsteroidBelt","Acceleration+1","EventHorizon+1","ShootingEcho+1","PulseMagic","GrandCross+1","StarDustReverie+1","SatelliteIllusion+1","MysteriousBeam+1","OpenUniverse+1","DragonMeteor+1","MagicChant+1"],"relics":["MiniHakkero","testmod-TestBox","DaveBox","REME_ComplimentaryCards","testmod-NegativeEmotionEnhancer","DiscerningMonocle","NeowsBlessing","SynthV:TestCard","FossilizedHelix","REME_HourglassOfDeath","BirthdayGift-Icosahedron","HandmadeGrimoire","Omamori","Prayer Wheel","testmod-BalancedPeriapt","Cauldron","testmod-BatchProcessingSystem","Molten Egg 2","MostiFishMod:AdaptiveDefenses","Potion Belt","SynthV:C4","Quantum Egg","Lizard Tail","Mango","Divine Protection","JellyFishMachine","WingedGreaves","ScarletDevilRocket","SynthV","Ornamental Fan","Replay:Accelerometer","ArrowTower","Singing Bowl","REME_HandOfSuture","ReplayTheSpireMod:Ring of Exchange","InkBottle","conspire:TopHat","MawBank","testmod-Muramasa","testmod-ArcanaOfDestiny","CeramicFish","BirthdayGift-Tetrahedron"],"acts_visited":["Exordium","TheCity","TheBeyond"],"potions_floor_usage":[],"damage_taken":[{"damage":0.0,"enemies":"2 Louse","floor":1.0,"turns":1.0},{"damage":0.0,"enemies":"Cultist","floor":4.0,"turns":1.0},{"damage":0.0,"enemies":"Gremlin Nob","floor":6.0,"turns":1.0},{"damage":8.0,"enemies":"Jaw Worm","floor":7.0,"turns":6.0},{"damage":0.0,"enemies":"Exordium Thugs","floor":11.0,"turns":1.0},{"damage":0.0,"enemies":"3 Louse","floor":12.0,"turns":1.0},{"damage":0.0,"enemies":"Lots of Slimes","floor":14.0,"turns":1.0},{"damage":0.0,"enemies":"Slime Boss","floor":16.0,"turns":5.0},{"damage":0.0,"enemies":"3 Byrds","floor":18.0,"turns":2.0},{"damage":0.0,"enemies":"Chosen","floor":20.0,"turns":2.0},{"damage":0.0,"enemies":"conspire:Head Lice","floor":23.0,"turns":1.0},{"damage":0.0,"enemies":"Centurion and Healer","floor":24.0,"turns":2.0},{"damage":0.0,"enemies":"Book of Stabbing","floor":27.0,"turns":2.0},{"damage":0.0,"enemies":"Colosseum Slavers","floor":28.0,"turns":2.0},{"damage":0.0,"enemies":"Colosseum Nobs","floor":28.0,"turns":2.0},{"damage":0.0,"enemies":"Snecko","floor":29.0,"turns":1.0},{"damage":0.0,"enemies":"Chosen and Byrds","floor":31.0,"turns":2.0},{"damage":0.0,"enemies":"Automaton","floor":33.0,"turns":3.0},{"damage":0,"enemies":"Orb Walker","floor":35,"turns":1},{"damage":0,"enemies":"Giant Head","floor":40,"turns":4},{"damage":0,"enemies":"3 Darklings","floor":41,"turns":1},{"damage":0,"enemies":"Reptomancer","floor":45,"turns":1},{"damage":0,"enemies":"4 Shapes","floor":46,"turns":1},{"damage":0,"enemies":"Nemesis","floor":47,"turns":1},{"damage":0,"enemies":"Replay:Hell Engine","floor":50,"turns":1}],"seed_played":"6642077525985255608","potions_obtained":[{"floor":1.0,"key":"LiquidBronze"},{"floor":4.0,"key":"Weak Potion"},{"floor":28.0,"key":"SkillPotion"}],"is_trial":false,"path_per_floor":["M","?","?","M","?","E","M","R","T","$","M","M","$","M","R","B",null,"M","$","M","?","?","E","M","R","T","E","?","M","?","M","R","B",null,"M","$","$","?","?","E","M","R","T","R","E","M","E","$","R","B",null],"character_chosen":"MARISA","items_purchased":["BirthdayGift-Icosahedron","HandmadeGrimoire","Omamori","IllusionStar","BlessingOfTheForge","Swift Potion","Prayer Wheel","testmod-BalancedPeriapt","Cauldron","Molten Egg 2","MostiFishMod:AdaptiveDefenses","Potion Belt","FairyPotion","Strength Potion","WingedGreaves","ScarletDevilRocket","MysteriousBeam+1","SynthV","Ornamental Fan","Replay:Accelerometer","testmod-ArcanaOfDestiny","CeramicFish","BirthdayGift-Tetrahedron"],"campfire_rested":0,"item_purchase_floors":[10,10,10,10,10,10,13,13,13,19,19,19,19,19,36,36,36,37,37,37,48,48,48],"current_hp_per_floor":[66,66,66,68,68,70,64,64,64,64,68,73,73,76,76,76,76,76,76,76,76,76,76,76,76,76,76,76,76,72,76,76,76,76,76,76,76,76,76,76,76,76,76,76,76,76,76,76,76,76],"gold":1022,"neow_bonus":"THREE_ENEMY_KILL","is_daily":false,"chose_seed":false,"campfire_upgraded":7,"win_rate":0.0,"timestamp":1613639987,"path_taken":["M","?","?","?","?","E","M","R","T","$","M","M","$","M","R","BOSS","M","$","M","?","?","E","?","R","T","E","?","M","?","?","R","BOSS","M","$","$","?","?","E","M","R","T","R","E","M","E","$","R","BOSS"],"items_purchased_type":["Relic","Relic","Relic","Card","Potion","Potion","Relic","Relic","Relic","Relic","Relic","Relic","Potion","Potion","Relic","Relic","Card","Relic","Relic","Relic","Relic","Relic","Relic"],"build_version":"2020-12-22","purchased_purges":6,"victory":true,"max_hp_per_floor":[71,71,71,72,72,73,74,74,74,74,75,76,76,76,76,76,76,76,76,76,76,76,76,76,76,76,76,76,76,76,76,76,76,76,76,76,76,76,76,76,76,76,76,76,76,76,76,76,76,76],"relic_stats":{"Lizard Tail":0,"Singing Bowl":8,"counters":[25,45],"Ornamental Fan":[64],"CeramicFish":0,"Prayer Wheel":10,"MawBank":36,"obtain_stats":[{"Divine Protection":28,"Replay:Accelerometer":37,"ReplayTheSpireMod:Ring of Exchange":39,"ScarletDevilRocket":36,"DaveBox":0,"Singing Bowl":38,"DiscerningMonocle":0,"SynthV":37,"CeramicFish":48,"testmod-BatchProcessingSystem":17,"MostiFishMod:AdaptiveDefenses":19,"Mango":28,"testmod-NegativeEmotionEnhancer":0,"BirthdayGift-Icosahedron":10,"SynthV:C4":23,"conspire:TopHat":43,"Lizard Tail":27,"Sundial":47,"Prayer Wheel":13,"WingedGreaves":36,"HandmadeGrimoire":10,"InkBottle":40,"testmod-ArcanaOfDestiny":48,"BirthdayGift-Tetrahedron":48,"Potion Belt":19,"testmod-Muramasa":47,"testmod-TestBox":0,"NeowsBlessing":0,"JellyFishMachine":34,"Quantum Egg":26,"Omamori":10,"MawBank":45,"Calling Bell":38,"Cauldron":13,"SynthV:TestCard":1,"REME_HourglassOfDeath":9,"Ornamental Fan":37,"Molten Egg 2":19,"REME_HandOfSuture":38,"MiniHakkero":0,"testmod-BalancedPeriapt":13,"ArrowTower":38,"FossilizedHelix":6,"REME_ComplimentaryCards":0},{"Divine Protection":15,"Replay:Accelerometer":19,"ReplayTheSpireMod:Ring of Exchange":19,"ScarletDevilRocket":19,"DaveBox":0,"Singing Bowl":19,"DiscerningMonocle":0,"SynthV":19,"CeramicFish":24,"testmod-BatchProcessingSystem":8,"MostiFishMod:AdaptiveDefenses":9,"Mango":15,"testmod-NegativeEmotionEnhancer":0,"BirthdayGift-Icosahedron":4,"SynthV:C4":11,"conspire:TopHat":21,"Lizard Tail":13,"Sundial":24,"Prayer Wheel":6,"WingedGreaves":19,"HandmadeGrimoire":4,"InkBottle":20,"testmod-ArcanaOfDestiny":24,"BirthdayGift-Tetrahedron":24,"Potion Belt":9,"testmod-Muramasa":24,"testmod-TestBox":0,"NeowsBlessing":0,"JellyFishMachine":18,"Quantum Egg":12,"Omamori":4,"MawBank":22,"Calling Bell":19,"Cauldron":6,"SynthV:TestCard":1,"REME_HourglassOfDeath":4,"Ornamental Fan":19,"Molten Egg 2":9,"REME_HandOfSuture":19,"MiniHakkero":0,"testmod-BalancedPeriapt":6,"ArrowTower":19,"FossilizedHelix":3,"REME_ComplimentaryCards":0},{"Divine Protection":29,"Replay:Accelerometer":36,"ReplayTheSpireMod:Ring of Exchange":36,"ScarletDevilRocket":36,"DaveBox":0,"Singing Bowl":36,"DiscerningMonocle":0,"SynthV":36,"CeramicFish":44,"testmod-BatchProcessingSystem":17,"MostiFishMod:AdaptiveDefenses":19,"Mango":29,"testmod-NegativeEmotionEnhancer":0,"BirthdayGift-Icosahedron":9,"SynthV:C4":22,"conspire:TopHat":41,"Lizard Tail":25,"Sundial":44,"Prayer Wheel":11,"WingedGreaves":36,"HandmadeGrimoire":9,"InkBottle":40,"testmod-ArcanaOfDestiny":44,"BirthdayGift-Tetrahedron":44,"Potion Belt":19,"testmod-Muramasa":44,"testmod-TestBox":0,"NeowsBlessing":0,"JellyFishMachine":35,"Quantum Egg":23,"Omamori":9,"MawBank":42,"Calling Bell":36,"Cauldron":11,"SynthV:TestCard":1,"REME_HourglassOfDeath":9,"Ornamental Fan":36,"Molten Egg 2":19,"REME_HandOfSuture":36,"MiniHakkero":0,"testmod-BalancedPeriapt":11,"ArrowTower":36,"FossilizedHelix":3,"REME_ComplimentaryCards":0}],"InkBottle":[9]},"card_choices":[{"not_picked":["ChargingUp","ShootingEcho"],"picked":"Orbital","floor":1.0},{"not_picked":["LuminesStrike","Robbery","DC","MilkyWay"],"picked":"GalacticHalo","floor":4.0},{"not_picked":["IllusionStar","NonDirectionalLaser","Robbery","Acceleration"],"picked":"DarkMatter","floor":5.0},{"not_picked":["EnergyFlow","FairyDestructionRay","ManaRampage","BlazeAway"],"picked":"MillisecondPulsars","floor":6.0},{"not_picked":["MilkyWay","WitchOfGreed","IllusionStar","WitchLeyline"],"picked":"GrandCross","floor":7.0},{"not_picked":["WitchOfGreed","GalacticHalo","OpenUniverse","Occultation"],"picked":"AsteroidBelt","floor":11.0},{"not_picked":["Singularity","GrandCross","6A","WitchOfGreed"],"picked":"Acceleration","floor":12.0},{"not_picked":["EscapeVelocity","ShootingEcho","Acceleration","NonDirectionalLaser"],"picked":"EventHorizon","floor":14.0},{"not_picked":["RefractionSpark","NonDirectionalLaser","SporeBomb","DarkMatter","OortCloud"],"picked":"SKIP","floor":14.0},{"not_picked":["MeteoricShower+1","EnergyRecoil","LuminesStrike","BlazeAway"],"picked":"ShootingEcho+1","floor":18.0},{"not_picked":["WitchOfGreed","IllusionStar","UnstableBomb","DC","PropBag+1"],"picked":"SKIP","floor":18.0},{"not_picked":["GalacticHalo","IllusionStar","WitchOfGreed","GravityBeat+1"],"picked":"PulseMagic","floor":20.0},{"not_picked":["AsteroidBelt","Orbital","FinalSpark+1","EnergyRecoil","Acceleration"],"picked":"SKIP","floor":20.0},{"not_picked":["StarBarrage+1","DC+1","LuminesStrike+1","PowerUp"],"picked":"GrandCross+1","floor":23.0},{"not_picked":["GravityBeat+1","GrandCross+1","MeteoricShower+1","StarlightTyphoon"],"picked":"StarDustReverie","floor":24.0},{"not_picked":["StarlightTyphoon","BlazeAway","WitchLeyline+1","OortCloud","PowerUp"],"picked":"SKIP","floor":24.0},{"not_picked":["StarlightTyphoon+1","ShootingEcho+1","DeepEcoloBomb+1","MaximisePower","UnstableBomb+1"],"picked":"SKIP","floor":27.0},{"not_picked":["Occultation","GalacticHalo","Robbery+1","DC+1"],"picked":"SatelliteIllusion","floor":29.0},{"not_picked":["GalacticHalo","EnergyFlow","Orbital","NonDirectionalLaser+1","ManaConvection"],"picked":"SKIP","floor":29.0},{"not_picked":["UnstableBomb+1","OrrerysSun","SporeBomb","ChargeUpSpray+1","Orbital"],"picked":"SKIP","floor":31.0},{"not_picked":["OrrerysSun","LuminesStrike+1","MysteriousBeam+1","PowerUp","6A+1"],"picked":"SKIP","floor":31.0},{"not_picked":["MilkyWay","AsteroidBelt","NonDirectionalLaser+1","6A+1","DC+1"],"picked":"SKIP","floor":35},{"not_picked":["6A+1","UnstableBomb+1","PropBag+1","GrandCross+1","EscapeVelocity"],"picked":"SKIP","floor":35},{"not_picked":["MysteriousBeam+1","GrandCross+1","Robbery+1","MaximisePower","GalacticHalo"],"picked":"Singing Bowl","floor":40},{"not_picked":["RefractionSpark+1","DoubleSpark+1","MilkyWay","GrandCross+1","StarBarrage+1"],"picked":"Singing Bowl","floor":41},{"not_picked":["GravityBeat+1","DarkSpark+1","MilkyWay","Robbery+1"],"picked":"OpenUniverse","floor":41},{"not_picked":["RefractionSpark+1","PulseMagic","Singularity","IllusionStar+1"],"picked":"DragonMeteor+1","floor":45},{"not_picked":["ShootingEcho+1","Robbery+1","6A+1","MilkyWay+1"],"picked":"MagicChant","floor":46},{"not_picked":["PowerUp","DoubleSpark+1","Singularity","MilkyWay","WitchLeyline+1"],"picked":"Singing Bowl","floor":46},{"not_picked":["AbsoluteMagnitude+1","Orbital","MillisecondPulsars","MysteriousBeam+1","FairyDestructionRay+1"],"picked":"Singing Bowl","floor":47}],"player_experience":509875,"relics_obtained":[{"floor":1.0,"key":"SynthV:TestCard"},{"floor":6.0,"key":"FossilizedHelix"},{"floor":9.0,"key":"REME_HourglassOfDeath"},{"floor":23.0,"key":"SynthV:C4"},{"floor":26.0,"key":"Quantum Egg"},{"floor":27.0,"key":"Lizard Tail"},{"floor":28.0,"key":"Mango"},{"floor":28.0,"key":"Divine Protection"},{"floor":38,"key":"ArrowTower"},{"floor":38,"key":"Singing Bowl"},{"floor":38,"key":"REME_HandOfSuture"},{"floor":39,"key":"ReplayTheSpireMod:Ring of Exchange"},{"floor":40,"key":"InkBottle"},{"floor":43,"key":"conspire:TopHat"},{"floor":45,"key":"MawBank"},{"floor":47,"key":"testmod-Muramasa"}],"event_choices":[{"damage_healed":0.0,"max_hp_gain":0.0,"max_hp_loss":0.0,"gold_gain":0.0,"event_name":"Liars Game","player_choice":"Ignored","floor":2.0,"gold_loss":0.0,"damage_taken":0.0},{"damage_healed":0.0,"max_hp_gain":0.0,"max_hp_loss":0.0,"gold_gain":0.0,"event_name":"Upgrade Shrine","player_choice":"Upgraded","floor":3.0,"gold_loss":0.0,"damage_taken":0.0,"cards_upgraded":["MostiFishMod:Hijack"]},{"damage_healed":0.0,"max_hp_gain":0.0,"max_hp_loss":0.0,"gold_gain":0.0,"event_name":"Ghosts","player_choice":"Ignored","floor":21.0,"gold_loss":0.0,"damage_taken":0.0},{"cards_removed":["GalacticHalo"],"damage_healed":5.0,"max_hp_gain":0.0,"max_hp_loss":0.0,"gold_gain":0.0,"event_name":"Bonfire Elementals","player_choice":"Offered Common","floor":22.0,"gold_loss":0.0,"damage_taken":0.0},{"cards_removed":["GalacticHalo"],"damage_healed":5.0,"max_hp_gain":0.0,"max_hp_loss":0.0,"gold_gain":0.0,"event_name":"Bonfire Elementals","player_choice":"Offered Special","floor":22.0,"gold_loss":0.0,"damage_taken":0.0},{"damage_healed":0.0,"max_hp_gain":0.0,"max_hp_loss":0.0,"gold_gain":0.0,"event_name":"Colosseum","player_choice":"Fight","floor":28.0,"gold_loss":0.0,"damage_taken":0.0},{"damage_healed":0.0,"max_hp_gain":0.0,"max_hp_loss":0.0,"gold_gain":0.0,"event_name":"Colosseum","player_choice":"Fought Nobs","floor":28.0,"gold_loss":0.0,"damage_taken":0.0},{"damage_healed":0.0,"max_hp_gain":0.0,"max_hp_loss":0.0,"gold_gain":0.0,"event_name":"conspire:Investor","player_choice":"Leave","floor":30.0,"gold_loss":0.0,"damage_taken":0.0},{"damage_healed":0,"gold_gain":0,"player_choice":"Swap Relic","damage_taken":0,"relics_obtained":["Calling Bell"],"max_hp_gain":0,"max_hp_loss":0,"event_name":"给自己的盒子","floor":38,"relics_lost":["Calling Bell"],"gold_loss":0}],"is_beta":false,"boss_relics":[{"not_picked":["ExusiaiGun","energizedSpire:DeadBattery"],"picked":"testmod-BatchProcessingSystem"},{"not_picked":["Honey Jar","energizedSpire:EnergizedDie"],"picked":"JellyFishMachine"}],"items_purged_floors":[10,13,19,36,37,48],"is_endless":false,"potions_floor_spawned":[1,4,7,12,20,28,28,29,31,41,46],"ascension_level":16}}