{"host":"15dd7v8o90xso62x","time":1613677531,"event":{"mods":["BaseMod","Minty Spire (QoL Compilation)","Quick Restart","StSLib","SuperFastMode"],"gold_per_floor":[116,130,130,150,200,228,239,273,300,326,326,357,372,396,396,469,469,469,469],"floor_reached":18,"language":"KOR","playtime":533,"items_purged":[],"score":530,"play_id":"c65cb586-c46e-4490-b4de-3040a8371f77","local_time":"20210219044531","is_ascension_mode":true,"campfire_choices":[{"data":"Envenom","floor":11.0,"key":"SMITH"},{"data":"Cloak And Dagger","floor":15.0,"key":"SMITH"}],"circlet_count":0,"master_deck":["AscendersBane","Survivor","Neutralize","Unload","Blade Dance+1","Dagger Spray","Masterful Stab","Envenom+1","Catalyst","Cloak And Dagger+1","Night Terror","Doppelganger","Terror","Choke","Bouncing Flask","Bane","Eviscerate","Infinite Blades","Wraith Form v2","Blur","Finisher"],"relics":["Ring of the Snake","PreservedInsect","MealTicket","Tiny Chest","Strawberry","War Paint","Pen Nib","Pandora\u0027s Box"],"acts_visited":["Exordium","TheCity"],"potions_floor_usage":[16,16],"damage_taken":[{"damage":4.0,"enemies":"Small Slimes","floor":1.0,"turns":4.0},{"damage":0.0,"enemies":"Cultist","floor":2.0,"turns":3.0},{"damage":0.0,"enemies":"2 Louse","floor":4.0,"turns":2.0},{"damage":0.0,"enemies":"3 Sentries","floor":6.0,"turns":6.0},{"damage":11.0,"enemies":"Exordium Thugs","floor":7.0,"turns":4.0},{"damage":0.0,"enemies":"Gremlin Nob","floor":8.0,"turns":2.0},{"damage":0.0,"enemies":"3 Sentries","floor":10.0,"turns":4.0},{"damage":10.0,"enemies":"Gremlin Nob","floor":12.0,"turns":3.0},{"damage":0.0,"enemies":"2 Fungi Beasts","floor":13.0,"turns":2.0},{"damage":18,"enemies":"Slime Boss","floor":16,"turns":8},{"damage":24,"enemies":"Shell Parasite","floor":18,"turns":3}],"seed_played":"-6987899312798062063","potions_obtained":[{"floor":3.0,"key":"LiquidBronze"},{"floor":3.0,"key":"Block Potion"},{"floor":4.0,"key":"Block Potion"},{"floor":6.0,"key":"Explosive Potion"},{"floor":8.0,"key":"Energy Potion"},{"floor":12.0,"key":"SpeedPotion"},{"floor":13.0,"key":"CunningPotion"}],"is_trial":false,"path_per_floor":["M","M","?","M","?","E","M","E","T","E","R","E","M","T","R","B",null,"M"],"character_chosen":"THE_SILENT","items_purchased":[],"campfire_rested":0,"item_purchase_floors":[],"current_hp_per_floor":[55,55,55,55,55,55,44,44,44,51,51,41,41,41,41,23,61,37,37],"gold":469,"neow_bonus":"ONE_RANDOM_RARE_CARD","is_daily":false,"chose_seed":false,"campfire_upgraded":2,"win_rate":0.0,"timestamp":1613677531,"path_taken":["M","M","?","?","?","E","M","E","T","E","R","E","M","?","R","BOSS","M"],"items_purchased_type":[],"build_version":"2020-12-22","purchased_purges":0,"victory":false,"max_hp_per_floor":[66,66,66,66,66,66,66,66,66,73,73,73,73,73,73,73,73,73,73],"card_choices":[{"not_picked":["Backflip","Deflect"],"picked":"Blade Dance","floor":1.0},{"not_picked":["Caltrops","Acrobatics"],"picked":"Dagger Spray","floor":2.0},{"not_picked":["Underhanded Strike","Backflip"],"picked":"Masterful Stab","floor":4.0},{"not_picked":["Dagger Spray","Endless Agony","Blade Dance"],"picked":"SKIP","floor":6.0},{"not_picked":["Setup","Dodge and Roll","Backflip"],"picked":"SKIP","floor":7.0},{"not_picked":["Infinite Blades","Choke"],"picked":"Envenom","floor":8.0},{"not_picked":["Endless Agony","Flying Knee"],"picked":"Catalyst","floor":10.0},{"not_picked":["Prepared","Setup"],"picked":"Cloak And Dagger","floor":12.0},{"not_picked":["Acrobatics","Quick Slash","Choke"],"picked":"SKIP","floor":13.0},{"not_picked":["Tools of the Trade","Storm of Steel"],"picked":"Night Terror","floor":16}],"player_experience":956277,"relics_obtained":[{"floor":6.0,"key":"PreservedInsect"},{"floor":8.0,"key":"MealTicket"},{"floor":9.0,"key":"Tiny Chest"},{"floor":10.0,"key":"Strawberry"},{"floor":12.0,"key":"War Paint"},{"floor":14.0,"key":"Pen Nib"}],"event_choices":[{"damage_healed":0.0,"max_hp_gain":0.0,"max_hp_loss":0.0,"gold_gain":0.0,"event_name":"Lab","player_choice":"Got Potions","floor":3.0,"gold_loss":0.0,"damage_taken":0.0},{"damage_healed":0.0,"max_hp_gain":0.0,"max_hp_loss":0.0,"gold_gain":50.0,"event_name":"Golden Shrine","player_choice":"Pray","floor":5.0,"gold_loss":0.0,"damage_taken":0.0}],"is_beta":false,"boss_relics":[{"not_picked":["Tiny House","Astrolabe"],"picked":"Pandora\u0027s Box"}],"items_purged_floors":[],"is_endless":false,"potions_floor_spawned":[4,6,8,12,13],"killed_by":"Shell Parasite","ascension_level":20}}