{"host":"sxnl403xm2xmiyj1","time":1613651508,"event":{"mods":["BaseMod","Colored Map","Keyboard Shortcuts","Koishi","Minty Spire (QoL Compilation)","Quick Restart","StSLib","SuperFastMode"],"gold_per_floor":[109,109,109,109,39,39,82,95,121,154,178,201,201,215,215,346,346,359,63,78,121,121,121,160,160,185,210,230,6,39,63,63,194,194,207,18,32,32,32,70,70,94,94,162,202,202,217,235,235,235,235,235,92,132,132],"floor_reached":56,"language":"KOR","playtime":1831,"items_purged":["Koishi:BasicStrike","Koishi:BasicDefend"],"score":2318,"play_id":"edebede9-6eda-4b19-8fac-fbacc880d79b","local_time":"20210218213148","is_ascension_mode":true,"campfire_choices":[{"data":"Koishi:Untouchable","floor":6.0,"key":"SMITH"},{"data":"Koishi:FreudianInstinct","floor":13.0,"key":"SMITH"},{"data":"Koishi:SubterraneanRose","floor":15.0,"key":"SMITH"},{"data":"Apotheosis","floor":23.0,"key":"SMITH"},{"data":"Koishi:Untouchable","floor":32,"key":"SMITH"},{"data":"Koishi:SubterraneanRose","floor":41,"key":"SMITH"},{"data":"Koishi:GhostParty","floor":46,"key":"SMITH"},{"floor":49,"key":"RECALL"},{"data":"Koishi:JumpScare","floor":52,"key":"SMITH"}],"circlet_count":0,"master_deck":["AscendersBane","Koishi:BasicDefend+1","Koishi:Provoke+1","Koishi:HauntingSlash+1","Koishi:UnconsciousUprising+1","Koishi:Untouchable+1","Koishi:SubterraneanRose+1","Koishi:SpiritedAway+1","Koishi:PhantomStrike+1","Koishi:StrangeCloudFist+1","Koishi:FreudianInstinct+1","Koishi:UnseenTerror+1","Koishi:SilentAndRestless+1","Koishi:BramblyRoseGarden+1","Koishi:VengefulSpirit+1","Apotheosis+1","Koishi:UnconsciousUprising+1","Koishi:PhantomBarrier+1","Koishi:FleetingPhantom+1","Koishi:FormlessExistence+1","Koishi:Untouchable+1","Koishi:IdleWhim+1","Koishi:PhantomBarrier+1","Koishi:FreudianInstinct+1","Koishi:Vanish+1","Koishi:PhantomStrike+1","Koishi:PhantomStrike+1","Koishi:MentalBreakdown+1","Koishi:SubconsciousSweep+1","Koishi:FleetingPhantom+1","Koishi:GrowingPain+1","Koishi:Untouchable+1","Koishi:SubterraneanRose+1","Koishi:BramblyRoseGarden+1","Koishi:SubterraneanRose+1","Koishi:GhostParty+1","Koishi:BramblyRoseGarden+1","Koishi:JumpScare+1","Koishi:ParalyzingFear+1"],"relics":["Koishi:ImaginaryFriend","NeowsBlessing","Golden Idol","Koishi:BloodstainedWhiteRose","Ancient Tea Set","Centennial Puzzle","Coffee Dripper","Red Mask","Omamori","Anchor","Unceasing Top","Astrolabe","Mark of the Bloom","Letter Opener","FossilizedHelix","Lantern","Koishi:AHoleWhereASisterShouldBe","Pear"],"acts_visited":["Exordium","TheCity","TheBeyond","TheEnding"],"potions_floor_usage":[30,45],"damage_taken":[{"damage":0.0,"enemies":"2 Louse","floor":1.0,"turns":2.0},{"damage":0.0,"enemies":"Lagavulin","floor":7.0,"turns":2.0},{"damage":0.0,"enemies":"Small Slimes","floor":8.0,"turns":1.0},{"damage":4.0,"enemies":"Gremlin Nob","floor":10.0,"turns":6.0},{"damage":0.0,"enemies":"Cultist","floor":11.0,"turns":4.0},{"damage":12.0,"enemies":"3 Louse","floor":12.0,"turns":5.0},{"damage":2.0,"enemies":"Large Slime","floor":14.0,"turns":6.0},{"damage":0.0,"enemies":"Hexaghost","floor":16.0,"turns":11.0},{"damage":11.0,"enemies":"Shell Parasite","floor":18.0,"turns":7.0},{"damage":11.0,"enemies":"Spheric Guardian","floor":20.0,"turns":5.0},{"damage":16.0,"enemies":"Masked Bandits","floor":21.0,"turns":6.0},{"damage":21.0,"enemies":"Slavers","floor":24.0,"turns":5.0},{"damage":3.0,"enemies":"Snake Plant","floor":27.0,"turns":5.0},{"damage":0.0,"enemies":"Snecko","floor":28.0,"turns":4.0},{"damage":5,"enemies":"Gremlin Leader","floor":30,"turns":9},{"damage":1,"enemies":"Sentry and Sphere","floor":31,"turns":6},{"damage":0,"enemies":"Automaton","floor":33,"turns":15},{"damage":0,"enemies":"3 Darklings","floor":35,"turns":7},{"damage":4,"enemies":"Orb Walker","floor":37,"turns":5},{"damage":0,"enemies":"Giant Head","floor":40,"turns":12},{"damage":12,"enemies":"Jaw Worm Horde","floor":42,"turns":6},{"damage":0,"enemies":"2 Orb Walkers","floor":44,"turns":7},{"damage":0,"enemies":"Nemesis","floor":45,"turns":12},{"damage":0,"enemies":"Maw","floor":47,"turns":7},{"damage":0,"enemies":"3 Darklings","floor":48,"turns":4},{"damage":0,"enemies":"Donu and Deca","floor":50,"turns":7},{"damage":0,"enemies":"Shield and Spear","floor":54,"turns":10},{"damage":14,"enemies":"The Heart","floor":55,"turns":12}],"seed_played":"-6178723038915679071","potions_obtained":[{"floor":7.0,"key":"EntropicBrew"},{"floor":10.0,"key":"SpeedPotion"},{"floor":21.0,"key":"FearPotion"},{"floor":24.0,"key":"Regen Potion"},{"floor":27.0,"key":"FairyPotion"},{"floor":28.0,"key":"PowerPotion"},{"floor":37,"key":"SkillPotion"},{"floor":45,"key":"Fruit Juice"}],"is_trial":false,"path_per_floor":["M","?","?","?","$","R","E","M","T","E","M","M","R","M","R","B",null,"M","$","M","?","?","R","E","?","T","M","M","$","E","M","R","B",null,"M","$","M","?","?","E","R","M","T","?","E","R","M","M","R","B",null,"R","$","E","B",null],"character_chosen":"KOISHI","items_purchased":["Koishi:Untouchable","Koishi:VengefulSpirit","Apotheosis","Koishi:UnconsciousUprising","Koishi:FreudianInstinct","Koishi:Vanish","Koishi:Untouchable","Koishi:SubterraneanRose","Koishi:AHoleWhereASisterShouldBe"],"campfire_rested":0,"item_purchase_floors":[5,19,19,19,29,29,36,36,53],"current_hp_per_floor":[54,42,27,20,20,20,21,24,24,26,30,23,23,26,26,33,53,51,51,40,30,30,30,13,13,13,30,30,30,30,29,29,32,53,58,58,54,54,54,54,54,42,42,42,42,42,42,42,42,42,42,42,42,42,28],"gold":132,"neow_bonus":"THREE_ENEMY_KILL","is_daily":false,"chose_seed":false,"campfire_upgraded":8,"win_rate":0.0,"timestamp":1613651508,"path_taken":["M","?","?","?","?","R","E","M","T","E","M","?","R","M","R","BOSS","M","$","M","?","?","R","E","?","T","?","M","?","E","M","R","BOSS","M","$","M","?","?","E","R","M","T","?","E","R","M","M","R","BOSS","R","$","E","BOSS"],"items_purchased_type":["Card","Card","Card","Card","Card","Card","Card","Card","Relic"],"build_version":"2020-12-22","purchased_purges":2,"victory":true,"max_hp_per_floor":[60,60,60,60,60,60,60,60,60,60,60,60,60,60,60,60,60,60,60,60,60,60,60,60,60,60,60,60,60,60,60,60,60,60,60,60,60,60,60,60,60,60,60,60,65,65,65,65,65,65,65,65,65,75,75],"card_choices":[{"not_picked":["Koishi:SubterraneanRose","Koishi:SubconsciousSweep"],"picked":"Koishi:UnconsciousUprising","floor":1.0},{"not_picked":["Koishi:ReflexRadar","Koishi:PhantomStrike"],"picked":"Koishi:SubterraneanRose","floor":7.0},{"not_picked":["Koishi:StingingMind","Koishi:EmbryosDream"],"picked":"Koishi:SpiritedAway","floor":8.0},{"not_picked":["Koishi:UnconsciousUprising","Koishi:TraumaticStroke"],"picked":"Koishi:PhantomStrike","floor":10.0},{"not_picked":["Koishi:PhantomBarrier","Koishi:UnansweredLove"],"picked":"Koishi:StrangeCloudFist","floor":11.0},{"not_picked":["Koishi:TremblingHands","Koishi:ParalyzingFear"],"picked":"Koishi:FreudianInstinct","floor":12.0},{"not_picked":["Koishi:SpiritedAway","Koishi:DNAsFlaw"],"picked":"Koishi:UnseenTerror","floor":14.0},{"not_picked":["Koishi:ConfinedInnocent","Koishi:HeartStoppingHorror"],"picked":"Koishi:SilentAndRestless","floor":16.0},{"not_picked":["Koishi:UnconsciousUprising","Koishi:Untouchable"],"picked":"Koishi:BramblyRoseGarden","floor":18.0},{"not_picked":["Koishi:FourthEye","Koishi:JumpScare"],"picked":"Koishi:PhantomBarrier","floor":20.0},{"not_picked":["Koishi:SpiritedAway","Koishi:CatchAndRose"],"picked":"Koishi:FleetingPhantom","floor":21.0},{"not_picked":["Koishi:Possession","Koishi:ReleaseOfTheId"],"picked":"Koishi:Untouchable","floor":24.0},{"not_picked":["Koishi:RorschachInDanmaku","Koishi:PhilosophyOfTheDespised"],"picked":"Koishi:IdleWhim","floor":27.0},{"not_picked":["Koishi:PerfectMindControl","Koishi:DreadfulBlow+1"],"picked":"Koishi:PhantomBarrier","floor":28.0},{"not_picked":["Koishi:FleetingPhantom","Koishi:Prune"],"picked":"Koishi:PhantomStrike","floor":30},{"not_picked":["Koishi:Whimsy","Koishi:UnansweredLove"],"picked":"Koishi:PhantomStrike+1","floor":31},{"not_picked":["Koishi:ConditionedTeleport","Koishi:SuperEgo"],"picked":"Koishi:MentalBreakdown","floor":33},{"not_picked":["Koishi:SubconsciousSweep","Koishi:DNAsFlaw","Koishi:RacingHeart"],"picked":"SKIP","floor":35},{"not_picked":["Koishi:RorschachInDanmaku+1","Koishi:StrangeCloudFist"],"picked":"Koishi:BramblyRoseGarden","floor":37},{"not_picked":["Koishi:ConfinedInnocent","Koishi:PhantomStrike"],"picked":"Koishi:SubterraneanRose","floor":40},{"not_picked":["Koishi:PhantomStrike","Koishi:ReflexRadar+1"],"picked":"Koishi:GhostParty","floor":42},{"not_picked":["Koishi:EmbersOfLove","Koishi:SubterraneanRose+1"],"picked":"Koishi:BramblyRoseGarden+1","floor":44},{"not_picked":["Koishi:DreadfulBlow+1","Koishi:StingingMind+1"],"picked":"Koishi:JumpScare","floor":45},{"not_picked":["Koishi:EmbryosDream+1","Koishi:HeartfeltFancy+1"],"picked":"Koishi:ParalyzingFear+1","floor":47},{"not_picked":["Koishi:EmbryosDream","Koishi:Jaunt+1","Koishi:SubconsciousSweep"],"picked":"SKIP","floor":48},{"not_picked":["Koishi:Catatonia","Koishi:FourthEye","Koishi:HeartfeltFancy"],"picked":"SKIP","floor":54}],"player_experience":266167,"relics_obtained":[{"floor":7.0,"key":"Koishi:BloodstainedWhiteRose"},{"floor":9.0,"key":"Ancient Tea Set"},{"floor":10.0,"key":"Centennial Puzzle"},{"floor":21.0,"key":"Red Mask"},{"floor":24.0,"key":"Omamori"},{"floor":26.0,"key":"Anchor"},{"floor":30,"key":"Unceasing Top"},{"floor":40,"key":"Letter Opener"},{"floor":44,"key":"FossilizedHelix"},{"floor":45,"key":"Lantern"},{"floor":54,"key":"Pear"}],"event_choices":[{"damage_healed":0.0,"max_hp_gain":0.0,"max_hp_loss":0.0,"gold_gain":0.0,"event_name":"Shining Light","player_choice":"Entered Light","floor":2.0,"gold_loss":0.0,"damage_taken":12.0,"cards_upgraded":["Koishi:UnconsciousUprising","Koishi:Provoke"]},{"damage_healed":0.0,"max_hp_gain":0.0,"max_hp_loss":0.0,"gold_gain":0.0,"event_name":"Golden Idol","player_choice":"Take Damage","floor":3.0,"gold_loss":0.0,"damage_taken":15.0,"relics_obtained":["Golden Idol"]},{"cards_removed":["Koishi:BasicDefend"],"damage_healed":0.0,"max_hp_gain":0.0,"max_hp_loss":0.0,"gold_gain":0.0,"event_name":"Golden Wing","player_choice":"Card Removal","floor":4.0,"gold_loss":0.0,"damage_taken":7.0},{"damage_healed":0.0,"max_hp_gain":0.0,"max_hp_loss":0.0,"gold_gain":0.0,"event_name":"Masked Bandits","player_choice":"Fought Bandits","floor":21.0,"gold_loss":0.0,"damage_taken":0.0},{"damage_healed":0.0,"max_hp_gain":0.0,"max_hp_loss":0.0,"gold_gain":0.0,"event_name":"The Library","player_choice":"Read","floor":22.0,"gold_loss":0.0,"damage_taken":0.0,"cards_obtained":["Koishi:FormlessExistence"]},{"damage_healed":0.0,"max_hp_gain":0.0,"max_hp_loss":0.0,"gold_gain":0.0,"event_name":"Lab","player_choice":"Got Potions","floor":25.0,"gold_loss":0.0,"damage_taken":0.0},{"cards_removed":["Koishi:BasicDefend"],"damage_healed":0,"gold_gain":0,"player_choice":"Removed Skill","damage_taken":0,"max_hp_gain":0,"max_hp_loss":0,"event_name":"Falling","floor":38,"gold_loss":0},{"damage_healed":0,"gold_gain":0,"player_choice":"Upgrade","damage_taken":0,"relics_obtained":["Mark of the Bloom"],"max_hp_gain":0,"max_hp_loss":0,"event_name":"MindBloom","floor":39,"gold_loss":0,"cards_upgraded":["Koishi:BasicDefend","Koishi:HauntingSlash","Koishi:SpiritedAway","Koishi:PhantomStrike","Koishi:StrangeCloudFist","Koishi:UnseenTerror","Koishi:SilentAndRestless","Koishi:BramblyRoseGarden","Koishi:VengefulSpirit","Koishi:UnconsciousUprising","Koishi:PhantomBarrier","Koishi:FleetingPhantom","Koishi:FormlessExistence","Koishi:IdleWhim","Koishi:PhantomBarrier","Koishi:FreudianInstinct","Koishi:Vanish","Koishi:PhantomStrike","Koishi:MentalBreakdown","Koishi:Untouchable","Koishi:SubterraneanRose","Koishi:BramblyRoseGarden"]},{"damage_healed":0,"gold_gain":0,"player_choice":"Fight","damage_taken":0,"max_hp_gain":0,"max_hp_loss":0,"event_name":"Mysterious Sphere","floor":44,"gold_loss":0}],"is_beta":false,"boss_relics":[{"not_picked":["Runic Dome","SlaversCollar"],"picked":"Coffee Dripper"},{"not_picked":["Runic Pyramid","Tiny House"],"picked":"Astrolabe"}],"items_purged_floors":[29,36],"is_endless":false,"potions_floor_spawned":[7,10,12,21,24,27,28,37,40,44,45],"ascension_level":12}}