{"host":"8zow35rkxv448q2r","time":1613688502,"event":{"mods":["AchievementEnabler","BaseMod","Colored Map","Colored Powertips","Minty Spire (QoL Compilation)","Relic Stats"],"gold_per_floor":[117,117,132,150,999014,999042,999060,998241,998267,997477,997505,997505,997522,997550,997550,997625,997625,997642,996797,996813,996206,996206,996232,996232,996264,996264,996264,996264,996281,996381,995885,995885,995962,995962,995976,996001,996019,995101,995101,994340,994394,994421,994421,994448,994458,994477,994512,994527,994527,994527,994527,994527,993780,993805,993805],"floor_reached":56,"language":"ENG","playtime":6415,"items_purged":["Perfected Strike","Limit Break","Exhume"],"score":2354,"play_id":"17683aea-0d7a-40a9-af8f-4e70585cc7e3","local_time":"20210218174822","is_ascension_mode":true,"campfire_choices":[{"floor":12,"key":"RECALL"},{"floor":15,"key":"REST"},{"floor":32,"key":"REST"},{"floor":49,"key":"REST"},{"data":"Demon Form","floor":52,"key":"SMITH"}],"circlet_count":0,"master_deck":["AscendersBane","Bash","Inflame+1","Cleave","Armaments","Headbutt","Magnetism","Spot Weakness","Rupture","Cleave","Barricade","Thunderclap","Anger","Double Tap","Brutality","Combust","Twin Strike+1","Pummel+1","Limit Break+1","Demon Form+1"],"relics":["Velvet Choker","Matryoshka","StoneCalendar","TheAbacus","Toy Ornithopter","ClockworkSouvenir","White Beast Statue","Bottled Lightning","HornCleat","Bag of Marbles","TungstenRod","Cauldron","Akabeko","Strawberry","Odd Mushroom","Pandora\u0027s Box","InkBottle","Turnip","OrangePellets","PrismaticShard","Omamori","Letter Opener","MutagenicStrength","Mummified Hand","Pear","Bag of Preparation","Meat on the Bone","Magic Flower","Kunai","Lantern","Happy Flower","HandDrill","Astrolabe","Ice Cream","Bronze Scales","Frozen Eye","Sundial","PreservedInsect","Mango","Brimstone","Lizard Tail","Ornamental Fan","Frozen Egg 2","Toxic Egg 2","Singing Bowl","Oddly Smooth Stone","Eternal Feather","Strange Spoon","Pantograph"],"acts_visited":["Exordium","TheCity","TheBeyond","TheEnding"],"potions_floor_usage":[6,6,8,10,10,11,16,20,24,33,33,38,41,55,55],"damage_taken":[{"damage":10,"enemies":"2 Louse","floor":1,"turns":3},{"damage":0,"enemies":"Cultist","floor":3,"turns":3},{"damage":1,"enemies":"Small Slimes","floor":4,"turns":3},{"damage":29,"enemies":"Lagavulin","floor":6,"turns":5},{"damage":0,"enemies":"2 Fungi Beasts","floor":7,"turns":2},{"damage":19,"enemies":"Gremlin Nob","floor":11,"turns":4},{"damage":7,"enemies":"3 Louse","floor":13,"turns":2},{"damage":15,"enemies":"The Mushroom Lair","floor":14,"turns":4},{"damage":18,"enemies":"The Guardian","floor":16,"turns":7},{"damage":20,"enemies":"2 Thieves","floor":18,"turns":3},{"damage":0,"enemies":"3 Byrds","floor":20,"turns":3},{"damage":23,"enemies":"Book of Stabbing","floor":23,"turns":3},{"damage":0,"enemies":"Centurion and Healer","floor":24,"turns":1},{"damage":0,"enemies":"Gremlin Leader","floor":25,"turns":3},{"damage":3,"enemies":"Snecko","floor":29,"turns":3},{"damage":12,"enemies":"Colosseum Slavers","floor":30,"turns":2},{"damage":1,"enemies":"Colosseum Nobs","floor":30,"turns":3},{"damage":16,"enemies":"Automaton","floor":33,"turns":5},{"damage":27,"enemies":"3 Shapes","floor":35,"turns":2},{"damage":20,"enemies":"Mind Bloom Boss Battle","floor":36,"turns":4},{"damage":0,"enemies":"3 Darklings","floor":37,"turns":1},{"damage":32,"enemies":"2 Orb Walkers","floor":41,"turns":3},{"damage":0,"enemies":"Reptomancer","floor":42,"turns":1},{"damage":0,"enemies":"Giant Head","floor":44,"turns":3},{"damage":0,"enemies":"Transient","floor":45,"turns":4},{"damage":17,"enemies":"Maw","floor":46,"turns":3},{"damage":16,"enemies":"Nemesis","floor":47,"turns":3},{"damage":0,"enemies":"Sphere and 2 Shapes","floor":48,"turns":2},{"damage":29,"enemies":"Time Eater","floor":50,"turns":5},{"damage":0,"enemies":"Shield and Spear","floor":54,"turns":2},{"damage":90,"enemies":"The Heart","floor":55,"turns":5}],"seed_played":"-4736391874460471454","potions_obtained":[{"floor":3,"key":"SkillPotion"},{"floor":4,"key":"PowerPotion"},{"floor":10,"key":"Fruit Juice"},{"floor":10,"key":"BloodPotion"},{"floor":10,"key":"SmokeBomb"},{"floor":11,"key":"Weak Potion"},{"floor":16,"key":"LiquidBronze"},{"floor":20,"key":"CultistPotion"},{"floor":25,"key":"Strength Potion"},{"floor":33,"key":"SpeedPotion"},{"floor":35,"key":"SteroidPotion"},{"floor":36,"key":"CultistPotion"},{"floor":41,"key":"BlessingOfTheForge"}],"is_trial":false,"path_per_floor":["M","?","M","M","$","E","M","$","T","$","E","R","M","?","R","B",null,"M","$","M","$","?","E","M","E","T","?","?","M","?","$","R","B",null,"M","?","M","$","?","$","?","E","T","E","M","M","E","M","R","B",null,"R","$","E","B",null],"character_chosen":"IRONCLAD","items_purchased":["Headbutt","Matryoshka","StoneCalendar","TheAbacus","Magnetism","ClockworkSouvenir","White Beast Statue","BloodPotion","Weak Potion","Bottled Lightning","Regen Potion","TungstenRod","Cauldron","Akabeko","Rupture","InkBottle","Turnip","OrangePellets","PrismaticShard","Omamori","Letter Opener","Lantern","Happy Flower","HandDrill","Bronze Scales","Frozen Eye","Sundial","Fruit Juice","DuplicationPotion","PreservedInsect","Mango","Brimstone","Demon Form","Oddly Smooth Stone","Eternal Feather","Strange Spoon"],"campfire_rested":3,"item_purchase_floors":[5,5,5,5,5,8,8,8,8,8,10,10,10,10,10,19,19,19,21,21,21,31,31,31,38,38,38,38,38,40,40,40,40,53,53,53],"current_hp_per_floor":[58,58,58,57,57,28,28,48,48,79,72,72,65,50,76,63,81,61,61,66,66,66,43,48,58,58,58,58,55,54,54,83,81,93,66,64,64,74,94,108,84,84,84,84,84,67,71,73,109,80,110,110,110,112,58],"gold":993805,"neow_bonus":"BOSS_RELIC","is_daily":false,"chose_seed":false,"campfire_upgraded":1,"win_rate":0.0,"timestamp":1613688502,"path_taken":["M","?","M","M","$","E","?","$","T","$","E","R","M","?","R","BOSS","M","$","M","$","?","E","M","E","T","?","?","M","?","?","R","BOSS","M","?","M","$","?","$","?","E","T","E","?","M","E","M","R","BOSS","R","$","E","BOSS"],"items_purchased_type":["Card","Relic","Relic","Relic","Card","Relic","Relic","Potion","Potion","Relic","Potion","Relic","Relic","Relic","Card","Relic","Relic","Relic","Relic","Relic","Relic","Relic","Relic","Relic","Relic","Relic","Relic","Potion","Potion","Relic","Relic","Relic","Card","Relic","Relic","Relic"],"build_version":"2020-12-22","purchased_purges":3,"victory":true,"max_hp_per_floor":[75,75,75,75,75,75,75,75,75,80,87,87,87,87,87,87,87,87,87,87,87,87,87,87,97,97,97,97,97,97,97,97,97,97,97,97,97,102,102,116,116,116,116,116,116,116,118,120,120,120,120,120,120,122,122],"relic_stats":{"Singing Bowl":6,"Magic Flower":[28],"StoneCalendar":[0],"Bag of Preparation":[34],"Lizard Tail":0,"TheAbacus":[54],"Mummified Hand":[80],"Sundial":[2],"Pantograph":10,"HandDrill":[12],"Kunai":[16],"InkBottle":[28],"Happy Flower":[14],"counters":[31,97],"Astrolabe":["Twin Strike","Pummel","Limit Break"],"Eternal Feather":0,"PreservedInsect":317,"Letter Opener":[65],"OrangePellets":[16],"Strange Spoon":[1],"Ornamental Fan":[40],"Bronze Scales":[99],"Pandora\u0027s Box":["Reckless Charge","Thunderclap","Anger","Double Tap","Spot Weakness","Perfected Strike","Ghostly Armor","Brutality","Exhume"],"Turnip":[7],"obtain_stats":[{"Ice Cream":36,"Lizard Tail":41,"HornCleat":9,"Sundial":38,"Strawberry":11,"HandDrill":31,"Kunai":30,"Toxic Egg 2":44,"Pear":25,"Happy Flower":31,"Astrolabe":34,"Velvet Choker":0,"Oddly Smooth Stone":53,"Eternal Feather":53,"Letter Opener":21,"Akabeko":10,"OrangePellets":19,"Brimstone":40,"MutagenicStrength":22,"Bronze Scales":38,"Pandora\u0027s Box":17,"Meat on the Bone":27,"Lantern":31,"Singing Bowl":47,"Magic Flower":30,"StoneCalendar":5,"Mango":40,"Bag of Preparation":26,"PrismaticShard":21,"Burning Blood":0,"ClockworkSouvenir":8,"Frozen Eye":38,"Matryoshka":5,"TheAbacus":5,"Mummified Hand":23,"Pantograph":54,"InkBottle":19,"PreservedInsect":40,"Omamori":21,"Odd Mushroom":14,"Frozen Egg 2":43,"White Beast Statue":8,"Cauldron":10,"Strange Spoon":53,"Ornamental Fan":42,"Turnip":19,"Bag of Marbles":9,"Bottled Lightning":8,"Toy Ornithopter":6,"TungstenRod":10},{"Ice Cream":20,"Lizard Tail":22,"HornCleat":5,"Sundial":21,"Strawberry":6,"HandDrill":17,"Kunai":17,"Toxic Egg 2":24,"Pear":14,"Happy Flower":17,"Astrolabe":18,"Velvet Choker":0,"Oddly Smooth Stone":29,"Eternal Feather":29,"Letter Opener":11,"Akabeko":5,"OrangePellets":10,"Brimstone":21,"MutagenicStrength":11,"Bronze Scales":21,"Pandora\u0027s Box":9,"Meat on the Bone":14,"Lantern":17,"Singing Bowl":27,"Magic Flower":17,"StoneCalendar":3,"Mango":21,"Bag of Preparation":14,"PrismaticShard":11,"Burning Blood":0,"ClockworkSouvenir":5,"Frozen Eye":21,"Matryoshka":3,"TheAbacus":3,"Mummified Hand":12,"Pantograph":30,"InkBottle":10,"PreservedInsect":21,"Omamori":11,"Odd Mushroom":8,"Frozen Egg 2":23,"White Beast Statue":5,"Cauldron":5,"Strange Spoon":29,"Ornamental Fan":23,"Turnip":10,"Bag of Marbles":5,"Bottled Lightning":5,"Toy Ornithopter":4,"TungstenRod":5},{"Ice Cream":65,"Lizard Tail":69,"HornCleat":16,"Sundial":66,"Strawberry":20,"HandDrill":54,"Kunai":54,"Toxic Egg 2":73,"Pear":46,"Happy Flower":54,"Astrolabe":59,"Velvet Choker":0,"Oddly Smooth Stone":90,"Eternal Feather":90,"Letter Opener":39,"Akabeko":16,"OrangePellets":36,"Brimstone":66,"MutagenicStrength":39,"Bronze Scales":66,"Pandora\u0027s Box":33,"Meat on the Bone":46,"Lantern":54,"Singing Bowl":83,"Magic Flower":54,"StoneCalendar":9,"Mango":66,"Bag of Preparation":46,"PrismaticShard":39,"Burning Blood":0,"ClockworkSouvenir":16,"Frozen Eye":66,"Matryoshka":9,"TheAbacus":9,"Mummified Hand":42,"Pantograph":92,"InkBottle":36,"PreservedInsect":66,"Omamori":39,"Odd Mushroom":26,"Frozen Egg 2":70,"White Beast Statue":16,"Cauldron":16,"Strange Spoon":90,"Ornamental Fan":70,"Turnip":36,"Bag of Marbles":16,"Bottled Lightning":16,"Toy Ornithopter":14,"TungstenRod":16}],"Toy Ornithopter":70,"TungstenRod":114,"Meat on the Bone":66},"card_choices":[{"not_picked":["Iron Wave","Clash"],"picked":"Inflame","floor":1},{"not_picked":["Twin Strike","Shrug It Off"],"picked":"Cleave","floor":3},{"not_picked":["Shrug It Off","Disarm"],"picked":"Armaments","floor":4},{"not_picked":["Havoc","Dropkick"],"picked":"Limit Break","floor":6},{"not_picked":["Rampage","Uppercut"],"picked":"Spot Weakness","floor":7},{"not_picked":["Searing Blow","Flex"],"picked":"Cleave","floor":11},{"not_picked":["Shockwave","Warcry","Evolve"],"picked":"SKIP","floor":13},{"not_picked":["Reaper","Juggernaut"],"picked":"Barricade","floor":16},{"not_picked":["Flex","Power Through"],"picked":"Combust","floor":18},{"not_picked":["Clash","Carnage","Havoc"],"picked":"SKIP","floor":20},{"not_picked":["Acrobatics","Headbutt","Predator"],"picked":"SKIP","floor":23},{"not_picked":["Bane","Stack","Lockon+1"],"picked":"SKIP","floor":25},{"not_picked":["Stack","Eviscerate","Glacier"],"picked":"SKIP","floor":29},{"not_picked":["Perfected Strike","Catalyst","Pommel Strike+1"],"picked":"SKIP","floor":35},{"not_picked":["Twin Strike","Dodge and Roll","Vengeance+1"],"picked":"SKIP","floor":37},{"not_picked":["EmptyBody+1","Dodge and Roll","Clash+1"],"picked":"SKIP","floor":42},{"not_picked":["Blizzard+1","Doom and Gloom+1","Deep Breath+1"],"picked":"SKIP","floor":44},{"not_picked":["Acrobatics+1","Capacitor+1","PanicButton+1"],"picked":"SKIP","floor":45},{"not_picked":["Iron Wave","Nirvana+1","Deflect+1"],"picked":"SKIP","floor":46},{"not_picked":["Wild Strike","Heatsinks+1","Bloodletting+1"],"picked":"Singing Bowl","floor":47},{"not_picked":["Sucker Punch+1","Stack+1","Beam Cell"],"picked":"Singing Bowl","floor":48},{"not_picked":["Backflip+1","SignatureMove+1","Footwork+1"],"picked":"Singing Bowl","floor":54}],"player_experience":226184,"relics_obtained":[{"floor":6,"key":"Toy Ornithopter"},{"floor":9,"key":"HornCleat"},{"floor":9,"key":"Bag of Marbles"},{"floor":11,"key":"Strawberry"},{"floor":14,"key":"Odd Mushroom"},{"floor":23,"key":"Mummified Hand"},{"floor":25,"key":"Pear"},{"floor":26,"key":"Bag of Preparation"},{"floor":30,"key":"Magic Flower"},{"floor":30,"key":"Kunai"},{"floor":36,"key":"Ice Cream"},{"floor":41,"key":"Lizard Tail"},{"floor":42,"key":"Ornamental Fan"},{"floor":43,"key":"Frozen Egg 2"},{"floor":44,"key":"Toxic Egg 2"},{"floor":47,"key":"Singing Bowl"},{"floor":54,"key":"Pantograph"}],"event_choices":[{"damage_healed":0,"gold_gain":0,"player_choice":"Forge","damage_taken":0,"max_hp_gain":0,"max_hp_loss":0,"event_name":"Accursed Blacksmith","floor":2,"gold_loss":0,"cards_upgraded":["Inflame"]},{"damage_healed":0,"gold_gain":0,"player_choice":"Fought Mushrooms","damage_taken":0,"max_hp_gain":0,"max_hp_loss":0,"event_name":"Mushrooms","floor":14,"gold_loss":0},{"damage_healed":0,"gold_gain":0,"player_choice":"Inject Mutagens","damage_taken":0,"relics_obtained":["MutagenicStrength"],"max_hp_gain":0,"max_hp_loss":0,"event_name":"Drug Dealer","floor":22,"gold_loss":0},{"damage_healed":0,"gold_gain":0,"player_choice":"Opened","damage_taken":0,"relics_obtained":["Meat on the Bone"],"max_hp_gain":0,"max_hp_loss":0,"event_name":"The Mausoleum","floor":27,"gold_loss":0,"cards_obtained":["Writhe"]},{"damage_healed":0,"gold_gain":0,"player_choice":"Ignored","damage_taken":0,"max_hp_gain":0,"max_hp_loss":0,"event_name":"Ghosts","floor":28,"gold_loss":0},{"damage_healed":0,"gold_gain":0,"player_choice":"Fight","damage_taken":0,"max_hp_gain":0,"max_hp_loss":0,"event_name":"Colosseum","floor":30,"gold_loss":0},{"damage_healed":0,"gold_gain":0,"player_choice":"Fought Nobs","damage_taken":0,"max_hp_gain":0,"max_hp_loss":0,"event_name":"Colosseum","floor":30,"gold_loss":0},{"damage_healed":0,"gold_gain":0,"player_choice":"Fight","damage_taken":0,"max_hp_gain":0,"max_hp_loss":0,"event_name":"MindBloom","floor":36,"gold_loss":0},{"damage_healed":20,"gold_gain":0,"player_choice":"Writhe","damage_taken":0,"max_hp_gain":0,"max_hp_loss":0,"event_name":"Winding Halls","floor":39,"gold_loss":0,"cards_obtained":["Writhe"]},{"damage_healed":0,"gold_gain":0,"player_choice":"Fight","damage_taken":0,"max_hp_gain":0,"max_hp_loss":0,"event_name":"Mysterious Sphere","floor":41,"gold_loss":0}],"is_beta":false,"boss_relics":[{"not_picked":["Calling Bell","SlaversCollar"],"picked":"Pandora\u0027s Box"},{"not_picked":["Coffee Dripper","Fusion Hammer"],"picked":"Astrolabe"}],"items_purged_floors":[19,38,53],"is_endless":false,"potions_floor_spawned":[3,4,11,13,14,16,18,20,23,24,25,29,30,30,33,35,36,37,41,42,44,45,46,47,48,54],"ascension_level":17}}