{"host":"q8mjpf3krl0t4p3x","time":1613640568,"event":{"mods":["BaseMod","Colored Map","Colored Powertips","Googly Eyes","Minty Spire (QoL Compilation)","Quick Restart","StSLib","everything is the same but u backflip on backflip","slay the spire mod where everything is the same but ironclad has a cowboy hat"],"gold_per_floor":[110,124,134,134,134,163,179,199,199,228,228,228,258,278,278,353,353,366,399,425,425,435,435,435],"floor_reached":23,"language":"ENG","playtime":860,"items_purged":[],"score":362,"play_id":"9acddb94-e44f-4b5b-99e0-2e00f56a2731","local_time":"20210218012928","is_ascension_mode":true,"campfire_choices":[{"floor":12,"key":"REST"},{"data":"Flame Barrier","floor":15,"key":"SMITH"}],"circlet_count":0,"master_deck":["AscendersBane","Strike_R","Strike_R","Strike_R","Strike_R","Strike_R","Defend_R","Defend_R","Defend_R","Defend_R","Bash+1","Battle Trance","Rage","Uppercut","Cleave","Anger","Flame Barrier+1","Immolate","Inflame"],"relics":["Burning Blood","Bag of Marbles","Sundial","Blue Candle","Mummified Hand","Tiny Chest","Odd Mushroom","SlaversCollar","Red Mask","Centennial Puzzle"],"acts_visited":["Exordium","TheCity"],"potions_floor_usage":[10,10,14,16,22],"damage_taken":[{"damage":1,"enemies":"Cultist","floor":1,"turns":3},{"damage":14,"enemies":"Small Slimes","floor":2,"turns":4},{"damage":5,"enemies":"Jaw Worm","floor":3,"turns":3},{"damage":33,"enemies":"3 Sentries","floor":6,"turns":8},{"damage":3,"enemies":"2 Fungi Beasts","floor":7,"turns":3},{"damage":10,"enemies":"Exordium Thugs","floor":8,"turns":6},{"damage":34,"enemies":"Lagavulin","floor":10,"turns":6},{"damage":15,"enemies":"The Mushroom Lair","floor":13,"turns":4},{"damage":0,"enemies":"Blue Slaver","floor":14,"turns":2},{"damage":25,"enemies":"Hexaghost","floor":16,"turns":9},{"damage":18,"enemies":"3 Byrds","floor":18,"turns":5},{"damage":53,"enemies":"Masked Bandits","floor":19,"turns":5},{"damage":2,"enemies":"2 Thieves","floor":22,"turns":3},{"damage":11,"enemies":"Centurion and Healer","floor":23,"turns":4}],"seed_played":"1590235494985322769","potions_obtained":[{"floor":2,"key":"Dexterity Potion"},{"floor":6,"key":"Dexterity Potion"},{"floor":7,"key":"LiquidBronze"},{"floor":10,"key":"Block Potion"},{"floor":14,"key":"Fruit Juice"},{"floor":19,"key":"ColorlessPotion"}],"is_trial":false,"path_per_floor":["M","M","M","?","?","E","M","M","T","E","T","R","?","M","R","B",null,"M","?","T","?","M","M"],"character_chosen":"IRONCLAD","items_purchased":[],"campfire_rested":1,"item_purchase_floors":[],"current_hp_per_floor":[73,65,66,61,66,39,42,38,38,10,10,34,25,36,36,17,68,56,9,9,9,13,2,2],"gold":435,"neow_bonus":"UPGRADE_CARD","is_daily":false,"chose_seed":false,"campfire_upgraded":1,"win_rate":0.0,"timestamp":1613640568,"path_taken":["M","M","?","?","?","E","M","M","T","E","?","R","?","?","R","BOSS","M","?","?","?","M","M"],"items_purchased_type":[],"build_version":"2020-12-22","purchased_purges":0,"victory":false,"max_hp_per_floor":[75,75,75,75,80,80,80,80,80,80,80,80,80,85,85,85,85,85,85,85,85,85,85,85],"card_choices":[{"not_picked":["Clash","Armaments"],"picked":"Battle Trance","floor":1},{"not_picked":["Dual Wield","Ghostly Armor"],"picked":"Rage","floor":2},{"not_picked":["Havoc","Ghostly Armor"],"picked":"Uppercut","floor":3},{"not_picked":["Wild Strike","Spot Weakness"],"picked":"Cleave","floor":6},{"not_picked":["Cleave","Power Through"],"picked":"Anger","floor":7},{"not_picked":["Heavy Blade","Havoc","Exhume"],"picked":"SKIP","floor":8},{"not_picked":["Anger","Perfected Strike","Armaments"],"picked":"SKIP","floor":10},{"not_picked":["Sever Soul","Intimidate"],"picked":"Flame Barrier","floor":14},{"not_picked":["Exhume","Juggernaut"],"picked":"Immolate","floor":16},{"not_picked":["Twin Strike","Uppercut","Dark Embrace"],"picked":"SKIP","floor":18},{"not_picked":["Warcry","Shrug It Off"],"picked":"Inflame","floor":22}],"player_experience":197823,"relics_obtained":[{"floor":6,"key":"Sundial"},{"floor":9,"key":"Blue Candle"},{"floor":10,"key":"Mummified Hand"},{"floor":11,"key":"Tiny Chest"},{"floor":13,"key":"Odd Mushroom"},{"floor":19,"key":"Red Mask"},{"floor":20,"key":"Centennial Puzzle"}],"event_choices":[{"damage_healed":0,"gold_gain":0,"player_choice":"Success","damage_taken":5,"relics_obtained":["Bag of Marbles"],"max_hp_gain":0,"max_hp_loss":0,"event_name":"Scrap Ooze","floor":4,"gold_loss":0},{"damage_healed":0,"gold_gain":0,"player_choice":"Donut","damage_taken":0,"max_hp_gain":5,"max_hp_loss":0,"event_name":"Big Fish","floor":5,"gold_loss":0},{"damage_healed":0,"gold_gain":0,"player_choice":"Fought Mushrooms","damage_taken":0,"max_hp_gain":0,"max_hp_loss":0,"event_name":"Mushrooms","floor":13,"gold_loss":0},{"damage_healed":0,"gold_gain":0,"player_choice":"Fought Bandits","damage_taken":0,"max_hp_gain":0,"max_hp_loss":0,"event_name":"Masked Bandits","floor":19,"gold_loss":0},{"damage_healed":0,"gold_gain":0,"player_choice":"Ignored","damage_taken":0,"max_hp_gain":0,"max_hp_loss":0,"event_name":"Ghosts","floor":21,"gold_loss":0}],"is_beta":false,"boss_relics":[{"not_picked":["Snecko Eye","Fusion Hammer"],"picked":"SlaversCollar"}],"items_purged_floors":[],"is_endless":false,"potions_floor_spawned":[2,6,7,10,14,19],"killed_by":"Centurion and Healer","ascension_level":16}}