{"host":"sxaoifcprvg3ww0o","time":1613657594,"event":{"mods":["Act Like it!","Arknights","BaseMod","Downfall","GifTheSpireLib","Hermit","KinomotoSakuraMod(ƒæ÷Æ±æ”£)","Lobotomy","LobotomyExtend","Marisa£®ÏF”Í°°ƒß¿Ì…≥£©","Minty Spire (QoL Compilation)","Prisma Mod","Quick Restart","Reimu£®≤©¿ˆ¡È√Œ£©","Reliquary","Remilia£®¿Ÿ√◊¿Ú—«£©","Replay The Spire","StSLib","The Bug Knight","The Senshi","Waifu the Spire","WarShipGirlsR/’ΩΩ¢…Ÿ≈ÆR mod","Yakumo Yukari mod","Youmu£®ªÍ∆«—˝√Œ£©","Yuyuko","°æ“≈ŒÔø®≈∆°øREMEMod"],"gold_per_floor":[109,122,132,142,142,160,0,14,14,14],"floor_reached":7,"language":"ZHS","playtime":653,"items_purged":["Greed_TH"],"score":73,"play_id":"f1127fb9-8793-44ee-93df-bf7d28838d40","local_time":"20210218221314","is_ascension_mode":true,"campfire_choices":[],"circlet_count":0,"master_deck":["AscendersBane","Strike_R","Strike_R","Strike_R","Strike_R","Strike_R","Defend_R","Defend_R","Defend_R","Defend_R","Bash","Regret","Slimebound:WasteNot","Rage","Pommel Strike","REME_SingleHolding","Offering","Feel No Pain","REME_FearOfPain","Magnetism","Abandon"],"relics":["Burning Blood","REME_ComplimentaryCards","Dead Branch","LetterFromLob","Toy Ornithopter","ReplayTheSpireMod:CursedCoin"],"acts_visited":["Exordium"],"potions_floor_usage":[6],"damage_taken":[{"damage":2,"enemies":"Small Slimes","floor":1,"turns":3},{"damage":12,"enemies":"2 Louse","floor":2,"turns":4},{"damage":16,"enemies":"2 Louse","floor":1,"turns":3},{"damage":15,"enemies":"Small Slimes","floor":2,"turns":3},{"damage":12,"enemies":"Jaw Worm","floor":4,"turns":1},{"damage":15,"enemies":"3 Louse","floor":6,"turns":4},{"damage":31,"enemies":"3 Sentries","floor":7,"turns":4}],"seed_played":"-3420405169492147164","potions_obtained":[{"floor":1,"key":"ColorlessPotion"},{"floor":6,"key":"GrandPatriotsElixir:ReiMu"}],"is_trial":false,"path_per_floor":["M","M","?","M","M","?","M","$","M","E"],"character_chosen":"IRONCLAD","items_purchased":["REME_FearOfPain","ReplayTheSpireMod:CursedCoin","Magnetism"],"campfire_rested":0,"item_purchase_floors":[5,5,5],"current_hp_per_floor":[76,70,68,59,47,41,31,27,0,0],"gold":14,"neow_bonus":"ONE_RARE_RELIC","is_daily":false,"chose_seed":false,"campfire_upgraded":0,"win_rate":0.0,"timestamp":1613657594,"path_taken":["M","M","?","M","M","?","M","$","M","E"],"items_purchased_type":["Card","Relic","Card"],"build_version":"2020-12-22","purchased_purges":1,"victory":false,"max_hp_per_floor":[80,80,80,80,80,80,80,80,80,80],"card_choices":[{"not_picked":["Replay:Undeath\u0027s Touch","Pommel Strike"],"picked":"Rage","floor":1},{"not_picked":["Body Slam","Entrench"],"picked":"Pommel Strike","floor":2},{"not_picked":["Pommel Strike","Power Through"],"picked":"REME_SingleHolding","floor":1},{"not_picked":["Flex","Infernal Blade"],"picked":"Offering","floor":2},{"not_picked":["Iron Wave","Warcry"],"picked":"Feel No Pain","floor":4},{"not_picked":["Havoc","Pummel"],"picked":"Abandon","floor":6}],"player_experience":579175,"relics_obtained":[{"floor":1,"key":"LetterFromLob"},{"floor":1,"key":"LetterFromLob"}],"event_choices":[{"damage_healed":0,"gold_gain":0,"player_choice":"Success","damage_taken":12,"relics_obtained":["Toy Ornithopter"],"max_hp_gain":0,"max_hp_loss":0,"event_name":"Scrap Ooze","floor":3,"gold_loss":0}],"is_beta":false,"boss_relics":[],"items_purged_floors":[5],"is_endless":false,"potions_floor_spawned":[1,6],"killed_by":"3 Sentries","ascension_level":11}}