{"host":"9slw7l0ws16384qq","time":1613672325,"event":{"mods":["A Penny For Your Troubles","BaseMod","Colored Map","Downfall","Evolution","Hubris","Minty Spire (QoL Compilation)","Replay The Spire","StS++","StSLib"],"gold_per_floor":[99,113,132,132,42,57,57,57,75,75,100,111,59,74,87,186,186,186,202,220,220,220,220],"floor_reached":21,"language":"FRA","playtime":857,"items_purged":["bronze:Defend"],"score":256,"play_id":"69fbc602-fd56-48af-94ba-8b052d3d716f","local_time":"20210218191845","is_ascension_mode":true,"campfire_choices":[{"floor":1.0,"key":"DIG"},{"data":"bronze:HyperBeam","floor":8.0,"key":"SMITH"},{"data":"bronze:Terminator","floor":18,"key":"SMITH"}],"circlet_count":0,"master_deck":["bronze:Strike","bronze:Strike","bronze:Strike","bronze:Strike","bronze:Defend","bronze:Defend","bronze:Defend","bronze:Replicate","bronze:HyperBeam+1","bronze:Shield","bronze:Terminator+1","bronze:Repulsor"],"relics":["bronze:BronzeCore","EVO:Axolotl","Dream Catcher","Mummified Hand","bronze:Mallet","SacredBark"],"acts_visited":["Exordium","TheCity"],"potions_floor_usage":[16,19,20],"damage_taken":[{"damage":5.0,"enemies":"Small Slimes","floor":2.0,"turns":4.0},{"damage":2.0,"enemies":"Jaw Worm","floor":3.0,"turns":3.0},{"damage":0.0,"enemies":"downfall:FleeingMerchant","floor":5.0,"turns":4.0},{"damage":6.0,"enemies":"Cultist","floor":6.0,"turns":4.0},{"damage":4.0,"enemies":"Red Slaver","floor":9.0,"turns":5.0},{"damage":5.0,"enemies":"3 Sentries","floor":11.0,"turns":3.0},{"damage":2.0,"enemies":"Exordium Wildlife","floor":12.0,"turns":3.0},{"damage":0.0,"enemies":"downfall:FleeingMerchant","floor":13.0,"turns":4.0},{"damage":6.0,"enemies":"2 Fungi Beasts","floor":14.0,"turns":4.0},{"damage":0.0,"enemies":"Gremlin Gang","floor":15.0,"turns":1.0},{"damage":25,"enemies":"SI_SHIV_ARCHETYPE","floor":16,"turns":11},{"damage":37,"enemies":"3 Byrds","floor":19,"turns":5},{"damage":13,"enemies":"Chosen","floor":20,"turns":6},{"damage":18,"enemies":"Snake Plant","floor":21,"turns":4}],"seed_played":"-1788721363399394627","potions_obtained":[{"floor":2.0,"key":"Flashbang"},{"floor":3.0,"key":"DistilledChaos"},{"floor":14.0,"key":"SteroidPotion"},{"floor":16,"key":"Fire Potion"},{"floor":19,"key":"Slimebound:ThreeZeroPotion"}],"is_trial":false,"path_per_floor":["R_BF","M","M","?","$","M","T","R","M","?","E","M","$","M","M","B",null,"R_BF","M","M","M"],"character_chosen":"THE_AUTOMATON","items_purchased":["bronze:Repulsor"],"campfire_rested":0,"item_purchase_floors":[13],"current_hp_per_floor":[70,65,63,63,63,57,57,57,53,53,48,46,46,40,40,15,62,62,25,12,0,0,0],"gold":220,"neow_bonus":"TEN_PERCENT_HP_BONUS","is_daily":false,"chose_seed":false,"campfire_upgraded":2,"win_rate":0.0,"timestamp":1613672325,"path_taken":["R_BF","M","M","?","$","M","T","R","M","?","E","?","?","M","M","BOSS","R_BF","M","M","M"],"items_purchased_type":["Card"],"build_version":"2020-12-22","purchased_purges":1,"victory":false,"max_hp_per_floor":[77,77,77,77,77,77,77,77,77,77,77,77,77,77,77,77,77,77,77,77,77,77,77],"card_choices":[{"not_picked":["bronze:Shell","bronze:DelayedGuard","bronze:DelayedSlice"],"picked":"SKIP","floor":2.0},{"not_picked":["bronze:InfiniteBeams","bronze:Overheat","bronze:Philosophize"],"picked":"SKIP","floor":3.0},{"not_picked":["bronze:MaxOutput","bronze:WhirlingStrike"],"picked":"bronze:HyperBeam","floor":5.0},{"not_picked":["bronze:DelayedGuard","bronze:CloningBeam","bronze:Allocate"],"picked":"SKIP","floor":6.0},{"not_picked":["bronze:GetLatest","bronze:CutThrough"],"picked":"bronze:Shield","floor":9.0},{"not_picked":["bronze:ForceShield","bronze:FindAndReplace","bronze:Frontload"],"picked":"SKIP","floor":11.0},{"not_picked":["bronze:Backtrace","bronze:DigitalCarnage","bronze:Frontload"],"picked":"SKIP","floor":12.0},{"not_picked":["bronze:DigitalCarnage","bronze:Frontload"],"picked":"bronze:Terminator","floor":13.0},{"not_picked":["bronze:Iterate","bronze:Constructor","bronze:WhirlingStrike"],"picked":"SKIP","floor":14.0},{"not_picked":["bronze:CutThrough","bronze:BugBarrage","bronze:Boost"],"picked":"SKIP","floor":15.0},{"not_picked":["bronze:Frontload","bronze:DelayedGuard+1","bronze:InfiniteBeams"],"picked":"SKIP","floor":19},{"not_picked":["bronze:WildBeam","bronze:DelayedGuard","bronze:CutThrough+1"],"picked":"SKIP","floor":20}],"player_experience":1707580,"relics_obtained":[{"floor":1.0,"key":"Dream Catcher"},{"floor":7.0,"key":"Mummified Hand"},{"floor":11.0,"key":"bronze:Mallet"}],"event_choices":[{"damage_healed":0.0,"max_hp_gain":0.0,"max_hp_loss":0.0,"gold_gain":0.0,"event_name":"FaceTrader","player_choice":"Leave","floor":10.0,"gold_loss":0.0,"damage_taken":0.0}],"is_beta":false,"boss_relics":[{"not_picked":["Fusion Hammer","hubris:GrandSneckoEye"],"picked":"SacredBark"}],"items_purged_floors":[5],"is_endless":false,"potions_floor_spawned":[2,3,14,16,19],"killed_by":"Snake Plant","ascension_level":8}}