{"host":"6bsan6hkua32tfq7","time":1613645915,"event":{"mods":["BaseMod","Better Third Choice","Colored Map","Highlight Path","Minty Spire (QoL Compilation)","StSLib"],"gold_per_floor":[117,81,99,116,133,133,152,152,152,152,152,152,152,165,165,244,244,261,261,261,214,228,228,262,262,335,335,0,10,10,10,10],"floor_reached":31,"language":"ENG","playtime":2194,"items_purged":["Strike_G"],"score":490,"play_id":"0c31f217-fa08-4859-95b5-295c01a176f0","local_time":"20210218115835","is_ascension_mode":true,"campfire_choices":[{"data":"Terror","floor":6.0,"key":"SMITH"},{"floor":8.0,"key":"REST"},{"data":"Deadly Poison","floor":10.0,"key":"SMITH"},{"floor":13.0,"key":"REST"},{"data":"Unload","floor":15.0,"key":"SMITH"},{"data":"Ghostly","floor":23,"key":"SMITH"},{"data":"Ghostly","floor":25,"key":"SMITH"},{"data":"Ghostly","floor":27,"key":"SMITH"}],"circlet_count":0,"master_deck":["AscendersBane","Strike_G+1","Strike_G","Strike_G","Defend_G+1","Defend_G","Defend_G","Defend_G+1","Defend_G","Survivor","Neutralize+1","Deadly Poison+1","Terror+1","Flying Knee","Unload+1","LessonLearned","Deflect","A Thousand Cuts","CurseOfTheBell","PiercingWail","Ghostly+1","Ghostly+1","Ghostly+1","Backstab","Discovery"],"relics":["Runic Pyramid","betterThird:SlimedRelic","InkBottle","Calling Bell","Happy Flower","Blue Candle","WingedGreaves","StrikeDummy","Molten Egg 2","Strange Spoon"],"acts_visited":["Exordium","TheCity"],"potions_floor_usage":[24,24],"damage_taken":[{"damage":4.0,"enemies":"Small Slimes","floor":1.0,"turns":4.0},{"damage":9.0,"enemies":"Jaw Worm","floor":3.0,"turns":4.0},{"damage":1.0,"enemies":"Cultist","floor":4.0,"turns":4.0},{"damage":2.0,"enemies":"2 Fungi Beasts","floor":5.0,"turns":4.0},{"damage":18.0,"enemies":"Exordium Thugs","floor":7.0,"turns":5.0},{"damage":0.0,"enemies":"Large Slime","floor":14.0,"turns":4.0},{"damage":3.0,"enemies":"The Guardian","floor":16.0,"turns":12.0},{"damage":16.0,"enemies":"Spheric Guardian","floor":18.0,"turns":8.0},{"damage":3.0,"enemies":"2 Thieves","floor":21.0,"turns":5.0},{"damage":6.0,"enemies":"Centurion and Healer","floor":22.0,"turns":11.0},{"damage":8,"enemies":"Gremlin Leader","floor":24,"turns":9},{"damage":0,"enemies":"3 Cultists","floor":29,"turns":7},{"damage":16,"enemies":"Sentry and Sphere","floor":31,"turns":3}],"seed_played":"-3716435010557757246","potions_obtained":[{"floor":7.0,"key":"Weak Potion"},{"floor":16.0,"key":"SneckoOil"},{"floor":18.0,"key":"Dexterity Potion"},{"floor":22.0,"key":"Fire Potion"}],"is_trial":false,"path_per_floor":["M","?","M","M","M","R","M","R","T","R","?","?","R","M","R","B",null,"M","?","?","M","M","R","E","R","T","R","$","M","?","M"],"character_chosen":"THE_SILENT","items_purchased":["Strange Spoon","Discovery"],"campfire_rested":2,"item_purchase_floors":[28,28],"current_hp_per_floor":[55,44,35,34,32,32,14,33,33,33,3,3,22,22,22,19,54,38,33,33,30,24,24,16,16,16,16,16,16,10,0,0],"gold":10,"neow_bonus":"BOSS_RELIC","is_daily":false,"chose_seed":false,"campfire_upgraded":6,"win_rate":0.0,"timestamp":1613645915,"path_taken":["M","?","M","M","M","R","M","R","T","R","?","?","R","M","R","BOSS","M","?","?","M","M","R","E","R","T","R","$","M","?","?"],"items_purchased_type":["Relic","Card"],"build_version":"2020-12-22","purchased_purges":1,"victory":false,"max_hp_per_floor":[66,66,66,66,66,66,66,66,66,66,66,66,66,66,66,66,66,66,33,33,33,33,33,33,33,33,33,33,33,33,33,33],"card_choices":[{"not_picked":["Poisoned Stab","Dodge and Roll"],"picked":"Deadly Poison","floor":1.0},{"not_picked":["Underhanded Strike","Bane"],"picked":"Terror","floor":3.0},{"not_picked":["Expertise","Reflex"],"picked":"Flying Knee","floor":4.0},{"not_picked":["Backflip","Reflex"],"picked":"Unload","floor":5.0},{"not_picked":["Cloak And Dagger","Prepared","Dodge and Roll"],"picked":"SKIP","floor":7.0},{"not_picked":["Dagger Spray","Cloak And Dagger"],"picked":"Deflect","floor":14.0},{"not_picked":["Unload","Glass Knife"],"picked":"A Thousand Cuts","floor":16.0},{"not_picked":["Concentrate","Dagger Throw"],"picked":"PiercingWail","floor":18.0},{"not_picked":["Infinite Blades","Sucker Punch","Acrobatics"],"picked":"SKIP","floor":21.0},{"not_picked":["Acrobatics","Reflex"],"picked":"Backstab","floor":22.0},{"not_picked":["Sucker Punch","Infinite Blades","Riddle With Holes"],"picked":"SKIP","floor":24},{"not_picked":["Eviscerate+1","Flechettes+1","Backflip"],"picked":"SKIP","floor":29}],"player_experience":5427267,"relics_obtained":[{"floor":9.0,"key":"InkBottle"},{"floor":17.0,"key":"Happy Flower"},{"floor":17.0,"key":"Blue Candle"},{"floor":17.0,"key":"WingedGreaves"},{"floor":24,"key":"StrikeDummy"},{"floor":26,"key":"Molten Egg 2"}],"event_choices":[{"damage_healed":0.0,"max_hp_gain":0.0,"max_hp_loss":0.0,"gold_gain":0.0,"event_name":"betterThird:BetterGoop","player_choice":"Slimed","floor":2.0,"gold_loss":36.0,"damage_taken":11.0},{"damage_healed":0.0,"max_hp_gain":0.0,"max_hp_loss":0.0,"gold_gain":0.0,"event_name":"betterThird:BetterScrap","player_choice":"Card ","floor":11.0,"gold_loss":0.0,"damage_taken":30.0,"cards_obtained":["LessonLearned"]},{"cards_removed":["Strike_G"],"damage_healed":0.0,"max_hp_gain":0.0,"max_hp_loss":0.0,"gold_gain":0.0,"event_name":"Living Wall","player_choice":"Forget","floor":12.0,"gold_loss":0.0,"damage_taken":0.0},{"damage_healed":0.0,"max_hp_gain":0.0,"max_hp_loss":33.0,"gold_gain":0.0,"event_name":"Ghosts","player_choice":"Became a Ghost","floor":19.0,"gold_loss":0.0,"damage_taken":0.0,"cards_obtained":["Ghostly","Ghostly","Ghostly"]},{"damage_healed":0.0,"max_hp_gain":0.0,"max_hp_loss":0.0,"gold_gain":0.0,"event_name":"Vampires","player_choice":"Ignored","floor":20.0,"gold_loss":0.0,"damage_taken":0.0},{"damage_healed":0,"gold_gain":0,"player_choice":"","damage_taken":6,"max_hp_gain":0,"max_hp_loss":0,"event_name":"Knowing Skull","floor":30,"potions_obtained":[],"gold_loss":0,"cards_obtained":[]}],"is_beta":false,"boss_relics":[{"not_picked":["SacredBark","Empty Cage"],"picked":"Calling Bell"}],"items_purged_floors":[28],"is_endless":false,"potions_floor_spawned":[7,16,18,22],"killed_by":"Sentry and Sphere","ascension_level":20}}