{"host":"guk5h31bsklpp7e4","time":1613675134,"event":{"mods":["AchievementEnabler","BaseMod","Colored Map","Colored Powertips","Highlight Path","Minty Spire (QoL Compilation)","Quick Restart","Rare Cards Sparkle"],"gold_per_floor":[116,216,231,246,260,260,33,33,33,45,45,65,94,17,17,112,112,126,126,401,412,412,412,117,137,137,168,168,91,106,32,32,32,32],"floor_reached":33,"language":"ENG","playtime":1378,"items_purged":["Strike_P","Strike_P"],"score":413,"play_id":"1a10691c-e868-426f-b86c-a8439d5970a1","local_time":"20210218140534","is_ascension_mode":true,"campfire_choices":[{"data":"Eruption","floor":6,"key":"SMITH"},{"data":"Vigilance","floor":15,"key":"SMITH"},{"floor":23,"key":"REST"},{"floor":32,"key":"REST"}],"circlet_count":0,"master_deck":["Defend_P","Eruption+1","Vigilance+1","Consecrate","Halt","SashWhip","EmptyFist","Crescendo","MentalFortress","Tantrum","Prostrate","BowlingBash","Blasphemy","Consecrate+1","Halt+1","Omniscience+1","ClearTheMind","BattleHymn","Perseverance","TalkToTheHand","Prostrate","Brilliance","Prostrate","Adaptation","Prostrate","Worship"],"relics":["PureWater","Damaru","Bag of Marbles","Pear","Torii","Astrolabe","Nunchaku","Mummified Hand"],"acts_visited":["Exordium","TheCity"],"potions_floor_usage":[21,21,27,30],"damage_taken":[{"damage":0,"enemies":"Jaw Worm","floor":1,"turns":2},{"damage":1,"enemies":"Cultist","floor":3,"turns":3},{"damage":0,"enemies":"2 Louse","floor":4,"turns":1},{"damage":1,"enemies":"Red Slaver","floor":5,"turns":3},{"damage":3,"enemies":"Looter","floor":10,"turns":2},{"damage":6,"enemies":"Large Slime","floor":12,"turns":3},{"damage":0,"enemies":"Lagavulin","floor":13,"turns":6},{"damage":25,"enemies":"Slime Boss","floor":16,"turns":7},{"damage":6,"enemies":"Shell Parasite","floor":18,"turns":2},{"damage":11,"enemies":"2 Thieves","floor":21,"turns":3},{"damage":0,"enemies":"Shelled Parasite and Fungi","floor":25,"turns":3},{"damage":33,"enemies":"Book of Stabbing","floor":27,"turns":5},{"damage":0,"enemies":"3 Cultists","floor":30,"turns":2},{"damage":90,"enemies":"Champ","floor":33,"turns":7}],"seed_played":"-2920473565815719459","potions_obtained":[{"floor":1,"key":"DuplicationPotion"},{"floor":5,"key":"SpeedPotion"},{"floor":16,"key":"GamblersBrew"},{"floor":27,"key":"AttackPotion"}],"is_trial":false,"path_per_floor":["M","?","M","M","M","R","$","?","T","M","$","M","E","$","R","B",null,"M","?","?","M","?","R","$","M","T","E","?","$","M","$","R","B"],"character_chosen":"WATCHER","items_purchased":["Damaru","Prostrate","BowlingBash","Prostrate","Brilliance","Adaptation","Worship"],"campfire_rested":2,"item_purchase_floors":[7,14,14,24,24,29,31],"current_hp_per_floor":[79,79,78,78,77,77,77,70,80,77,77,71,71,71,71,46,78,72,72,72,61,61,87,87,87,87,54,54,54,54,54,80,0,0],"gold":32,"neow_bonus":"TEN_PERCENT_HP_BONUS","is_daily":false,"chose_seed":false,"campfire_upgraded":2,"win_rate":0.0,"timestamp":1613675134,"path_taken":["M","?","M","?","M","R","$","?","T","M","?","?","E","$","R","BOSS","M","?","?","?","?","R","$","M","T","E","?","?","M","$","R","BOSS"],"items_purchased_type":["Relic","Card","Card","Card","Card","Card","Card"],"build_version":"2020-12-22","purchased_purges":2,"victory":false,"max_hp_per_floor":[79,79,79,79,79,79,79,79,89,89,89,89,89,89,89,89,89,89,89,89,89,89,89,89,89,89,89,89,89,89,89,89,89,89],"card_choices":[{"not_picked":["CarveReality","CrushJoints"],"picked":"Consecrate","floor":1},{"not_picked":["DeceiveReality","Prostrate"],"picked":"Halt","floor":3},{"not_picked":["CrushJoints","WreathOfFlame"],"picked":"SashWhip","floor":4},{"not_picked":["BowlingBash","Consecrate"],"picked":"EmptyFist","floor":5},{"not_picked":["Swivel","FlyingSleeves"],"picked":"Crescendo","floor":10},{"not_picked":["EmptyFist","PathToVictory"],"picked":"MentalFortress","floor":12},{"not_picked":["EmptyFist","CrushJoints"],"picked":"Tantrum","floor":13},{"not_picked":["Alpha","DevaForm"],"picked":"Blasphemy","floor":16},{"not_picked":["ThirdEye","ForeignInfluence+1"],"picked":"ClearTheMind","floor":18},{"not_picked":["Conclude","Evaluate+1"],"picked":"TalkToTheHand","floor":21},{"not_picked":["Wireheading+1","Crescendo"],"picked":"Prostrate","floor":25},{"not_picked":["WaveOfTheHand","Nirvana","BowlingBash"],"picked":"SKIP","floor":27},{"not_picked":["Consecrate+1","LikeWater"],"picked":"Prostrate","floor":30}],"player_experience":360749,"relics_obtained":[{"floor":9,"key":"Pear"},{"floor":13,"key":"Torii"},{"floor":26,"key":"Nunchaku"},{"floor":27,"key":"Mummified Hand"}],"event_choices":[{"damage_healed":0,"gold_gain":100,"player_choice":"Pray","damage_taken":0,"max_hp_gain":0,"max_hp_loss":0,"event_name":"Golden Shrine","floor":2,"gold_loss":0},{"damage_healed":0,"gold_gain":0,"player_choice":"Success","damage_taken":7,"relics_obtained":["Bag of Marbles"],"max_hp_gain":0,"max_hp_loss":0,"event_name":"Scrap Ooze","floor":8,"gold_loss":0},{"damage_healed":0,"gold_gain":0,"cards_transformed":["Strike_P","Defend_P"],"player_choice":"Became Test Subject","damage_taken":0,"max_hp_gain":0,"max_hp_loss":0,"event_name":"Drug Dealer","floor":19,"gold_loss":0,"cards_obtained":["BattleHymn","Perseverance"]},{"damage_healed":0,"gold_gain":275,"player_choice":"Desecrate","damage_taken":0,"max_hp_gain":0,"max_hp_loss":0,"event_name":"Golden Shrine","floor":20,"gold_loss":0,"cards_obtained":["Regret"]},{"cards_removed":["Regret"],"damage_healed":0,"gold_gain":0,"player_choice":"Elegance","damage_taken":0,"max_hp_gain":0,"max_hp_loss":0,"event_name":"Back to Basics","floor":22,"gold_loss":0},{"damage_healed":0,"gold_gain":0,"player_choice":"Ignored","damage_taken":0,"max_hp_gain":0,"max_hp_loss":0,"event_name":"Vampires","floor":28,"gold_loss":0}],"is_beta":false,"boss_relics":[{"not_picked":["Tiny House","Runic Pyramid"],"picked":"Astrolabe"}],"items_purged_floors":[7,24],"is_endless":false,"potions_floor_spawned":[1,5,16,27],"killed_by":"Champ","ascension_level":5}}