{"host":"vdohis8gfezcjpr9","time":1613660927,"event":{"mods":["2.2 Compatiblity","Abigail Mod","AchievementEnabler","Act Like it!","BaseMod","BetterRewards","Colored Powertips","Custom Start","Friendly Minions","Gensokyo","Kiyohime£¨?ýï£©","Koishi","Marisa£¨Ùöéë¡¡Øª×âÞÞ£©","Minty Spire (QoL Compilation)","Permanent Neow","Prisma Mod","Rare Cards Sparkle","Reimu£¨ÚÏ???£©","Shop Mod","StSLib","Swap Starting Deck Mod","The Animator"],"gold_per_floor":[114,114,114,114,39,39,59,91,115,115,115,115,45,79,79,174,174,194,144,244,262,262,292,617,643,643,643,643,643,643,643,745,745,763,763,763,763,763,793,793,601,601,601,601,601,613,613,613,613,613,613,363,394,394],"floor_reached":56,"language":"KOR","playtime":3588,"items_purged":["Strike_Lin:ReiMu","Strike_Lin:ReiMu","Strike_Lin:ReiMu","Strike_Lin:ReiMu","Defend_Lin:ReiMu","Defend_Lin:ReiMu","Defend_Lin:ReiMu","Enchanting:ReiMu","KamiRite:ReiMu","Meditation:ReiMu","MikOfLucky:ReiMu","InherentArray:ReiMu"],"score":2020,"play_id":"01897c43-a16e-437b-b24c-3757459ea46f","local_time":"20210219000847","is_ascension_mode":true,"campfire_choices":[{"floor":6,"key":"RECALL"},{"data":"NB:ReiMu","floor":11,"key":"SMITH"},{"data":"Clumsy","floor":15,"key":"PURGE"},{"floor":30,"key":"REST"},{"floor":32,"key":"REST"},{"data":"OrbThrow:ReiMu+1","floor":41,"key":"PURGE"},{"data":"OrbThrow:ReiMu+1","floor":49,"key":"PURGE"},{"data":"Gensokyo:LifeSpringInfinity+1","floor":52,"key":"PURGE"}],"circlet_count":0,"master_deck":["NB:ReiMu+1","Conquer:ReiMu+1","Revelation:ReiMu+1","Determination:ReiMu+1","AirStrike:ReiMu+1","RainPray2:ReiMu+1","Determination:ReiMu+1","Meditation:ReiMu+1","RainPray2:ReiMu+1","SubAcupoint:ReiMu+1","PrayRite:ReiMu+1","UpKicking:ReiMu+1","Free:ReiMu+1","KyokaiOfKami:ReiMu+1","Determination:ReiMu+1","MikOfLucky:ReiMu+1","Gathering:ReiMu+1","SafetyPray:ReiMu+1","Meditation:ReiMu+1","SubAcupoint:ReiMu+1","LovePray:ReiMu+1","HakureiPhantom:ReiMu+1","UpKicking:ReiMu+1","ShadowOfCrow2:ReiMu+1","WonderfulDomain:ReiMu+1","InherentArray:ReiMu+1","KamiRite:ReiMu+1","Amulet:ReiMu+1","OctopathBindingBorder2:ReiMu+1","SpreadBorder2:ReiMu+1","ShadowOfCrow2:ReiMu+1","SpreadBorder2:ReiMu+1","MikOfLucky:ReiMu+1","SafetyPray:ReiMu+1","LovePray:ReiMu+1","BlastKick2:ReiMu+1","Meditation:ReiMu+1","WonderfulDomain:ReiMu+1","OctopathBindingBorder2:ReiMu+1","DependentForm:ReiMu+1","LovePray:ReiMu+1","SpreadBorder2:ReiMu+1","FantasyMoon:ReiMu+1","YinYangSange:ReiMu+1","SpreadBorder2:ReiMu+1","Meditation:ReiMu+1","WonderfulDomain:ReiMu+1","BlastKick2:ReiMu+1","RunawayExorcism:ReiMu+1","SubcavityFantasy:ReiMu+1","Gensokyo:PrivateSquare+1","Pride","KamiRite:ReiMu+1","Gensokyo:RPG","YinYangSange:ReiMu+1"],"relics":["Strawberry","MealTicket","Toolbox","Incense Burner","PureWhite:ReiMu","OrangePellets","Boot","Molten Egg 2","Anchor","Du-Vu Doll","Orrery","KaguraBell:ReiMu","ClockworkSouvenir","Letter Opener","TheAbacus","Eternal Feather","Torii","TentaclePot:ReiMu","SkyOrb:ReiMu","Membership Card","Ginger","Bag of Preparation","Shuriken","Toxic Egg 2","War Paint","HandDrill","Question Card","CheatingSign:ReiMu","Mango","Strange Spoon","Orichalcum","Lee\u0027s Waffle","Oddly Smooth Stone","Whetstone","WingedGreaves","RuthlessExorcism:ReiMu","Darkstone Periapt","Chemical X","Blood Vial","CrazyTorch:ReiMu","Frozen Egg 2","TurtleShell:ReiMu","Bow_fan:ReiMu","Salt:ReiMu","Mastiff:ReiMu","Lizard Tail","Unceasing Top","Happy Flower","Bird Faced Urn","Bottled Flame","Juzu Bracelet","Tea:ReiMu","Medical Kit","Calipers","Bottled Lightning","Ice Cream","FadedRune:ReiMu","Matryoshka","Meat on the Bone","Peace Pipe","Bottled Tornado","Gensokyo:PerfectCherryBlossom","Gensokyo:OccultBall","Gensokyo:Justice","Toy Ornithopter","Dream Catcher","Gensokyo:PortableGap","Gensokyo:NagashiBinaDoll","Bag of Marbles","Philosopher\u0027s Stone","Pocketwatch","StoneCalendar","Gensokyo:ConquerorOfFear","Regal Pillow","PreservedInsect","InkBottle","Gensokyo:SongOfSouls","Coffee Dripper","Ornamental Fan","Lantern","HornCleat","Mummified Hand","Gensokyo:TheCrow","TungstenRod","Kunai","Mercury Hourglass","Sundial"],"acts_visited":["Gensokyo:Gensokyo","Gensokyo:Gensokyoer","Gensokyo:Gensokyoest","TheEnding"],"potions_floor_usage":[16,18,25,33],"damage_taken":[{"damage":0,"enemies":"Gensokyo:Gryphon","floor":1,"turns":2},{"damage":0,"enemies":"Gensokyo:3_Fairies","floor":7,"turns":2},{"damage":0,"enemies":"Gensokyo:Aya","floor":8,"turns":2},{"damage":0,"enemies":"Gensokyo:Cirno","floor":14,"turns":4},{"damage":0,"enemies":"Gensokyo:Reimu","floor":16,"turns":4},{"damage":0,"enemies":"Gensokyo:Chomper","floor":18,"turns":2},{"damage":0,"enemies":"Gensokyo:Chomper","floor":20,"turns":3},{"damage":0,"enemies":"Gensokyo:2_Gloops","floor":21,"turns":2},{"damage":0,"enemies":"Gensokyo:Reisen","floor":23,"turns":2},{"damage":0,"enemies":"Gensokyo:Tenshi","floor":25,"turns":2},{"damage":0,"enemies":"Gensokyo:Eiki","floor":33,"turns":3},{"damage":0,"enemies":"Gensokyo:3_Boulders","floor":35,"turns":2},{"damage":0,"enemies":"Gensokyo:3_Boulders","floor":39,"turns":3},{"damage":0,"enemies":"Gensokyo:Doremy","floor":40,"turns":4},{"damage":0,"enemies":"Gensokyo:AncientGuardian","floor":47,"turns":1},{"damage":0,"enemies":"Gensokyo:Scarlet_Devils","floor":50,"turns":2},{"damage":0,"enemies":"Shield and Spear","floor":54,"turns":2},{"damage":0,"enemies":"The Heart","floor":55,"turns":3}],"seed_played":"2251006225631401573","potions_obtained":[{"floor":16,"key":"SteroidPotion"},{"floor":18,"key":"Swift Potion"},{"floor":25,"key":"SteroidPotion"},{"floor":36,"key":"EntropicBrew"}],"is_trial":false,"path_per_floor":["M","?","?","?","$","R","M","E","T","?","R","?","?","E","R","B",null,"M","?","?","M","?","E","?","E","T","?","?","R","?","R","B",null,"M","?","?","?","?","E","R","$","T","?","?","?","M","?","R","B",null,"R","$","E","B",null],"character_chosen":"REIMU","items_purchased":["Strawberry","Toolbox","Incense Burner","PureWhite:ReiMu","OrangePellets","Boot","FairyPotion","DependentForm:ReiMu","Molten Egg 2","Anchor","Conquer:ReiMu+1","Revelation:ReiMu","OrbThrow:ReiMu+1","Du-Vu Doll","Orrery","KaguraBell:ReiMu","Determination:ReiMu+1","ClockworkSouvenir","Letter Opener","TheAbacus","Eternal Feather","Torii","TentaclePot:ReiMu","Meditation:ReiMu","InherentArray:ReiMu","RainPray2:ReiMu","SkyOrb:ReiMu","SubAcupoint:ReiMu+1","Membership Card","Ginger","Bag of Preparation","Shuriken","Toxic Egg 2","War Paint","HandDrill","PrayRite:ReiMu+1","Question Card","CheatingSign:ReiMu","Mango","Strange Spoon","Orichalcum","Lee\u0027s Waffle","Oddly Smooth Stone","Whetstone","MikOfLucky:ReiMu","UpKicking:ReiMu+1","WingedGreaves","RuthlessExorcism:ReiMu","Free:ReiMu+1","Darkstone Periapt","Chemical X","Blood Vial","CrazyTorch:ReiMu","Frozen Egg 2","KyokaiOfKami:ReiMu+1","TurtleShell:ReiMu","Determination:ReiMu+1","MikOfLucky:ReiMu+1","Gathering:ReiMu+1","SafetyPray:ReiMu+1","Meditation:ReiMu+1","InherentArray:ReiMu+1","SubAcupoint:ReiMu+1","LovePray:ReiMu+1","Bow_fan:ReiMu","HakureiPhantom:ReiMu+1","UpKicking:ReiMu+1","Salt:ReiMu","ShadowOfCrow2:ReiMu+1","Mastiff:ReiMu","Lizard Tail","WonderfulDomain:ReiMu+1","InherentArray:ReiMu+1","Pear","KamiRite:ReiMu+1","Amulet:ReiMu+1","OctopathBindingBorder2:ReiMu+1","SpreadBorder2:ReiMu+1","ShadowOfCrow2:ReiMu+1","SpreadBorder2:ReiMu+1","MikOfLucky:ReiMu+1","SafetyPray:ReiMu+1","LovePray:ReiMu+1","Unceasing Top","BlastKick2:ReiMu+1","Meditation:ReiMu+1","WonderfulDomain:ReiMu+1","OctopathBindingBorder2:ReiMu+1","Happy Flower","DependentForm:ReiMu+1","LovePray:ReiMu+1","SpreadBorder2:ReiMu+1","FantasyMoon:ReiMu+1","Bird Faced Urn","Bottled Flame","SafetyPray:ReiMu+1","Juzu Bracelet","FairyPotion","YinYangSange:ReiMu+1","Tea:ReiMu","BodyOfKamiR:ReiMu","Medical Kit","SpreadBorder2:ReiMu+1","Calipers","Meditation:ReiMu+1","Bottled Lightning","Ice Cream","FadedRune:ReiMu","Matryoshka","WonderfulDomain:ReiMu+1","Meat on the Bone","Peace Pipe","Bottled Tornado","DuplicationPotion","Toy Ornithopter","Lantern","HornCleat","Kunai","Mercury Hourglass"],"campfire_rested":2,"item_purchase_floors":[0,0,0,0,0,0,0,0,0,0,0,0,0,0,0,0,0,0,0,0,0,0,0,0,0,0,0,0,0,0,0,0,0,0,0,0,0,0,0,0,0,0,0,0,0,0,0,0,0,0,0,0,0,0,0,0,0,0,0,0,0,0,0,0,0,0,0,0,0,0,0,0,0,0,0,0,0,0,0,0,0,0,0,0,0,0,0,0,0,0,0,0,0,0,0,0,0,0,0,0,0,0,0,0,0,0,0,0,0,0,0,0,0,0,5,42,42,53,53],"current_hp_per_floor":[103,103,103,103,103,103,103,103,103,93,93,99,99,99,99,99,99,99,106,106,106,106,106,106,106,103,103,103,103,103,103,103,103,103,103,109,109,109,106,106,106,103,88,88,88,98,58,91,100,100,100,100,100,100],"gold":394,"neow_bonus":"","is_daily":false,"chose_seed":false,"campfire_upgraded":1,"win_rate":0.0,"timestamp":1613660927,"path_taken":["M","?","?","?","?","R","M","E","T","?","R","?","?","E","R","BOSS","M","?","?","M","?","E","?","E","T","?","?","R","?","R","BOSS","M","?","?","?","?","E","R","$","T","?","?","?","M","?","R","BOSS","R","$","E","BOSS"],"items_purchased_type":["Relic","Relic","Relic","Relic","Relic","Relic","Potion","Card","Relic","Relic","Card","Card","Card","Relic","Relic","Relic","Card","Relic","Relic","Relic","Relic","Relic","Relic","Card","Card","Card","Relic","Card","Relic","Relic","Relic","Relic","Relic","Relic","Relic","Card","Relic","Relic","Relic","Relic","Relic","Relic","Relic","Relic","Card","Card","Relic","Relic","Card","Relic","Relic","Relic","Relic","Relic","Card","Relic","Card","Card","Card","Card","Card","Card","Card","Card","Relic","Card","Card","Relic","Card","Relic","Relic","Card","Card","Relic","Card","Card","Card","Card","Card","Card","Card","Card","Card","Relic","Card","Card","Card","Card","Relic","Card","Card","Card","Card","Relic","Relic","Card","Relic","Potion","Card","Relic","Relic","Relic","Card","Relic","Card","Relic","Relic","Relic","Relic","Card","Relic","Relic","Relic","Potion","Relic","Relic","Relic","Relic","Relic"],"build_version":"2020-12-22","purchased_purges":12,"victory":true,"max_hp_per_floor":[103,103,103,103,103,103,103,103,103,93,93,99,99,99,99,99,99,99,106,106,106,106,106,106,106,103,103,103,103,103,103,103,103,103,103,109,109,109,106,106,106,103,103,100,100,100,100,100,100,100,100,100,100,100],"card_choices":[{"not_picked":["SubcavityInstant:ReiMu","LearningPray:ReiMu"],"picked":"Determination:ReiMu+1","floor":0},{"not_picked":["BarrageOfMoneybags:ReiMu+1","SpreadBorder2:ReiMu"],"picked":"Meditation:ReiMu","floor":0},{"not_picked":["SpreadBorder2:ReiMu","TightArray:ReiMu+1"],"picked":"AirStrike:ReiMu+1","floor":0},{"not_picked":["Enchanting:ReiMu","Revelation:ReiMu"],"picked":"RainPray2:ReiMu","floor":0},{"not_picked":["FoulBorder2:ReiMu","Enchanting:ReiMu"],"picked":"OrbThrow:ReiMu+1","floor":0},{"not_picked":["Conquer:ReiMu+1","WonderfulDomain:ReiMu+1","Intuition:ReiMu+1","Meditation:ReiMu+1"],"picked":"SKIP","floor":1},{"not_picked":["BarrageOfMoneybags:ReiMu+1","Dreaming2:ReiMu+1","AlertArray:ReiMu+1","EmergencyTakeOff:ReiMu+1"],"picked":"SKIP","floor":7},{"not_picked":["CardOfSanctity:ReiMu+1","SpringWay:ReiMu+1","TightArray:ReiMu+1","Mountainwind:ReiMu+1"],"picked":"SKIP","floor":8},{"not_picked":["Enchanting:ReiMu+1","SpreadBorder2:ReiMu+1","PrepareRite:ReiMu+1","SubAcupoint:ReiMu+1"],"picked":"SKIP","floor":14},{"not_picked":["CeremonyResonance:ReiMu+1","KyokaiOfKami:ReiMu+1","CardOfSanctity:ReiMu+1"],"picked":"BlastKick2:ReiMu+1","floor":16},{"not_picked":["SpreadBorder2:ReiMu+1","BarrageOfMoneybags:ReiMu+1","OrbThrow:ReiMu+1","Enchanting:ReiMu+1"],"picked":"SKIP","floor":18},{"not_picked":["TightArray:ReiMu+1","EmergencyTakeOff:ReiMu+1","PrepareRite:ReiMu+1","CareerPray:ReiMu+1"],"picked":"SKIP","floor":21},{"not_picked":["ShadowOfCrow2:ReiMu+1","MikOfLucky:ReiMu+1","BlastKick2:ReiMu+1","Revelation:ReiMu+1"],"picked":"SKIP","floor":23},{"not_picked":["Conquer:ReiMu+1","FantasyMoon:ReiMu+1","WonderfulDomain:ReiMu+1","SpreadBorder2:ReiMu+1"],"picked":"SKIP","floor":25},{"not_picked":["RainPray2:ReiMu+1","EmergencyTakeOff:ReiMu+1","ShadowOfCrow2:ReiMu+1"],"picked":"RunawayExorcism:ReiMu+1","floor":30},{"not_picked":["HakureiPhantom:ReiMu+1","CeremonyResonance:ReiMu+1","OctopathSalyBorderN:ReiMu+1"],"picked":"SubcavityFantasy:ReiMu+1","floor":33},{"not_picked":["SpringWay:ReiMu+1","ShadowOfCrow2:ReiMu+1","CareerPray:ReiMu+1","TightArray:ReiMu+1"],"picked":"SKIP","floor":35},{"not_picked":["Gensokyo:UnlikelyAid+1","Gensokyo:RisingWorld+1"],"picked":"Gensokyo:LifeSpringInfinity+1","floor":39},{"not_picked":["CareerPray:ReiMu+1","DoubleButterfly:ReiMu+1","Amulet:ReiMu+1"],"picked":"KamiRite:ReiMu+1","floor":40},{"not_picked":["AirManeuver:ReiMu+1","TightArray:ReiMu+1","OrbThrow:ReiMu+1","WonderfulDomain:ReiMu+1"],"picked":"SKIP","floor":47},{"not_picked":["TightArray:ReiMu+1","OctopathBindingBorder2:ReiMu+1","Meditation:ReiMu+1"],"picked":"YinYangSange:ReiMu+1","floor":54}],"player_experience":154800,"relics_obtained":[{"floor":9,"key":"Dream Catcher"},{"floor":14,"key":"Bag of Marbles"},{"floor":16,"key":"Gensokyo:OccultBall"},{"floor":20,"key":"Pocketwatch"},{"floor":20,"key":"StoneCalendar"},{"floor":20,"key":"Gensokyo:OccultBall"},{"floor":23,"key":"Gensokyo:ConquerorOfFear"},{"floor":25,"key":"Regal Pillow"},{"floor":26,"key":"PreservedInsect"},{"floor":26,"key":"InkBottle"},{"floor":33,"key":"Gensokyo:OccultBall"},{"floor":40,"key":"Ornamental Fan"},{"floor":43,"key":"Mummified Hand"},{"floor":54,"key":"Sundial"}],"event_choices":[],"is_beta":false,"boss_relics":[{"not_picked":["Cursed Key","Runic Pyramid"],"picked":"Philosopher\u0027s Stone"},{"not_picked":["Runic Dome","Empty Cage"],"picked":"Coffee Dripper"}],"items_purged_floors":[0,0,0,0,0,0,0,0,0,0,0,0],"is_endless":false,"potions_floor_spawned":[1,16,18,21,25,47],"ascension_level":4}}