{"host":"opdum64sdiqzxm7l","time":1613631121,"event":{"mods":["Act Like it!","Aspiration","BaseMod","Conspire","Friendly Minions","Hallownest","Jedi Mod","KomeijiMod","Minty Spire (QoL Compilation)","MostiFishMod","Pale of the Ancients","Reliquary","Replay The Spire","RumiaBox-露米娅的神秘盒子","StSLib","Waifu the Spire","[功能]功能增强和修复MOD","【功能Mod】混沌之环修复补丁","【遗物卡牌】REMEMod"],"gold_per_floor":[176,7,7,19,19,19,53,98,98,0,0,0,56,87,87,199,199,221,39,39,39,81,127,127,180,180,180,216,216,82,82,82,193,193,217,240,54,83,83,120,120,140,140,22,54,4,4,33,33,42,42],"floor_reached":50,"language":"ZHS","playtime":2280,"items_purged":["Defend_Remirira","Malaise","Strike_Remiria","Deadly Poison","ReplayTheSpireMod:Speed Training+1","FateConcerto+1","ServantFlier"],"score":1031,"play_id":"1bffcf24-74dc-4226-ba78-e8acf22db4e0","local_time":"20210218145201","is_ascension_mode":true,"campfire_choices":[{"data":"MostiFishMod:Kaleido","floor":11,"key":"SMITH"},{"floor":15,"key":"REST"},{"data":"FateSonata","floor":32,"key":"SMITH"},{"data":"Culling","floor":41,"key":"SMITH"}],"circlet_count":0,"master_deck":["Absorbed+1","Scratch","MostiFishMod:Kaleido+1","Skewer","BloodCleaner","FastHealing","Infernal Blade","Septette","MillenniumVampire+1","BodyStrengthen+1","Paradox+1","Skewer","Atom Bomb","CurseofVladTepes","ChainGang+1","Culling+1","FateSonata+1","RedtheNightlessCastle","FierceSweep+1","VampirishNight","REME_ProfessionalPlagiarism+1","DemonsDinnerFork_Remiria+1","MostiFishMod:Kaleido+1","ScarletDestiny+1"],"relics":["ThirstyCrossSpe","REME_ComplimentaryCards","DaveBox","aspiration:Nostalgia","Replay:M_SmolderingBlood","PatriotShield","reliquary:ExpiredCoupon","REME_ArchaeologicalTools","Gremlin Food","reliquary:PurpleTingedLeaf","Blue Doll","Singing Bowl","reliquary:Boomerang","reliquary:NewFriend","Smiling Mask","jedi:battlestandard","Toxic Egg 2","Matryoshka","Hallownest:NailmastersGloryRelic","jedi:angrymask","Toy Ornithopter","ZombieArmy","Replay:Accelerometer","Bottled Flame","Divine Protection","Red Mask","Dodecahedron","SSSystem","Potion Belt","TimeFreeze","Boot","jedi:archwizardhat","Mirror","MagicDraw3","Centennial Puzzle"],"acts_visited":["Hallownest:Greenpath","Hallownest:CityofTears","Hallownest:KingdomsEdge"],"potions_floor_usage":[33],"damage_taken":[{"damage":0,"enemies":"Hallownest:monsterHuskGuard","floor":1,"turns":2},{"damage":0,"enemies":"Hallownest:monsterHuskWarrior","floor":4,"turns":1},{"damage":0,"enemies":"conspire:MimicChest","floor":7,"turns":2},{"damage":0,"enemies":"Hallownest:eliteMossKnight","floor":8,"turns":1},{"damage":0,"enemies":"Hallownest:eliteVengeflyKing","floor":13,"turns":2},{"damage":0,"enemies":"Hallownest:eliteMossKnight","floor":14,"turns":2},{"damage":1,"enemies":"Hallownest:BossBrokenVessel","floor":16,"turns":2},{"damage":0,"enemies":"Hallownest:2_Mistakes","floor":18,"turns":2},{"damage":0,"enemies":"Hallownest:Guard_and_Sentry","floor":22,"turns":4},{"damage":1,"enemies":"Hallownest:eliteSoulWarrior","floor":23,"turns":2},{"damage":0,"enemies":"Hallownest:Nosk","floor":25,"turns":3},{"damage":0,"enemies":"Hallownest:eliteSoulWarrior","floor":28,"turns":2},{"damage":0,"enemies":"Hallownest:BossMantisLord","floor":33,"turns":2},{"damage":0,"enemies":"Hallownest:Shield_Heavy","floor":35,"turns":1},{"damage":0,"enemies":"Hallownest:3_Siblings","floor":38,"turns":2},{"damage":0,"enemies":"Hallownest:eliteCollector","floor":40,"turns":2},{"damage":0,"enemies":"Hallownest:2_Great","floor":42,"turns":2},{"damage":0,"enemies":"Hallownest:StalkingDevout","floor":45,"turns":1},{"damage":0,"enemies":"Hallownest:eliteHiveKnight","floor":48,"turns":2},{"damage":99,"enemies":"Hallownest:BossHollowKnight","floor":50,"turns":3}],"seed_played":"-889511508105398717","potions_obtained":[{"floor":1,"key":"jedi:wingpotion"},{"floor":7,"key":"jedi:tentaclejuice"},{"floor":8,"key":"CalmPotion"},{"floor":14,"key":"SkillPotion"},{"floor":22,"key":"Swift Potion"},{"floor":35,"key":"Swift Potion"},{"floor":40,"key":"SpeedPotion"},{"floor":40,"key":"ColorlessPotion"},{"floor":45,"key":"ColorlessPotion"}],"is_trial":false,"path_per_floor":["M","$","?","M","$","T","?","E","T","$","R","?","E","E","R","B",null,"M","$","?","?","M","E","?","E","T","T","E","?","$","?","R","B",null,"M","T","$","M","?","E","R","M","T","$","E","$","?","E","R","B"],"character_chosen":"RemiriaScarlet","items_purchased":["MostiFishMod:Kaleido","reliquary:ExpiredCoupon","Blue Doll","Toxic Egg 2","Paradox+1","FateSonata","Dodecahedron","TimeFreeze","VampirishNight","REME_ProfessionalPlagiarism+1","MostiFishMod:Kaleido+1"],"campfire_rested":1,"item_purchase_floors":[2,2,10,19,19,30,30,37,37,37,44],"current_hp_per_floor":[100,100,100,100,100,100,100,100,100,100,100,46,47,49,79,78,100,100,100,100,100,100,100,100,100,100,100,100,100,100,85,85,94,100,100,100,100,100,100,100,100,100,100,100,102,102,102,102,97,0,0],"gold":42,"neow_bonus":"NOSTALGIA","is_daily":false,"chose_seed":false,"campfire_upgraded":3,"win_rate":0.0,"timestamp":1613631121,"path_taken":["M","$","?","?","?","?","?","E","T","$","R","?","E","E","R","BOSS","M","$","?","?","?","E","?","E","T","?","E","?","?","?","R","BOSS","M","?","$","?","?","E","R","?","T","$","E","?","?","E","R","BOSS"],"items_purchased_type":["Card","Relic","Relic","Relic","Card","Card","Relic","Relic","Card","Card","Card"],"build_version":"2020-12-22","purchased_purges":7,"victory":false,"max_hp_per_floor":[100,100,100,100,100,100,100,100,100,100,100,100,100,100,100,100,100,100,100,100,100,100,100,100,100,100,100,100,100,100,100,100,100,100,100,100,100,100,100,100,100,100,100,100,102,102,102,102,97,97,97],"card_choices":[{"not_picked":["FlyingSleeves","FastHealing","BloodySuit"],"picked":"SKIP","floor":1},{"not_picked":["BloodCollect","SeparateFleshBlood"],"picked":"BloodCleaner","floor":4},{"not_picked":["Headbutt","CombatMeter"],"picked":"ServantFlier","floor":7},{"not_picked":["FlyingSleeves","ForeignInfluence"],"picked":"FastHealing","floor":8},{"not_picked":["QueenOfMidnight","Headbutt"],"picked":"Infernal Blade","floor":13},{"not_picked":["ForeignInfluence","FollowUp"],"picked":"Septette","floor":14},{"not_picked":["Ragnarok","StarOfDavid"],"picked":"MillenniumVampire","floor":16},{"not_picked":["TricksterDevil","FastHealing+1"],"picked":"BodyStrengthen+1","floor":18},{"not_picked":["Exsanguinate","BodyStrengthen+1"],"picked":"CurseofVladTepes","floor":22},{"not_picked":["NaturallyHealing","Rewrite+1"],"picked":"ChainGang+1","floor":23},{"not_picked":["BloodCollect+1","Rewrite+1"],"picked":"Culling","floor":25},{"not_picked":["DemonsDinnerFork_Remiria+1","Impregnable+1"],"picked":"FateConcerto+1","floor":28},{"not_picked":["StarOfDavid","AllTheWorldInNightmare+1"],"picked":"RedtheNightlessCastle","floor":33},{"not_picked":["TricksterDevil+1","Warpath+1"],"picked":"FierceSweep+1","floor":35},{"not_picked":["Offensive+1","DamonLordCradle_Remiria+1"],"picked":"DemonsDinnerFork_Remiria+1","floor":38},{"not_picked":["ThePrice+1","Tearing+1","VampireClaw"],"picked":"SKIP","floor":40},{"not_picked":["BloodySuit+1","DoubleEdge","BloodyMagicSquare"],"picked":"SKIP","floor":42},{"not_picked":["Impregnable+1","BloodySuit+1","FastHealing+1"],"picked":"Singing Bowl","floor":45},{"not_picked":["VampirishNight+1","DamonLordCradle_Remiria+1"],"picked":"ScarletDestiny+1","floor":48}],"player_experience":9698,"relics_obtained":[{"floor":7,"key":"REME_ArchaeologicalTools"},{"floor":8,"key":"Gremlin Food"},{"floor":9,"key":"reliquary:PurpleTingedLeaf"},{"floor":13,"key":"reliquary:NewFriend"},{"floor":14,"key":"Smiling Mask"},{"floor":23,"key":"Matryoshka"},{"floor":25,"key":"jedi:angrymask"},{"floor":26,"key":"Toy Ornithopter"},{"floor":26,"key":"ZombieArmy"},{"floor":27,"key":"Replay:Accelerometer"},{"floor":27,"key":"Bottled Flame"},{"floor":28,"key":"Divine Protection"},{"floor":36,"key":"Potion Belt"},{"floor":40,"key":"Boot"},{"floor":43,"key":"jedi:archwizardhat"},{"floor":45,"key":"Mirror"},{"floor":48,"key":"Centennial Puzzle"}],"event_choices":[],"is_beta":false,"boss_relics":[{"not_picked":["FixedStarFall","Pandora\u0027s Box"],"picked":"jedi:battlestandard"},{"not_picked":["reliquary:Ember","ReplayTheSpireMod:DimensionalGlitch","Runic Dome"]}],"items_purged_floors":[2,10,19,30,37,44,46],"is_endless":false,"potions_floor_spawned":[1,7,8,13,14,22,23,28,28,35,35,40,40,45,48],"killed_by":"Hallownest:BossHollowKnight","ascension_level":1}}