{"host":"6u7moiwxtr8zcn5m","time":1613655938,"event":{"mods":["BaseMod","Downfall","Minty Spire (QoL Compilation)","Quick Restart","Reliquary","Replay The Spire","StSLib"],"gold_per_floor":[115,126,140,159,170,196,394,419,470,504,8,23,23,23,23,119,119,139,139,158,170,170,170,196,216,241,255,305,353,365,401,413,555,567,598,625,637,188,521,551,551,551,576,18,45,0,18,50,50,50],"floor_reached":51,"language":"ENG","playtime":4044,"items_purged":[],"score":1164,"play_id":"50c1f234-7a49-4630-a933-9ecf814a1823","local_time":"20210218064538","is_ascension_mode":true,"campfire_choices":[{"data":"Envenom","floor":23,"key":"SMITH"},{"floor":32,"key":"REST"}],"circlet_count":0,"master_deck":["Strike_G","Strike_G","Strike_G","Strike_G","Defend_G","Defend_G","Defend_G","Defend_G+1","Defend_G","Survivor","Neutralize","Masterful Stab","ReplayTheSpireMod:Speed Training","Dodge and Roll","Cloak And Dagger+1","Replay:Bag of Tricks","ReplayTheSpireMod:Splinters","Flying Knee","Noxious Fumes","Quick Slash","Footwork","Backflip+1","Flash of Steel","Dash","Envenom+1","Blade Dance","J.A.X.","Deflect","Envenom","Backflip+1","Blade Dance+1","CommonCold","Draining Mist","Blade Dance","downfall:Aged","downfall:Aged","Storm of Steel","Dash","Finisher","ReplayTheSpireMod:The Works+1","Footwork","Amnesia","Regret","Normality","Masterful Stab","Masterful Stab","Replay:Poison Smokescreen","Replay:Poison Smokescreen","Slice","ReplayUltimateDefense","Replay:Bootleg Shield Generator","Jack Of All Trades","Pot Of Greed","Pot Of Greed","Pot Of Greed","Pot Of Greed","Pot Of Greed","Infinite Blades+1","Accuracy","ReplayTheSpireMod:Necrosis"],"relics":["Black Star","reliquary:PorcupineQuills","Turnip","Anchor","Pen Nib","Replay:Accelerometer","reliquary:KillPill","reliquary:RedPaperclip","TungstenRod","Replay:Wax Seal","reliquary:RadioactivePellet","Ring of Peace","Ring of Greed","MawBank","Centennial Puzzle","Pocketwatch","Enchiridion","Philosopher\u0027s Stone","StrikeDummy","Chameleon Ring","Eternal Feather","Blue Candle","Bird Faced Urn","Pet Ghost","ReplayTheSpireMod:ShopPack","Question Card","Strawberry","Grinning Jar","Red Mask","Replay:Bottled Snecko","ReplayTheSpireMod:Lightbulb"],"acts_visited":["Exordium","TheCity","TheBeyond"],"potions_floor_usage":[6,8,16,18,24,29,36,50,50,50],"damage_taken":[{"damage":4,"enemies":"Cultist","floor":1,"turns":4},{"damage":2,"enemies":"Small Slimes","floor":2,"turns":3},{"damage":6,"enemies":"Jaw Worm","floor":3,"turns":3},{"damage":6,"enemies":"3 Louse","floor":4,"turns":4},{"damage":0,"enemies":"2 Fungi Beasts","floor":5,"turns":5},{"damage":15,"enemies":"3 Sentries","floor":6,"turns":12},{"damage":8,"enemies":"Replay:BlueRogue","floor":8,"turns":6},{"damage":8,"enemies":"Lagavulin","floor":10,"turns":6},{"damage":0,"enemies":"Exordium Thugs","floor":12,"turns":5},{"damage":0,"enemies":"The Guardian","floor":16,"turns":9},{"damage":0,"enemies":"2 Thieves","floor":18,"turns":4},{"damage":6,"enemies":"3 Byrds","floor":20,"turns":6},{"damage":7,"enemies":"Snake Plant","floor":21,"turns":4},{"damage":11,"enemies":"Book of Stabbing","floor":24,"turns":6},{"damage":7,"enemies":"Centurion and Healer","floor":25,"turns":6},{"damage":2,"enemies":"Chosen and Byrds","floor":27,"turns":5},{"damage":6,"enemies":"Slavers","floor":29,"turns":5},{"damage":0,"enemies":"Snecko","floor":31,"turns":3},{"damage":2,"enemies":"Champ","floor":33,"turns":8},{"damage":0,"enemies":"3 Darklings","floor":35,"turns":4},{"damage":0,"enemies":"Orb Walker","floor":36,"turns":3},{"damage":2,"enemies":"R_Hoarder","floor":40,"turns":8},{"damage":22,"enemies":"Giant Head","floor":45,"turns":8},{"damage":16,"enemies":"Sphere and 2 Shapes","floor":47,"turns":5},{"damage":4,"enemies":"R_Hoarder","floor":48,"turns":5},{"damage":3,"enemies":"Donu and Deca","floor":50,"turns":7}],"seed_played":"3935470609892936464","potions_obtained":[{"floor":3,"key":"SkillPotion"},{"floor":5,"key":"SpeedPotion"},{"floor":6,"key":"SteroidPotion"},{"floor":10,"key":"Explosive Potion"},{"floor":12,"key":"SneckoOil"},{"floor":18,"key":"Block Potion"},{"floor":21,"key":"GamblersBrew"},{"floor":24,"key":"Elixir"},{"floor":27,"key":"Fire Potion"},{"floor":29,"key":"Energy Potion"},{"floor":35,"key":"Dexterity Potion"},{"floor":36,"key":"bronze:BurnAndBuffPotion"},{"floor":47,"key":"Venom Potion"}],"is_trial":false,"path_per_floor":["M","M","M","M","M","E","?","E","T","E","$","M","$","?","R","B",null,"M","?","M","M","?","R","E","M","T","M","?","E","?","M","R","B",null,"M","M","?","$","?","E","?","T","T","$","E","?","M","E","R","B",null],"character_chosen":"THE_SILENT","items_purchased":["reliquary:KillPill","Footwork","Backflip","Flash of Steel","Finisher","StrikeDummy","ReplayTheSpireMod:The Works+1","Footwork","ReplayTheSpireMod:ShopPack","Masterful Stab","Replay:Poison Smokescreen","Question Card","Slice"],"campfire_rested":1,"item_purchase_floors":[11,11,11,11,38,38,38,38,44,44,44,44,44],"current_hp_per_floor":[66,64,58,52,52,37,37,29,29,21,21,21,21,21,42,42,70,70,70,64,57,51,51,40,33,33,31,31,25,13,13,34,32,70,70,70,70,70,70,68,64,64,64,64,59,59,55,57,77,77],"gold":50,"neow_bonus":"BOSS_RELIC","is_daily":false,"chose_seed":false,"campfire_upgraded":1,"win_rate":0.0,"timestamp":1613655938,"path_taken":["M","M","M","?","M","E","?","E","T","E","$","M","?","?","R","BOSS","M","?","M","M","?","R","E","M","T","?","?","E","?","M","R","BOSS","M","M","?","$","?","E","?","?","T","$","E","?","M","E","R","BOSS"],"items_purchased_type":["Relic","Card","Card","Card","Card","Relic","Card","Card","Relic","Card","Card","Relic","Card"],"build_version":"2020-12-22","purchased_purges":0,"victory":true,"max_hp_per_floor":[70,70,70,70,70,70,70,70,70,70,70,70,70,70,70,70,70,70,70,70,70,70,70,70,70,70,70,70,70,70,70,70,70,70,70,70,70,70,70,70,70,70,70,70,77,77,77,77,77,77],"card_choices":[{"not_picked":["Backflip","Fluid Movement"],"picked":"Masterful Stab","floor":1},{"not_picked":["Terror","Deadly Poison","Caltrops"],"picked":"SKIP","floor":2},{"not_picked":["Dodge and Roll","Footwork"],"picked":"ReplayTheSpireMod:Speed Training","floor":3},{"not_picked":["Riddle With Holes","Deadly Poison"],"picked":"Dodge and Roll","floor":4},{"not_picked":["Acrobatics","Toxin Wave"],"picked":"Cloak And Dagger","floor":5},{"not_picked":["Dagger Spray","All Out Attack"],"picked":"Replay:Bag of Tricks","floor":6},{"not_picked":["All Out Attack","Outmaneuver"],"picked":"Flying Knee","floor":7},{"not_picked":["Dodge and Roll","ReplayTheSpireMod:Scrap Shanks"],"picked":"Noxious Fumes","floor":8},{"not_picked":["Deadly Poison","Predator"],"picked":"Quick Slash","floor":10},{"not_picked":["All Out Attack","Footwork"],"picked":"Dash","floor":12},{"not_picked":["Poison Darts","Burst"],"picked":"Envenom","floor":16},{"not_picked":["Deadly Poison+1","Terror"],"picked":"Blade Dance","floor":18},{"not_picked":["Deadly Poison","Dodge and Roll","Dagger Spray"],"picked":"SKIP","floor":20},{"not_picked":["Dagger Throw","Blur+1"],"picked":"Deflect","floor":21},{"not_picked":["Replay:Poison Smokescreen","Wraith Form v2"],"picked":"Envenom","floor":24},{"not_picked":["Deflect","Dagger Spray"],"picked":"Backflip+1","floor":25},{"not_picked":["Poisoned Stab","Acrobatics"],"picked":"Blade Dance+1","floor":27},{"not_picked":["Quick Slash","All Out Attack"],"picked":"Draining Mist","floor":29},{"not_picked":["Skewer+1","Slice"],"picked":"Blade Dance","floor":31},{"not_picked":["Night Terror","Unload"],"picked":"Storm of Steel","floor":33},{"not_picked":["Dodge and Roll","Concentrate+1"],"picked":"Dash","floor":35},{"not_picked":["Bane+1","Acrobatics","Deadly Poison"],"picked":"SKIP","floor":36},{"not_picked":["Underhanded Strike+1","Dodge and Roll"],"picked":"Masterful Stab","floor":40},{"not_picked":["Midas Touch","HandOfGreed","ReplayTheSpireMod:Brewmster"],"picked":"ReplayUltimateDefense","floor":44},{"not_picked":["Violence","Replay:Sssssssssshield","Metamorphosis"],"picked":"Replay:Bootleg Shield Generator","floor":44},{"not_picked":["ReplayTheSpireMod:Trickstab","Impatience","Forethought"],"picked":"Jack Of All Trades","floor":44},{"not_picked":["Flying Knee","Outmaneuver","ReplayTheSpireMod:Shiv Toss+1"],"picked":"Infinite Blades+1","floor":45},{"not_picked":["Quick Slash","ReplayTheSpireMod:Speed Training","Finisher"],"picked":"Accuracy","floor":47},{"not_picked":["Bane","Outmaneuver","Masterful Stab"],"picked":"ReplayTheSpireMod:Necrosis","floor":48}],"player_experience":487918,"relics_obtained":[{"floor":6,"key":"reliquary:PorcupineQuills"},{"floor":6,"key":"Turnip"},{"floor":8,"key":"reliquary:BoilingFlask"},{"floor":8,"key":"Anchor"},{"floor":9,"key":"Replay:Mystery Machine"},{"floor":10,"key":"Pen Nib"},{"floor":10,"key":"Replay:Accelerometer"},{"floor":24,"key":"TungstenRod"},{"floor":24,"key":"Replay:Wax Seal"},{"floor":26,"key":"reliquary:RadioactivePellet"},{"floor":28,"key":"Ring of Peace"},{"floor":28,"key":"Ring of Greed"},{"floor":28,"key":"MawBank"},{"floor":28,"key":"Golden Idol"},{"floor":29,"key":"Centennial Puzzle"},{"floor":29,"key":"Pocketwatch"},{"floor":30,"key":"Enchiridion"},{"floor":40,"key":"Chameleon Ring"},{"floor":40,"key":"Eternal Feather"},{"floor":42,"key":"Bird Faced Urn"},{"floor":43,"key":"Pet Ghost"},{"floor":45,"key":"Strawberry"},{"floor":45,"key":"Grinning Jar"},{"floor":48,"key":"Replay:Bottled Snecko"},{"floor":48,"key":"ReplayTheSpireMod:Lightbulb"}],"event_choices":[{"damage_healed":0,"gold_gain":0,"player_choice":"Obtain J.A.X.","damage_taken":0,"max_hp_gain":0,"max_hp_loss":0,"event_name":"Drug Dealer","floor":19,"gold_loss":0,"cards_obtained":["J.A.X."]},{"damage_healed":0,"gold_gain":0,"player_choice":"","damage_taken":6,"max_hp_gain":0,"max_hp_loss":0,"event_name":"Knowing Skull","floor":22,"potions_obtained":[],"gold_loss":0,"cards_obtained":[]},{"damage_healed":0,"gold_gain":0,"player_choice":"Obtained Book","damage_taken":16,"max_hp_gain":0,"max_hp_loss":0,"event_name":"Cursed Tome","floor":30,"gold_loss":0},{"cards_removed":["Strike_G"],"damage_healed":0,"gold_gain":0,"player_choice":"Removed Attack","damage_taken":0,"max_hp_gain":0,"max_hp_loss":0,"event_name":"Falling","floor":37,"gold_loss":0},{"damage_healed":0,"gold_gain":333,"player_choice":"Gave Idol","damage_taken":0,"max_hp_gain":0,"max_hp_loss":0,"event_name":"The Moai Head","floor":39,"relics_lost":["Golden Idol"],"gold_loss":0},{"damage_healed":0,"gold_gain":0,"player_choice":"Paid","damage_taken":0,"relics_obtained":["Red Mask"],"max_hp_gain":0,"max_hp_loss":0,"event_name":"Tomb of Lord Red Mask","floor":46,"gold_loss":45}],"is_beta":false,"boss_relics":[{"not_picked":["SlaversCollar","Ring of Chaos"],"picked":"reliquary:RedPaperclip"},{"not_picked":["reliquary:Ember","Replay:Bronze Core"],"picked":"Philosopher\u0027s Stone"}],"items_purged_floors":[],"is_endless":false,"potions_floor_spawned":[3,5,6,10,12,18,21,24,27,29,35,36,45,47],"ascension_level":1}}