{"host":"tf5skwcwe0vlu2md","time":1613656822,"event":{"mods":["BaseMod","Downfall","Highlight Path","Minty Spire (QoL Compilation)","Quick Restart","StSLib","The Hierophant"],"gold_per_floor":[117,135,148,148,148,148,181,201,201,260,260,296,309,352,352,478,478,494,489,489,489],"floor_reached":20,"playtime":908,"items_purged":[],"score":212,"play_id":"d8eb060a-3124-418a-b22d-86fe6a64d96e","local_time":"20210219010022","is_ascension_mode":true,"campfire_choices":[{"data":"Sunder","floor":6,"key":"SMITH"},{"data":"Dualcast","floor":11,"key":"SMITH"},{"data":"Fusion","floor":15,"key":"SMITH"}],"circlet_count":0,"master_deck":["Strike_B","Strike_B","Strike_B","Strike_B","Defend_B","Defend_B","Defend_B","Defend_B","Zap","Dualcast+1","Sunder","Beam Cell","Sunder+1","Injury","Leap","Gash","Fusion+1","Beam Cell","Leap","Undo","Fission","Gash+1","Self Repair","Static Discharge+1","Redo"],"relics":["Cracked Core","Golden Idol","MealTicket","Nunchaku","Prayer Wheel","Odd Mushroom","Calipers","Black Star"],"acts_visited":["Exordium","TheCity"],"potions_floor_usage":[14,16,18,18],"damage_taken":[{"damage":1,"enemies":"Cultist","floor":1,"turns":3},{"damage":0,"enemies":"2 Louse","floor":2,"turns":2},{"damage":2,"enemies":"Jaw Worm","floor":3,"turns":4},{"damage":40,"enemies":"3 Sentries","floor":7,"turns":7},{"damage":0,"enemies":"Large Slime","floor":8,"turns":2},{"damage":0,"enemies":"The Mushroom Lair","floor":12,"turns":2},{"damage":1,"enemies":"3 Louse","floor":13,"turns":2},{"damage":6,"enemies":"Lagavulin","floor":14,"turns":4},{"damage":21,"enemies":"Hexaghost","floor":16,"turns":9},{"damage":14,"enemies":"Chosen","floor":18,"turns":7},{"damage":12,"enemies":"2 Thieves","floor":19,"turns":4},{"damage":60,"enemies":"Centurion and Healer","floor":20,"turns":7}],"seed_played":"8301099559026356747","potions_obtained":[{"floor":2,"key":"Block Potion"},{"floor":7,"key":"DuplicationPotion"},{"floor":8,"key":"Swift Potion"},{"floor":14,"key":"SpeedPotion"}],"is_trial":false,"path_per_floor":["M","M","M","?","T","R","E","M","T","?","R","?","M","E","R","B",null,"M","M","M"],"character_chosen":"DEFECT","items_purchased":[],"campfire_rested":0,"item_purchase_floors":[],"current_hp_per_floor":[81,81,79,79,79,79,39,39,39,39,39,39,38,32,32,11,82,68,56,0,0],"gold":489,"neow_bonus":"TEN_PERCENT_HP_BONUS","is_daily":false,"chose_seed":false,"campfire_upgraded":3,"win_rate":0.0,"timestamp":1613656822,"path_taken":["M","M","?","?","?","R","E","M","T","?","R","?","M","E","R","BOSS","M","M","M"],"items_purchased_type":[],"build_version":"2020-12-13","purchased_purges":0,"victory":false,"max_hp_per_floor":[82,82,82,82,82,82,82,82,82,82,82,82,82,82,82,82,82,82,82,82,82],"card_choices":[{"not_picked":["Coolheaded","Hologram"],"picked":"Sunder","floor":1},{"not_picked":["Conserve Battery","Turbo"],"picked":"Beam Cell","floor":2},{"not_picked":["Blizzard","Static Discharge"],"picked":"Sunder","floor":3},{"not_picked":["Stack","Sweeping Beam"],"picked":"Leap","floor":7},{"not_picked":["Compile Driver","Rebound"],"picked":"Gash","floor":8},{"not_picked":["Steam Power","Sweeping Beam"],"picked":"Fusion","floor":12},{"not_picked":["Leap","Steam"],"picked":"Beam Cell","floor":13},{"not_picked":["Darkness","Skim"],"picked":"Leap","floor":13},{"not_picked":["Ball Lightning","Heatsinks"],"picked":"Undo","floor":14},{"not_picked":["Multi-Cast","Biased Cognition"],"picked":"Fission","floor":16},{"not_picked":["Stack","Skim+1"],"picked":"Gash+1","floor":18},{"not_picked":["Recycle+1","Glacier"],"picked":"Self Repair","floor":18},{"not_picked":["Aggregate","Streamline"],"picked":"Static Discharge+1","floor":19},{"not_picked":["Stack","Genetic Algorithm"],"picked":"Redo","floor":19}],"player_experience":275493,"relics_obtained":[{"floor":5,"key":"MealTicket"},{"floor":7,"key":"Nunchaku"},{"floor":9,"key":"Prayer Wheel"},{"floor":12,"key":"Odd Mushroom"},{"floor":14,"key":"Calipers"}],"event_choices":[{"damage_healed":0,"gold_gain":0,"player_choice":"Take Wound","damage_taken":0,"relics_obtained":["Golden Idol"],"max_hp_gain":0,"max_hp_loss":0,"event_name":"Golden Idol","floor":4,"gold_loss":0,"cards_obtained":["Injury"]},{"damage_healed":0,"gold_gain":59,"player_choice":"Gained Gold","damage_taken":0,"max_hp_gain":0,"max_hp_loss":0,"event_name":"Golden Wing","floor":10,"gold_loss":0},{"damage_healed":0,"gold_gain":0,"player_choice":"Fought Mushrooms","damage_taken":0,"max_hp_gain":0,"max_hp_loss":0,"event_name":"Mushrooms","floor":12,"gold_loss":0}],"is_beta":false,"boss_relics":[{"not_picked":["Calling Bell","Nuclear Battery"],"picked":"Black Star"}],"items_purged_floors":[],"is_endless":false,"potions_floor_spawned":[2,7,8,14],"killed_by":"Centurion and Healer","ascension_level":3}}