{"host":"sjo4oracihb00px1","time":1613690538,"event":{"mods":["Astrologer","BaseMod","Better Note","Colored Powertips","Defective Defect","Friendly Minions","Hermit","HololiveMod","Hubris","Jorbs\u0027s Wanderer Trilogy","Kiyohime????","Marisa????????","Minty Spire (QoL Compilation)","Quick Restart","Random Character Button","Remilia??????","Replay The Spire","Shop Mod","ShortenTheSpire","Somnambulant","StSLib","The Administrix","The Animator","The Awakened One except there are too many feathers","The Bug Knight","The Cursed","The Death Knight","The Disciple","The Gatherer","The IronCluck","The Necromancer","The Problem Sleuth","The Runesmith","The Servant 0.9.4","The Vixen","TheBandit","Waifu the Spire","Wandering Minibosses","Yuri Mod","everything is the same but u backflip on backflip","slay the spire mod where everything is the same but ironclad has a cowboy hat","thorton"],"gold_per_floor":[114,132,207,207,217,245,245,276,353,353,353,353,382,395,395,495,495,510,529,469,469,469,469,518,518,518,24,24,78,123,123,123,260,260,288,338,351,351,377,420,420,466,466,491,491,533,566,566,566,566],"floor_reached":51,"language":"ENG","playtime":4882,"items_purged":[],"score":1656,"play_id":"7aea998e-8a94-4126-b50b-728721b4504b","local_time":"20210218182218","is_ascension_mode":true,"campfire_choices":[{"data":"UpSweep","floor":7,"key":"SMITH"},{"data":"AsteroidBelt","floor":11,"key":"SMITH"},{"floor":15,"key":"DIG"},{"data":"CasketOfStar","floor":23,"key":"SMITH"},{"data":"OortCloud","floor":25,"key":"SMITH"},{"data":"MasterSpark","floor":32,"key":"SMITH"},{"data":"OrrerysSun","floor":41,"key":"SMITH"}],"circlet_count":0,"master_deck":["AscendersBane","Strike_MRS","Strike_MRS","Strike_MRS","Strike_MRS","Defend_MRS","Defend_MRS","Defend_MRS","Defend_MRS+1","MasterSpark+1","UpSweep+1","OortCloud+1","AsteroidBelt+1","ShootTheMoon","EventHorizon+1","OrrerysSun+1","PulseMagic+1","CasketOfStar+1","WitchOfGreed","AsteroidBelt+1","J.A.X.+1","Necronomicurse","EarthLightRay+1","MaximisePower+1","MagicChant+1","PropBag+1","Acceleration+1","SprinkleStarSeal+1"],"relics":["MiniHakkero","Coffee Dripper","Hololive_Finger","Mercury Hourglass","Runesmith:Nanobots","Toxic Egg 2","HandmadeGrimoire","AmplifyWand","Black Star","Necronomicon","Quantum Egg","Question Card","Matryoshka","Replay:Bottled Flurry","hubris:DeckOfHolding","Replay:Baseball","Orichalcum","hubris:BottledRain","Mirror","Replay:Drink Me","Ring of Greed","Blue Doll","MealTicket","Ring of Fangs","wanderingMiniBosses:ThiefScarf","Lizard Tail","Blue Candle","hubris:64BitClover","Strawberry","Oddly Smooth Stone","Singing Bowl","DeathKnight:PutricidesVial","Prayer Wheel"],"acts_visited":["Exordium","TheCity","TheBeyond"],"potions_floor_usage":[2,6,13,16,30,33,33,37,39,39,46,47,50,50,50],"damage_taken":[{"damage":2,"enemies":"Jaw Worm","floor":1,"turns":2},{"damage":0,"enemies":"Small Slimes","floor":2,"turns":2},{"damage":0,"enemies":"Cultist","floor":5,"turns":3},{"damage":4,"enemies":"Gremlin Nob","floor":6,"turns":4},{"damage":9,"enemies":"3 Sentries","floor":8,"turns":5},{"damage":0,"enemies":"Replay:BlueRogue","floor":13,"turns":6},{"damage":0,"enemies":"3 Louse","floor":14,"turns":2},{"damage":0,"enemies":"Slime Boss","floor":16,"turns":7},{"damage":0,"enemies":"Spheric Guardian","floor":18,"turns":4},{"damage":3,"enemies":"Shell Parasite","floor":19,"turns":3},{"damage":22,"enemies":"Gremlin Leader","floor":24,"turns":5},{"damage":14,"enemies":"Book of Stabbing","floor":30,"turns":6},{"damage":3,"enemies":"Collector","floor":33,"turns":7},{"damage":3,"enemies":"3 Shapes","floor":35,"turns":3},{"damage":3,"enemies":"Orb Walker","floor":37,"turns":4},{"damage":5,"enemies":"Sphere and 2 Shapes","floor":39,"turns":4},{"damage":3,"enemies":"Reptomancer","floor":40,"turns":3},{"damage":4,"enemies":"Giant Head","floor":42,"turns":3},{"damage":0,"enemies":"3 Darklings","floor":44,"turns":5},{"damage":16,"enemies":"HollowMod:StalkingDevout","floor":46,"turns":4},{"damage":14,"enemies":"4 Shapes","floor":47,"turns":6},{"damage":6,"enemies":"Awakened One","floor":50,"turns":4}],"seed_played":"4372149748719605812","potions_obtained":[{"floor":1,"key":"Adrenaline Potion"},{"floor":5,"key":"Languid Potion"},{"floor":8,"key":"DuplicationPotion"},{"floor":14,"key":"Weak Potion"},{"floor":24,"key":"LiquidMemories"},{"floor":30,"key":"ColorlessPotion"},{"floor":30,"key":"Block Potion"},{"floor":33,"key":"Languid Potion"},{"floor":33,"key":"DeathKnight:BottledBloodEchoes"},{"floor":35,"key":"BlessingOfTheForge"},{"floor":39,"key":"BlessingOfTheForge"},{"floor":40,"key":"DistilledChaos"},{"floor":42,"key":"Elixir"},{"floor":44,"key":"SkillPotion"},{"floor":46,"key":"Fire Potion"},{"floor":46,"key":"SkillPotion"},{"floor":47,"key":"LiquidBronze"},{"floor":49,"key":"Reflective Coating"}],"is_trial":false,"path_per_floor":["M","M","?","?","M","E","R","E","T","?","R","?","E","M","R","B",null,"M","M","?","?","?","R","E","R","T","$","$","T","E","?","R","B",null,"M","?","M","?","M","E","R","E","T","M","?","E","M","?","R","B",null],"character_chosen":"MARISA","items_purchased":["Replay:Bottled Flurry","hubris:DeckOfHolding"],"campfire_rested":0,"item_purchase_floors":[27,27],"current_hp_per_floor":[66,66,55,55,55,51,51,42,42,60,60,45,45,45,45,45,68,68,65,65,65,49,49,27,27,27,27,27,27,13,13,13,16,45,48,48,51,54,52,54,54,57,57,61,61,53,47,47,47,47],"gold":566,"neow_bonus":"DOUBLE_BOSS_RELIC","is_daily":false,"chose_seed":false,"campfire_upgraded":6,"win_rate":0.0,"timestamp":1613690538,"path_taken":["M","M","?","?","?","E","R","E","T","?","R","?","E","M","R","BOSS","M","M","?","?","?","R","E","R","T","?","$","?","E","?","R","BOSS","M","?","M","?","?","E","R","E","T","M","?","E","?","?","R","BOSS"],"items_purchased_type":["Relic","Relic"],"build_version":"2020-12-22","purchased_purges":0,"victory":true,"max_hp_per_floor":[75,75,75,75,75,75,75,75,75,75,75,75,75,75,75,75,75,75,75,75,75,75,75,75,75,75,75,75,75,75,75,75,75,54,54,54,54,54,54,54,54,61,61,61,61,63,65,65,65,65],"card_choices":[{"not_picked":["RefractionSpark","UnstableBomb"],"picked":"OortCloud","floor":1},{"not_picked":["WitchLeyline","SporeBomb"],"picked":"AsteroidBelt","floor":2},{"not_picked":["DeepEcoloBomb","6A"],"picked":"ShootTheMoon","floor":5},{"not_picked":["BigCrunch","NonDirectionalLaser"],"picked":"EventHorizon","floor":6},{"not_picked":["ShootTheMoon","Acceleration"],"picked":"OrrerysSun","floor":8},{"not_picked":["WitchLeyline","DragonMeteor"],"picked":"FairyDestructionRay","floor":13},{"not_picked":["MilkyWay+1","ManaConvection+1"],"picked":"PulseMagic+1","floor":14},{"not_picked":["UltimateShortwave+1","AbsoluteMagnitude"],"picked":"CasketOfStar","floor":16},{"not_picked":["UnstableBomb","MilkyWay+1"],"picked":"WitchOfGreed","floor":18},{"not_picked":["GalacticHalo+1","Acceleration+1"],"picked":"AsteroidBelt+1","floor":19},{"not_picked":["GravityBeat","MagicAbsorber+1"],"picked":"Robbery","floor":24},{"not_picked":["PulseMagic+1","MaximisePower+1","WitchLeyline"],"picked":"EarthLightRay+1","floor":30},{"not_picked":["SuperNova","StarDustReverie+1","BinaryStars+1"],"picked":"MaximisePower+1","floor":33},{"not_picked":["OpenUniverse+1","StarBarrage","WitchOfGreed"],"picked":"Occultation+1","floor":35},{"not_picked":["WitchOfGreed","PowerUp+1","LuminesStrike"],"picked":"MagicChant+1","floor":37},{"not_picked":["Occultation+1","GravityBeat+1","MagicAbsorber+1","MilkyWay+1"],"picked":"SKIP","floor":39},{"not_picked":["GrandCross+1","MysteriousBeam","DarkMatter+1"],"picked":"PropBag+1","floor":40},{"not_picked":["SuperPerseids+1","GrandCross","ShootingEcho","FairyDestructionRay"],"picked":"SKIP","floor":42},{"not_picked":["SatelliteIllusion","ShootingEcho","ManaConvection+1"],"picked":"Acceleration+1","floor":44},{"not_picked":["PowerUp+1","ShootingEcho+1","6A+1","DoubleSpark+1"],"picked":"Singing Bowl","floor":46},{"not_picked":["Acceleration+1","PowerUp+1","MysteriousBeam","UnstableBomb"],"picked":"Singing Bowl","floor":47},{"not_picked":["TreasureHunter","EnergyFlow+1","Occultation+1"],"picked":"SprinkleStarSeal+1","floor":47}],"player_experience":719641,"relics_obtained":[{"floor":6,"key":"Mercury Hourglass"},{"floor":8,"key":"Runesmith:Nanobots"},{"floor":9,"key":"Toxic Egg 2"},{"floor":13,"key":"HandmadeGrimoire"},{"floor":15,"key":"AmplifyWand"},{"floor":22,"key":"Necronomicon"},{"floor":24,"key":"Quantum Egg"},{"floor":24,"key":"Question Card"},{"floor":26,"key":"Matryoshka"},{"floor":29,"key":"Replay:Baseball"},{"floor":29,"key":"Orichalcum"},{"floor":30,"key":"hubris:BottledRain"},{"floor":30,"key":"Mirror"},{"floor":36,"key":"Ring of Greed"},{"floor":36,"key":"Blue Doll"},{"floor":36,"key":"MealTicket"},{"floor":36,"key":"Ring of Fangs"},{"floor":39,"key":"wanderingMiniBosses:ThiefScarf"},{"floor":40,"key":"Lizard Tail"},{"floor":40,"key":"Blue Candle"},{"floor":42,"key":"hubris:64BitClover"},{"floor":42,"key":"Strawberry"},{"floor":43,"key":"Oddly Smooth Stone"},{"floor":43,"key":"Singing Bowl"},{"floor":46,"key":"DeathKnight:PutricidesVial"},{"floor":46,"key":"Prayer Wheel"}],"event_choices":[{"damage_healed":0,"gold_gain":75,"player_choice":"Gather Gold","damage_taken":11,"max_hp_gain":0,"max_hp_loss":0,"event_name":"World of Goop","floor":3,"gold_loss":0},{"damage_healed":0,"gold_gain":0,"player_choice":"Ignored","damage_taken":0,"max_hp_gain":0,"max_hp_loss":0,"event_name":"Purifier","floor":4,"gold_loss":0},{"damage_healed":18,"gold_gain":0,"player_choice":"Healed and dodged fight","damage_taken":0,"max_hp_gain":0,"max_hp_loss":0,"event_name":"Mushrooms_MRS","floor":10,"gold_loss":0,"cards_obtained":["Parasite"]},{"damage_healed":0,"gold_gain":0,"player_choice":"Entered Light","damage_taken":15,"max_hp_gain":0,"max_hp_loss":0,"event_name":"Shining Light","floor":12,"gold_loss":0,"cards_upgraded":["Defend_MRS","EventHorizon"]},{"damage_healed":0,"gold_gain":0,"player_choice":"Obtain J.A.X.","damage_taken":0,"max_hp_gain":0,"max_hp_loss":0,"event_name":"Drug Dealer","floor":21,"gold_loss":0,"cards_obtained":["J.A.X."]},{"damage_healed":0,"gold_gain":0,"player_choice":"Obtained Book","damage_taken":16,"max_hp_gain":0,"max_hp_loss":0,"event_name":"Cursed Tome","floor":22,"gold_loss":0},{"damage_healed":0,"gold_gain":0,"player_choice":"0 cards matched","damage_taken":0,"max_hp_gain":0,"max_hp_loss":0,"event_name":"Match and Keep!","floor":31,"gold_loss":0,"cards_obtained":[]},{"cards_removed":["Occultation"],"damage_healed":3,"gold_gain":0,"player_choice":"Offered Uncommon","damage_taken":0,"max_hp_gain":0,"max_hp_loss":0,"event_name":"Bonfire Elementals","floor":38,"gold_loss":0},{"damage_healed":0,"gold_gain":0,"player_choice":"Bought 0 Potions","damage_taken":0,"max_hp_gain":0,"max_hp_loss":0,"event_name":"The Woman in Blue","floor":45,"gold_loss":0},{"cards_removed":["hubris:Envy"],"damage_healed":0,"gold_gain":0,"player_choice":"Card Removal","damage_taken":0,"max_hp_gain":0,"max_hp_loss":0,"event_name":"Wheel of Change","floor":48,"gold_loss":0}],"is_beta":false,"boss_relics":[{"not_picked":["SacredBark","hubris:ScarierMask"],"picked":"Black Star"},{"not_picked":["Honey Jar","Replay:Wanted Poster"],"picked":"Replay:Drink Me"}],"items_purged_floors":[],"is_endless":false,"potions_floor_spawned":[1,5,8,14,30,33,35,42,44,46,47],"ascension_level":10}}