{"host":"g3js2eermvvpeiqn","time":1613648695,"event":{"mods":["BaseMod","DeckTracker","Downfall","Minty Spire (QoL Compilation)","Quick Restart","StSLib"],"gold_per_floor":[111,161,181,56,56,91,91,122,122,139,153,53,111,138,138,209,209,228,228,255,57,57,57,82,92,92,117,117,117,117,130,130,201,201,213,213,223,223,223,257,257,257,257],"floor_reached":42,"language":"ENG","playtime":2649,"items_purged":["Strike_B","Decay"],"score":991,"play_id":"f6ef9c50-3c89-4106-ad5b-a0f8efd942e2","local_time":"20210218054455","is_ascension_mode":true,"campfire_choices":[{"data":"Thunder Strike","floor":7.0,"key":"SMITH"},{"floor":15.0,"key":"REST"},{"data":"Hologram","floor":23.0,"key":"SMITH"},{"floor":28.0,"key":"REST"},{"data":"Buffer","floor":30.0,"key":"SMITH"},{"floor":32.0,"key":"REST"},{"floor":41.0,"key":"REST"}],"circlet_count":0,"master_deck":["AscendersBane","Strike_B","Defend_B","Defend_B","Defend_B","Zap","Dualcast","Ball Lightning","Consume","Sweeping Beam","Thunder Strike+1","Tempest","Hologram+1","Fusion","Defragment","Core Surge","Buffer+1","Hologram+1","Glacier","Hologram","Undo","Electrodynamics","Go for the Eyes+1","Rip and Tear+1","Go for the Eyes+1","Glacier","Bandage Up","Double Energy+1"],"relics":["Cracked Core","NeowsBlessing","Orichalcum","DataDisk","Singing Bowl","Toy Ornithopter","Letter Opener","SlaversCollar","MutagenicStrength","Omamori","Chemical X","Lantern","Bottled Tornado","Centennial Puzzle","Astrolabe","Happy Flower"],"acts_visited":["Exordium","TheCity","TheBeyond"],"potions_floor_usage":[],"damage_taken":[{"damage":0.0,"enemies":"2 Louse","floor":1.0,"turns":1.0},{"damage":0.0,"enemies":"Cultist","floor":3.0,"turns":1.0},{"damage":0.0,"enemies":"Lagavulin","floor":6.0,"turns":1.0},{"damage":31.0,"enemies":"Gremlin Nob","floor":8.0,"turns":4.0},{"damage":3.0,"enemies":"Small Slimes","floor":10.0,"turns":3.0},{"damage":8.0,"enemies":"Red Slaver","floor":11.0,"turns":3.0},{"damage":5.0,"enemies":"Gremlin Nob","floor":13.0,"turns":3.0},{"damage":10.0,"enemies":"3 Sentries","floor":14.0,"turns":5.0},{"damage":41.0,"enemies":"Slime Boss","floor":16.0,"turns":8.0},{"damage":18.0,"enemies":"3 Byrds","floor":18.0,"turns":4.0},{"damage":37.0,"enemies":"Gremlin Leader","floor":24.0,"turns":5.0},{"damage":0.0,"enemies":"Shell Parasite","floor":25.0,"turns":7.0},{"damage":12.0,"enemies":"Centurion and Healer","floor":31.0,"turns":3.0},{"damage":40.0,"enemies":"Collector","floor":33.0,"turns":9.0},{"damage":0.0,"enemies":"3 Shapes","floor":35.0,"turns":7.0},{"damage":23.0,"enemies":"3 Darklings","floor":37.0,"turns":6.0},{"damage":5.0,"enemies":"Nemesis","floor":40.0,"turns":7.0},{"damage":81,"enemies":"Giant Head","floor":42,"turns":7}],"seed_played":"1762900762895333937","potions_obtained":[{"floor":6.0,"key":"bronze:BurnAndBuffPotion"},{"floor":11.0,"key":"FearPotion"},{"floor":13.0,"key":"SpeedPotion"},{"floor":22.0,"key":"Fruit Juice"},{"floor":22.0,"key":"LiquidBronze"},{"floor":31.0,"key":"SneckoOil"},{"floor":35.0,"key":"LiquidMemories"}],"is_trial":false,"path_per_floor":["M","?","M","$","?","E","R","E","T","M","M","$","?","E","R","B",null,"M","?","T","$","?","R","E","M","T","T","R","?","R","M","R","B",null,"M","?","M","?","?","E","R","E"],"character_chosen":"DEFECT","items_purchased":["Sweeping Beam","Chemical X","Hologram"],"campfire_rested":4,"item_purchase_floors":[4,21,21],"current_hp_per_floor":[64,64,64,64,64,64,64,33,33,30,22,22,22,17,38,2,54,38,38,38,38,48,48,16,16,16,16,39,39,39,27,50,15,62,64,64,41,41,35,39,64,0,0],"gold":257,"neow_bonus":"THREE_ENEMY_KILL","is_daily":false,"chose_seed":false,"campfire_upgraded":3,"win_rate":0.0,"timestamp":1613648695,"path_taken":["M","?","?","?","?","E","R","E","T","?","?","$","?","E","R","BOSS","M","?","?","$","?","R","E","?","T","?","R","?","R","?","R","BOSS","M","?","M","?","?","E","R","E"],"items_purchased_type":["Card","Relic","Card"],"build_version":"2020-12-22","purchased_purges":2,"victory":false,"max_hp_per_floor":[71,71,71,71,71,71,71,71,71,71,71,71,71,71,71,71,71,73,73,73,73,78,78,78,78,78,78,78,78,78,78,78,78,78,80,80,80,80,84,84,84,84,84],"card_choices":[{"not_picked":["Go for the Eyes","Barrage"],"picked":"Ball Lightning","floor":1.0},{"not_picked":["Scrape","Self Repair"],"picked":"Consume","floor":3.0},{"not_picked":["Turbo","Melter"],"picked":"Thunder Strike","floor":6.0},{"not_picked":["Turbo","Barrage"],"picked":"Tempest","floor":8.0},{"not_picked":["Conserve Battery","Beam Cell"],"picked":"Hologram","floor":10.0},{"not_picked":["Cold Snap","Stack"],"picked":"Fusion","floor":11.0},{"not_picked":["Sweeping Beam","Stack"],"picked":"Defragment","floor":13.0},{"not_picked":["Conserve Battery","Hologram"],"picked":"Core Surge","floor":14.0},{"not_picked":["Hyperbeam","Creative AI"],"picked":"Buffer","floor":16.0},{"not_picked":["Rebound","Blizzard+1","Conserve Battery"],"picked":"Singing Bowl","floor":18.0},{"not_picked":["BootSequence","Consume+1"],"picked":"Glacier","floor":24.0},{"not_picked":["Compile Driver+1","Melter"],"picked":"Hologram","floor":25.0},{"not_picked":["Ball Lightning+1","Melter"],"picked":"Undo","floor":31.0},{"not_picked":["Core Surge","Biased Cognition"],"picked":"Electrodynamics","floor":33.0},{"not_picked":["FTL","Gash","Rip and Tear"],"picked":"Singing Bowl","floor":35.0},{"not_picked":["Barrage+1","Ball Lightning"],"picked":"Glacier","floor":37.0},{"not_picked":["Mind Blast","Dramatic Entrance"],"picked":"Bandage Up","floor":39.0},{"not_picked":["PanicButton","The Bomb","Forethought"],"picked":"Singing Bowl","floor":39.0},{"not_picked":["Apotheosis","Thinking Ahead","PanicButton"],"picked":"Singing Bowl","floor":39.0},{"not_picked":["Melter+1","Glacier"],"picked":"Double Energy+1","floor":40.0}],"player_experience":1468398,"relics_obtained":[{"floor":6.0,"key":"Orichalcum"},{"floor":8.0,"key":"DataDisk"},{"floor":9.0,"key":"Singing Bowl"},{"floor":14.0,"key":"Letter Opener"},{"floor":20.0,"key":"Omamori"},{"floor":24.0,"key":"Lantern"},{"floor":26.0,"key":"Bottled Tornado"},{"floor":27.0,"key":"Centennial Puzzle"},{"floor":40.0,"key":"Happy Flower"}],"event_choices":[{"damage_healed":0.0,"max_hp_gain":0.0,"max_hp_loss":0.0,"gold_gain":50.0,"event_name":"Golden Shrine","player_choice":"Pray","floor":2.0,"gold_loss":0.0,"damage_taken":0.0},{"damage_healed":0.0,"max_hp_gain":0.0,"max_hp_loss":0.0,"gold_gain":0.0,"event_name":"Wheel of Change","player_choice":"Cursed","floor":5.0,"gold_loss":0.0,"damage_taken":0.0,"cards_obtained":["Decay"]},{"damage_healed":0.0,"max_hp_gain":0.0,"max_hp_loss":0.0,"gold_gain":0.0,"event_name":"Dead Adventurer","player_choice":"Searched \u00272\u0027 times","floor":13.0,"gold_loss":0.0,"damage_taken":0.0,"relics_obtained":["Toy Ornithopter"]},{"damage_healed":0.0,"max_hp_gain":0.0,"max_hp_loss":0.0,"gold_gain":0.0,"event_name":"Drug Dealer","player_choice":"Inject Mutagens","floor":19.0,"gold_loss":0.0,"damage_taken":0.0,"relics_obtained":["MutagenicStrength"]},{"damage_healed":0.0,"max_hp_gain":0.0,"max_hp_loss":0.0,"gold_gain":0.0,"event_name":"Lab","player_choice":"Got Potions","floor":22.0,"gold_loss":0.0,"damage_taken":0.0},{"damage_healed":0.0,"max_hp_gain":0.0,"max_hp_loss":0.0,"gold_gain":0.0,"event_name":"Upgrade Shrine","player_choice":"Upgraded","floor":29.0,"gold_loss":0.0,"damage_taken":0.0,"cards_upgraded":["Hologram"]},{"damage_healed":0.0,"max_hp_gain":0.0,"max_hp_loss":0.0,"gold_gain":0.0,"event_name":"Mysterious Sphere","player_choice":"Ignored","floor":36.0,"gold_loss":0.0,"damage_taken":0.0},{"damage_healed":0.0,"max_hp_gain":0.0,"max_hp_loss":0.0,"gold_gain":0.0,"event_name":"Tomb of Lord Red Mask","player_choice":"Ignored","floor":38.0,"gold_loss":0.0,"damage_taken":0.0},{"damage_healed":0.0,"max_hp_gain":0.0,"max_hp_loss":0.0,"gold_gain":0.0,"event_name":"SensoryStone","player_choice":"Memory 3","floor":39.0,"gold_loss":0.0,"damage_taken":10.0}],"is_beta":false,"boss_relics":[{"not_picked":["SacredBark","Ectoplasm"],"picked":"SlaversCollar"},{"not_picked":["bronze:MakeshiftBattery","Fusion Hammer"],"picked":"Astrolabe"}],"items_purged_floors":[4,12],"is_endless":false,"potions_floor_spawned":[6,11,13,31,35],"killed_by":"Giant Head","ascension_level":20}}