{"host":"xr2w6q7a088fu8w2","time":1613654978,"event":{"mods":["AchievementEnabler","BaseMod","Colored Powertips","Good Game Mod","Mimic Mod","Minty Spire (QoL Compilation)","MostiFishMod","Reliquary","StSLib","UnlockEverythingMod"],"gold_per_floor":[117,117,129,139,139,139,170,170,170,205,216,216,216,233,233,306,306,325,325,337,387,402,402,422,459,498,524,535,589,639,650,650,650,650],"floor_reached":33,"language":"ZHS","playtime":1308,"items_purged":[],"score":604,"play_id":"9b992cf9-7264-4712-ab76-10efbcf8aa89","local_time":"20210218212938","is_ascension_mode":true,"campfire_choices":[{"floor":6,"key":"RECALL"},{"floor":8,"key":"REST"},{"floor":15,"key":"REST"},{"data":"PiercingWail","floor":23,"key":"SMITH"},{"data":"MostiFishMod:TheLastGuard","floor":32,"key":"SMITH"}],"circlet_count":0,"master_deck":["AscendersBane","Strike_G","Strike_G","Strike_G","Strike_G","Strike_G","Defend_G","Defend_G","Defend_G","Defend_G","Defend_G","Survivor","Neutralize","MostiFishMod:TheLastGuard+1","Quick Slash","Neutralize","Deflect","Flying Knee","Backflip","Sucker Punch","PiercingWail+1","Adrenaline","Ghostly","Ghostly","Ghostly","Poisoned Stab+1","MostiFishMod:PerfectParry","Slice+1","Deflect+1"],"relics":["Ring of the Snake","REME:ComplimentaryCards","DaveBox","CombinedTypeHook","SynthV:TestCard","Ginger","reliquary:PrincelyHelmet","Ornamental Fan","ChiXiaoBlade","ImprovedEquipment","Happy Flower","Bag of Preparation"],"acts_visited":["Exordium","TheCity"],"potions_floor_usage":[7,10,25,33,33],"damage_taken":[{"damage":0,"enemies":"Cultist","floor":1,"turns":3},{"damage":0,"enemies":"Small Slimes","floor":3,"turns":4},{"damage":0,"enemies":"2 Louse","floor":4,"turns":2},{"damage":58,"enemies":"3 Sentries","floor":7,"turns":17},{"damage":15,"enemies":"Lagavulin","floor":10,"turns":4},{"damage":0,"enemies":"2 Fungi Beasts","floor":11,"turns":2},{"damage":0,"enemies":"Blue Slaver","floor":14,"turns":3},{"damage":12,"enemies":"Hexaghost","floor":16,"turns":10},{"damage":8,"enemies":"Shell Parasite","floor":18,"turns":4},{"damage":1,"enemies":"2 Thieves","floor":20,"turns":3},{"damage":0,"enemies":"Cultist and Chosen","floor":22,"turns":4},{"damage":0,"enemies":"Centurion and Healer","floor":24,"turns":4},{"damage":0,"enemies":"Snake Plant","floor":25,"turns":5},{"damage":0,"enemies":"Snake Plant","floor":26,"turns":4},{"damage":0,"enemies":"Book of Stabbing","floor":27,"turns":5},{"damage":0,"enemies":"Snake Plant","floor":28,"turns":3},{"damage":0,"enemies":"3 Cultists","floor":31,"turns":2},{"damage":33,"enemies":"Champ","floor":33,"turns":10}],"seed_played":"-3037888663425356714","potions_obtained":[{"floor":3,"key":"SpeedPotion"},{"floor":7,"key":"FearPotion"},{"floor":16,"key":"DuplicationPotion"},{"floor":24,"key":"Block Potion"},{"floor":27,"key":"BlessingOfTheForge"}],"is_trial":false,"path_per_floor":["M","?","M","M","$","R","E","R","T","E","M","?","?","M","R","B",null,"M","?","M","?","M","R","M","MIM","MIM","E","M","T","?","M","R","B"],"character_chosen":"THE_SILENT","items_purchased":[],"campfire_rested":2,"item_purchase_floors":[],"current_hp_per_floor":[65,65,65,65,65,65,7,28,28,13,13,13,13,13,34,22,60,52,36,35,35,35,35,35,35,35,35,35,35,32,32,32,0,0],"gold":650,"neow_bonus":"TEN_PERCENT_HP_BONUS","is_daily":false,"chose_seed":false,"campfire_upgraded":2,"win_rate":0.0,"timestamp":1613654978,"path_taken":["M","?","?","M","?","R","E","R","T","E","M","?","?","M","R","BOSS","M","?","M","?","M","R","M","?","MIM","E","M","?","?","?","R","BOSS"],"items_purchased_type":[],"build_version":"2020-12-22","purchased_purges":0,"victory":false,"max_hp_per_floor":[72,72,72,72,72,72,72,72,72,72,72,72,72,72,72,72,72,72,36,36,36,36,36,36,36,36,36,36,36,36,36,36,36,36],"card_choices":[{"not_picked":["Blade Dance","Deadly Poison"],"picked":"Quick Slash","floor":1},{"not_picked":["Cloak And Dagger","Backflip","Terror","Setup"],"picked":"Deflect","floor":3},{"not_picked":["PiercingWail","Cloak And Dagger","Footwork","Poisoned Stab"],"picked":"Flying Knee","floor":4},{"not_picked":["MostiFishMod:GrandStart","MostiFishMod:PerfectParry","MostiFishMod:Opportunism","Catalyst"],"picked":"Backflip","floor":7},{"not_picked":["Crippling Poison","Skewer","Escape Plan","Terror"],"picked":"Sucker Punch","floor":10},{"not_picked":["Tactician","Terror","Underhanded Strike","Cloak And Dagger"],"picked":"PiercingWail","floor":11},{"not_picked":["Underhanded Strike","Deadly Poison","MostiFishMod:FullyArmed","Quick Slash","Expertise"],"picked":"SKIP","floor":14},{"not_picked":["MostiFishMod:LethalBlade","Phantasmal Killer","MostiFishMod:SpreadingSpore","Bullet Time"],"picked":"Adrenaline","floor":16},{"not_picked":["All Out Attack","Concentrate","Blade Dance","Dodge and Roll","Sucker Punch"],"picked":"SKIP","floor":18},{"not_picked":["Dodge and Roll","Caltrops","Well Laid Plans+1","Flechettes+1"],"picked":"Poisoned Stab+1","floor":20},{"not_picked":["Catalyst","Acrobatics","Prepared","MostiFishMod:PreservedThorns","Footwork"],"picked":"SKIP","floor":22},{"not_picked":["Blade Dance","Backflip","Bouncing Flask","MostiFishMod:PoisonShield+1"],"picked":"MostiFishMod:PerfectParry","floor":24},{"not_picked":["All Out Attack+1","Deadly Poison","Dagger Spray","Flying Knee"],"picked":"Slice+1","floor":27},{"not_picked":["Skewer","Storm of Steel","Calculated Gamble","Dagger Throw"],"picked":"Deflect+1","floor":28},{"not_picked":["Leg Sweep","Deadly Poison","Tactician","Flying Knee+1","Deflect"],"picked":"SKIP","floor":31}],"player_experience":115889,"relics_obtained":[{"floor":1,"key":"SynthV:TestCard"},{"floor":7,"key":"Ginger"},{"floor":9,"key":"reliquary:PrincelyHelmet"},{"floor":10,"key":"Ornamental Fan"},{"floor":26,"key":"ImprovedEquipment"},{"floor":27,"key":"Happy Flower"},{"floor":29,"key":"Bag of Preparation"}],"event_choices":[{"damage_healed":0,"gold_gain":0,"player_choice":"1 cards matched","damage_taken":0,"max_hp_gain":0,"max_hp_loss":0,"event_name":"Match and Keep!","floor":2,"gold_loss":0,"cards_obtained":["Neutralize"]},{"damage_healed":0,"gold_gain":0,"player_choice":"Fled","damage_taken":0,"max_hp_gain":0,"max_hp_loss":0,"event_name":"Scrap Ooze","floor":12,"gold_loss":0},{"damage_healed":0,"gold_gain":0,"player_choice":"Ignored","damage_taken":0,"max_hp_gain":0,"max_hp_loss":0,"event_name":"Shining Light","floor":13,"gold_loss":0},{"damage_healed":0,"gold_gain":0,"player_choice":"Became a Ghost","damage_taken":0,"max_hp_gain":0,"max_hp_loss":36,"event_name":"Ghosts","floor":19,"gold_loss":0,"cards_obtained":["Ghostly","Ghostly","Ghostly"]},{"damage_healed":0,"gold_gain":50,"player_choice":"Stole From Cult","damage_taken":0,"max_hp_gain":0,"max_hp_loss":0,"event_name":"Nest","floor":21,"gold_loss":0},{"damage_healed":0,"gold_gain":50,"player_choice":"Touch","damage_taken":3,"max_hp_gain":0,"max_hp_loss":0,"event_name":"FaceTrader","floor":30,"gold_loss":0}],"is_beta":false,"boss_relics":[{"not_picked":["SacredBark","Astrolabe"],"picked":"ChiXiaoBlade"}],"items_purged_floors":[],"is_endless":false,"potions_floor_spawned":[3,7,16,24,27,28,31],"killed_by":"Champ","ascension_level":20}}