{"host":"wshey5htrz8rni6u","time":1613650047,"event":{"mods":["2.2 Compatiblity","BaseMod","Block Reminder","Colored Map","Colored Powertips","Current Relic Mod","Curses Come First","Dark Map","Key Reminder","Keyboard Shortcuts","Minty Spire (QoL Compilation)","Potion Indicator Mod","Quick Restart","Random Character Button","Relic Sorter","Relic Stats","StSLib","SuperFastMode","Unceasing Turn Reminder","UnlockEverythingMod","Weighted Paths"],"gold_per_floor":[116,66,66,78,1,30,47,59,59,87,87,119,138,63,63,159,159,172,172,156,56,56,73,105,204,204,218,218,230,253,265,277,385,397,420,446,469,495,556,568,177,177,202,216,232,261,30,44,44,44,44,44,9,39,39,39],"floor_reached":55,"language":"ENG","playtime":5458,"items_purged":["Doubt","Strike_G","Writhe","Pain"],"score":1190,"play_id":"4ccbe822-314e-44fa-9471-68d3a25a6eff","local_time":"20210218040727","is_ascension_mode":true,"campfire_choices":[{"floor":11,"key":"REST"},{"data":"Finisher","floor":15,"key":"SMITH"},{"data":"Well Laid Plans","floor":32,"key":"SMITH"},{"floor":40,"key":"RECALL"},{"data":"After Image","floor":49,"key":"SMITH"},{"data":"Neutralize","floor":52,"key":"SMITH"}],"circlet_count":0,"master_deck":["Defend_G","Defend_G","Defend_G","Defend_G","Defend_G","Survivor","Neutralize+1","Quick Slash","Finisher+1","Crippling Poison","Dash","Doppelganger","Well Laid Plans+1","Endless Agony","Cloak And Dagger","After Image+1","Dash","After Image","Prepared","After Image","Terror","Dagger Throw","Tools of the Trade","Infinite Blades","Dodge and Roll","Clumsy","Dagger Spray+1","Ghostly","Ghostly","Ghostly","Ghostly","Ghostly","Choke+1","Envenom","CurseOfTheBell","PiercingWail+1","Blade Dance+1","Acrobatics","Bouncing Flask+1","Backflip","Unload","Well Laid Plans+1","Poisoned Stab","Madness","Madness","Blade Dance","PiercingWail","Masterful Stab+1","Accuracy+1","Backflip","Footwork+1","Finisher","Leg Sweep+1"],"relics":["Cursed Key","HornCleat","White Beast Statue","Oddly Smooth Stone","Gremlin Horn","Philosopher\u0027s Stone","Bag of Marbles","Matryoshka","MawBank","Calling Bell","Toy Ornithopter","Frozen Egg 2","FossilizedHelix","Tingsha","Omamori","Dream Catcher","Pear"],"acts_visited":["Exordium","TheCity","TheBeyond","TheEnding"],"potions_floor_usage":[10,10,12,12,16,23,24,33,33,39,45,46,48,50,55],"damage_taken":[{"damage":3,"enemies":"2 Louse","floor":1,"turns":3},{"damage":0,"enemies":"Jaw Worm","floor":4,"turns":3},{"damage":26,"enemies":"Gremlin Nob","floor":6,"turns":4},{"damage":0,"enemies":"Cultist","floor":7,"turns":3},{"damage":0,"enemies":"Lots of Slimes","floor":8,"turns":4},{"damage":7,"enemies":"3 Sentries","floor":10,"turns":5},{"damage":2,"enemies":"Lagavulin","floor":12,"turns":5},{"damage":0,"enemies":"Looter","floor":13,"turns":4},{"damage":13,"enemies":"Slime Boss","floor":16,"turns":5},{"damage":3,"enemies":"Shell Parasite","floor":18,"turns":5},{"damage":0,"enemies":"2 Thieves","floor":20,"turns":4},{"damage":9,"enemies":"Shelled Parasite and Fungi","floor":23,"turns":6},{"damage":16,"enemies":"Gremlin Leader","floor":24,"turns":6},{"damage":2,"enemies":"Chosen and Byrds","floor":27,"turns":6},{"damage":0,"enemies":"Snecko","floor":30,"turns":7},{"damage":10,"enemies":"Automaton","floor":33,"turns":9},{"damage":0,"enemies":"Orb Walker","floor":35,"turns":7},{"damage":13,"enemies":"3 Darklings","floor":36,"turns":7},{"damage":0,"enemies":"Writhing Mass","floor":37,"turns":8},{"damage":0,"enemies":"Transient","floor":38,"turns":5},{"damage":3,"enemies":"2 Orb Walkers","floor":39,"turns":8},{"damage":0,"enemies":"Spire Growth","floor":44,"turns":5},{"damage":0,"enemies":"3 Darklings","floor":45,"turns":6},{"damage":1,"enemies":"Nemesis","floor":46,"turns":9},{"damage":0,"enemies":"4 Shapes","floor":48,"turns":4},{"damage":0,"enemies":"Time Eater","floor":50,"turns":15},{"damage":0,"enemies":"Shield and Spear","floor":54,"turns":8},{"damage":45,"enemies":"The Heart","floor":55,"turns":5}],"seed_played":"6639684569803986832","potions_obtained":[{"floor":4,"key":"Strength Potion"},{"floor":6,"key":"AttackPotion"},{"floor":7,"key":"AttackPotion"},{"floor":10,"key":"Energy Potion"},{"floor":12,"key":"CunningPotion"},{"floor":13,"key":"SpeedPotion"},{"floor":16,"key":"Energy Potion"},{"floor":18,"key":"Energy Potion"},{"floor":20,"key":"ColorlessPotion"},{"floor":23,"key":"Energy Potion"},{"floor":24,"key":"Strength Potion"},{"floor":30,"key":"ColorlessPotion"},{"floor":33,"key":"SpeedPotion"},{"floor":35,"key":"BlessingOfTheForge"},{"floor":36,"key":"SteroidPotion"},{"floor":37,"key":"SkillPotion"},{"floor":39,"key":"Block Potion"},{"floor":45,"key":"SpeedPotion"},{"floor":46,"key":"SkillPotion"},{"floor":48,"key":"EssenceOfSteel"},{"floor":54,"key":"SteroidPotion"}],"is_trial":false,"path_per_floor":["M","?","?","M","$","E","M","M","T","E","R","E","M","$","R","B",null,"M","?","M","$","?","M","E","?","T","M","?","?","M","$","R","B",null,"M","M","M","M","?","R","$","?","T","M","M","E","$","M","R","B",null,"R","$","E","B"],"character_chosen":"THE_SILENT","items_purchased":["Dash","Unload","Well Laid Plans+1","Poisoned Stab","Accuracy+1","Backflip","Finisher"],"campfire_rested":1,"item_purchase_floors":[5,41,41,41,47,47,53],"current_hp_per_floor":[60,60,60,60,60,34,34,34,34,27,48,46,46,46,46,33,61,58,58,58,58,58,49,33,33,33,31,31,31,31,31,31,21,32,32,19,19,19,21,21,21,17,17,17,22,26,26,31,31,35,35,35,35,45,0,0],"gold":39,"neow_bonus":"BOSS_RELIC","is_daily":false,"chose_seed":false,"campfire_upgraded":4,"win_rate":0.0,"timestamp":1613650047,"path_taken":["M","?","?","M","$","E","M","M","T","E","R","E","M","$","R","BOSS","M","?","?","?","?","M","E","?","T","M","?","?","?","$","R","BOSS","M","?","M","M","?","R","$","?","T","M","M","E","?","?","R","BOSS","R","$","E","BOSS"],"items_purchased_type":["Card","Card","Card","Card","Card","Card","Card"],"build_version":"2020-12-13","purchased_purges":4,"victory":false,"max_hp_per_floor":[70,70,70,70,70,70,70,70,70,70,70,70,70,70,70,70,70,70,70,70,70,70,70,70,70,70,70,70,35,35,35,35,35,35,35,35,35,35,35,35,35,35,35,35,35,35,35,35,35,35,35,35,35,45,45,45],"relic_stats":{"Dream Catcher":0,"Gremlin Horn":[20,20],"counters":[28,166],"Tingsha":[143],"Cursed Key":3,"MawBank":156,"obtain_stats":[{"Pear":54,"Gremlin Horn":12,"Oddly Smooth Stone":10,"Tingsha":39,"Omamori":43,"Frozen Egg 2":34,"Cursed Key":0,"MawBank":28,"White Beast Statue":9,"keyreminder:keyreminder":24,"Calling Bell":34,"Dream Catcher":46,"HornCleat":6,"Matryoshka":26,"Philosopher\u0027s Stone":17,"Bag of Marbles":24,"Toy Ornithopter":34,"FossilizedHelix":34,"Ring of the Snake":0},{"Pear":27,"Gremlin Horn":7,"Oddly Smooth Stone":6,"Tingsha":21,"Omamori":21,"Frozen Egg 2":16,"Cursed Key":0,"MawBank":14,"White Beast Statue":5,"keyreminder:keyreminder":13,"Calling Bell":16,"Dream Catcher":24,"HornCleat":3,"Matryoshka":13,"Philosopher\u0027s Stone":9,"Bag of Marbles":13,"Toy Ornithopter":16,"FossilizedHelix":16,"Ring of the Snake":0},{"Pear":161,"Gremlin Horn":27,"Oddly Smooth Stone":22,"Tingsha":114,"Omamori":114,"Frozen Egg 2":79,"Cursed Key":0,"MawBank":63,"White Beast Statue":17,"keyreminder:keyreminder":57,"Calling Bell":79,"Dream Catcher":134,"HornCleat":10,"Matryoshka":57,"Philosopher\u0027s Stone":36,"Bag of Marbles":57,"Toy Ornithopter":79,"FossilizedHelix":79,"Ring of the Snake":0}],"Toy Ornithopter":24},"card_choices":[{"not_picked":["Poisoned Stab","Dagger Spray"],"picked":"Quick Slash","floor":1},{"not_picked":["Tactician","Blur"],"picked":"Crippling Poison","floor":4},{"not_picked":["Predator","Prepared"],"picked":"Doppelganger","floor":6},{"not_picked":["Dagger Throw","Poisoned Stab"],"picked":"Well Laid Plans","floor":7},{"not_picked":["PiercingWail","Poisoned Stab"],"picked":"Endless Agony","floor":8},{"not_picked":["Blade Dance","Blur"],"picked":"Cloak And Dagger","floor":10},{"not_picked":["Dagger Spray","Choke"],"picked":"After Image","floor":12},{"not_picked":["Prepared","Backflip"],"picked":"Dash","floor":13},{"not_picked":["Adrenaline","Grand Finale"],"picked":"After Image","floor":16},{"not_picked":["Slice","Deadly Poison"],"picked":"Prepared","floor":18},{"not_picked":["Dagger Spray","Deadly Poison+1"],"picked":"Terror","floor":20},{"not_picked":["Poisoned Stab","Deadly Poison"],"picked":"Infinite Blades","floor":23},{"not_picked":["Endless Agony","Poisoned Stab"],"picked":"Dodge and Roll","floor":24},{"not_picked":["Sucker Punch+1","Acrobatics"],"picked":"Dagger Spray+1","floor":27},{"not_picked":["Quick Slash","Heel Hook"],"picked":"Choke+1","floor":30},{"not_picked":["Wraith Form v2","Glass Knife"],"picked":"Envenom","floor":33},{"not_picked":["Deflect+1","Bouncing Flask+1"],"picked":"PiercingWail+1","floor":35},{"not_picked":["Catalyst+1","Backflip"],"picked":"Blade Dance+1","floor":36},{"not_picked":["Tactician","Masterful Stab+1"],"picked":"Acrobatics","floor":37},{"not_picked":["Flying Knee+1","Outmaneuver+1"],"picked":"Bouncing Flask+1","floor":38},{"not_picked":["Bane+1","Dodge and Roll+1"],"picked":"Backflip","floor":39},{"not_picked":["Accuracy+1","PiercingWail+1"],"picked":"Blade Dance","floor":44},{"not_picked":["Concentrate+1","Doppelganger"],"picked":"PiercingWail","floor":45},{"not_picked":["Outmaneuver+1","Deflect"],"picked":"Masterful Stab+1","floor":46},{"not_picked":["Endless Agony","Riddle With Holes"],"picked":"Footwork+1","floor":48},{"not_picked":["Acrobatics+1","Flechettes+1"],"picked":"Leg Sweep+1","floor":54}],"player_experience":103658,"relics_obtained":[{"floor":6,"key":"HornCleat"},{"floor":9,"key":"White Beast Statue"},{"floor":10,"key":"Oddly Smooth Stone"},{"floor":12,"key":"Gremlin Horn"},{"floor":24,"key":"Bag of Marbles"},{"floor":26,"key":"Matryoshka"},{"floor":34,"key":"Toy Ornithopter"},{"floor":34,"key":"Frozen Egg 2"},{"floor":34,"key":"FossilizedHelix"},{"floor":39,"key":"Tingsha"},{"floor":43,"key":"Omamori"},{"floor":46,"key":"Dream Catcher"},{"floor":54,"key":"Pear"}],"event_choices":[{"cards_removed":["Strike_G"],"damage_healed":0,"gold_gain":0,"player_choice":"Card Removal","damage_taken":0,"max_hp_gain":0,"max_hp_loss":0,"event_name":"The Cleric","floor":2,"gold_loss":50},{"damage_healed":0,"gold_gain":0,"cards_transformed":["Strike_G"],"player_choice":"Change","damage_taken":0,"max_hp_gain":0,"max_hp_loss":0,"event_name":"Living Wall","floor":3,"gold_loss":0,"cards_obtained":["Finisher"]},{"damage_healed":0,"gold_gain":0,"player_choice":"Copied","damage_taken":0,"max_hp_gain":0,"max_hp_loss":0,"event_name":"Duplicator","floor":19,"gold_loss":0,"cards_obtained":["After Image"]},{"damage_healed":0,"gold_gain":0,"cards_transformed":["Strike_G","Strike_G"],"player_choice":"Became Test Subject","damage_taken":0,"max_hp_gain":0,"max_hp_loss":0,"event_name":"Drug Dealer","floor":22,"gold_loss":0,"cards_obtained":["Dagger Throw","Tools of the Trade"]},{"damage_healed":0,"gold_gain":99,"player_choice":"Stole From Cult","damage_taken":0,"max_hp_gain":0,"max_hp_loss":0,"event_name":"Nest","floor":25,"gold_loss":0},{"damage_healed":0,"gold_gain":0,"player_choice":"Opened","damage_taken":0,"relics_obtained":["MawBank"],"max_hp_gain":0,"max_hp_loss":0,"event_name":"The Mausoleum","floor":28,"gold_loss":0,"cards_obtained":["Writhe"]},{"damage_healed":0,"gold_gain":0,"player_choice":"Became a Ghost","damage_taken":0,"max_hp_gain":0,"max_hp_loss":35,"event_name":"Ghosts","floor":29,"gold_loss":0,"cards_obtained":["Ghostly","Ghostly","Ghostly","Ghostly","Ghostly"]},{"damage_healed":0,"gold_gain":0,"player_choice":"Fight","damage_taken":0,"max_hp_gain":0,"max_hp_loss":0,"event_name":"Mysterious Sphere","floor":39,"gold_loss":0},{"damage_healed":0,"gold_gain":0,"player_choice":"Embrace Madness","damage_taken":4,"max_hp_gain":0,"max_hp_loss":0,"event_name":"Winding Halls","floor":42,"gold_loss":0,"cards_obtained":["Madness","Madness"]}],"is_beta":false,"boss_relics":[{"not_picked":["Coffee Dripper","Busted Crown"],"picked":"Philosopher\u0027s Stone"},{"not_picked":["HoveringKite","Runic Pyramid"],"picked":"Calling Bell"}],"items_purged_floors":[14,21,41,47],"is_endless":false,"potions_floor_spawned":[4,6,7,10,12,13,16,18,20,23,24,27,30,33,35,36,37,38,39,44,45,46,48,54],"killed_by":"The Heart","ascension_level":7}}