{"host":"79p0n9jgvmu4oxs9","time":1613622166,"event":{"mods":["AchievementEnabler","Act Like it!","BaseMod","Colored Map","Downfall","Friendly Minions","GifTheSpireLib","Hermit","Minty Spire (QoL Compilation)","Potionbrewer","Rare Cards Sparkle","Reliquary","StSLib"],"gold_per_floor":[114,132,132,407,420,420,454,454,454,129,129,119,139,168,168,301,301,323,26,53,80,80,126,159,159,206,240,290,313,313,68,68,194,194,226,206,156,156,191,191,238,41,93,107,107,141,155,155],"floor_reached":47,"language":"ENG","playtime":2285,"items_purged":["hermit:Defend_Hermit","hermit:Strike_Hermit","hermit:Strike_Hermit"],"score":597,"play_id":"d3e74e54-ede8-4eda-b68f-0b3657f1046c","local_time":"20210217202246","is_ascension_mode":false,"campfire_choices":[{"data":"hermit:Dive","floor":6,"key":"SMITH"},{"data":"hermit:EternalForm","floor":8,"key":"SMITH"},{"data":"hermit:Scavenge","floor":15,"key":"SMITH"},{"floor":30,"key":"REST"},{"floor":32,"key":"REST"},{"floor":40,"key":"REST"},{"data":"hermit:TakeAim","floor":45,"key":"SMITH"}],"circlet_count":0,"master_deck":["hermit:Strike_Hermit","hermit:Strike_Hermit","hermit:Defend_Hermit","hermit:Defend_Hermit","hermit:Defend_Hermit","hermit:Snapshot","hermit:Covet","hermit:Scavenge+1","hermit:Determination+1","hermit:Dive+1","hermit:EternalForm+1","hermit:GoldenBullet+1","hermit:Combo","hermit:Roughhouse+1","hermit:Scavenge+1","hermit:GoldenBullet+1","hermit:TakeAim+1","Panache","hermit:Dissolve","hermit:Ricochet+1","Dramatic Entrance+1","Sadistic Nature","hermit:Malice+1","hermit:EternalForm"],"relics":["hermit:Momento","NeowsBlessing","Golden Idol","Molten Egg 2","Matryoshka","reliquary:WritOfMandamus","potionbrewer:Torch","reliquary:Stiletto","Smiling Mask","Bronze Scales","reliquary:Buckler","reliquary:Knoch","reliquary:Craggleroot","Vajra","Sling","Strawberry","reliquary:SharkskinSheath"],"acts_visited":["Exordium","TheCity","TheBeyond"],"potions_floor_usage":[14,23,23,27,27,27,28,33,35,39,46],"damage_taken":[{"damage":0,"enemies":"Jaw Worm","floor":1,"turns":1},{"damage":0,"enemies":"2 Louse","floor":2,"turns":2},{"damage":0,"enemies":"Cultist","floor":5,"turns":1},{"damage":21,"enemies":"Lagavulin","floor":7,"turns":10},{"damage":13,"enemies":"Exordium Thugs","floor":12,"turns":5},{"damage":0,"enemies":"2 Fungi Beasts","floor":13,"turns":4},{"damage":9,"enemies":"Lots of Slimes","floor":14,"turns":4},{"damage":7,"enemies":"Hexaghost","floor":16,"turns":10},{"damage":16,"enemies":"Shell Parasite","floor":18,"turns":5},{"damage":7,"enemies":"3 Byrds","floor":20,"turns":5},{"damage":9,"enemies":"Cultist and Chosen","floor":21,"turns":6},{"damage":24,"enemies":"Gremlin Leader","floor":23,"turns":6},{"damage":11,"enemies":"Centurion and Healer","floor":24,"turns":5},{"damage":1,"enemies":"Shelled Parasite and Fungi","floor":27,"turns":4},{"damage":13,"enemies":"Book of Stabbing","floor":28,"turns":5},{"damage":17,"enemies":"Snake Plant","floor":29,"turns":3},{"damage":0,"enemies":"Automaton","floor":33,"turns":6},{"damage":7,"enemies":"3 Shapes","floor":35,"turns":5},{"damage":29,"enemies":"3 Darklings","floor":39,"turns":4},{"damage":20,"enemies":"Giant Head","floor":41,"turns":9},{"damage":5,"enemies":"Sphere and 2 Shapes","floor":44,"turns":3},{"damage":25,"enemies":"Writhing Mass","floor":46,"turns":3},{"damage":45,"enemies":"Nemesis","floor":47,"turns":3}],"seed_played":"-9067553744444338436","potions_obtained":[{"floor":7,"key":"Energy Potion"},{"floor":12,"key":"BlessingOfTheForge"},{"floor":16,"key":"ColorlessPotion"},{"floor":18,"key":"potionbrewer:DiscountPotion"},{"floor":23,"key":"hermit:Tonic"},{"floor":25,"key":"EntropicBrew"},{"floor":33,"key":"Guardian:BlockOnCardUsePotion"},{"floor":35,"key":"Fruit Juice"},{"floor":36,"key":"potionbrewer:DiscountPotion"},{"floor":41,"key":"champ:CounterPotion"}],"is_trial":false,"path_per_floor":["M","M","?","?","M","R","E","R","T","$","?","M","M","M","R","B",null,"M","$","M","M","?","E","M","?","T","M","E","M","R","$","R","B",null,"M","?","$","?","M","R","E","$","T","M","R","M","E"],"character_chosen":"HERMIT","items_purchased":["Matryoshka","potionbrewer:Torch","reliquary:Stiletto","Panache","hermit:Malice+1","Sling"],"campfire_rested":3,"item_purchase_floors":[10,19,19,31,42,42],"current_hp_per_floor":[75,75,75,75,75,75,54,54,54,54,54,41,41,32,32,25,75,59,59,52,43,85,61,50,50,50,49,36,19,44,44,69,69,85,83,83,83,78,49,76,56,56,63,58,58,33,0,0],"gold":155,"neow_bonus":"THREE_ENEMY_KILL","is_daily":false,"chose_seed":false,"campfire_upgraded":4,"win_rate":0.0,"timestamp":1613622166,"path_taken":["M","M","?","?","?","R","E","R","T","?","?","M","M","?","R","BOSS","M","$","M","M","?","E","?","?","T","M","E","M","R","$","R","BOSS","M","?","?","?","M","R","E","?","T","?","R","M","E"],"items_purchased_type":["Relic","Relic","Relic","Card","Card","Relic"],"build_version":"2020-12-22","purchased_purges":3,"victory":false,"max_hp_per_floor":[75,75,75,75,75,75,75,75,75,75,75,75,75,75,75,75,75,75,75,75,75,85,85,85,85,85,85,85,85,85,85,85,85,85,90,90,90,90,90,90,90,90,97,97,97,97,97,97],"card_choices":[{"not_picked":["hermit:Glare","hermit:BodyArmor"],"picked":"hermit:Scavenge","floor":1},{"not_picked":["hermit:PistolWhip","hermit:HighCaliber"],"picked":"hermit:Determination","floor":2},{"not_picked":["hermit:Coalescence","hermit:Manifest"],"picked":"hermit:Dive","floor":5},{"not_picked":["hermit:Quickdraw+1","hermit:WideOpen+1"],"picked":"hermit:EternalForm","floor":7},{"not_picked":["hermit:TrackingShot+1","hermit:Glare"],"picked":"hermit:GoldenBullet+1","floor":12},{"not_picked":["hermit:Spite+1","hermit:Feint","hermit:Snipe"],"picked":"SKIP","floor":13},{"not_picked":["hermit:Horror","hermit:ShadowCloak"],"picked":"hermit:Combo","floor":14},{"not_picked":["hermit:BlackWind+1","hermit:Adapt"],"picked":"hermit:Roughhouse+1","floor":16},{"not_picked":["hermit:CalledShot+1","hermit:Gestalt"],"picked":"hermit:Scavenge","floor":18},{"not_picked":["hermit:SprayPray+1","hermit:Misfire+1","hermit:CalledShot+1"],"picked":"SKIP","floor":20},{"not_picked":["hermit:TakeAim","hermit:Deadeye+1"],"picked":"hermit:BlackWind+1","floor":21},{"not_picked":["hermit:Showdown+1","hermit:Midnight","hermit:Misfire+1"],"picked":"SKIP","floor":23},{"not_picked":["hermit:CursedWeapon+1","hermit:HighCaliber+1","hermit:Showdown+1"],"picked":"SKIP","floor":24},{"not_picked":["hermit:CalledShot+1","hermit:Midnight"],"picked":"hermit:GoldenBullet+1","floor":27},{"not_picked":["hermit:Feint","hermit:Desperado+1"],"picked":"hermit:TakeAim","floor":28},{"not_picked":["hermit:HoleUp","hermit:FullyLoaded+1","hermit:Headshot+1"],"picked":"SKIP","floor":29},{"not_picked":["hermit:HighNoon","hermit:OverwhelmingPower"],"picked":"hermit:Dissolve","floor":33},{"not_picked":["hermit:Grudge+1","hermit:DeadMansHand"],"picked":"hermit:Ricochet+1","floor":35},{"not_picked":["Discovery","Deep Breath"],"picked":"Dramatic Entrance+1","floor":38},{"not_picked":["Deep Breath","Forethought"],"picked":"Sadistic Nature","floor":38},{"not_picked":["hermit:Ricochet+1","hermit:Desperado+1","hermit:SprayPray+1"],"picked":"SKIP","floor":39},{"not_picked":["hermit:HighCaliber+1","hermit:Vantage+1","hermit:FromBeyond"],"picked":"SKIP","floor":41},{"not_picked":["hermit:ItchyTrigger+1","hermit:BodyArmor","hermit:Roulette+1"],"picked":"SKIP","floor":44},{"not_picked":["hermit:Dive","hermit:CalledShot+1"],"picked":"hermit:EternalForm","floor":46}],"player_experience":874561,"relics_obtained":[{"floor":7,"key":"Molten Egg 2"},{"floor":23,"key":"Smiling Mask"},{"floor":26,"key":"Bronze Scales"},{"floor":26,"key":"reliquary:Buckler"},{"floor":28,"key":"reliquary:Knoch"},{"floor":41,"key":"Vajra"},{"floor":43,"key":"Strawberry"},{"floor":43,"key":"reliquary:SharkskinSheath"}],"event_choices":[{"damage_healed":0,"gold_gain":0,"player_choice":"Take Wound","damage_taken":0,"relics_obtained":["Golden Idol"],"max_hp_gain":0,"max_hp_loss":0,"event_name":"Golden Idol","floor":3,"gold_loss":0,"cards_obtained":["Injury"]},{"damage_healed":0,"gold_gain":275,"player_choice":"Desecrate","damage_taken":0,"max_hp_gain":0,"max_hp_loss":0,"event_name":"Golden Shrine","floor":4,"gold_loss":0,"cards_obtained":["Regret"]},{"cards_removed":["Regret","Injury"],"damage_healed":0,"gold_gain":0,"player_choice":"Removed Curses","damage_taken":0,"max_hp_gain":0,"max_hp_loss":0,"event_name":"Fountain of Cleansing","floor":11,"gold_loss":0},{"cards_removed":["hermit:BlackWind"],"damage_healed":32,"gold_gain":0,"player_choice":"Offered Rare","damage_taken":0,"max_hp_gain":10,"max_hp_loss":0,"event_name":"Bonfire Elementals","floor":22,"gold_loss":0},{"damage_healed":0,"gold_gain":0,"player_choice":"Got Potions","damage_taken":0,"max_hp_gain":0,"max_hp_loss":0,"event_name":"Lab","floor":25,"gold_loss":0},{"damage_healed":0,"gold_gain":0,"player_choice":"Bought 1 Potion","damage_taken":0,"max_hp_gain":0,"max_hp_loss":0,"event_name":"The Woman in Blue","floor":36,"gold_loss":0},{"damage_healed":0,"gold_gain":0,"player_choice":"Memory 2","damage_taken":5,"max_hp_gain":0,"max_hp_loss":0,"event_name":"SensoryStone","floor":38,"gold_loss":0}],"is_beta":false,"boss_relics":[{"not_picked":["hermit:BartenderGlass","reliquary:KinkedSpring"],"picked":"reliquary:WritOfMandamus"},{"not_picked":["Coffee Dripper","Busted Crown"],"picked":"reliquary:Craggleroot"}],"items_purged_floors":[10,31,37],"is_endless":false,"potions_floor_spawned":[7,12,16,18,21,23,27,33,35,41],"killed_by":"Nemesis","ascension_level":0}}