{"host":"syfsfjmzue8y1a6l","time":1613653980,"event":{"mods":["AchievementEnabler","BaseMod","Colored Map","DeckTracker","Minty Spire (QoL Compilation)","Permanent Neow","SuperFastMode"],"gold_per_floor":[110,185,197,208,208,242,242,262,289,62,72,91,102,120,120,225,225,237,104,122,122,122],"floor_reached":21,"language":"KOR","playtime":3827,"items_purged":["Strike_P","Strike_P"],"score":185,"play_id":"8f1a23ed-f013-497b-96dd-e7c87456a2b9","local_time":"20210218221300","is_ascension_mode":false,"campfire_choices":[{"data":"Eruption","floor":7,"key":"SMITH"},{"data":"ClearTheMind","floor":15,"key":"SMITH"}],"circlet_count":0,"master_deck":["Strike_P","Strike_P","Defend_P","Defend_P","Defend_P","Defend_P","Eruption+1","Vigilance","ConjureBlade","CutThroughFate","Prostrate","FlurryOfBlows","DevaForm","ClearTheMind+1","Worship","Judgement","Omniscience","FlurryOfBlows+1","Secret Weapon"],"relics":["PureWater","Oddly Smooth Stone","Membership Card","SlaversCollar"],"acts_visited":["Exordium","TheCity"],"potions_floor_usage":[13,16,16,16],"damage_taken":[{"damage":0,"enemies":"2 Louse","floor":1,"turns":3},{"damage":0,"enemies":"Small Slimes","floor":3,"turns":4},{"damage":0,"enemies":"Cultist","floor":4,"turns":2},{"damage":38,"enemies":"Gremlin Nob","floor":6,"turns":5},{"damage":9,"enemies":"2 Fungi Beasts","floor":8,"turns":5},{"damage":0,"enemies":"3 Louse","floor":11,"turns":3},{"damage":5,"enemies":"Large Slime","floor":12,"turns":5},{"damage":0,"enemies":"Lots of Slimes","floor":13,"turns":2},{"damage":0,"enemies":"2 Fungi Beasts","floor":14,"turns":3},{"damage":7,"enemies":"Hexaghost","floor":16,"turns":11},{"damage":22,"enemies":"Chosen","floor":18,"turns":5},{"damage":17,"enemies":"Shell Parasite","floor":20,"turns":4},{"damage":36,"enemies":"Cultist and Chosen","floor":21,"turns":4}],"seed_played":"-3818812839498169551","potions_obtained":[{"floor":3,"key":"DuplicationPotion"},{"floor":6,"key":"SkillPotion"},{"floor":12,"key":"ColorlessPotion"},{"floor":14,"key":"SpeedPotion"},{"floor":16,"key":"LiquidBronze"}],"is_trial":false,"path_per_floor":["M","?","M","M","?","E","R","M","T","$","M","M","M","M","R","B",null,"M","$","M","M"],"character_chosen":"WATCHER","items_purchased":["Membership Card","Secret Weapon"],"campfire_rested":0,"item_purchase_floors":[10,19],"current_hp_per_floor":[72,61,61,61,61,23,23,14,14,14,14,9,9,9,9,2,72,50,50,33,0,0],"gold":122,"neow_bonus":"ONE_RANDOM_RARE_CARD","is_daily":false,"chose_seed":false,"campfire_upgraded":2,"win_rate":0.0,"timestamp":1613653980,"path_taken":["M","?","M","M","?","E","R","M","T","$","M","M","M","M","R","BOSS","M","$","M","M"],"items_purchased_type":["Relic","Card"],"build_version":"2020-12-22","purchased_purges":2,"victory":false,"max_hp_per_floor":[72,72,72,72,72,72,72,72,72,72,72,72,72,72,72,72,72,72,72,72,72,72],"card_choices":[{"not_picked":["FollowUp","Consecrate"],"picked":"CutThroughFate","floor":1},{"not_picked":["Conclude","PathToVictory","FlyingSleeves"],"picked":"SKIP","floor":3},{"not_picked":["Consecrate","SandsOfTime"],"picked":"Prostrate","floor":4},{"not_picked":["Weave","SignatureMove"],"picked":"FlurryOfBlows","floor":6},{"not_picked":["BattleHymn","SignatureMove"],"picked":"DevaForm","floor":8},{"not_picked":["Wallop","SignatureMove","Vengeance"],"picked":"SKIP","floor":11},{"not_picked":["Conclude","WaveOfTheHand"],"picked":"ClearTheMind","floor":12},{"not_picked":["SashWhip","Evaluate"],"picked":"Worship","floor":13},{"not_picked":["CrushJoints","Consecrate"],"picked":"Judgement","floor":14},{"not_picked":["Wish","LessonLearned"],"picked":"Omniscience","floor":16},{"not_picked":["JustLucky","Halt"],"picked":"FlurryOfBlows+1","floor":18},{"not_picked":["BowlingBash","Adaptation+1","Consecrate"],"picked":"SKIP","floor":20}],"player_experience":134578,"relics_obtained":[{"floor":6,"key":"Oddly Smooth Stone"}],"event_choices":[{"damage_healed":0,"gold_gain":75,"player_choice":"Gather Gold","damage_taken":11,"max_hp_gain":0,"max_hp_loss":0,"event_name":"World of Goop","floor":2,"gold_loss":0},{"damage_healed":0,"gold_gain":0,"player_choice":"Ignored","damage_taken":0,"max_hp_gain":0,"max_hp_loss":0,"event_name":"Liars Game","floor":5,"gold_loss":0}],"is_beta":false,"boss_relics":[{"not_picked":["Fusion Hammer","Pandora\u0027s Box"],"picked":"SlaversCollar"}],"items_purged_floors":[10,19],"is_endless":false,"potions_floor_spawned":[3,6,12,14,16],"killed_by":"Cultist and Chosen","ascension_level":0}}