{"host":"8cqz7u612ax6p4mk","time":1613680925,"event":{"mods":["AchievementEnabler","BaseMod","Bestiary","Colored Map","DeckTracker","Highlight Path","Minty Spire (QoL Compilation)","Relic Stats","The Servant 0.9.4"],"gold_per_floor":[117,132,64,84,96,131,131,131,158,158,32,32,67,83,83,183,183,200,200,216,227,247,247,247],"floor_reached":23,"language":"ENG","playtime":862,"items_purged":["Strike_R"],"score":233,"play_id":"0d6c81ce-6ecb-49bf-923a-b2b3960640bf","local_time":"20210218154205","is_ascension_mode":true,"campfire_choices":[{"floor":8,"key":"REST"},{"data":"Limit Break","floor":10,"key":"SMITH"},{"data":"Flame Barrier","floor":12,"key":"SMITH"},{"data":"Flex","floor":15,"key":"SMITH"}],"circlet_count":0,"master_deck":["Strike_R","Strike_R","Strike_R","Strike_R","Defend_R","Defend_R","Defend_R","Bash","Pommel Strike","Shrug It Off","Limit Break+1","Flame Barrier+1","Headbutt","Flex+1","Feed","Clash+1","Flame Barrier","Demon Form","Clothesline+1","Inflame"],"relics":["Sozu","Toy Ornithopter","Anchor","Strawberry","Black Star"],"acts_visited":["Exordium","TheCity"],"potions_floor_usage":[],"damage_taken":[{"damage":0,"enemies":"Small Slimes","floor":1,"turns":4},{"damage":3,"enemies":"2 Louse","floor":2,"turns":3},{"damage":0,"enemies":"Cultist","floor":4,"turns":3},{"damage":35,"enemies":"Gremlin Gang","floor":5,"turns":4},{"damage":34,"enemies":"Lagavulin","floor":6,"turns":8},{"damage":8,"enemies":"Gremlin Nob","floor":13,"turns":3},{"damage":4,"enemies":"Red Slaver","floor":14,"turns":4},{"damage":8,"enemies":"Hexaghost","floor":16,"turns":6},{"damage":15,"enemies":"2 Thieves","floor":18,"turns":5},{"damage":0,"enemies":"Chosen","floor":20,"turns":3},{"damage":21,"enemies":"Snecko","floor":21,"turns":5},{"damage":29,"enemies":"Snake Plant","floor":22,"turns":5},{"damage":28,"enemies":"Gremlin Leader","floor":23,"turns":6}],"seed_played":"2721895618416653945","potions_obtained":[],"is_trial":false,"path_per_floor":["M","M","$","M","M","E","?","R","T","R","$","R","E","M","R","B",null,"M","?","M","M","M","E"],"character_chosen":"IRONCLAD","items_purchased":["Limit Break","Headbutt"],"campfire_rested":1,"item_purchase_floors":[3,11],"current_hp_per_floor":[80,77,77,77,42,8,8,32,32,32,32,32,31,27,27,19,87,72,72,72,51,22,0,0],"gold":247,"neow_bonus":"BOSS_RELIC","is_daily":false,"chose_seed":false,"campfire_upgraded":3,"win_rate":0.0,"timestamp":1613680925,"path_taken":["M","M","$","M","M","E","?","R","T","R","$","R","E","M","R","BOSS","M","?","?","?","M","E"],"items_purchased_type":["Card","Card"],"build_version":"2020-12-22","purchased_purges":1,"victory":false,"max_hp_per_floor":[80,80,80,80,80,80,80,80,80,80,80,80,87,87,87,87,87,87,87,87,87,87,87,87],"relic_stats":{"Sozu":4,"counters":[13,59],"Black Star":0,"obtain_stats":[{"Sozu":0,"Anchor":9,"Strawberry":13,"Black Star":17,"Burning Blood":0,"Toy Ornithopter":6},{"Sozu":0,"Anchor":5,"Strawberry":6,"Black Star":8,"Burning Blood":0,"Toy Ornithopter":5},{"Sozu":0,"Anchor":22,"Strawberry":25,"Black Star":35,"Burning Blood":0,"Toy Ornithopter":22}],"Toy Ornithopter":0},"card_choices":[{"not_picked":["Havoc","Body Slam"],"picked":"Pommel Strike","floor":1},{"not_picked":["Bloodletting","Burning Pact"],"picked":"Shrug It Off","floor":2},{"not_picked":["Shrug It Off","Feel No Pain","Body Slam"],"picked":"SKIP","floor":4},{"not_picked":["Reckless Charge","Shrug It Off"],"picked":"Flame Barrier","floor":5},{"not_picked":["Entrench","Warcry","Ghostly Armor"],"picked":"SKIP","floor":6},{"not_picked":["Dropkick","Havoc","Iron Wave"],"picked":"SKIP","floor":13},{"not_picked":["Twin Strike","Shockwave"],"picked":"Flex","floor":14},{"not_picked":["Bludgeon","Impervious"],"picked":"Feed","floor":16},{"not_picked":["Carnage","Body Slam+1"],"picked":"Clash+1","floor":18},{"not_picked":["Shrug It Off","Cleave"],"picked":"Demon Form","floor":20},{"not_picked":["Ghostly Armor+1","Power Through"],"picked":"Clothesline+1","floor":21},{"not_picked":["Body Slam","Twin Strike"],"picked":"Inflame","floor":22}],"player_experience":212107,"relics_obtained":[{"floor":6,"key":"Toy Ornithopter"},{"floor":9,"key":"Anchor"},{"floor":13,"key":"Strawberry"}],"event_choices":[{"damage_healed":0,"gold_gain":0,"player_choice":"Ignored","damage_taken":0,"max_hp_gain":0,"max_hp_loss":0,"event_name":"Shining Light","floor":7,"gold_loss":0},{"damage_healed":0,"gold_gain":0,"cards_transformed":["Defend_R"],"player_choice":"Transformed","damage_taken":0,"max_hp_gain":0,"max_hp_loss":0,"event_name":"Transmorgrifier","floor":19,"gold_loss":0,"cards_obtained":["Flame Barrier"]}],"is_beta":false,"boss_relics":[{"not_picked":["Astrolabe","Cursed Key"],"picked":"Black Star"}],"items_purged_floors":[11],"is_endless":false,"potions_floor_spawned":[2,4,6,22],"killed_by":"Gremlin Leader","ascension_level":3}}