{"host":"btkbr53c3gip0r7d","time":1613620951,"event":{"mods":["BaseMod","Better Altar","Better Match","Better Note","Better Sensory Stone","Better Skull","Better Third Choice","Colored Map","Curses Come First","Downfall","Minty Spire (QoL Compilation)","StSLib","The Cursed","The Marked"],"gold_per_floor":[99,119,119,29,29,48,71,71,521,521,551,568,579,608,623,724,724,724,738,750,766,766,784,784,87,87,158,158,223,5,23,42,146,146,146,197,253,343,343,8,8,58,58,58,84,84,110,10,30,30],"floor_reached":51,"language":"ENG","playtime":4430,"items_purged":["Guardian:Strike_Guardian","downfall:Icky"],"score":937,"play_id":"176f1ff5-50a4-4e89-8b4a-1af9903b2944","local_time":"20210217210231","is_ascension_mode":true,"campfire_choices":[{"data":"Guardian:TwinSlam","floor":1.0,"key":"SMITH"},{"floor":8.0,"key":"REST"},{"data":"Guardian:FastForward","floor":18.0,"key":"SMITH"},{"floor":28.0,"key":"DIG"},{"data":"1","floor":35.0,"key":"LIFT"},{"floor":44.0,"key":"DIG"},{"floor":46.0,"key":"DIG"},{"floor":48,"key":"DIG"}],"circlet_count":0,"master_deck":["Guardian:Strike_Guardian","Guardian:Strike_Guardian","Guardian:Strike_Guardian+1","Guardian:Defend_Guardian","Guardian:Defend_Guardian","Guardian:Defend_Guardian","Guardian:CurlUp","Guardian:TwinSlam+1","Guardian:Planning","Guardian:Planning","downfall:Icky","downfall:Icky","Guardian:GatlingBeam+1","Guardian:MultiBeam","Guardian:FloatingOrbs","Guardian:PolyBeam","Guardian:FastForward+1","CurseOfTheBell","Guardian:FuturePlans","Guardian:FastForward","Guardian:BronzeArmor+1","Injury","Guardian:Incinerate+1","Guardian:Orbwalk","Guardian:CompilePackage","Guardian:GuardianWhirl","Apotheosis","Guardian:Repulse","Guardian:Orbwalk","Guardian:AncientConstruct","Guardian:Preprogram+1","Guardian:FierceBash+1","Panacea","expansioncontent:DashGenerateEvil","Guardian:Gem_Purple","Guardian:Gem_Cyan"],"relics":["Guardian:ModeShifter","StoneCalendar","Vajra","MealTicket","Matryoshka","Lantern","Akabeko","Bird Faced Urn","Bronze Scales","Calling Bell","Pen Nib","Pantograph","Turnip","Happy Flower","Bottled Tornado","Guardian:BottledStasis","Blue Candle","Shovel","downfall:KnowingSkull","Juzu Bracelet","Orichalcum","Girya","Fusion Hammer","Lizard Tail","Lee\u0027s Waffle","Whetstone","Guardian:SackOfGems","Guardian:PickAxe","CaptainsWheel","Bag of Preparation","Kunai","Anchor","downfall:HeartBlessingGreen","Toxic Egg 2"],"acts_visited":["Exordium","TheCity","TheBeyond"],"potions_floor_usage":[47,50],"damage_taken":[{"damage":4.0,"enemies":"Jaw Worm","floor":2.0,"turns":4.0},{"damage":10.0,"enemies":"downfall:FleeingMerchant","floor":4.0,"turns":4.0},{"damage":1.0,"enemies":"Cultist","floor":6.0,"turns":4.0},{"damage":10.0,"enemies":"Lagavulin","floor":11.0,"turns":7.0},{"damage":0.0,"enemies":"2 Louse","floor":12.0,"turns":1.0},{"damage":0.0,"enemies":"2 Fungi Beasts","floor":13.0,"turns":2.0},{"damage":5.0,"enemies":"3 Sentries","floor":14.0,"turns":2.0},{"damage":0.0,"enemies":"Gremlin Gang","floor":15.0,"turns":2.0},{"damage":23.0,"enemies":"IC_STATUS_ARCHETYPE","floor":16.0,"turns":5.0},{"damage":16.0,"enemies":"Shell Parasite","floor":19.0,"turns":4.0},{"damage":8.0,"enemies":"Spheric Guardian","floor":20.0,"turns":4.0},{"damage":0.0,"enemies":"Centurion and Healer","floor":21.0,"turns":1.0},{"damage":9.0,"enemies":"Snake Plant","floor":23.0,"turns":4.0},{"damage":5.0,"enemies":"downfall:FleeingMerchant","floor":25.0,"turns":4.0},{"damage":19.0,"enemies":"Book of Stabbing","floor":27.0,"turns":3.0},{"damage":3.0,"enemies":"Slavers","floor":29.0,"turns":1.0},{"damage":15.0,"enemies":"downfall:FleeingMerchant","floor":30.0,"turns":4.0},{"damage":12.0,"enemies":"Cultist and Chosen","floor":31.0,"turns":3.0},{"damage":1.0,"enemies":"Snecko","floor":32.0,"turns":1.0},{"damage":23.0,"enemies":"SI_MIRROR_ARCHETYPE","floor":33.0,"turns":5.0},{"damage":15.0,"enemies":"3 Shapes","floor":36.0,"turns":1.0},{"damage":16.0,"enemies":"3 Darklings","floor":37.0,"turns":2.0},{"damage":27.0,"enemies":"2 Orb Walkers","floor":38.0,"turns":4.0},{"damage":3.0,"enemies":"downfall:FleeingMerchant","floor":40.0,"turns":2.0},{"damage":7.0,"enemies":"downfall:FleeingMerchant","floor":42.0,"turns":4.0},{"damage":17.0,"enemies":"Reptomancer","floor":45.0,"turns":4.0},{"damage":3,"enemies":"Nemesis","floor":47,"turns":1},{"damage":4,"enemies":"4 Shapes","floor":49,"turns":4},{"damage":63,"enemies":"DF_ARCHETYPE_ORBS","floor":50,"turns":6}],"seed_played":"-6997056684852279198","potions_obtained":[{"floor":6.0,"key":"DuplicationPotion"},{"floor":11.0,"key":"Fire Potion"},{"floor":12.0,"key":"FearPotion"},{"floor":13.0,"key":"SteroidPotion"},{"floor":16.0,"key":"SmokeBomb"},{"floor":19.0,"key":"Strength Potion"},{"floor":20.0,"key":"Guardian:DefensiveModePotion"},{"floor":21.0,"key":"DistilledChaos"},{"floor":23.0,"key":"AttackPotion"},{"floor":33.0,"key":"Block Potion"},{"floor":36.0,"key":"champ:CounterPotion"},{"floor":37.0,"key":"FearPotion"},{"floor":49,"key":"SmokeBomb"}],"is_trial":false,"path_per_floor":["R","M","?","$","T","M","T","R","?","?","E","M","M","E","M","B",null,"R","M","M","M","?","M","T","$","?","E","R","E","$","M","M","B",null,"R","M","M","?","?","$","T","?","?","R","E","R","E","R","M","B",null],"character_chosen":"GUARDIAN","items_purchased":["Guardian:BottledStasis","Blue Candle","Shovel","Apotheosis","Guardian:Repulse","Lee\u0027s Waffle","Panacea","Fruit Juice","CultistPotion","expansioncontent:DashGenerateEvil"],"campfire_rested":1,"item_purchase_floors":[25,25,25,30,30,40,40,40,40,40],"current_hp_per_floor":[72,68,39,44,44,43,43,64,64,64,54,54,54,51,51,30,72,72,56,52,52,52,47,47,59,51,34,34,31,33,23,24,36,72,72,57,45,24,24,84,84,78,78,78,65,65,66,66,70,26],"gold":30,"neow_bonus":"ONE_RARE_RELIC","is_daily":false,"chose_seed":false,"campfire_upgraded":2,"win_rate":0.0,"timestamp":1613620951,"path_taken":["R","M","?","?","?","M","T","R","?","?","E","M","M","E","M","BOSS","R","M","?","?","?","?","T","$","?","E","R","E","$","M","M","BOSS","R","M","M","?","?","$","T","?","?","R","E","R","E","R","M","BOSS"],"items_purchased_type":["Relic","Relic","Relic","Card","Card","Relic","Card","Potion","Potion","Card"],"build_version":"2020-12-22","purchased_purges":2,"victory":true,"max_hp_per_floor":[72,72,72,72,72,72,72,72,72,72,72,72,72,72,72,72,72,72,72,72,72,72,72,72,72,72,72,72,72,72,72,72,72,72,72,72,72,72,72,84,84,84,84,84,84,84,84,84,84,84],"card_choices":[{"not_picked":["Guardian:Gem_Green","Guardian:Reroute"],"picked":"Guardian:Planning","floor":2.0},{"not_picked":["Guardian:Reroute","Guardian:Recover"],"picked":"Guardian:Planning","floor":4.0},{"not_picked":["Guardian:Recover","Guardian:BronzeArmor"],"picked":"Guardian:Gem_White","floor":6.0},{"not_picked":["Guardian:PrismaticBarrier","Guardian:Reroute"],"picked":"Guardian:GatlingBeam","floor":11.0},{"not_picked":["Guardian:BronzeOrb","Guardian:Preprogram"],"picked":"Guardian:MultiBeam","floor":12.0},{"not_picked":["Guardian:ShieldCharger","Guardian:Gem_Lightblue"],"picked":"Guardian:FloatingOrbs","floor":13.0},{"not_picked":["Guardian:ChargeCore","Guardian:ShieldCharger"],"picked":"Guardian:PolyBeam","floor":14.0},{"not_picked":["Guardian:Gem_Lightblue","Guardian:PiercingHide"],"picked":"Guardian:Gem_Red","floor":15.0},{"not_picked":["Guardian:StasisField","Guardian:SphericShield"],"picked":"Guardian:FastForward","floor":16.0},{"not_picked":["Guardian:Gem_Lightblue","Guardian:PolyBeam"],"picked":"Guardian:FuturePlans","floor":19.0},{"not_picked":["Guardian:RollAttack","Guardian:Reroute"],"picked":"Guardian:FastForward","floor":20.0},{"not_picked":["Guardian:VentSteam","Guardian:Planning"],"picked":"Guardian:BronzeArmor","floor":21.0},{"not_picked":["Guardian:Gem_Red","Guardian:Gem_Lightblue"],"picked":"Guardian:Gem_Blue","floor":23.0},{"not_picked":["Guardian:Gem_Green","Guardian:Gem_Red"],"picked":"Guardian:Incinerate+1","floor":25.0},{"not_picked":["Guardian:Planning","Guardian:ShieldCharger+1"],"picked":"Guardian:Orbwalk","floor":27.0},{"not_picked":["Guardian:Recover","Guardian:PiercingHide"],"picked":"Guardian:CompilePackage","floor":29.0},{"not_picked":["Guardian:BodySlam","Guardian:Planning"],"picked":"Guardian:GuardianWhirl","floor":30.0},{"not_picked":["Guardian:Recover+1","Guardian:PrimingBeam"],"picked":"Guardian:Orbwalk","floor":31.0},{"not_picked":["Guardian:Gem_Red","Guardian:PrismaticBarrier+1","Guardian:CrystalBeam"],"picked":"SKIP","floor":32.0},{"not_picked":["Guardian:BaubleBeam","Guardian:Gem_Synthetic"],"picked":"Guardian:AncientConstruct","floor":33.0},{"not_picked":["Guardian:Suspension+1","Guardian:Gem_Cyan"],"picked":"Guardian:Preprogram+1","floor":36.0},{"not_picked":["Guardian:Reroute+1","Guardian:MultiBeam","Guardian:Incinerate"],"picked":"SKIP","floor":37.0},{"not_picked":["Guardian:Recover+1","Guardian:Preprogram"],"picked":"Guardian:FierceBash","floor":38.0},{"not_picked":["Guardian:DonusPower","Guardian:VentSteam","Guardian:MultiBeam"],"picked":"SKIP","floor":40.0},{"not_picked":["Guardian:Gem_White","Guardian:Gem_Purple","Guardian:Recover+1"],"picked":"SKIP","floor":45.0},{"not_picked":["Guardian:Gem_Lightblue","Guardian:Incinerate","Guardian:VentSteam+1"],"picked":"SKIP","floor":47},{"not_picked":["Guardian:RollAttack+1","Guardian:Recover+1","Guardian:Gem_Cyan"],"picked":"SKIP","floor":49}],"player_experience":1470246,"relics_obtained":[{"floor":5.0,"key":"Matryoshka"},{"floor":7.0,"key":"Lantern"},{"floor":7.0,"key":"Akabeko"},{"floor":11.0,"key":"Bird Faced Urn"},{"floor":14.0,"key":"Bronze Scales"},{"floor":17.0,"key":"Pen Nib"},{"floor":17.0,"key":"Pantograph"},{"floor":17.0,"key":"Turnip"},{"floor":24.0,"key":"Happy Flower"},{"floor":24.0,"key":"Bottled Tornado"},{"floor":27.0,"key":"Juzu Bracelet"},{"floor":28.0,"key":"Orichalcum"},{"floor":29.0,"key":"Girya"},{"floor":38.0,"key":"Lizard Tail"},{"floor":41.0,"key":"Whetstone"},{"floor":42.0,"key":"Guardian:SackOfGems"},{"floor":43.0,"key":"Guardian:PickAxe"},{"floor":44.0,"key":"CaptainsWheel"},{"floor":45.0,"key":"Bag of Preparation"},{"floor":46.0,"key":"Kunai"},{"floor":47,"key":"Anchor"},{"floor":48,"key":"Toxic Egg 2"}],"event_choices":[{"damage_healed":0.0,"max_hp_gain":0.0,"max_hp_loss":0.0,"gold_gain":0.0,"event_name":"betterSkull:BetterSkull","player_choice":"RE RE ","floor":3.0,"gold_loss":0.0,"damage_taken":33.0,"cards_upgraded":[],"relics_obtained":["Vajra","MealTicket"]},{"damage_healed":0.0,"max_hp_gain":0.0,"max_hp_loss":0.0,"gold_gain":0.0,"event_name":"Mysterious Sphere","player_choice":"Fight","floor":38.0,"gold_loss":0.0,"damage_taken":0.0},{"cards_removed":["Guardian:Defend_Guardian"],"damage_healed":0.0,"max_hp_gain":0.0,"max_hp_loss":0.0,"gold_gain":0.0,"event_name":"Falling","player_choice":"Removed Skill","floor":39.0,"gold_loss":0.0,"damage_taken":0.0}],"is_beta":false,"boss_relics":[{"not_picked":["Snecko Eye","Tiny House"],"picked":"Calling Bell"},{"not_picked":["Runic Pyramid","SacredBark"],"picked":"Fusion Hammer"}],"items_purged_floors":[4,40],"is_endless":false,"potions_floor_spawned":[6,11,12,13,16,19,20,21,23,33,36,37,42,49],"ascension_level":3}}