{"host":"m9osufisr3agwk96","time":1613638442,"event":{"mods":["AchievementEnabler","Aspiration","Bard","BaseMod","Colored Map","Colored Powertips","Downfall","Duelist Mod","Friendly Minions","GifTheSpireLib","Gremlin Mod","Hermit","Hero for Fun","Highlight Path","Hubris","Infinite Spire","Minty Spire (QoL Compilation)","Rare Cards Sparkle","Reliquary","Replay The Spire","Shop Mod","StSLib","Td1madao Mod","The Cursed","The Hierophant","The Necromancer","The Wild Card"],"gold_per_floor":[115,115,115,133,150,150,150,150,163,181,181,356,133,133,147,147,147,250,250,262,262,262,280,35,65,65,65,65],"floor_reached":27,"language":"ENG","playtime":1042,"items_purged":["Doubt"],"score":221,"play_id":"7ee83b32-c170-4565-b471-8a791f13de58","local_time":"20210218005402","is_ascension_mode":false,"campfire_choices":[{"floor":6,"key":"REST"},{"data":"Eruption","floor":14,"key":"SMITH"},{"floor":17,"key":"REST"}],"circlet_count":0,"master_deck":["Strike_P+1","Strike_P","Strike_P","Strike_P","Defend_P","Defend_P","Eruption+1","Vigilance","Evaluate","infinitespire:FutureSight+1","Collect","Replay:AtTheReady","FearNoEvil","Replay:Battleflow+1","Replay:Anticipation","Scrawl","Indignation","Wallop","infinitespire:FutureSight","WindmillStrike+1","EmptyMind+1"],"relics":["PureWater","aspiration:Nostalgia","TheCursedMod:BlackMagic101","Mango","Replay:Baseball","ChewingGum","reliquary:OuijaBoard","Mirror","hubris:DeckOfHolding"],"acts_visited":["Exordium","TheCity"],"potions_floor_usage":[9,18,25],"damage_taken":[{"damage":0,"enemies":"2 Louse","floor":1,"turns":2},{"damage":0,"enemies":"Cultist","floor":4,"turns":3},{"damage":3,"enemies":"Jaw Worm","floor":5,"turns":5},{"damage":0,"enemies":"Large Slime","floor":9,"turns":6},{"damage":2,"enemies":"Lots of Slimes","floor":10,"turns":5},{"damage":5,"enemies":"Looter","floor":15,"turns":3},{"damage":39,"enemies":"Fading Forest","floor":18,"turns":11},{"damage":10,"enemies":"Spheric Guardian","floor":20,"turns":4},{"damage":0,"enemies":"Shell Parasite","floor":23,"turns":1},{"damage":47,"enemies":"Slavers","floor":25,"turns":10},{"damage":42,"enemies":"Nightmare","floor":27,"turns":8}],"seed_played":"-3240194411493340674","potions_obtained":[{"floor":4,"key":"Cursed Concoction"},{"floor":10,"key":"PowerPotion"},{"floor":23,"key":"SkillPotion"}],"is_trial":false,"path_per_floor":["M","?","?","M","M","R","PTL","PTL","M","M","T","?","$","R","M","?","R","B",null,"M","?","AVR","M","$","E","?","NM"],"character_chosen":"WATCHER","items_purchased":["Replay:Baseball","Mirror"],"campfire_rested":2,"item_purchase_floors":[13,24],"current_hp_per_floor":[72,54,54,54,51,72,72,72,72,70,84,84,84,84,79,62,86,57,86,76,76,76,76,76,29,29,0,0],"gold":65,"neow_bonus":"NOSTALGIA","is_daily":false,"chose_seed":false,"campfire_upgraded":1,"win_rate":0.0,"timestamp":1613638442,"path_taken":["M","?","?","M","M","R","PTL","PTL","M","?","T","?","?","R","?","?","R","BOSS","M","?","AVR","?","?","E","?","NM"],"items_purchased_type":["Relic","Relic"],"build_version":"2020-12-22","purchased_purges":1,"victory":false,"max_hp_per_floor":[72,72,72,72,72,72,72,72,72,72,86,86,86,86,86,86,86,86,86,86,86,86,86,86,86,86,86,86],"card_choices":[{"not_picked":["Fasting2","Replay:Hum"],"picked":"Evaluate","floor":1},{"not_picked":["Replay:Fractal Strike","infinitespire:Menacing"],"picked":"infinitespire:FutureSight","floor":2},{"not_picked":["FlyingSleeves","ThirdEye"],"picked":"Collect","floor":4},{"not_picked":["CutThroughFate","Replay:BluntJabs"],"picked":"Replay:AtTheReady","floor":5},{"not_picked":["FlurryOfBlows","Protect"],"picked":"FearNoEvil","floor":9},{"not_picked":["ForeignInfluence","CutThroughFate"],"picked":"Replay:Battleflow","floor":10},{"not_picked":["DeceiveReality","Halt"],"picked":"Replay:Anticipation","floor":15},{"not_picked":["Wish","Replay:AllIn"],"picked":"Scrawl","floor":18},{"not_picked":["Replay:Battleflow","Consecrate"],"picked":"Indignation","floor":20},{"not_picked":["WaveOfTheHand","Evaluate"],"picked":"WindmillStrike+1","floor":23},{"not_picked":["ReachHeaven","WaveOfTheHand"],"picked":"EmptyMind+1","floor":25}],"player_experience":508196,"relics_obtained":[{"floor":11,"key":"Mango"},{"floor":25,"key":"hubris:DeckOfHolding"}],"event_choices":[{"damage_healed":0,"gold_gain":0,"player_choice":"Upgraded","damage_taken":0,"max_hp_gain":0,"max_hp_loss":0,"event_name":"Upgrade Shrine","floor":3,"gold_loss":0,"cards_upgraded":["infinitespire:FutureSight"]},{"damage_healed":0,"gold_gain":175,"player_choice":"AGREE","damage_taken":0,"max_hp_gain":0,"max_hp_loss":0,"event_name":"Liars Game","floor":12,"gold_loss":0,"cards_obtained":["Doubt"]},{"damage_healed":0,"gold_gain":0,"player_choice":"Entered Light","damage_taken":17,"max_hp_gain":0,"max_hp_loss":0,"event_name":"Shining Light","floor":16,"gold_loss":0,"cards_upgraded":["Strike_P","Replay:Battleflow"]},{"damage_healed":0,"gold_gain":0,"cards_transformed":["Defend_P"],"player_choice":"Transformed","damage_taken":0,"max_hp_gain":0,"max_hp_loss":0,"event_name":"Transmorgrifier","floor":21,"gold_loss":0,"cards_obtained":["Wallop"]},{"cards_removed":["Defend_P"],"damage_healed":0,"gold_gain":0,"player_choice":"Card Removal","damage_taken":0,"max_hp_gain":0,"max_hp_loss":0,"event_name":"Wheel of Change","floor":26,"gold_loss":0}],"is_beta":false,"boss_relics":[{"not_picked":["reliquary:KinkedSpring","reliquary:RedCape"],"picked":"ChewingGum"}],"items_purged_floors":[13],"is_endless":false,"potions_floor_spawned":[4,10,23],"killed_by":"Nightmare","ascension_level":0}}