{"host":"ufhw4cf0hh51lveu","time":1613624430,"event":{"mods":["BaseMod","DeckTracker","Minty Spire (QoL Compilation)","SuperFastMode"],"gold_per_floor":[123,154,178,204,106,106,31,46,114,114,14,14,27,27,27,130,130,147,22,22,41,53,64,64,64,64],"floor_reached":25,"language":"KOR","playtime":680,"items_purged":["Defend_B","Strike_B","Defend_B"],"score":195,"play_id":"dd971dcd-ed8e-4acd-b9e9-77efcf1ef3aa","local_time":"20210218140030","is_ascension_mode":false,"campfire_choices":[{"data":"Storm","floor":6,"key":"SMITH"},{"data":"Conserve Battery","floor":15,"key":"SMITH"},{"floor":24,"key":"REST"}],"circlet_count":0,"master_deck":["Strike_B","Strike_B","Strike_B","Defend_B","Defend_B","Zap","Dualcast","Streamline+1","Ball Lightning","Leap","Leap","Storm+1","Self Repair+1","Conserve Battery+1","Buffer+1","Defragment","Cold Snap","Skim+1","Leap"],"relics":["Cracked Core","MawBank","Matryoshka","Black Star"],"acts_visited":["Exordium","TheCity"],"potions_floor_usage":[16,25,25],"damage_taken":[{"damage":0,"enemies":"Cultist","floor":1,"turns":3},{"damage":1,"enemies":"Jaw Worm","floor":2,"turns":3},{"damage":0,"enemies":"2 Louse","floor":3,"turns":2},{"damage":16,"enemies":"Exordium Thugs","floor":4,"turns":5},{"damage":0,"enemies":"Red Slaver","floor":8,"turns":3},{"damage":6,"enemies":"2 Fungi Beasts","floor":13,"turns":4},{"damage":39,"enemies":"Hexaghost","floor":16,"turns":10},{"damage":22,"enemies":"Spheric Guardian","floor":18,"turns":6},{"damage":15,"enemies":"3 Byrds","floor":21,"turns":6},{"damage":31,"enemies":"Sentry and Sphere","floor":22,"turns":6},{"damage":22,"enemies":"Snake Plant","floor":23,"turns":5},{"damage":59,"enemies":"Gremlin Leader","floor":25,"turns":7}],"seed_played":"-2043394733685727641","potions_obtained":[{"floor":1,"key":"Energy Potion"},{"floor":2,"key":"Ancient Potion"},{"floor":8,"key":"Weak Potion"},{"floor":21,"key":"EssenceOfSteel"}],"is_trial":false,"path_per_floor":["M","M","M","M","$","R","$","M","T","?","$","?","M","$","R","B",null,"M","$","?","M","M","M","R","E"],"character_chosen":"DEFECT","items_purchased":["Storm","Self Repair"],"campfire_rested":1,"item_purchase_floors":[5,7],"current_hp_per_floor":[75,74,74,58,58,58,58,65,65,65,65,65,69,69,69,40,75,63,63,63,58,37,25,47,0,0],"gold":64,"neow_bonus":"RANDOM_COMMON_RELIC","is_daily":false,"chose_seed":false,"campfire_upgraded":2,"win_rate":0.0,"timestamp":1613624430,"path_taken":["M","M","M","?","$","R","$","M","T","?","?","?","?","?","R","BOSS","M","$","?","?","M","M","R","E"],"items_purchased_type":["Card","Card"],"build_version":"2020-12-22","purchased_purges":3,"victory":false,"max_hp_per_floor":[75,75,75,75,75,75,75,75,75,75,75,75,75,75,75,75,75,75,75,75,75,75,75,75,75,75],"card_choices":[{"not_picked":["Static Discharge","Beam Cell"],"picked":"Streamline","floor":1},{"not_picked":["Reinforced Body","Streamline"],"picked":"Ball Lightning","floor":2},{"not_picked":["Consume","Auto Shields"],"picked":"Leap","floor":3},{"not_picked":["Beam Cell","Lockon"],"picked":"Leap","floor":4},{"not_picked":["Redo","Lockon"],"picked":"Conserve Battery","floor":8},{"not_picked":["All For One","Chill","Scrape"],"picked":"SKIP","floor":13},{"not_picked":["Seek","Rainbow"],"picked":"Buffer","floor":16},{"not_picked":["Steam+1","Turbo+1"],"picked":"Defragment","floor":18},{"not_picked":["Go for the Eyes","Chaos"],"picked":"Cold Snap","floor":21},{"not_picked":["Steam Power","Streamline"],"picked":"Skim+1","floor":22},{"not_picked":["Fusion","Streamline"],"picked":"Leap","floor":23}],"player_experience":38644,"relics_obtained":[{"floor":9,"key":"Matryoshka"}],"event_choices":[{"damage_healed":0,"gold_gain":0,"player_choice":"Upgraded","damage_taken":0,"max_hp_gain":0,"max_hp_loss":0,"event_name":"Upgrade Shrine","floor":10,"gold_loss":0,"cards_upgraded":["Self Repair"]},{"damage_healed":0,"gold_gain":0,"player_choice":"Forge","damage_taken":0,"max_hp_gain":0,"max_hp_loss":0,"event_name":"Accursed Blacksmith","floor":12,"gold_loss":0,"cards_upgraded":["Streamline"]},{"damage_healed":0,"gold_gain":0,"player_choice":"Upgraded","damage_taken":0,"max_hp_gain":0,"max_hp_loss":0,"event_name":"Upgrade Shrine","floor":20,"gold_loss":0,"cards_upgraded":["Buffer"]}],"is_beta":false,"boss_relics":[{"not_picked":["Runic Dome","Cursed Key"],"picked":"Black Star"}],"items_purged_floors":[5,11,19],"is_endless":false,"potions_floor_spawned":[1,2,8,21],"killed_by":"Gremlin Leader","ascension_level":0}}