{"host":"lnfs5t5iydkm2lft","time":1613618791,"event":{"mods":["AchievementEnabler","BaseMod","Better Third Choice","BetterRewards","Colored Powertips","Downfall","Hermit","Hubris","Infinite Spire","Marisa????????","Minty Spire (QoL Compilation)","Quick Restart","Replay The Spire","StSLib","The Runesmith","The Senshi","everything is the same but u backflip on backflip","slay the spire mod where everything is the same but ironclad has a cowboy hat"],"gold_per_floor":[118,133,133,133,147,147,147],"floor_reached":6,"language":"ENG","playtime":287,"items_purged":[],"score":43,"play_id":"dd2c90b8-d7ed-4ca4-8a7e-25f4ae8d03a5","local_time":"20210217212631","is_ascension_mode":true,"campfire_choices":[],"circlet_count":0,"master_deck":["Strike_B","Strike_B","Strike_B","Strike_B","Defend_B","Defend_B","Defend_B","Zap","Dualcast","Defragment","PiercingWail"],"relics":["Cracked Core","Replay:Multitool","Peace Pipe","PrismaticShard","Girya"],"acts_visited":["Exordium"],"potions_floor_usage":[6],"damage_taken":[{"damage":0,"enemies":"Cultist","floor":1,"turns":3},{"damage":2,"enemies":"Jaw Worm","floor":2,"turns":4},{"damage":0,"enemies":"Small Slimes","floor":5,"turns":3},{"damage":65,"enemies":"3 Sentries","floor":6,"turns":8}],"seed_played":"1448028024180155396","potions_obtained":[{"floor":5,"key":"Swift Potion"}],"is_trial":false,"path_per_floor":["M","M","?","?","M","E"],"character_chosen":"DEFECT","items_purchased":["Defragment","Replay:Multitool","PrismaticShard"],"campfire_rested":0,"item_purchase_floors":[0,0,0],"current_hp_per_floor":[75,73,66,63,63,0,0],"gold":147,"neow_bonus":"","is_daily":false,"chose_seed":false,"campfire_upgraded":0,"win_rate":0.0,"timestamp":1613618791,"path_taken":["M","M","?","?","M","E"],"items_purchased_type":["Card","Relic","Relic"],"build_version":"2020-12-22","purchased_purges":0,"victory":false,"max_hp_per_floor":[75,75,75,75,75,75,75],"card_choices":[{"not_picked":["hermit:Combo","theSenshi:MoonTiaraMagic"],"picked":"PiercingWail","floor":1},{"not_picked":["sneckomod:UnknownClassMARISA_DERIVATIONS","EmptyBody","hermit:Feint"],"picked":"SKIP","floor":2},{"not_picked":["ReplayTheSpireMod:Muscle Training","Bludgeon","champ:GutPunch"],"picked":"SKIP","floor":5}],"player_experience":376451,"relics_obtained":[],"event_choices":[{"cards_removed":["Defend_B"],"damage_healed":0,"gold_gain":0,"player_choice":"Card Removal","damage_taken":7,"max_hp_gain":0,"max_hp_loss":0,"event_name":"Golden Wing","floor":3,"gold_loss":0},{"damage_healed":0,"gold_gain":0,"player_choice":"Relic ","damage_taken":3,"max_hp_gain":0,"max_hp_loss":0,"event_name":"betterThird:BetterScrap","floor":4,"gold_loss":0,"cards_obtained":["Blur"]}],"is_beta":false,"boss_relics":[],"items_purged_floors":[],"is_endless":false,"potions_floor_spawned":[5],"killed_by":"3 Sentries","ascension_level":4}}