{"host":"sc0o2qwpf9j16a4i","time":1613661035,"event":{"mods":["AchievementEnabler","BaseMod","BetterRewards","Block Reminder","Colored Map","Colored Powertips","Custom Start","Highlight Path","Minty Spire (QoL Compilation)","Relic Stats"],"gold_per_floor":[109,109,51,51,51,82,82,113,137,151,162,162,162,179,179,179,179],"floor_reached":16,"language":"ENG","playtime":265,"items_purged":[],"score":316,"play_id":"211877bf-e212-4f1b-ba36-897796c9b50c","local_time":"20210218171035","is_ascension_mode":true,"campfire_choices":[{"data":"Dagger Spray","floor":7,"key":"SMITH"},{"floor":13,"key":"REST"},{"data":"Backstab","floor":15,"key":"SMITH"}],"circlet_count":0,"master_deck":["AscendersBane","Strike_G","Strike_G","Strike_G","Strike_G","Strike_G","Defend_G","Defend_G","Defend_G","Defend_G","Defend_G+1","Survivor+1","Neutralize+1","Flying Knee","Dagger Spray+1","Infinite Blades","Blade Dance+1","Backstab+1","PiercingWail+1","Cloak And Dagger+1"],"relics":["Ring of the Snake","NeowsBlessing","Snake Skull","Toxic Egg 2","Bag of Marbles","Juzu Bracelet"],"acts_visited":["Exordium"],"potions_floor_usage":[16],"damage_taken":[{"damage":0,"enemies":"Small Slimes","floor":1,"turns":1},{"damage":0,"enemies":"Lagavulin","floor":6,"turns":1},{"damage":0,"enemies":"Gremlin Nob","floor":8,"turns":1},{"damage":0,"enemies":"Jaw Worm","floor":10,"turns":3},{"damage":0,"enemies":"Cultist","floor":11,"turns":1},{"damage":0,"enemies":"Gremlin Gang","floor":14,"turns":4},{"damage":47,"enemies":"Slime Boss","floor":16,"turns":9}],"seed_played":"3723706565206732647","potions_obtained":[{"floor":1,"key":"Explosive Potion"}],"is_trial":false,"path_per_floor":["M","?","$","?","?","E","R","E","T","M","M","?","R","M","R","B"],"character_chosen":"THE_SILENT","items_purchased":["Dagger Spray"],"campfire_rested":1,"item_purchase_floors":[3],"current_hp_per_floor":[59,59,59,59,48,48,48,48,48,48,48,28,47,47,47,0,0],"gold":179,"neow_bonus":"THREE_ENEMY_KILL","is_daily":false,"chose_seed":false,"campfire_upgraded":2,"win_rate":0.0,"timestamp":1613661035,"path_taken":["M","?","$","?","?","E","R","E","T","M","M","?","R","M","R","BOSS"],"items_purchased_type":["Card"],"build_version":"2020-12-22","purchased_purges":0,"victory":false,"max_hp_per_floor":[66,66,66,66,66,66,66,66,66,66,66,66,66,66,66,66,66],"relic_stats":{"counters":[7,20],"Snake Skull":[0],"Juzu Bracelet":1,"obtain_stats":[{"NeowsBlessing":0,"Snake Skull":5,"Bag of Marbles":8,"Juzu Bracelet":9,"Toxic Egg 2":6,"Ring of the Snake":0},{"NeowsBlessing":0,"Snake Skull":1,"Bag of Marbles":3,"Juzu Bracelet":3,"Toxic Egg 2":2,"Ring of the Snake":0},{"NeowsBlessing":0,"Snake Skull":1,"Bag of Marbles":3,"Juzu Bracelet":3,"Toxic Egg 2":2,"Ring of the Snake":0}],"Ring of the Snake":[14]},"card_choices":[{"not_picked":["Accuracy","Terror"],"picked":"Flying Knee","floor":1},{"not_picked":["Escape Plan+1","Sucker Punch"],"picked":"Infinite Blades","floor":6},{"not_picked":["Storm of Steel+1","Flying Knee"],"picked":"Blade Dance+1","floor":8},{"not_picked":["Dagger Throw","Acrobatics+1"],"picked":"Backstab","floor":10},{"not_picked":["Dodge and Roll+1","Blur+1"],"picked":"PiercingWail+1","floor":11},{"not_picked":["Dodge and Roll+1","Blade Dance+1"],"picked":"Cloak And Dagger+1","floor":14}],"player_experience":1464244,"relics_obtained":[{"floor":6,"key":"Toxic Egg 2"},{"floor":8,"key":"Bag of Marbles"},{"floor":9,"key":"Juzu Bracelet"}],"event_choices":[{"damage_healed":0,"gold_gain":0,"player_choice":"Grow","damage_taken":0,"max_hp_gain":0,"max_hp_loss":0,"event_name":"Living Wall","floor":2,"gold_loss":0,"cards_upgraded":["Neutralize"]},{"damage_healed":0,"gold_gain":0,"player_choice":"Leave","damage_taken":0,"max_hp_gain":0,"max_hp_loss":0,"event_name":"The Cleric","floor":4,"gold_loss":0},{"damage_healed":0,"gold_gain":0,"player_choice":"Success","damage_taken":11,"relics_obtained":["Snake Skull"],"max_hp_gain":0,"max_hp_loss":0,"event_name":"Scrap Ooze","floor":5,"gold_loss":0},{"damage_healed":0,"gold_gain":0,"player_choice":"Entered Light","damage_taken":20,"max_hp_gain":0,"max_hp_loss":0,"event_name":"Shining Light","floor":12,"gold_loss":0,"cards_upgraded":["Survivor","Defend_G"]}],"is_beta":false,"boss_relics":[],"items_purged_floors":[],"is_endless":false,"potions_floor_spawned":[1],"killed_by":"Slime Boss","ascension_level":20}}