{"host":"n23juj4d9qam5hh1","time":1613652110,"event":{"mods":["BaseMod","Better Note","BetterRewards","Bossed Relics","Curses Come First","Displayed Cursed Tome","Infinite Spire","Minty Spire (QoL Compilation)","Relic Stats","StSLib","Thieving Mod"],"gold_per_floor":[111,121,137,198,209,209,222,222,247,262,273,286,303,303,303,399,399,416,426,122,137,157,157,171,171,171,171,171,171,171,221,221,221,221],"floor_reached":33,"language":"ENG","playtime":1038,"items_purged":[],"score":304,"play_id":"9bba17e0-8154-46ed-beba-a99e78736c9e","local_time":"20210218074150","is_ascension_mode":true,"campfire_choices":[{"data":"Spot Weakness","floor":6.0,"key":"SMITH"},{"data":"Heavy Blade","floor":8.0,"key":"SMITH"},{"data":"Shrug It Off","floor":15.0,"key":"SMITH"},{"floor":23,"key":"REST"},{"floor":28,"key":"REST"},{"data":"infinitespire:OneForAll","floor":30,"key":"SMITH"},{"data":"infinitespire:TheBestDefense","floor":32,"key":"SMITH"}],"circlet_count":0,"master_deck":["Strike_R","Strike_R","Strike_R","Defend_R","Defend_R","Defend_R","Defend_R","Bash+1","Wild Strike","Spot Weakness+1","Body Slam+1","Heavy Blade+1","Shrug It Off+1","Twin Strike","Barricade","True Grit+1","Shrug It Off+1","Whirlwind","infinitespire:OneForAll+1","Rage+1","infinitespire:TheBestDefense+1"],"relics":["Burning Blood","Bag of Marbles","Empty Cage","Sling","Regal Pillow","Paper Frog","infinitespire:FocusingShard"],"acts_visited":["Exordium","TheCity"],"potions_floor_usage":[21,22,22],"damage_taken":[{"damage":4.0,"enemies":"2 Louse","floor":1.0,"turns":3.0},{"damage":2.0,"enemies":"Jaw Worm","floor":2.0,"turns":3.0},{"damage":0.0,"enemies":"Cultist","floor":3.0,"turns":2.0},{"damage":3.0,"enemies":"3 Louse","floor":5.0,"turns":3.0},{"damage":7.0,"enemies":"Looter","floor":7.0,"turns":3.0},{"damage":10.0,"enemies":"2 Fungi Beasts","floor":10.0,"turns":3.0},{"damage":11.0,"enemies":"Exordium Thugs","floor":11.0,"turns":5.0},{"damage":10.0,"enemies":"Lots of Slimes","floor":12.0,"turns":3.0},{"damage":0.0,"enemies":"Large Slime","floor":13.0,"turns":5.0},{"damage":49.0,"enemies":"Slime Boss","floor":16.0,"turns":12.0},{"damage":22.0,"enemies":"2 Thieves","floor":18.0,"turns":4.0},{"damage":13.0,"enemies":"Shell Parasite","floor":19.0,"turns":7.0},{"damage":11,"enemies":"Chosen and Byrds","floor":21,"turns":6},{"damage":32,"enemies":"Snake Plant","floor":22,"turns":3},{"damage":26,"enemies":"Snecko","floor":24,"turns":4},{"damage":88,"enemies":"Automaton","floor":33,"turns":6}],"seed_played":"5538505701365999391","potions_obtained":[{"floor":1.0,"key":"BloodPotion"},{"floor":2.0,"key":"LiquidBronze"},{"floor":3.0,"key":"Fire Potion"},{"floor":12.0,"key":"SpeedPotion"},{"floor":19.0,"key":"Block Potion"},{"floor":22,"key":"CultistPotion"}],"is_trial":false,"path_per_floor":["M","M","M","?","M","R","M","R","T","M","M","M","M","?","R","B",null,"M","M","$","M","M","R","M","?","T","AVR","R","?","R","?","R","B"],"character_chosen":"IRONCLAD","items_purchased":["Sling","Regal Pillow"],"campfire_rested":2,"item_purchase_floors":[20,20],"current_hp_per_floor":[80,80,80,80,80,80,79,79,79,75,70,66,72,72,72,29,67,51,44,44,39,29,68,48,33,33,33,73,73,73,73,73,0,0],"gold":221,"neow_bonus":"UPGRADE_CARD","is_daily":false,"chose_seed":false,"campfire_upgraded":5,"win_rate":0.0,"timestamp":1613652110,"path_taken":["M","M","M","?","M","R","M","R","T","M","M","M","M","?","R","BOSS","M","M","$","M","M","R","M","?","T","AVR","R","?","R","?","R","BOSS"],"items_purchased_type":["Relic","Relic"],"build_version":"2020-12-22","purchased_purges":0,"victory":false,"max_hp_per_floor":[80,80,80,80,80,80,80,80,80,80,80,80,80,80,80,80,80,80,80,80,80,80,80,80,85,85,85,85,85,85,85,85,85,85],"relic_stats":{"Regal Pillow":30,"counters":[16,72],"obtain_stats":[{"Regal Pillow":20,"infinitespire:FocusingShard":27,"Bag of Marbles":9,"Empty Cage":17,"Sling":20,"Burning Blood":0,"Paper Frog":26},{"Regal Pillow":12,"infinitespire:FocusingShard":15,"Bag of Marbles":5,"Empty Cage":10,"Sling":12,"Burning Blood":0,"Paper Frog":15},{"Regal Pillow":53,"infinitespire:FocusingShard":66,"Bag of Marbles":14,"Empty Cage":42,"Sling":53,"Burning Blood":0,"Paper Frog":66}],"Burning Blood":75},"card_choices":[{"not_picked":["Flex","Dark Embrace"],"picked":"Wild Strike","floor":1.0},{"not_picked":["Sever Soul","Cleave"],"picked":"Spot Weakness","floor":2.0},{"not_picked":["Clothesline","True Grit"],"picked":"Body Slam","floor":3.0},{"not_picked":["Impervious","Flex"],"picked":"Heavy Blade","floor":5.0},{"not_picked":["Infernal Blade","Heavy Blade","Perfected Strike"],"picked":"SKIP","floor":7.0},{"not_picked":["Cleave","Twin Strike"],"picked":"Shrug It Off","floor":10.0},{"not_picked":["Rampage","Exhume","Thunderclap"],"picked":"SKIP","floor":11.0},{"not_picked":["Anger","Cleave"],"picked":"Twin Strike","floor":12.0},{"not_picked":["Sever Soul","Anger","Heavy Blade"],"picked":"SKIP","floor":13.0},{"not_picked":["Demon Form","Impervious"],"picked":"Barricade","floor":16.0},{"not_picked":["Clash","Havoc"],"picked":"True Grit+1","floor":18.0},{"not_picked":["Juggernaut","Headbutt"],"picked":"Shrug It Off+1","floor":19.0},{"not_picked":["Bloodletting+1","Pommel Strike"],"picked":"Whirlwind","floor":21},{"not_picked":["Heavy Blade","Headbutt"],"picked":"infinitespire:OneForAll","floor":22},{"not_picked":["Anger","Wild Strike"],"picked":"Rage+1","floor":24}],"player_experience":293547,"relics_obtained":[{"floor":9.0,"key":"Bag of Marbles"},{"floor":26,"key":"Paper Frog"}],"event_choices":[{"damage_healed":0.0,"max_hp_gain":0.0,"max_hp_loss":0.0,"gold_gain":61.0,"event_name":"Golden Wing","player_choice":"Gained Gold","floor":4.0,"gold_loss":0.0,"damage_taken":0.0},{"damage_healed":0.0,"max_hp_gain":0.0,"max_hp_loss":0.0,"gold_gain":0.0,"event_name":"Living Wall","player_choice":"Grow","floor":14.0,"gold_loss":0.0,"damage_taken":0.0,"cards_upgraded":["Body Slam"]},{"damage_healed":0,"gold_gain":0,"player_choice":"Shed Blood","damage_taken":20,"max_hp_gain":5,"max_hp_loss":0,"event_name":"Forgotten Altar","floor":25,"gold_loss":0},{"damage_healed":0,"gold_gain":100,"player_choice":"Bet on Murderer","damage_taken":0,"max_hp_gain":0,"max_hp_loss":0,"event_name":"The Joust","floor":31,"gold_loss":50}],"is_beta":false,"boss_relics":[{"not_picked":["Sozu","Ectoplasm"],"picked":"Empty Cage"}],"items_purged_floors":[],"is_endless":false,"potions_floor_spawned":[1,2,3,12,19,22],"killed_by":"Automaton","ascension_level":5}}