{"host":"d4ob9t2x77ywimut","time":1613690791,"event":{"mods":["AchievementEnabler","BaseMod","Colored Map","Downfall","Minty Spire (QoL Compilation)","Quick Restart","StSLib"],"gold_per_floor":[119,119,139,58,58,58,89,89,89,121,121,147,163,182,182,284,284,297,307,319,332,346,376,376,409,485,485,495,509,509,509,509,611,611,626,626,637,653,653,653,687,687,687,712,140,169,69,69,69,69,69,69,46,81,81],"floor_reached":56,"language":"ENG","playtime":3057,"items_purged":["Strike_G+1","Strike_G+1"],"score":1500,"play_id":"512f390d-eae4-4440-b061-c4950d27e456","local_time":"20210219002631","is_ascension_mode":true,"campfire_choices":[{"data":"Bane","floor":6.0,"key":"SMITH"},{"data":"Neutralize","floor":8.0,"key":"SMITH"},{"data":"Survivor","floor":11.0,"key":"SMITH"},{"floor":15.0,"key":"REST"},{"floor":24,"key":"REST"},{"data":"Noxious Fumes","floor":27,"key":"SMITH"},{"floor":30,"key":"REST"},{"data":"Burst","floor":32,"key":"SMITH"},{"floor":40,"key":"RECALL"},{"floor":42,"key":"REST"},{"data":"Mayhem","floor":49,"key":"SMITH"},{"data":"Strike_G+1","floor":52,"key":"PURGE"}],"circlet_count":0,"master_deck":["Strike_G+1","Strike_G+1","Defend_G+1","Defend_G+1","Defend_G+1","Defend_G+1","Defend_G+1","Survivor+1","Neutralize+1","Bane+1","Poisoned Stab+1","Caltrops+1","Burst+1","Noxious Fumes+1","Noxious Fumes+1","Burst+1","Prepared+1","Deadly Poison+1","Sucker Punch+1","Crippling Poison+1","Leg Sweep+1","Footwork+1","Ghostly+1","Ghostly+1","Ghostly+1","Ghostly+1","Ghostly+1","Blur+1","Caltrops","Mayhem+1","PiercingWail"],"relics":["Ring of the Serpent","NeowsBlessing","Mummified Hand","WarpedTongs","Tough Bandages","Strawberry","Orichalcum","Shuriken","Sozu","Omamori","Pocketwatch","Mark of the Bloom","White Beast Statue","PreservedInsect","Letter Opener","Peace Pipe","Centennial Puzzle","Snake Skull"],"acts_visited":["Exordium","TheCity","TheBeyond","TheEnding"],"potions_floor_usage":[23,33,33],"damage_taken":[{"damage":0.0,"enemies":"Cultist","floor":1.0,"turns":1.0},{"damage":0.0,"enemies":"Small Slimes","floor":3.0,"turns":1.0},{"damage":1.0,"enemies":"Gremlin Nob","floor":7.0,"turns":1.0},{"damage":16.0,"enemies":"Lagavulin","floor":10.0,"turns":6.0},{"damage":10.0,"enemies":"3 Sentries","floor":12.0,"turns":9.0},{"damage":0.0,"enemies":"2 Louse","floor":13.0,"turns":2.0},{"damage":6.0,"enemies":"2 Fungi Beasts","floor":14.0,"turns":4.0},{"damage":26.0,"enemies":"The Guardian","floor":16.0,"turns":8.0},{"damage":10.0,"enemies":"Chosen","floor":18.0,"turns":5.0},{"damage":7,"enemies":"3 Byrds","floor":19,"turns":3},{"damage":12,"enemies":"Centurion and Healer","floor":20,"turns":5},{"damage":10,"enemies":"3 Cultists","floor":21,"turns":4},{"damage":7,"enemies":"Snecko","floor":22,"turns":4},{"damage":12,"enemies":"Book of Stabbing","floor":23,"turns":4},{"damage":8,"enemies":"Gremlin Leader","floor":25,"turns":5},{"damage":5,"enemies":"Chosen and Byrds","floor":28,"turns":4},{"damage":17,"enemies":"Shelled Parasite and Fungi","floor":29,"turns":4},{"damage":24,"enemies":"Collector","floor":33,"turns":10},{"damage":1,"enemies":"3 Darklings","floor":35,"turns":4},{"damage":0,"enemies":"3 Shapes","floor":37,"turns":4},{"damage":0,"enemies":"Writhing Mass","floor":38,"turns":6},{"damage":0,"enemies":"Giant Head","floor":41,"turns":10},{"damage":0,"enemies":"Reptomancer","floor":44,"turns":5},{"damage":0,"enemies":"Nemesis","floor":46,"turns":5},{"damage":0,"enemies":"Awakened One","floor":50,"turns":13},{"damage":0,"enemies":"Shield and Spear","floor":54,"turns":6},{"damage":8,"enemies":"The Heart","floor":55,"turns":9}],"seed_played":"-3932029840100147917","potions_obtained":[{"floor":1.0,"key":"Block Potion"},{"floor":3.0,"key":"EssenceOfSteel"},{"floor":13.0,"key":"Block Potion"},{"floor":14.0,"key":"EntropicBrew"}],"is_trial":false,"path_per_floor":["M","?","M","$","?","R","E","R","T","E","R","E","M","M","R","B",null,"M","M","M","M","M","E","R","E","T","R","M","M","R","?","R","B",null,"M","?","M","M","?","R","E","R","T","E","$","E","$","?","R","B",null,"R","$","E","B",null],"character_chosen":"THE_SILENT","items_purchased":["Caltrops","Peace Pipe","Mayhem","PiercingWail"],"campfire_rested":4,"item_purchase_floors":[4,45,45,53],"current_hp_per_floor":[70,45,45,45,45,45,44,44,51,35,35,25,25,19,42,16,77,67,60,48,38,31,19,42,34,34,34,29,12,35,35,35,11,38,37,37,37,37,37,37,37,37,37,37,37,37,37,37,37,37,37,37,37,37,29],"gold":81,"neow_bonus":"THREE_ENEMY_KILL","is_daily":false,"chose_seed":false,"campfire_upgraded":6,"win_rate":0.0,"timestamp":1613690791,"path_taken":["M","?","M","$","?","R","E","R","T","E","R","E","M","M","R","BOSS","M","M","M","M","M","E","R","E","T","R","?","M","R","?","R","BOSS","M","?","?","M","?","R","E","R","T","E","$","E","$","?","R","BOSS","R","$","E","BOSS"],"items_purchased_type":["Card","Relic","Card","Card"],"build_version":"2020-12-22","purchased_purges":2,"victory":true,"max_hp_per_floor":[70,70,70,70,70,70,70,70,77,77,77,77,77,77,77,77,77,77,77,77,77,77,77,77,77,77,77,77,77,77,38,38,38,38,38,38,38,38,38,38,38,38,38,38,38,38,38,38,38,38,38,38,38,38,38],"card_choices":[{"not_picked":["Distraction","Flying Knee"],"picked":"Bane","floor":1.0},{"not_picked":["All Out Attack","Setup"],"picked":"Poisoned Stab","floor":3.0},{"not_picked":["Dash","Blade Dance","Slice"],"picked":"SKIP","floor":7.0},{"not_picked":["Dash","Sucker Punch"],"picked":"Burst","floor":10.0},{"not_picked":["Glass Knife","Caltrops"],"picked":"Noxious Fumes","floor":12.0},{"not_picked":["Poisoned Stab","Deadly Poison"],"picked":"Noxious Fumes","floor":13.0},{"not_picked":["Poisoned Stab","Outmaneuver","Concentrate"],"picked":"SKIP","floor":14.0},{"not_picked":["Storm of Steel","Doppelganger"],"picked":"Burst","floor":16.0},{"not_picked":["Dagger Throw","Choke"],"picked":"Prepared+1","floor":18},{"not_picked":["Underhanded Strike","Caltrops"],"picked":"Deadly Poison","floor":19},{"not_picked":["Calculated Gamble","Cloak And Dagger"],"picked":"Sucker Punch+1","floor":20},{"not_picked":["Dash","Sucker Punch","Flechettes+1"],"picked":"SKIP","floor":21},{"not_picked":["Calculated Gamble","Bane","Acrobatics"],"picked":"SKIP","floor":22},{"not_picked":["Flying Knee","Setup+1"],"picked":"Crippling Poison+1","floor":23},{"not_picked":["Accuracy+1","Skewer"],"picked":"Leg Sweep+1","floor":25},{"not_picked":["Slice","Flying Knee+1","Calculated Gamble"],"picked":"SKIP","floor":28},{"not_picked":["Dash","Riddle With Holes"],"picked":"Footwork","floor":29},{"not_picked":["Underhanded Strike","Skewer","Eviscerate"],"picked":"SKIP","floor":35},{"not_picked":["Tactician+1","Blade Dance","Poisoned Stab"],"picked":"SKIP","floor":37},{"not_picked":["Dagger Spray","Slice+1"],"picked":"Blur+1","floor":38},{"not_picked":["Prepared","Doppelganger","Quick Slash+1"],"picked":"SKIP","floor":41},{"not_picked":["Choke","Reflex+1"],"picked":"Caltrops","floor":44},{"not_picked":["Crippling Poison+1","Sucker Punch+1","Dagger Throw+1"],"picked":"SKIP","floor":46},{"not_picked":["Crippling Poison+1","Sucker Punch+1","Dagger Throw+1"],"picked":"SKIP","floor":46},{"not_picked":["Setup+1","Cloak And Dagger","Flying Knee"],"picked":"SKIP","floor":54}],"player_experience":500070,"relics_obtained":[{"floor":7.0,"key":"Tough Bandages"},{"floor":9.0,"key":"Strawberry"},{"floor":10.0,"key":"Orichalcum"},{"floor":12.0,"key":"Shuriken"},{"floor":23,"key":"Omamori"},{"floor":25,"key":"Pocketwatch"},{"floor":41,"key":"White Beast Statue"},{"floor":43,"key":"PreservedInsect"},{"floor":44,"key":"Letter Opener"},{"floor":46,"key":"Centennial Puzzle"},{"floor":54,"key":"Snake Skull"}],"event_choices":[{"damage_healed":0.0,"max_hp_gain":0.0,"max_hp_loss":0.0,"gold_gain":0.0,"event_name":"Scrap Ooze","player_choice":"Success","floor":2.0,"gold_loss":0.0,"damage_taken":25.0,"relics_obtained":["Mummified Hand"]},{"damage_healed":0.0,"max_hp_gain":0.0,"max_hp_loss":0.0,"gold_gain":0.0,"event_name":"Accursed Blacksmith","player_choice":"Rummage","floor":5.0,"gold_loss":0.0,"damage_taken":0.0,"relics_obtained":["WarpedTongs"],"cards_obtained":["Pain"]},{"damage_healed":0,"gold_gain":0,"player_choice":"Became a Ghost","damage_taken":0,"max_hp_gain":0,"max_hp_loss":39,"event_name":"Ghosts","floor":31,"gold_loss":0,"cards_obtained":["Ghostly","Ghostly","Ghostly","Ghostly","Ghostly"]},{"damage_healed":0,"gold_gain":0,"cards_transformed":["Pain"],"player_choice":"Transformed","damage_taken":0,"max_hp_gain":0,"max_hp_loss":0,"event_name":"Transmorgrifier","floor":36,"gold_loss":0,"cards_obtained":["Parasite"]},{"damage_healed":0,"gold_gain":0,"player_choice":"Upgrade","damage_taken":0,"relics_obtained":["Mark of the Bloom"],"max_hp_gain":0,"max_hp_loss":0,"event_name":"MindBloom","floor":39,"gold_loss":0,"cards_upgraded":["Strike_G","Strike_G","Strike_G","Strike_G","Strike_G","Defend_G","Defend_G","Defend_G","Defend_G","Defend_G","Poisoned Stab","Caltrops","Noxious Fumes","Burst","Deadly Poison","Footwork","Ghostly","Ghostly","Ghostly","Ghostly","Ghostly"]},{"damage_healed":0,"gold_gain":0,"player_choice":"Memory 1","damage_taken":0,"max_hp_gain":0,"max_hp_loss":0,"event_name":"SensoryStone","floor":48,"gold_loss":0}],"is_beta":false,"boss_relics":[{"not_picked":["Cursed Key","Runic Dome"],"picked":"Sozu"},{"not_picked":["Velvet Choker","SacredBark"],"picked":"Ring of the Serpent"}],"items_purged_floors":[45,47],"is_endless":false,"potions_floor_spawned":[1,3,13,14,19,23,25,29,33,35,41,44,46,54],"ascension_level":1}}