{"host":"k5fgrtcqzqosfxt0","time":1613648561,"event":{"mods":["Act Like it!","Aspiration","BaseMod","Downfall","Gensokyo","Minty Spire (QoL Compilation)","StSLib","TestMod","UnlockEverythingMod"],"gold_per_floor":[118,118,138,151,151,180,180,195,195,213,229,257,257,271,271,348,348,363,288,305,325,325,325],"floor_reached":22,"language":"ZHS","playtime":809,"items_purged":["Strike_G"],"score":400,"play_id":"1aabd275-2134-4c48-b62a-d4f6b2e73165","local_time":"20210218194241","is_ascension_mode":true,"campfire_choices":[{"data":"Noxious Fumes","floor":7.0,"key":"SMITH"},{"data":"Underhanded Strike","floor":13,"key":"SMITH"},{"data":"Caltrops","floor":15,"key":"SMITH"}],"circlet_count":0,"master_deck":["AscendersBane","Strike_G","Strike_G","Strike_G","Strike_G","Defend_G","Defend_G","Defend_G","Defend_G","Defend_G","Survivor","Neutralize","Caltrops+1","Noxious Fumes+1","Catalyst","Acrobatics","PiercingWail","Underhanded Strike+1","Acrobatics","Terror","Tactician"],"relics":["Ring of the Snake","testmod-TestBox","testmod-HeartOfStrike","aspiration:Nostalgia","Guardian:ModeShifter","Paper Crane","FaceOfCleric","testmod-BlackFramedGlasses","Pen Nib","testmod-EnergyCheck"],"acts_visited":["Exordium","TheCity"],"potions_floor_usage":[12],"damage_taken":[{"damage":0.0,"enemies":"Small Slimes","floor":1.0,"turns":2.0},{"damage":0.0,"enemies":"2 Louse","floor":3.0,"turns":3.0},{"damage":1.0,"enemies":"Cultist","floor":4.0,"turns":3.0},{"damage":21.0,"enemies":"3 Sentries","floor":6.0,"turns":8.0},{"damage":11.0,"enemies":"Large Slime","floor":8.0,"turns":5.0},{"damage":1.0,"enemies":"Lots of Slimes","floor":10.0,"turns":4.0},{"damage":3.0,"enemies":"Blue Slaver","floor":11.0,"turns":3.0},{"damage":8,"enemies":"Gremlin Nob","floor":12,"turns":3},{"damage":1,"enemies":"3 Louse","floor":14,"turns":3},{"damage":2,"enemies":"Hexaghost","floor":16,"turns":8},{"damage":18,"enemies":"Chosen","floor":18,"turns":3},{"damage":19,"enemies":"3 Byrds","floor":20,"turns":4},{"damage":12,"enemies":"Snecko","floor":21,"turns":3},{"damage":25,"enemies":"Snake Plant","floor":22,"turns":2}],"seed_played":"-4385576173183689695","potions_obtained":[{"floor":3.0,"key":"champ:CounterPotion"},{"floor":6.0,"key":"SneckoOil"},{"floor":12,"key":"Weak Potion"},{"floor":16,"key":"Block Potion"},{"floor":20,"key":"LiquidMemories"}],"is_trial":false,"path_per_floor":["M","?","M","M","?","E","R","M","T","M","M","E","R","M","R","B",null,"M","$","M","M","M"],"character_chosen":"THE_SILENT","items_purchased":[],"campfire_rested":0,"item_purchase_floors":[],"current_hp_per_floor":[59,33,33,32,32,12,12,7,7,11,12,8,8,11,11,18,59,45,45,31,23,0,0],"gold":325,"neow_bonus":"NOSTALGIA","is_daily":false,"chose_seed":false,"campfire_upgraded":3,"win_rate":0.0,"timestamp":1613648561,"path_taken":["M","?","M","M","?","E","R","M","T","?","M","E","R","M","R","BOSS","M","$","M","M","M"],"items_purchased_type":[],"build_version":"2020-12-22","purchased_purges":1,"victory":false,"max_hp_per_floor":[66,66,66,66,66,67,67,68,68,69,70,71,71,72,72,73,73,74,74,75,76,76,76],"card_choices":[{"not_picked":["Poisoned Stab","PiercingWail"],"picked":"Caltrops","floor":1.0},{"not_picked":["Cloak And Dagger","Envenom","Slice"],"picked":"SKIP","floor":3.0},{"not_picked":["Caltrops","Prepared"],"picked":"Noxious Fumes","floor":4.0},{"not_picked":["Cloak And Dagger","Leg Sweep"],"picked":"Catalyst","floor":6.0},{"not_picked":["Slice","Leg Sweep"],"picked":"Acrobatics","floor":8.0},{"not_picked":["Dagger Throw","Riddle With Holes"],"picked":"PiercingWail","floor":10.0},{"not_picked":["Cloak And Dagger","Blade Dance"],"picked":"Underhanded Strike","floor":11.0},{"not_picked":["Eviscerate","Bullet Time","Infinite Blades"],"picked":"SKIP","floor":12},{"not_picked":["Outmaneuver","Quick Slash"],"picked":"Acrobatics","floor":14},{"not_picked":["Bane+1","Cloak And Dagger"],"picked":"Terror","floor":18},{"not_picked":["Distraction","Skewer"],"picked":"Tactician","floor":20},{"not_picked":["Cloak And Dagger","Heel Hook","Dagger Throw"],"picked":"SKIP","floor":21}],"player_experience":679506,"relics_obtained":[{"floor":6.0,"key":"testmod-BlackFramedGlasses"},{"floor":12,"key":"Pen Nib"}],"event_choices":[{"damage_healed":0.0,"max_hp_gain":0.0,"max_hp_loss":0.0,"gold_gain":0.0,"event_name":"Scrap Ooze","player_choice":"Success","floor":2.0,"gold_loss":0.0,"damage_taken":26.0,"relics_obtained":["Paper Crane"]},{"damage_healed":0.0,"max_hp_gain":0.0,"max_hp_loss":0.0,"gold_gain":0.0,"event_name":"FaceTrader","player_choice":"Trade","floor":5.0,"gold_loss":0.0,"damage_taken":0.0,"relics_obtained":["FaceOfCleric"]}],"is_beta":false,"boss_relics":[{"not_picked":["aspiration:FutureDiary","aspiration:IroncladSkillbook"],"picked":"testmod-EnergyCheck"}],"items_purged_floors":[19],"is_endless":false,"potions_floor_spawned":[3,6,12,16,20],"killed_by":"Snake Plant","ascension_level":20}}