{"host":"pc7bizyp7423q6r6","time":1613675415,"event":{"mods":["BaseMod","Better Note","Block Reminder","Emptier Cage","Minty Spire (QoL Compilation)","Rare Cards Sparkle","Relic Stats","StSLib"],"gold_per_floor":[112,112,130,148,159,159,190,190,190,215,215,250,250,4,17,17,96,96,109,109,9,33,33,65,65,65,65,78,78,128,157,171,171,171,171],"floor_reached":34,"language":"ENG","playtime":1171,"items_purged":["Strike_G","Strike_G"],"score":692,"play_id":"bc2599e4-778a-4a45-8ed2-d113d1916f86","local_time":"20210218131015","is_ascension_mode":true,"campfire_choices":[{"data":"Skewer","floor":6.0,"key":"SMITH"},{"data":"Malaise","floor":8.0,"key":"SMITH"},{"data":"Neutralize","floor":11.0,"key":"SMITH"},{"data":"Burst","floor":16.0,"key":"SMITH"},{"data":"Catalyst","floor":25,"key":"SMITH"},{"floor":29,"key":"REST"},{"data":"Noxious Fumes","floor":33,"key":"SMITH"}],"circlet_count":0,"master_deck":["AscendersBane","Strike_G","Strike_G","Defend_G","Defend_G","Defend_G","Defend_G","Defend_G","Survivor","Neutralize+1","Leg Sweep","Cloak And Dagger","Skewer+1","PiercingWail","Malaise+1","Flechettes","Burst+1","Noxious Fumes+1","Catalyst+1","Masterful Stab","Deadly Poison","Parasite","Escape Plan","Writhe","Shame","Crippling Poison","Footwork","Dodge and Roll"],"relics":["Ring of the Snake","Akabeko","Blue Candle","Bottled Flame","Orichalcum","Paper Crane","Cursed Key","Happy Flower","Bronze Scales","Dream Catcher","StrikeDummy","Anchor"],"acts_visited":["Exordium","TheCity"],"potions_floor_usage":[24,34],"damage_taken":[{"damage":0.0,"enemies":"Small Slimes","floor":1.0,"turns":3.0},{"damage":1.0,"enemies":"Cultist","floor":3.0,"turns":5.0},{"damage":0.0,"enemies":"2 Louse","floor":4.0,"turns":3.0},{"damage":9.0,"enemies":"Lots of Slimes","floor":5.0,"turns":6.0},{"damage":16.0,"enemies":"Gremlin Nob","floor":7.0,"turns":4.0},{"damage":8.0,"enemies":"3 Sentries","floor":12.0,"turns":11.0},{"damage":1.0,"enemies":"3 Louse","floor":15.0,"turns":4.0},{"damage":13.0,"enemies":"The Guardian","floor":17.0,"turns":13.0},{"damage":3.0,"enemies":"2 Thieves","floor":19.0,"turns":5.0},{"damage":15,"enemies":"Gremlin Leader","floor":24,"turns":7},{"damage":5,"enemies":"3 Byrds","floor":28,"turns":3},{"damage":1,"enemies":"Slavers","floor":31,"turns":6},{"damage":1,"enemies":"Centurion and Healer","floor":32,"turns":6},{"damage":59,"enemies":"Champ","floor":34,"turns":11}],"seed_played":"4604610531310859527","potions_obtained":[{"floor":1.0,"key":"CunningPotion"},{"floor":5.0,"key":"PowerPotion"},{"floor":7.0,"key":"FearPotion"},{"floor":20.0,"key":"Explosive Potion"},{"floor":28,"key":"Weak Potion"},{"floor":31,"key":"PowerPotion"}],"is_trial":false,"path_per_floor":["M","?","M","M","M","R","E","R","T","T","R","E","?","$","M","R","B",null,"M","?","$","T","T","E","R","?","T","M","R","?","E","M","R","B"],"character_chosen":"THE_SILENT","items_purchased":["Noxious Fumes","Catalyst"],"campfire_rested":1,"item_purchase_floors":[14,14],"current_hp_per_floor":[59,59,58,58,49,49,33,33,33,33,33,25,25,25,24,24,11,52,49,49,49,49,49,34,34,34,34,29,48,48,47,46,46,0,0],"gold":171,"neow_bonus":"RANDOM_COMMON_RELIC","is_daily":false,"chose_seed":false,"campfire_upgraded":6,"win_rate":0.0,"timestamp":1613675415,"path_taken":["M","?","?","M","M","R","E","R","T","T","R","E","?","$","?","R","BOSS","M","?","$","?","?","E","R","?","T","M","R","?","E","M","R","BOSS"],"items_purchased_type":["Card","Card"],"build_version":"2020-12-22","purchased_purges":2,"victory":false,"max_hp_per_floor":[66,66,66,66,66,66,66,66,66,66,66,66,66,66,66,66,66,66,66,66,66,66,66,66,66,66,66,66,66,66,66,66,66,66,66],"relic_stats":{"Dream Catcher":1,"Happy Flower":[11],"counters":[14,87],"Blue Candle":[8],"Bronze Scales":[112],"Orichalcum":[126],"Cursed Key":2,"obtain_stats":[{"Bottled Flame":9,"Dream Catcher":26,"Anchor":31,"Happy Flower":22,"Blue Candle":7,"Bronze Scales":24,"Orichalcum":10,"Paper Crane":12,"Cursed Key":18,"StrikeDummy":27,"Akabeko":0,"Ring of the Snake":0},{"Bottled Flame":5,"Dream Catcher":10,"Anchor":12,"Happy Flower":9,"Blue Candle":5,"Bronze Scales":10,"Orichalcum":5,"Paper Crane":6,"Cursed Key":8,"StrikeDummy":10,"Akabeko":0,"Ring of the Snake":0},{"Bottled Flame":21,"Dream Catcher":61,"Anchor":70,"Happy Flower":54,"Blue Candle":21,"Bronze Scales":61,"Orichalcum":21,"Paper Crane":32,"Cursed Key":49,"StrikeDummy":61,"Akabeko":0,"Ring of the Snake":0}],"Ring of the Snake":[28]},"card_choices":[{"not_picked":["Distraction","Outmaneuver"],"picked":"Leg Sweep","floor":1.0},{"not_picked":["Outmaneuver","Setup"],"picked":"Cloak And Dagger","floor":3.0},{"not_picked":["Backflip","Well Laid Plans"],"picked":"Skewer","floor":4.0},{"not_picked":["Bane","Deflect"],"picked":"PiercingWail","floor":5.0},{"not_picked":["Eviscerate","Flying Knee"],"picked":"Malaise","floor":7.0},{"not_picked":["Envenom","Concentrate"],"picked":"Flechettes","floor":12.0},{"not_picked":["Quick Slash","Deflect"],"picked":"Masterful Stab","floor":15.0},{"not_picked":["Sucker Punch","Deflect"],"picked":"Deadly Poison","floor":19.0},{"not_picked":["All Out Attack","Tactician"],"picked":"Escape Plan","floor":24},{"not_picked":["Infinite Blades","Blur"],"picked":"Crippling Poison","floor":28},{"not_picked":["Slice","Expertise"],"picked":"Footwork","floor":29},{"not_picked":["Deadly Poison","Flying Knee","Slice"],"picked":"SKIP","floor":31},{"not_picked":["Endless Agony","All Out Attack"],"picked":"Dodge and Roll","floor":32}],"player_experience":1681643,"relics_obtained":[{"floor":7.0,"key":"Blue Candle"},{"floor":9.0,"key":"Bottled Flame"},{"floor":10.0,"key":"Orichalcum"},{"floor":12.0,"key":"Paper Crane"},{"floor":22.0,"key":"Happy Flower"},{"floor":24,"key":"Bronze Scales"},{"floor":27,"key":"StrikeDummy"},{"floor":31,"key":"Anchor"}],"event_choices":[{"cards_removed":["Strike_G"],"damage_healed":0.0,"max_hp_gain":0.0,"max_hp_loss":0.0,"gold_gain":0.0,"event_name":"Bonfire Elementals","player_choice":"Offered Basic","floor":2.0,"gold_loss":0.0,"damage_taken":0.0},{"cards_removed":["Malaise"],"damage_healed":0.0,"max_hp_gain":0.0,"max_hp_loss":0.0,"gold_gain":0.0,"event_name":"betterNote:BetterNote","player_choice":"Take \u0026 Give","floor":13.0,"gold_loss":0.0,"damage_taken":0.0,"cards_obtained":["Burst"]},{"damage_healed":0.0,"max_hp_gain":0.0,"max_hp_loss":0.0,"gold_gain":0.0,"event_name":"Lab","player_choice":"Got Potions","floor":20.0,"gold_loss":0.0,"damage_taken":0.0},{"damage_healed":0,"gold_gain":0,"player_choice":"Opened","damage_taken":0,"relics_obtained":["Dream Catcher"],"max_hp_gain":0,"max_hp_loss":0,"event_name":"The Mausoleum","floor":26,"gold_loss":0,"cards_obtained":["Writhe"]},{"damage_healed":0,"gold_gain":50,"player_choice":"Stole From Cult","damage_taken":0,"max_hp_gain":0,"max_hp_loss":0,"event_name":"Nest","floor":30,"gold_loss":0}],"is_beta":false,"boss_relics":[{"not_picked":["SlaversCollar","Busted Crown"],"picked":"Cursed Key"}],"items_purged_floors":[14,21],"is_endless":false,"potions_floor_spawned":[1,5,7,28,31,32],"killed_by":"Champ","ascension_level":20}}