{"host":"oehe2dxjvdgux73m","time":1613660805,"event":{"mods":["AchievementEnabler","BaseMod","Colored Map","Colored Powertips","DeckTracker","Keyboard Shortcuts","Minty Spire (QoL Compilation)","Permanent Neow","Quick Restart","StSLib","SuperFastMode"],"gold_per_floor":[111,130,130,130,130,130,148,160,160,179,179,179,193,113,113,210,210,224,74,74,88,99,99,115,140,165,165,165],"floor_reached":27,"language":"KOR","playtime":490,"items_purged":[],"score":344,"play_id":"b53eb93d-7fe2-41a7-9568-1bebc0b9b2d8","local_time":"20210219000645","is_ascension_mode":true,"campfire_choices":[{"data":"CrushJoints","floor":12.0,"key":"SMITH"},{"data":"EmptyFist","floor":15.0,"key":"SMITH"},{"floor":23,"key":"REST"}],"circlet_count":0,"master_deck":["Strike_P","Strike_P","Strike_P","Defend_P","Defend_P","Defend_P","Eruption+1","Vigilance","CrushJoints+1","FearNoEvil","CarveReality","EmptyFist+1","MentalFortress+1","MasterReality+1","MentalFortress+1","Indignation","BowlingBash","MentalFortress+1"],"relics":["PureWater","Shuriken","Frozen Egg 2","Sozu","Bird Faced Urn","Dream Catcher"],"acts_visited":["Exordium","TheCity"],"potions_floor_usage":[24],"damage_taken":[{"damage":0.0,"enemies":"2 Louse","floor":1.0,"turns":1.0},{"damage":2.0,"enemies":"Jaw Worm","floor":2.0,"turns":4.0},{"damage":6.0,"enemies":"Small Slimes","floor":7.0,"turns":3.0},{"damage":0.0,"enemies":"Exordium Wildlife","floor":8.0,"turns":2.0},{"damage":6.0,"enemies":"2 Fungi Beasts","floor":10.0,"turns":4.0},{"damage":4.0,"enemies":"Looter","floor":13.0,"turns":3.0},{"damage":0.0,"enemies":"Slime Boss","floor":16.0,"turns":4.0},{"damage":7.0,"enemies":"Chosen","floor":18.0,"turns":2.0},{"damage":11.0,"enemies":"Spheric Guardian","floor":21.0,"turns":3.0},{"damage":13,"enemies":"Snecko","floor":22,"turns":3},{"damage":15,"enemies":"Centurion and Healer","floor":24,"turns":4},{"damage":28,"enemies":"Slavers","floor":25,"turns":5},{"damage":0,"enemies":"Colosseum Slavers","floor":27,"turns":1}],"seed_played":"1755332381715588151","potions_obtained":[{"floor":1.0,"key":"DuplicationPotion"},{"floor":7.0,"key":"Fire Potion"},{"floor":10.0,"key":"Block Potion"},{"floor":16.0,"key":"Ambrosia"}],"is_trial":false,"path_per_floor":["M","M","?","$","?","?","M","M","T","M","?","R","M","$","R","B",null,"M","$","?","M","M","R","M","E","T","?"],"character_chosen":"WATCHER","items_purchased":["MentalFortress+1","MentalFortress+1","Indignation"],"campfire_rested":1,"item_purchase_floors":[14,19,19],"current_hp_per_floor":[72,70,70,70,75,68,62,62,62,56,44,44,40,40,40,40,68,61,61,61,50,37,60,45,17,17,17,17],"gold":165,"neow_bonus":"REMOVE_CARD","is_daily":false,"chose_seed":false,"campfire_upgraded":2,"win_rate":0.0,"timestamp":1613660805,"path_taken":["M","M","?","$","?","?","M","M","T","?","?","R","M","?","R","BOSS","M","$","?","?","M","R","M","E","T","?"],"items_purchased_type":["Card","Card","Card"],"build_version":"2020-12-22","purchased_purges":0,"victory":false,"max_hp_per_floor":[72,72,72,72,77,77,77,77,77,77,77,77,77,77,77,77,77,77,77,77,77,77,77,77,77,77,77,77],"card_choices":[{"not_picked":["SignatureMove","Evaluate","JustLucky"],"picked":"SKIP","floor":1.0},{"not_picked":["Protect","Crescendo"],"picked":"CrushJoints","floor":2.0},{"not_picked":["FlyingSleeves","ReachHeaven","Collect"],"picked":"SKIP","floor":7.0},{"not_picked":["Perseverance","FlurryOfBlows"],"picked":"FearNoEvil","floor":8.0},{"not_picked":["ForeignInfluence","FlyingSleeves"],"picked":"CarveReality","floor":10.0},{"not_picked":["CrushJoints","Consecrate"],"picked":"EmptyFist","floor":13.0},{"not_picked":["Brilliance","Establishment+1"],"picked":"MasterReality+1","floor":16.0},{"not_picked":["Worship","EmptyFist","Halt"],"picked":"SKIP","floor":18.0},{"not_picked":["Protect","WindmillStrike","PathToVictory+1"],"picked":"SKIP","floor":21.0},{"not_picked":["PathToVictory","Collect","EmptyFist"],"picked":"SKIP","floor":22},{"not_picked":["Tantrum","CutThroughFate"],"picked":"BowlingBash","floor":24},{"not_picked":["FollowUp","WheelKick"],"picked":"MentalFortress+1","floor":25}],"player_experience":478475,"relics_obtained":[{"floor":9.0,"key":"Shuriken"},{"floor":25,"key":"Bird Faced Urn"},{"floor":26,"key":"Dream Catcher"}],"event_choices":[{"damage_healed":0.0,"max_hp_gain":0.0,"max_hp_loss":0.0,"gold_gain":0.0,"event_name":"Living Wall","player_choice":"Grow","floor":3.0,"gold_loss":0.0,"damage_taken":0.0,"cards_upgraded":["Eruption"]},{"damage_healed":0.0,"max_hp_gain":5.0,"max_hp_loss":0.0,"gold_gain":0.0,"event_name":"Big Fish","player_choice":"Donut","floor":5.0,"gold_loss":0.0,"damage_taken":0.0},{"cards_removed":["Strike_P"],"damage_healed":0.0,"max_hp_gain":0.0,"max_hp_loss":0.0,"gold_gain":0.0,"event_name":"Golden Wing","player_choice":"Card Removal","floor":6.0,"gold_loss":0.0,"damage_taken":7.0},{"damage_healed":0.0,"max_hp_gain":0.0,"max_hp_loss":0.0,"gold_gain":0.0,"event_name":"Scrap Ooze","player_choice":"Success","floor":11.0,"gold_loss":0.0,"damage_taken":12.0,"relics_obtained":["Frozen Egg 2"]},{"damage_healed":0.0,"max_hp_gain":0.0,"max_hp_loss":0.0,"gold_gain":0.0,"event_name":"Match and Keep!","player_choice":"0 cards matched","floor":20.0,"gold_loss":0.0,"damage_taken":0.0,"cards_obtained":[]},{"damage_healed":0,"gold_gain":0,"player_choice":"Fight","damage_taken":0,"max_hp_gain":0,"max_hp_loss":0,"event_name":"Colosseum","floor":27,"gold_loss":0}],"is_beta":false,"boss_relics":[{"not_picked":["Philosopher\u0027s Stone","Tiny House"],"picked":"Sozu"}],"items_purged_floors":[],"is_endless":false,"potions_floor_spawned":[1,7,10,16,18,21,25],"killed_by":"Colosseum Slavers","ascension_level":5}}