{"host":"phniwng9zo19jwdb","time":1613669836,"event":{"mods":["AchievementEnabler","BaseMod","Colored Powertips","Dark Map","Displayed Cursed Tome","Faster Ascension Climbing","Filter the Spire","GifTheSpireLib","Minty Spire (QoL Compilation)","Permanent Neow","Rare Cards Sparkle","Relic Filter Mod","StSLib","Weighted Paths"],"gold_per_floor":[111,123,123,123,136,136,161,173,173,199,218,218,218],"floor_reached":12,"language":"ENG","playtime":275,"items_purged":[],"score":180,"play_id":"8c2c4398-3957-4dd8-885a-77076135c386","local_time":"20210218183716","is_ascension_mode":true,"campfire_choices":[{"data":"Footwork","floor":6,"key":"SMITH"}],"circlet_count":0,"master_deck":["AscendersBane","Strike_G","Defend_G","Defend_G","Defend_G","Defend_G+1","Defend_G+1","Survivor","Neutralize","Die Die Die+1","Masterful Stab+1","Backflip+1","Flying Knee","Footwork+1","Blade Dance","Footwork","Blade Dance","PiercingWail","Corpse Explosion"],"relics":["Astrolabe","Ancient Tea Set","Happy Flower","Molten Egg 2"],"acts_visited":["Exordium"],"potions_floor_usage":[7,8,10],"damage_taken":[{"damage":0,"enemies":"Small Slimes","floor":1,"turns":1},{"damage":0,"enemies":"Jaw Worm","floor":2,"turns":2},{"damage":0,"enemies":"2 Louse","floor":5,"turns":3},{"damage":8,"enemies":"Gremlin Nob","floor":7,"turns":3},{"damage":4,"enemies":"Exordium Wildlife","floor":8,"turns":5},{"damage":5,"enemies":"Lagavulin","floor":10,"turns":7},{"damage":0,"enemies":"3 Louse","floor":11,"turns":3},{"damage":7,"enemies":"Gremlin Nob","floor":12,"turns":3}],"seed_played":"2820771093853206640","potions_obtained":[{"floor":1,"key":"Fruit Juice"},{"floor":5,"key":"SneckoOil"},{"floor":7,"key":"CunningPotion"}],"is_trial":false,"path_per_floor":["M","M","?","?","M","R","E","M","T","E","M","E"],"character_chosen":"THE_SILENT","items_purchased":[],"campfire_rested":0,"item_purchase_floors":[],"current_hp_per_floor":[59,59,52,32,32,32,24,25,25,20,20,13,13],"gold":218,"neow_bonus":"BOSS_RELIC","is_daily":false,"chose_seed":false,"campfire_upgraded":1,"win_rate":0.0,"timestamp":1613669836,"path_taken":["M","M","?","?","M","R","E","M","T","E","M","E"],"items_purchased_type":[],"build_version":"2020-12-22","purchased_purges":0,"victory":false,"max_hp_per_floor":[66,66,66,66,66,66,66,71,71,71,71,71,71],"card_choices":[{"not_picked":["Prepared","Accuracy"],"picked":"Flying Knee","floor":1},{"not_picked":["Dagger Throw","Riddle With Holes"],"picked":"Footwork","floor":2},{"not_picked":["Finisher","Heel Hook"],"picked":"Blade Dance","floor":5},{"not_picked":["Bane","Quick Slash"],"picked":"Footwork","floor":7},{"not_picked":["Acrobatics","Slice"],"picked":"Blade Dance","floor":8},{"not_picked":["Flying Knee+1","Bouncing Flask"],"picked":"PiercingWail","floor":10},{"not_picked":["Endless Agony+1","Deflect"],"picked":"Corpse Explosion","floor":11}],"player_experience":162277,"relics_obtained":[{"floor":7,"key":"Ancient Tea Set"},{"floor":9,"key":"Happy Flower"},{"floor":10,"key":"Molten Egg 2"}],"event_choices":[{"cards_removed":["Strike_G"],"damage_healed":0,"gold_gain":0,"player_choice":"Card Removal","damage_taken":7,"max_hp_gain":0,"max_hp_loss":0,"event_name":"Golden Wing","floor":3,"gold_loss":0},{"damage_healed":0,"gold_gain":0,"player_choice":"Entered Light","damage_taken":20,"max_hp_gain":0,"max_hp_loss":0,"event_name":"Shining Light","floor":4,"gold_loss":0,"cards_upgraded":["Defend_G","Defend_G"]}],"is_beta":false,"boss_relics":[],"items_purged_floors":[],"is_endless":false,"potions_floor_spawned":[1,5,7],"killed_by":"Gremlin Nob","ascension_level":20}}