{"host":"vps8b43x7l1xjn40","time":1613674646,"event":{"mods":["AchievementEnabler","BaseMod","Colored Map","Colored Powertips","Custom Start","Lobotomy","LobotomyExtend","Minty Spire (QoL Compilation)","Quick Restart","StSLib"],"gold_per_floor":[118,118,118,70,88,88,119,150,150,175,175,214,214,234,234,234,234],"floor_reached":16,"language":"JPN","playtime":1172,"items_purged":[],"score":108,"play_id":"9d43f364-9960-4d0c-993a-d8bbed5c1f12","local_time":"20210219035726","is_ascension_mode":false,"campfire_choices":[{"floor":6,"key":"REST"},{"floor":11,"key":"REST"},{"data":"Clash","floor":15,"key":"SMITH"}],"circlet_count":0,"master_deck":["Strike_R","Strike_R","Strike_R","Strike_R","Strike_R","Defend_R","Defend_R","Defend_R","Defend_R","Bash","Rage","Flex","OldLady","ShyLook","Cleave","Ghostly Armor","FairyFestival","CherryBlossoms","Headbutt","OSAHOGD","Battle Trance","QueenBee","Clash+1"],"relics":["Burning Blood","CogitoBucket","LetterFromLob","Golden Idol","Odd Mushroom","Peace Pipe","White Beast Statue","Shuriken","TreeSap"],"acts_visited":["Exordium"],"potions_floor_usage":[8,12,12,14],"damage_taken":[{"damage":12,"enemies":"2 Louse","floor":1,"turns":3},{"damage":6,"enemies":"Jaw Worm","floor":5,"turns":4},{"damage":32,"enemies":"The Mushroom Lair","floor":7,"turns":5},{"damage":38,"enemies":"3 Sentries","floor":8,"turns":7},{"damage":20,"enemies":"Small Slimes","floor":10,"turns":3},{"damage":10,"enemies":"Gremlin Nob","floor":12,"turns":3},{"damage":36,"enemies":"Looter","floor":14,"turns":4},{"damage":54,"enemies":"Hexaghost","floor":16,"turns":5}],"seed_played":"6608402840375743464","potions_obtained":[{"floor":5,"key":"LiquidBronze"},{"floor":7,"key":"AttackPotion"},{"floor":8,"key":"SteroidPotion"},{"floor":10,"key":"FairyPotion"},{"floor":12,"key":"Fire Potion"},{"floor":14,"key":"Fruit Juice"}],"is_trial":false,"path_per_floor":["M","?","?","$","M","R","?","E","T","M","R","E","?","M","R","B"],"character_chosen":"IRONCLAD","items_purchased":["Flex"],"campfire_rested":2,"item_purchase_floors":[4],"current_hp_per_floor":[74,79,58,58,58,83,57,25,25,13,38,34,34,31,31,0,0],"gold":234,"neow_bonus":"","is_daily":false,"chose_seed":false,"campfire_upgraded":1,"win_rate":0.0,"timestamp":1613674646,"path_taken":["M","?","?","?","?","R","?","E","T","M","R","E","?","M","R","BOSS"],"items_purchased_type":["Card"],"build_version":"2020-12-22","purchased_purges":0,"victory":false,"max_hp_per_floor":[80,85,85,85,85,85,85,85,85,85,85,85,85,85,85,85,85],"card_choices":[{"not_picked":["RedShoes","Funeral"],"picked":"UniverseFragment","floor":1},{"not_picked":["True Grit","Burning Pact"],"picked":"Rage","floor":1},{"not_picked":["Bloodbath","Murderer"],"picked":"OldLady","floor":5},{"not_picked":["Clothesline","Impervious"],"picked":"Anger","floor":5},{"not_picked":["PunishingBird","Murderer","WallGazer"],"picked":"Singing Bowl","floor":7},{"not_picked":["LaLuna","CherryBlossoms"],"picked":"ShyLook","floor":7},{"not_picked":["Perfected Strike","Shockwave"],"picked":"Cleave","floor":7},{"not_picked":["Shrug It Off","Armaments"],"picked":"Ghostly Armor","floor":8},{"not_picked":["SingingMachine","BeautyBeast","SpiderBud"],"picked":"Singing Bowl","floor":8},{"not_picked":["BeautyBeast","Bloodbath"],"picked":"FairyFestival","floor":8},{"not_picked":["BlackSwan","HeroicMonk","Rudolta"],"picked":"Singing Bowl","floor":10},{"not_picked":["BeautyBeast","MHz"],"picked":"CherryBlossoms","floor":10},{"not_picked":["Sword Boomerang","Shrug It Off"],"picked":"Headbutt","floor":10},{"not_picked":["PunishingBird","SpiderBud","Freischutz"],"picked":"Singing Bowl","floor":12},{"not_picked":["SingingMachine","LongBird"],"picked":"OSAHOGD","floor":12},{"not_picked":["Perfected Strike","Twin Strike"],"picked":"Battle Trance","floor":12},{"not_picked":["VoidDream","BeautyBeast"],"picked":"QueenBee","floor":14},{"not_picked":["Entrench","Thunderclap"],"picked":"Clash","floor":14}],"player_experience":6503,"relics_obtained":[{"floor":1,"key":"LetterFromLob"},{"floor":7,"key":"Odd Mushroom"},{"floor":8,"key":"Peace Pipe"},{"floor":9,"key":"White Beast Statue"},{"floor":12,"key":"Shuriken"}],"event_choices":[{"damage_healed":0,"gold_gain":0,"player_choice":"Donut","damage_taken":0,"max_hp_gain":5,"max_hp_loss":0,"event_name":"Big Fish","floor":2,"gold_loss":0},{"damage_healed":0,"gold_gain":0,"player_choice":"Take Damage","damage_taken":21,"relics_obtained":["Golden Idol"],"max_hp_gain":0,"max_hp_loss":0,"event_name":"Golden Idol","floor":3,"gold_loss":0},{"damage_healed":0,"gold_gain":0,"player_choice":"Fought Mushrooms","damage_taken":0,"max_hp_gain":0,"max_hp_loss":0,"event_name":"Mushrooms","floor":7,"gold_loss":0},{"damage_healed":0,"gold_gain":0,"player_choice":"Ignored","damage_taken":0,"max_hp_gain":0,"max_hp_loss":0,"event_name":"Liars Game","floor":13,"gold_loss":0}],"is_beta":false,"boss_relics":[],"items_purged_floors":[],"is_endless":false,"potions_floor_spawned":[5,7,8,10,12,14],"killed_by":"Hexaghost","ascension_level":0}}