{"host":"fv2k0lzl4ivow5fw","time":1613682928,"event":{"mods":["Aspiration","BaseMod","Downfall","Infinite Spire","Marisa????????","Minty Spire (QoL Compilation)","Reliquary","Replay The Spire","StSLib","The Animator","The Servant 0.9.4"],"gold_per_floor":[109,109,39,39,51,86,11,11,65,93,103,115,142,142,142,273,273,273,273],"floor_reached":18,"language":"ENG","playtime":2084,"items_purged":["animator:Strike"],"score":195,"play_id":"841dfce9-0121-4f59-b904-500b25a29c51","local_time":"20210218131528","is_ascension_mode":false,"campfire_choices":[{"data":"animator:Demiurge","floor":8.0,"key":"SMITH"},{"floor":15,"key":"DIG"}],"circlet_count":0,"master_deck":["animator:Strike_Konosuba","animator:Defend_Konosuba","animator:Strike","animator:Defend","animator:Defend","animator:Kazuma","animator:Aqua","animator:Melzalgald","Ghostly","animator:Shizu","animator:Shizu","Pot Of Greed","Pot Of Greed","animator:Demiurge+1","animator:Eris","animator:Melzalgald","animator:CowGirl","animator:SwordMaiden","animator:Hans"],"relics":["animator:LivingPicture","animator:TheMissingPiece","NeowsBlessing","Grinning Jar","Replay:Rubber Ducky","aspiration:TomeofQuesting","Golden Idol","Replay:Accelerometer","Replay:Bronze Core"],"acts_visited":["Exordium","TheCity"],"potions_floor_usage":[16],"damage_taken":[{"damage":0.0,"enemies":"Small Slimes","floor":1.0,"turns":2.0},{"damage":0.0,"enemies":"Cultist","floor":5.0,"turns":1.0},{"damage":0.0,"enemies":"Gremlin Nob","floor":6.0,"turns":1.0},{"damage":1.0,"enemies":"2 Louse","floor":10.0,"turns":4.0},{"damage":16.0,"enemies":"Lots of Slimes","floor":11.0,"turns":6.0},{"damage":2.0,"enemies":"3 Louse","floor":12.0,"turns":3.0},{"damage":42.0,"enemies":"3 Sentries","floor":13.0,"turns":8.0},{"damage":31,"enemies":"Fading Forest","floor":16,"turns":12},{"damage":0,"enemies":"3 Byrds","floor":18,"turns":2}],"seed_played":"6390000643069399944","potions_obtained":[{"floor":1.0,"key":"Strength Potion"},{"floor":10.0,"key":"Swift Potion"},{"floor":12.0,"key":"LifebloodPotion"}],"is_trial":false,"path_per_floor":["M","?","$","?","M","E","$","R","T","M","M","M","E","?","R","B",null,"M"],"character_chosen":"THE_ANIMATOR","items_purchased":["animator:Shizu"],"campfire_rested":0,"item_purchase_floors":[3],"current_hp_per_floor":[66,66,66,66,66,66,66,66,66,65,52,55,18,18,18,3,62,62,62],"gold":273,"neow_bonus":"THREE_ENEMY_KILL","is_daily":false,"chose_seed":false,"campfire_upgraded":1,"win_rate":0.0,"timestamp":1613682928,"path_taken":["M","?","?","?","M","E","$","R","T","M","M","?","E","?","R","BOSS","M"],"items_purchased_type":["Card"],"build_version":"2020-12-22","purchased_purges":1,"victory":false,"max_hp_per_floor":[66,66,66,66,66,66,66,66,66,66,66,66,66,61,61,62,62,62,62],"card_choices":[{"not_picked":["animator:MumenRider","animator:PandorasActor"],"picked":"animator:Melzalgald","floor":1.0},{"not_picked":["animator:DwarfShaman","animator:PandorasActor"],"picked":"animator:Shizu","floor":5.0},{"not_picked":["animator:Sonic","animator:CowGirl"],"picked":"animator:Demiurge","floor":6.0},{"not_picked":["animator:Kazuma","animator:Mitsurugi"],"picked":"animator:Eris","floor":10.0},{"not_picked":["animator:Shuna","animator:RoryMercury"],"picked":"animator:Melzalgald","floor":11.0},{"not_picked":["animator:Tatsumaki","animator:Vanir"],"picked":"animator:CowGirl","floor":12.0},{"not_picked":["animator:Tatsumaki","animator:Sebas"],"picked":"animator:SwordMaiden","floor":13},{"not_picked":["animator:PinaCoLada","animator:Albedo"],"picked":"animator:Hans","floor":16}],"player_experience":114662,"relics_obtained":[{"floor":6.0,"key":"Grinning Jar"},{"floor":9.0,"key":"Replay:Rubber Ducky"},{"floor":13,"key":"aspiration:TomeofQuesting"},{"floor":15,"key":"Replay:Accelerometer"}],"event_choices":[{"cards_removed":["animator:Defend"],"damage_healed":0.0,"max_hp_gain":0.0,"max_hp_loss":0.0,"gold_gain":0.0,"event_name":"NoteForYourself","player_choice":"Took Card","floor":2.0,"gold_loss":0.0,"damage_taken":0.0,"cards_obtained":["Ghostly"]},{"cards_removed":["animator:Strike"],"damage_healed":0.0,"max_hp_gain":0.0,"max_hp_loss":0.0,"gold_gain":0.0,"event_name":"Bonfire Elementals","player_choice":"Offered Basic","floor":4.0,"gold_loss":0.0,"damage_taken":0.0},{"damage_healed":0,"gold_gain":0,"player_choice":"Lose Max HP","damage_taken":0,"relics_obtained":["Golden Idol"],"max_hp_gain":0,"max_hp_loss":5,"event_name":"Golden Idol","floor":14,"gold_loss":0}],"is_beta":false,"boss_relics":[{"not_picked":["reliquary:ThirdArm","animator:CursedBlade"],"picked":"Replay:Bronze Core"}],"items_purged_floors":[7],"is_endless":false,"potions_floor_spawned":[1,10,12],"killed_by":"3 Byrds","ascension_level":0}}