{"host":"g3js2eermvvpeiqn","time":1613659399,"event":{"mods":["BaseMod","DeckTracker","Downfall","Minty Spire (QoL Compilation)","Quick Restart","StSLib"],"gold_per_floor":[110,120,120,120,136,136,146,19,19,19,19,19,19,45,45,45,45],"floor_reached":16,"language":"ENG","playtime":444,"items_purged":["Regret"],"score":196,"play_id":"870fed3e-82ff-4003-a6ff-0e382cd46889","local_time":"20210218084319","is_ascension_mode":true,"campfire_choices":[{"data":"Skewer","floor":6.0,"key":"SMITH"},{"data":"Dagger Spray","floor":10,"key":"SMITH"},{"data":"Strike_G","floor":12,"key":"PURGE"},{"data":"Deadly Poison","floor":15,"key":"SMITH"}],"circlet_count":0,"master_deck":["AscendersBane","Strike_G","Strike_G","Strike_G","Strike_G","Defend_G+1","Defend_G","Defend_G","Defend_G","Defend_G","Survivor+1","Neutralize","Poisoned Stab","Skewer+1","Dagger Spray+1","Backflip","Deadly Poison+1"],"relics":["Ring of the Snake","Guardian:GemstoneGun","Peace Pipe","Orichalcum"],"acts_visited":["Exordium"],"potions_floor_usage":[14],"damage_taken":[{"damage":4.0,"enemies":"Jaw Worm","floor":1.0,"turns":4.0},{"damage":3.0,"enemies":"2 Louse","floor":2.0,"turns":3.0},{"damage":2.0,"enemies":"Cultist","floor":5.0,"turns":4.0},{"damage":2.0,"enemies":"Lots of Slimes","floor":7.0,"turns":5.0},{"damage":22,"enemies":"3 Sentries","floor":14,"turns":8},{"damage":2,"enemies":"Hexaghost","floor":16,"turns":4}],"seed_played":"-5114784210099407379","potions_obtained":[{"floor":2.0,"key":"Weak Potion"}],"is_trial":false,"path_per_floor":["M","M","?","?","M","R","M","$","T","R","$","R","$","E","R","B"],"character_chosen":"THE_SILENT","items_purchased":["Backflip"],"campfire_rested":0,"item_purchase_floors":[8],"current_hp_per_floor":[55,52,47,27,25,25,23,23,23,23,23,23,23,1,1,0,0],"gold":45,"neow_bonus":"ONE_RARE_RELIC","is_daily":false,"chose_seed":false,"campfire_upgraded":3,"win_rate":0.0,"timestamp":1613659399,"path_taken":["M","M","?","?","M","R","M","$","T","R","$","R","$","E","R","BOSS"],"items_purchased_type":["Card"],"build_version":"2020-12-22","purchased_purges":1,"victory":false,"max_hp_per_floor":[66,66,66,66,66,66,66,66,66,66,66,66,66,66,66,66,66],"card_choices":[{"not_picked":["Cloak And Dagger","Sucker Punch"],"picked":"Poisoned Stab","floor":1.0},{"not_picked":["Endless Agony","Infinite Blades","Setup"],"picked":"SKIP","floor":2.0},{"not_picked":["Expertise","Prepared"],"picked":"Skewer","floor":5.0},{"not_picked":["Expertise","PiercingWail"],"picked":"Dagger Spray","floor":7.0},{"not_picked":["Expertise","Poisoned Stab"],"picked":"Deadly Poison","floor":14}],"player_experience":1479396,"relics_obtained":[{"floor":14,"key":"Orichalcum"}],"event_choices":[{"damage_healed":0.0,"max_hp_gain":0.0,"max_hp_loss":0.0,"gold_gain":0.0,"event_name":"Scrap Ooze","player_choice":"Success","floor":3.0,"gold_loss":0.0,"damage_taken":5.0,"relics_obtained":["Peace Pipe"]},{"damage_healed":0.0,"max_hp_gain":0.0,"max_hp_loss":0.0,"gold_gain":0.0,"event_name":"Shining Light","player_choice":"Entered Light","floor":4.0,"gold_loss":0.0,"damage_taken":20.0,"cards_upgraded":["Defend_G","Survivor"]}],"is_beta":false,"boss_relics":[],"items_purged_floors":[8],"is_endless":false,"potions_floor_spawned":[2],"killed_by":"Hexaghost","ascension_level":20}}