{"host":"6vtgmkkqqeew181q","time":1613626438,"event":{"mods":["BaseMod","Better Skull","Better Third Choice","BetterRewards","Colored Powertips","Downfall","Faster Ascension Climbing","Highlight Path","Minty Spire (QoL Compilation)","Reliquary","Replay The Spire","Spire Birthday Party","StSLib","The IronCluck","The Jungle"],"gold_per_floor":[115,115,130,150,169,203,203,222,249,249,249,20,36,46,46,151,151,167,167,167,167,167,167,167,198,198,225,250,265,280,280,300,300,300,402,402,416,416,434,434,452,452,477,495,520,870,16,30,30,30,30,30,30],"floor_reached":52,"language":"ENG","playtime":2856,"items_purged":["Strike_R","Strike_R+1"],"score":647,"play_id":"a67e52cd-0991-4ea5-9679-7fd40f9848df","local_time":"20210217213358","is_ascension_mode":false,"campfire_choices":[{"data":"Twin Strike","floor":7,"key":"SMITH"},{"data":"Pommel Strike","floor":10,"key":"SMITH"},{"data":"Disarm","floor":15,"key":"SMITH"},{"data":"Feed","floor":26,"key":"SMITH"},{"data":"Demonic Infusion","floor":31,"key":"SMITH"},{"data":"Intimidate","floor":34,"key":"SMITH"},{"data":"Heavy Blade","floor":42,"key":"SMITH"},{"data":"Life Link","floor":49,"key":"SMITH"},{"floor":51,"key":"REST"}],"circlet_count":0,"master_deck":["Strike_R+1","Strike_R+1","Strike_R+1","Defend_R+1","Defend_R+1","Defend_R+1","Defend_R+1","Bash+1","Pommel Strike+1","Offering","Twin Strike+1","Disarm+1","Demonic Infusion+1","Feed+1","Intimidate+1","Heavy Blade+1","Immolate","Spot Weakness+1","Replay:Undeath\u0027s Touch+1","Spot Weakness","Life Link","Life Link+1"],"relics":["Burning Blood","reliquary:JackalopeAntler","Tiny Chest","HandDrill","expansioncontent:StudyCardRelic","reliquary:Firecrackers","reliquary:PorcupineQuills","Orichalcum","reliquary:SilkGlove","ReplayFunnel","sneckomod:SneckoTalon","Quantum Egg","Replay:Kaleidoscope","reliquary:WeakTea","Old Coin","reliquary:IridiumChain","DollysMirror","reliquary:OuijaBoard"],"acts_visited":["Exordium","TheCity","TheBeyond"],"potions_floor_usage":[5,6,14,16,25,35,37,52,52,52],"damage_taken":[{"damage":5,"enemies":"Small Slimes","floor":1,"turns":3},{"damage":1,"enemies":"2 Louse","floor":3,"turns":3},{"damage":11,"enemies":"Jaw Worm","floor":4,"turns":2},{"damage":8,"enemies":"Exordium Thugs","floor":5,"turns":4},{"damage":6,"enemies":"Gremlin Nob","floor":6,"turns":2},{"damage":3,"enemies":"Looter","floor":8,"turns":3},{"damage":0,"enemies":"3 Louse","floor":13,"turns":3},{"damage":3,"enemies":"Lots of Slimes","floor":14,"turns":3},{"damage":27,"enemies":"The Guardian","floor":16,"turns":12},{"damage":11,"enemies":"Shell Parasite","floor":18,"turns":5},{"damage":15,"enemies":"Book of Stabbing","floor":25,"turns":6},{"damage":35,"enemies":"Gremlin Leader","floor":27,"turns":7},{"damage":10,"enemies":"3 Byrds","floor":29,"turns":6},{"damage":8,"enemies":"3 Cultists","floor":30,"turns":5},{"damage":8,"enemies":"Centurion and Healer","floor":32,"turns":6},{"damage":13,"enemies":"Champ","floor":35,"turns":11},{"damage":6,"enemies":"Orb Walker","floor":37,"turns":4},{"damage":3,"enemies":"3 Shapes","floor":39,"turns":4},{"damage":15,"enemies":"Spire Growth","floor":41,"turns":4},{"damage":20,"enemies":"Reptomancer","floor":43,"turns":4},{"damage":6,"enemies":"Transient","floor":44,"turns":5},{"damage":0,"enemies":"Mind Bloom Boss Battle","floor":46,"turns":3},{"damage":31,"enemies":"Writhing Mass","floor":48,"turns":3},{"damage":102,"enemies":"Awakened One","floor":52,"turns":6}],"seed_played":"-527453592163635991","potions_obtained":[{"floor":0,"key":"SteroidPotion"},{"floor":0,"key":"Doom Potion"},{"floor":0,"key":"Block Potion"},{"floor":5,"key":"Adrenaline Potion"},{"floor":8,"key":"LiquidMemories"},{"floor":14,"key":"Reflective Coating"},{"floor":16,"key":"DistilledChaos"},{"floor":29,"key":"GamblersBrew"},{"floor":35,"key":"Adrenaline Potion"},{"floor":39,"key":"Strength Potion"},{"floor":46,"key":"champ:CounterPotion"},{"floor":48,"key":"Swift Potion"}],"is_trial":false,"path_per_floor":["M","?","M","M","M","E","R","M","T","R","?","$","M","M","R","B",null,"M","?","PTL","PTL","T","?","$","E","R","E","T","M","M","R","M","?","R","B",null,"M","T","M","$","M","R","E","M","T","?","$","M","R","$","R","B"],"character_chosen":"IRONCLAD","items_purchased":["HandDrill","Life Link","reliquary:IridiumChain","DollysMirror","reliquary:OuijaBoard"],"campfire_rested":1,"item_purchase_floors":[12,47,47,47,47],"current_hp_per_floor":[80,80,80,75,73,73,73,76,76,76,60,60,66,69,69,48,80,75,75,75,75,75,75,75,72,72,43,43,44,46,46,48,48,48,41,99,99,99,106,106,97,97,83,83,83,89,89,64,64,64,95,0,0],"gold":30,"neow_bonus":"THREE_SMALL_POTIONS","is_daily":false,"chose_seed":false,"campfire_upgraded":8,"win_rate":0.0,"timestamp":1613626438,"path_taken":["M","?","M","M","M","E","R","M","T","R","?","?","M","M","R","BOSS","M","?","PTL","PTL","?","?","$","E","R","E","T","M","M","R","?","?","R","BOSS","M","?","M","$","M","R","E","M","T","?","$","M","R","?","R","BOSS"],"items_purchased_type":["Relic","Card","Relic","Relic","Relic"],"build_version":"2020-12-22","purchased_purges":2,"victory":false,"max_hp_per_floor":[80,80,80,80,80,80,80,80,80,80,80,80,80,80,80,80,80,80,80,80,80,80,80,80,86,86,86,86,91,95,95,99,99,99,99,99,99,99,106,106,106,106,106,106,106,106,106,106,106,106,106,110,110],"card_choices":[{"not_picked":["Sword Boomerang","Havoc"],"picked":"Pommel Strike","floor":1},{"not_picked":["Anger","Perfected Strike","ReplayTheSpireMod:Strike From Hell"],"picked":"SKIP","floor":3},{"not_picked":["Entrench","Iron Wave"],"picked":"Offering","floor":4},{"not_picked":["Flex","Sword Boomerang"],"picked":"Twin Strike","floor":5},{"not_picked":["Pommel Strike","Uppercut"],"picked":"Disarm","floor":6},{"not_picked":["Perfected Strike","Cleave","Armaments"],"picked":"SKIP","floor":8},{"not_picked":["Warcry","Rage","Anger"],"picked":"SKIP","floor":13},{"not_picked":["Heavy Blade","True Grit"],"picked":"Demonic Infusion","floor":14},{"not_picked":["Offering","Brutality"],"picked":"Feed","floor":16},{"not_picked":["Body Slam","Flex+1","Seeing Red"],"picked":"SKIP","floor":18},{"not_picked":["Thunderclap","Feed","Reckless Charge"],"picked":"SKIP","floor":25},{"not_picked":["Run Through","Headbutt","Replay:Undeath\u0027s Touch"],"picked":"SKIP","floor":27},{"not_picked":["Flame Barrier","Feel No Pain","Run Through"],"picked":"SKIP","floor":29},{"not_picked":["Headbutt","Cleave"],"picked":"Intimidate","floor":30},{"not_picked":["Warcry","ReplayTheSpireMod:Limb From Limb+1"],"picked":"Heavy Blade","floor":32},{"not_picked":["Bludgeon","Impervious"],"picked":"Immolate","floor":35},{"not_picked":["Sword Boomerang+1","Thunderclap"],"picked":"Spot Weakness+1","floor":37},{"not_picked":["Whirlwind+1","Twin Strike"],"picked":"Replay:Undeath\u0027s Touch+1","floor":39},{"not_picked":["Sword Boomerang+1","Clothesline","Infernal Blade"],"picked":"SKIP","floor":41},{"not_picked":["Rupture+1","Pommel Strike","Clash+1"],"picked":"SKIP","floor":43},{"not_picked":["Burning Pact","ReplayReversal+1"],"picked":"Spot Weakness","floor":44},{"not_picked":["Uppercut+1","Sentinel+1","Clothesline"],"picked":"SKIP","floor":48}],"player_experience":649022,"relics_obtained":[{"floor":6,"key":"reliquary:JackalopeAntler"},{"floor":9,"key":"Tiny Chest"},{"floor":22,"key":"reliquary:Firecrackers"},{"floor":25,"key":"Orichalcum"},{"floor":27,"key":"reliquary:SilkGlove"},{"floor":28,"key":"ReplayFunnel"},{"floor":38,"key":"Quantum Egg"},{"floor":43,"key":"Replay:Kaleidoscope"},{"floor":45,"key":"reliquary:WeakTea"},{"floor":46,"key":"Old Coin"}],"event_choices":[{"damage_healed":0,"gold_gain":0,"player_choice":"Grow","damage_taken":0,"max_hp_gain":0,"max_hp_loss":0,"event_name":"Living Wall","floor":2,"gold_loss":0,"cards_upgraded":["Bash"]},{"damage_healed":76,"gold_gain":0,"player_choice":"Upgrade","damage_taken":16,"max_hp_gain":0,"max_hp_loss":80,"event_name":"betterThird:BetterShining","floor":11,"gold_loss":0,"cards_upgraded":["Strike_R","Strike_R"]},{"damage_healed":0,"gold_gain":0,"player_choice":"Ignored","damage_taken":0,"max_hp_gain":0,"max_hp_loss":0,"event_name":"Vampires","floor":19,"gold_loss":0},{"damage_healed":0,"gold_gain":0,"player_choice":"Gave Potion","damage_taken":0,"relics_obtained":["reliquary:PorcupineQuills"],"max_hp_gain":0,"max_hp_loss":0,"event_name":"WeMeetAgain","floor":23,"gold_loss":0},{"damage_healed":0,"gold_gain":0,"player_choice":"Simplicity","damage_taken":0,"max_hp_gain":0,"max_hp_loss":6,"event_name":"betterThird:BetterWriting","floor":33,"gold_loss":0},{"damage_healed":0,"gold_gain":0,"player_choice":"Fight","damage_taken":0,"max_hp_gain":0,"max_hp_loss":0,"event_name":"MindBloom","floor":46,"gold_loss":0}],"is_beta":false,"boss_relics":[{"not_picked":["SacredBark","Runic Dome"],"picked":"expansioncontent:StudyCardRelic"},{"not_picked":["reliquary:RedPaperclip","Sozu"],"picked":"sneckomod:SneckoTalon"}],"items_purged_floors":[12,47],"is_endless":false,"potions_floor_spawned":[5,8,14,16,18,29,35,39,46,48],"killed_by":"Awakened One","ascension_level":0}}