{"host":"7s0ipaqx8m4pdduf","time":1613663562,"event":{"mods":["BaseMod","BetterRewards","Colored Map","Infinite Spire","Minty Spire (QoL Compilation)","StSLib","SuperFastMode","The Animator"],"gold_per_floor":[142,142,142,159,309,339,339,371,398,411,411,411,421,459,459,558,558,574,574,166,166,166,166,16,66,66,116,151,151,186,228,228,302,302,312,325,335,335,349,349,376,376,376,376,376,411,425,444,444,444,444],"floor_reached":50,"language":"ENG","playtime":1713,"items_purged":["Doubt","Strike_G"],"score":1285,"play_id":"14ad7158-c7a5-4c65-8bf1-4347dcff2d72","local_time":"20210218165242","is_ascension_mode":true,"campfire_choices":[{"floor":7.0,"key":"REST"},{"floor":15.0,"key":"REST"},{"data":"After Image","floor":23.0,"key":"SMITH"},{"floor":29.0,"key":"REST"},{"floor":32.0,"key":"REST"},{"floor":40.0,"key":"REST"},{"floor":42.0,"key":"REST"},{"floor":49,"key":"REST"}],"circlet_count":0,"master_deck":["AscendersBane","Strike_G","Strike_G","Strike_G","Strike_G","Defend_G","Defend_G","Defend_G","Defend_G","Defend_G","Survivor","Neutralize","All Out Attack","PiercingWail","Infinite Blades","Die Die Die+1","HandOfGreed+1","Dash+1","Terror","infinitespire:Execution","Quick Slash+1","Dagger Spray+1","Footwork","Caltrops","Well Laid Plans","After Image+1","Corpse Explosion","Noxious Fumes","Infinite Blades","Backstab+1","After Image","infinitespire:UltimateForm+1","Cloak And Dagger","PiercingWail+1","Well Laid Plans+1"],"relics":["animator:PurgingStone","Akabeko","Ginger","Molten Egg 2","Gremlin Horn","StoneCalendar","Darkstone Periapt","Juzu Bracelet","Tiny Chest","infinitespire:Cubic Diamond","Sozu","Lee\u0027s Waffle","Oddly Smooth Stone","infinitespire:Bottled Soul","Nilry\u0027s Codex","Dead Branch","Ancient Tea Set","Busted Crown","Question Card","Gambling Chip","Bottled Tornado"],"acts_visited":["Exordium","TheCity","TheBeyond"],"potions_floor_usage":[],"damage_taken":[{"damage":0.0,"enemies":"Jaw Worm","floor":1.0,"turns":1.0},{"damage":0.0,"enemies":"Small Slimes","floor":4.0,"turns":1.0},{"damage":0.0,"enemies":"Gremlin Nob","floor":6.0,"turns":2.0},{"damage":15.0,"enemies":"Lagavulin","floor":8.0,"turns":5.0},{"damage":0.0,"enemies":"2 Louse","floor":10.0,"turns":2.0},{"damage":0.0,"enemies":"Lots of Slimes","floor":13.0,"turns":1.0},{"damage":0.0,"enemies":"3 Louse","floor":14.0,"turns":2.0},{"damage":11.0,"enemies":"Hexaghost","floor":16.0,"turns":8.0},{"damage":9.0,"enemies":"2 Thieves","floor":18.0,"turns":4.0},{"damage":25.0,"enemies":"Book of Stabbing","floor":28.0,"turns":5.0},{"damage":8.0,"enemies":"3 Byrds","floor":30.0,"turns":4.0},{"damage":14.0,"enemies":"Snake Plant","floor":31.0,"turns":3.0},{"damage":74.0,"enemies":"Automaton","floor":33.0,"turns":7.0},{"damage":37.0,"enemies":"3 Darklings","floor":35.0,"turns":3.0},{"damage":0.0,"enemies":"3 Shapes","floor":36.0,"turns":2.0},{"damage":3.0,"enemies":"3 Darklings","floor":37.0,"turns":6.0},{"damage":0.0,"enemies":"Transient","floor":39.0,"turns":5.0},{"damage":36.0,"enemies":"Giant Head","floor":41.0,"turns":8.0},{"damage":1.0,"enemies":"Sphere and 2 Shapes","floor":46.0,"turns":4.0},{"damage":22,"enemies":"Writhing Mass","floor":47,"turns":5},{"damage":0,"enemies":"4 Shapes","floor":48,"turns":3},{"damage":32,"enemies":"Time Eater","floor":50,"turns":3}],"seed_played":"5106122845969212014","potions_obtained":[{"floor":8.0,"key":"Fire Potion"},{"floor":10.0,"key":"FairyPotion"},{"floor":13.0,"key":"Strength Potion"},{"floor":16.0,"key":"Dexterity Potion"}],"is_trial":false,"path_per_floor":["M","?","T","M","?","E","R","E","T","M","?","?","M","M","R","B",null,"M","?","$","T","?","R","$","?","T","?","E","R","M","M","R","B",null,"M","M","M","AVR","M","R","E","R","T","T","?","M","M","M","R","B"],"character_chosen":"THE_SILENT","items_purchased":["Akabeko","All Out Attack","PiercingWail","Infinite Blades","Molten Egg 2","Gremlin Horn","Die Die Die+1","HandOfGreed+1","Dash+1","Lee\u0027s Waffle","Oddly Smooth Stone","Infinite Blades","Backstab+1"],"campfire_rested":7,"item_purchase_floors":[0,0,0,0,0,0,0,0,0,20,20,24,24],"current_hp_per_floor":[18,2,2,2,2,2,21,6,6,6,6,6,6,6,25,14,53,44,44,73,73,52,52,52,52,52,52,27,48,40,26,47,21,60,23,23,20,20,20,41,5,26,26,26,26,25,3,3,24,0,0],"gold":444,"neow_bonus":"","is_daily":false,"chose_seed":false,"campfire_upgraded":1,"win_rate":0.0,"timestamp":1613663562,"path_taken":["M","?","?","M","?","E","R","E","T","M","?","?","M","M","R","BOSS","M","?","$","?","?","R","$","?","T","?","E","R","M","M","R","BOSS","M","M","M","AVR","M","R","E","R","T","?","?","M","M","M","R","BOSS"],"items_purchased_type":["Relic","Card","Card","Card","Relic","Relic","Card","Card","Card","Relic","Relic","Card","Card"],"build_version":"2020-12-22","purchased_purges":2,"victory":false,"max_hp_per_floor":[66,66,66,66,66,66,66,66,66,66,66,66,66,66,66,66,66,66,66,73,73,73,73,73,73,73,73,73,73,73,73,73,73,73,73,73,73,73,73,73,73,73,73,73,73,73,73,73,73,73,73],"card_choices":[{"not_picked":["Blade Dance","Cloak And Dagger"],"picked":"Terror","floor":1.0},{"not_picked":["infinitespire:DeathsTouch","infinitespire:Menacing"],"picked":"infinitespire:Execution","floor":2.0},{"not_picked":["Flying Knee+1","Bouncing Flask"],"picked":"Quick Slash+1","floor":4.0},{"not_picked":["Escape Plan","Masterful Stab+1"],"picked":"Dagger Spray+1","floor":6.0},{"not_picked":["Outmaneuver","Bane+1"],"picked":"Footwork","floor":8.0},{"not_picked":["Catalyst","Prepared"],"picked":"Caltrops","floor":10.0},{"not_picked":["Distraction","Backflip"],"picked":"Well Laid Plans","floor":13.0},{"not_picked":["Quick Slash+1","Underhanded Strike+1"],"picked":"After Image","floor":14.0},{"not_picked":["Wraith Form v2","Storm of Steel"],"picked":"Corpse Explosion","floor":16.0},{"not_picked":["Expertise","Underhanded Strike+1"],"picked":"Noxious Fumes","floor":18.0},{"not_picked":["Caltrops","Eviscerate+1","Cloak And Dagger"],"picked":"SKIP","floor":28.0},{"not_picked":["Outmaneuver+1","Crippling Poison","Bouncing Flask"],"picked":"SKIP","floor":30.0},{"not_picked":["Escape Plan","Dodge and Roll","Acrobatics"],"picked":"SKIP","floor":31.0},{"not_picked":["Unload+1","Tools of the Trade"],"picked":"After Image","floor":33.0},{"not_picked":["Escape Plan"],"picked":"SKIP","floor":35.0},{"not_picked":["Slice+1"],"picked":"SKIP","floor":36.0},{"not_picked":["Outmaneuver"],"picked":"SKIP","floor":37.0},{"not_picked":["Eviscerate+1"],"picked":"SKIP","floor":39.0},{"not_picked":[],"picked":"Cloak And Dagger","floor":41.0},{"not_picked":["Outmaneuver","Deflect+1"],"picked":"SKIP","floor":46.0},{"not_picked":["Deflect"],"picked":"PiercingWail+1","floor":47},{"not_picked":["Setup+1"],"picked":"Well Laid Plans+1","floor":48}],"player_experience":2416140,"relics_obtained":[{"floor":3.0,"key":"StoneCalendar"},{"floor":6.0,"key":"Darkstone Periapt"},{"floor":8.0,"key":"Juzu Bracelet"},{"floor":9.0,"key":"Tiny Chest"},{"floor":21.0,"key":"infinitespire:Bottled Soul"},{"floor":22.0,"key":"Nilry\u0027s Codex"},{"floor":26.0,"key":"Dead Branch"},{"floor":28.0,"key":"Ancient Tea Set"},{"floor":41.0,"key":"Question Card"},{"floor":43.0,"key":"Gambling Chip"},{"floor":44.0,"key":"Bottled Tornado"}],"event_choices":[{"damage_healed":0.0,"max_hp_gain":0.0,"max_hp_loss":0.0,"gold_gain":150.0,"event_name":"Liars Game","player_choice":"AGREE","floor":5.0,"gold_loss":0.0,"damage_taken":0.0,"cards_obtained":["Doubt"]},{"damage_healed":0.0,"max_hp_gain":0.0,"max_hp_loss":0.0,"gold_gain":0.0,"event_name":"Shining Light","player_choice":"Ignored","floor":12.0,"gold_loss":0.0,"damage_taken":0.0},{"damage_healed":0.0,"max_hp_gain":0.0,"max_hp_loss":0.0,"gold_gain":0.0,"event_name":"Vampires","player_choice":"Ignored","floor":19.0,"gold_loss":0.0,"damage_taken":0.0},{"damage_healed":0.0,"max_hp_gain":0.0,"max_hp_loss":0.0,"gold_gain":0.0,"event_name":"Cursed Tome","player_choice":"Obtained Book","floor":22.0,"gold_loss":0.0,"damage_taken":21.0},{"damage_healed":0.0,"max_hp_gain":0.0,"max_hp_loss":0.0,"gold_gain":50.0,"event_name":"Golden Shrine","player_choice":"Pray","floor":25.0,"gold_loss":0.0,"damage_taken":0.0},{"damage_healed":0.0,"max_hp_gain":0.0,"max_hp_loss":0.0,"gold_gain":50.0,"event_name":"Nest","player_choice":"Stole From Cult","floor":27.0,"gold_loss":0.0,"damage_taken":0.0},{"damage_healed":0.0,"max_hp_gain":0.0,"max_hp_loss":0.0,"gold_gain":0.0,"event_name":"Upgrade Shrine","player_choice":"Upgraded","floor":45.0,"gold_loss":0.0,"damage_taken":0.0,"cards_upgraded":["infinitespire:UltimateForm"]}],"is_beta":false,"boss_relics":[{"not_picked":["Pandora\u0027s Box","Velvet Choker"],"picked":"Sozu"},{"not_picked":["Runic Pyramid","Tiny House"],"picked":"Busted Crown"}],"items_purged_floors":[20,38],"is_endless":false,"potions_floor_spawned":[8,10,13,16,30,37,39,41,46,48],"killed_by":"Time Eater","ascension_level":16}}