{"host":"bkvp8h802zvp9d7d","time":1613652954,"event":{"mods":["Act Like it!","BaseMod","Minty Spire (QoL Compilation)","StSLib","The Bug Knight"],"gold_per_floor":[109,59,59,76,95,95,128,128,128,142,87,107,123,136,136,231,231,245,263,263,36,61,92,92,107,107,107,7,20,38,56,56,158,158,172,172,185,60,76,106,106,134,134,147,158,158,170,185,185,185],"floor_reached":51,"language":"ZHS","playtime":2640,"items_purged":["Pain","Strike_G","Well Laid Plans"],"score":796,"play_id":"f7e7ea53-7a49-46cc-9310-4ee0ea41462c","local_time":"20210218205554","is_ascension_mode":true,"campfire_choices":[{"data":"Dagger Throw","floor":6.0,"key":"SMITH"},{"data":"Dagger Spray","floor":8.0,"key":"SMITH"},{"floor":15.0,"key":"REST"},{"floor":24.0,"key":"REST"},{"floor":27.0,"key":"RECALL"},{"floor":32.0,"key":"REST"},{"floor":41.0,"key":"REST"},{"floor":46.0,"key":"REST"},{"floor":49,"key":"REST"}],"circlet_count":0,"master_deck":["Strike_G","Strike_G","Strike_G","Strike_G","Defend_G+1","Defend_G","Defend_G","Defend_G+1","Defend_G","Survivor","Neutralize","Dagger Throw+1","Dagger Spray+1","Dash+1","Concentrate","All Out Attack+1","After Image","Flying Knee+1","Prepared+1","A Thousand Cuts","Poisoned Stab+1","Envenom","Eviscerate+1","Unload+1","Eviscerate+1","Unload+1","Reflex+1","Acrobatics+1","Envenom","Caltrops+1"],"relics":["Ring of the Snake","Ginger","Molten Egg 2","Snake Skull","Lantern","Fusion Hammer","WarpedTongs","War Paint","Red Mask","Shuriken","Bottled Tornado","Runic Pyramid","MealTicket","Tingsha","HornCleat"],"acts_visited":["Exordium","TheCity","TheBeyond"],"potions_floor_usage":[50,50,50],"damage_taken":[{"damage":0.0,"enemies":"2 Louse","floor":1.0,"turns":4.0},{"damage":4.0,"enemies":"Cultist","floor":4.0,"turns":3.0},{"damage":0.0,"enemies":"Jaw Worm","floor":5.0,"turns":3.0},{"damage":29.0,"enemies":"3 Sentries","floor":7.0,"turns":9.0},{"damage":0.0,"enemies":"Lots of Slimes","floor":10.0,"turns":1.0},{"damage":0.0,"enemies":"2 Fungi Beasts","floor":12.0,"turns":2.0},{"damage":3.0,"enemies":"Gremlin Gang","floor":13.0,"turns":4.0},{"damage":0.0,"enemies":"3 Louse","floor":14.0,"turns":2.0},{"damage":38.0,"enemies":"The Guardian","floor":16.0,"turns":14.0},{"damage":9.0,"enemies":"Spheric Guardian","floor":18.0,"turns":4.0},{"damage":7.0,"enemies":"Shell Parasite","floor":19.0,"turns":5.0},{"damage":14.0,"enemies":"Masked Bandits","floor":22.0,"turns":3.0},{"damage":10.0,"enemies":"Slavers","floor":23.0,"turns":5.0},{"damage":4.0,"enemies":"Chosen and Byrds","floor":25.0,"turns":6.0},{"damage":10.0,"enemies":"Centurion and Healer","floor":29.0,"turns":4.0},{"damage":11.0,"enemies":"Snecko","floor":30.0,"turns":5.0},{"damage":13.0,"enemies":"Shelled Parasite and Fungi","floor":31.0,"turns":5.0},{"damage":23.0,"enemies":"Champ","floor":33.0,"turns":8.0},{"damage":18.0,"enemies":"3 Darklings","floor":35.0,"turns":5.0},{"damage":0.0,"enemies":"3 Shapes","floor":37.0,"turns":2.0},{"damage":4.0,"enemies":"Jaw Worm Horde","floor":39.0,"turns":5.0},{"damage":0.0,"enemies":"HollowMod:StalkingDevout","floor":40.0,"turns":4.0},{"damage":18.0,"enemies":"Reptomancer","floor":42.0,"turns":4.0},{"damage":28.0,"enemies":"Writhing Mass","floor":44.0,"turns":4.0},{"damage":2.0,"enemies":"Maw","floor":45.0,"turns":4.0},{"damage":11.0,"enemies":"4 Shapes","floor":47.0,"turns":3.0},{"damage":8,"enemies":"Spire Growth","floor":48,"turns":3},{"damage":33,"enemies":"Time Eater","floor":50,"turns":8}],"seed_played":"-1978047117415628622","potions_obtained":[{"floor":1.0,"key":"Regen Potion"},{"floor":7.0,"key":"GamblersBrew"},{"floor":12.0,"key":"Energy Potion"},{"floor":13.0,"key":"AttackPotion"},{"floor":14.0,"key":"EssenceOfSteel"},{"floor":31.0,"key":"Regen Potion"},{"floor":35.0,"key":"DistilledChaos"},{"floor":42.0,"key":"ColorlessPotion"},{"floor":45.0,"key":"FearPotion"},{"floor":48,"key":"SkillPotion"}],"is_trial":false,"path_per_floor":["M","?","$","M","M","R","E","R","T","M","?","M","M","M","R","B",null,"M","M","?","$","?","E","R","M","T","R","$","M","M","M","R","B",null,"M","?","M","$","M","E","R","E","T","M","M","R","M","M","R","B",null],"character_chosen":"THE_SILENT","items_purchased":["War Paint"],"campfire_rested":6,"item_purchase_floors":[21],"current_hp_per_floor":[70,70,70,66,66,66,37,37,37,37,37,37,34,34,55,17,70,61,54,54,54,40,30,51,47,47,47,47,37,26,13,34,25,70,52,52,52,52,48,48,69,51,51,23,21,42,31,23,44,11],"gold":185,"neow_bonus":"ONE_RARE_RELIC","is_daily":false,"chose_seed":false,"campfire_upgraded":2,"win_rate":0.0,"timestamp":1613652954,"path_taken":["M","?","$","M","M","R","E","R","T","M","?","M","M","?","R","BOSS","M","?","?","?","?","E","R","M","T","R","?","M","M","?","R","BOSS","M","?","?","$","M","E","R","E","T","?","M","R","M","M","R","BOSS"],"items_purchased_type":["Relic"],"build_version":"2020-12-22","purchased_purges":3,"victory":true,"max_hp_per_floor":[70,70,70,70,70,70,70,70,70,70,70,70,70,70,70,70,70,70,70,70,70,70,70,70,70,70,70,70,70,70,70,70,70,70,70,70,70,70,70,70,70,70,70,70,70,70,70,70,70,70],"card_choices":[{"not_picked":["Backstab","Prepared"],"picked":"Dagger Throw","floor":1.0},{"not_picked":["Poisoned Stab","Dodge and Roll","Underhanded Strike"],"picked":"SKIP","floor":4.0},{"not_picked":["Dagger Throw","Acrobatics"],"picked":"Dagger Spray","floor":5.0},{"not_picked":["Deadly Poison","Backflip"],"picked":"Dash+1","floor":7.0},{"not_picked":["Sucker Punch+1","Doppelganger"],"picked":"Well Laid Plans","floor":10.0},{"not_picked":["Endless Agony+1","Quick Slash+1"],"picked":"Concentrate","floor":12.0},{"not_picked":["Quick Slash+1","Catalyst"],"picked":"All Out Attack+1","floor":13.0},{"not_picked":["Cloak And Dagger","Blur","Dodge and Roll"],"picked":"SKIP","floor":14.0},{"not_picked":["Grand Finale+1","Night Terror"],"picked":"After Image","floor":16.0},{"not_picked":["Backflip+1","Backstab+1"],"picked":"Flying Knee+1","floor":18.0},{"not_picked":["Sucker Punch+1","Dash+1"],"picked":"Prepared+1","floor":19.0},{"not_picked":["Setup","Blur"],"picked":"A Thousand Cuts","floor":23.0},{"not_picked":["Bane+1","Expertise"],"picked":"Poisoned Stab+1","floor":25.0},{"not_picked":["Setup","Blade Dance","Acrobatics"],"picked":"SKIP","floor":29.0},{"not_picked":["Slice+1","Dodge and Roll"],"picked":"Envenom","floor":30.0},{"not_picked":["PiercingWail+1","Leg Sweep"],"picked":"Eviscerate+1","floor":31.0},{"not_picked":["After Image","Die Die Die+1"],"picked":"Unload+1","floor":33.0},{"not_picked":["Accuracy","Acrobatics+1"],"picked":"Eviscerate+1","floor":35.0},{"not_picked":["Endless Agony+1","Cloak And Dagger+1","Concentrate"],"picked":"SKIP","floor":37.0},{"not_picked":["Deadly Poison+1","Acrobatics"],"picked":"Reflex+1","floor":39.0},{"not_picked":["Slice+1","Infinite Blades"],"picked":"Acrobatics+1","floor":40.0},{"not_picked":["Storm of Steel","Crippling Poison","Poisoned Stab+1"],"picked":"SKIP","floor":42.0},{"not_picked":["Dodge and Roll+1","Dagger Throw+1","Expertise"],"picked":"SKIP","floor":44.0},{"not_picked":["Slice+1","Flying Knee+1"],"picked":"Envenom","floor":45.0},{"not_picked":["Sucker Punch+1","Expertise"],"picked":"Caltrops+1","floor":47.0},{"not_picked":["Backflip","Dagger Spray+1","Sucker Punch+1"],"picked":"SKIP","floor":48}],"player_experience":401457,"relics_obtained":[{"floor":7.0,"key":"Molten Egg 2"},{"floor":9.0,"key":"Snake Skull"},{"floor":22.0,"key":"Red Mask"},{"floor":23.0,"key":"Shuriken"},{"floor":26.0,"key":"Bottled Tornado"},{"floor":40.0,"key":"MealTicket"},{"floor":42.0,"key":"Tingsha"},{"floor":43.0,"key":"HornCleat"}],"event_choices":[{"cards_removed":["Injury"],"damage_healed":0.0,"max_hp_gain":0.0,"max_hp_loss":0.0,"gold_gain":0.0,"event_name":"The Cleric","player_choice":"Card Removal","floor":2.0,"gold_loss":50.0,"damage_taken":0.0},{"damage_healed":0.0,"max_hp_gain":0.0,"max_hp_loss":0.0,"gold_gain":0.0,"event_name":"WeMeetAgain","player_choice":"Paid Gold","floor":11.0,"gold_loss":55.0,"damage_taken":0.0,"relics_obtained":["Lantern"]},{"damage_healed":0.0,"max_hp_gain":0.0,"max_hp_loss":0.0,"gold_gain":0.0,"event_name":"Accursed Blacksmith","player_choice":"Rummage","floor":20.0,"gold_loss":0.0,"damage_taken":0.0,"relics_obtained":["WarpedTongs"],"cards_obtained":["Pain"]},{"damage_healed":0.0,"max_hp_gain":0.0,"max_hp_loss":0.0,"gold_gain":0.0,"event_name":"Masked Bandits","player_choice":"Fought Bandits","floor":22.0,"gold_loss":0.0,"damage_taken":0.0},{"damage_healed":0.0,"max_hp_gain":0.0,"max_hp_loss":0.0,"gold_gain":0.0,"event_name":"Match and Keep!","player_choice":"1 cards matched","floor":36.0,"gold_loss":0.0,"damage_taken":0.0,"cards_obtained":["Unload"]}],"is_beta":false,"boss_relics":[{"not_picked":["Tiny House","Cursed Key"],"picked":"Fusion Hammer"},{"not_picked":["WristBlade","Coffee Dripper"],"picked":"Runic Pyramid"}],"items_purged_floors":[21,28,38],"is_endless":false,"potions_floor_spawned":[1,7,12,13,14,23,25,31,35,42,45,48],"ascension_level":1}}