{"host":"ju1b3c4x8n2jtjm7","time":1613648932,"event":{"mods":["AchievementEnabler","BaseMod","Colored Map","Colored Powertips","Highlight Path","Minty Spire (QoL Compilation)","Quick Restart","Rare Cards Sparkle","Relic Stats"],"gold_per_floor":[119,131,141,141,161,193,193,193,220,254,127,171,190,205,205,325,325,344,54,54,70,70,106,119,137,137,155,193,193,207,232,232,232,232],"floor_reached":33,"language":"ENG","playtime":2002,"items_purged":["Strike_R"],"score":456,"play_id":"82c210e2-eef2-4ef1-a94a-95017197c3f7","local_time":"20210218124852","is_ascension_mode":true,"campfire_choices":[{"data":"Trip","floor":8.0,"key":"SMITH"},{"data":"Perfected Strike","floor":15.0,"key":"SMITH"},{"data":"Burning Pact","floor":29,"key":"SMITH"},{"data":"Dual Wield","floor":32,"key":"SMITH"}],"circlet_count":0,"master_deck":["Strike_R","Strike_R+1","Strike_R","Strike_R","Defend_R","Defend_R","Defend_R+1","Defend_R","Bash+1","Trip+1","Pommel Strike+1","Perfected Strike+1","Pommel Strike","Disarm","Clash","Burning Pact+1","Perfected Strike","Intimidate","Feed","Anger+1","Fiend Fire","Evolve","Shrug It Off","Dual Wield+1","Seeing Red","True Grit+1","Cleave","Corruption"],"relics":["Burning Blood","Whetstone","Golden Idol","Bronze Scales","Odd Mushroom","Red Skull","Mark of Pain","Vajra","Du-Vu Doll","Sundial"],"acts_visited":["Exordium","TheCity"],"potions_floor_usage":[23,33],"damage_taken":[{"damage":8.0,"enemies":"Small Slimes","floor":1.0,"turns":3.0},{"damage":6.0,"enemies":"2 Louse","floor":2.0,"turns":3.0},{"damage":7.0,"enemies":"Jaw Worm","floor":3.0,"turns":3.0},{"damage":5.0,"enemies":"2 Fungi Beasts","floor":5.0,"turns":3.0},{"damage":18.0,"enemies":"Gremlin Nob","floor":6.0,"turns":3.0},{"damage":13.0,"enemies":"The Mushroom Lair","floor":10.0,"turns":3.0},{"damage":24.0,"enemies":"Lagavulin","floor":12.0,"turns":5.0},{"damage":13.0,"enemies":"Exordium Thugs","floor":13.0,"turns":4.0},{"damage":4.0,"enemies":"Looter","floor":14.0,"turns":2.0},{"damage":0.0,"enemies":"Slime Boss","floor":16.0,"turns":5.0},{"damage":7.0,"enemies":"3 Byrds","floor":18.0,"turns":3.0},{"damage":1.0,"enemies":"Shell Parasite","floor":21.0,"turns":2.0},{"damage":35,"enemies":"Slavers","floor":23,"turns":5},{"damage":12,"enemies":"Cultist and Chosen","floor":24,"turns":4},{"damage":5,"enemies":"Snecko","floor":25,"turns":3},{"damage":12,"enemies":"Centurion and Healer","floor":27,"turns":4},{"damage":3,"enemies":"Gremlin Leader","floor":28,"turns":8},{"damage":16,"enemies":"Shelled Parasite and Fungi","floor":30,"turns":3},{"damage":0,"enemies":"Snecko","floor":31,"turns":2},{"damage":35,"enemies":"Collector","floor":33,"turns":3}],"seed_played":"-2877123080685808420","potions_obtained":[{"floor":1.0,"key":"Regen Potion"},{"floor":5.0,"key":"EssenceOfSteel"},{"floor":14.0,"key":"Dexterity Potion"},{"floor":18.0,"key":"SteroidPotion"},{"floor":23,"key":"DuplicationPotion"},{"floor":27,"key":"BloodPotion"},{"floor":30,"key":"Energy Potion"}],"is_trial":false,"path_per_floor":["M","M","M","?","M","E","?","R","T","?","$","E","M","M","R","B",null,"M","$","?","M","?","E","M","M","T","M","E","R","M","M","R","B"],"character_chosen":"IRONCLAD","items_purchased":["Clash","Fiend Fire","Vajra"],"campfire_rested":0,"item_purchase_floors":[11,19,19],"current_hp_per_floor":[70,70,69,53,54,51,51,51,51,44,44,26,19,21,21,27,62,61,61,61,69,69,43,40,41,41,38,44,44,34,40,40,5,5],"gold":232,"neow_bonus":"RANDOM_COLORLESS","is_daily":false,"chose_seed":false,"campfire_upgraded":4,"win_rate":0.0,"timestamp":1613648932,"path_taken":["M","M","M","?","M","E","?","R","T","?","?","E","M","M","R","BOSS","M","$","?","?","?","E","M","M","T","M","E","R","M","M","R","BOSS"],"items_purchased_type":["Card","Card","Relic"],"build_version":"2020-12-22","purchased_purges":1,"victory":false,"max_hp_per_floor":[80,80,80,80,80,80,74,74,74,74,74,74,74,74,74,74,74,74,74,74,77,77,80,83,83,83,86,89,89,89,89,89,89,89],"relic_stats":{"counters":[20,71],"Golden Idol":88,"Sundial":[0],"Bronze Scales":[127],"Whetstone":["Strike_R","Pommel Strike"],"obtain_stats":[{"Du-Vu Doll":23,"Golden Idol":7,"Sundial":28,"Bronze Scales":9,"Vajra":19,"Mark of Pain":17,"Whetstone":6,"Odd Mushroom":10,"Burning Blood":0,"Red Skull":12},{"Du-Vu Doll":13,"Golden Idol":5,"Sundial":17,"Bronze Scales":5,"Vajra":11,"Mark of Pain":10,"Whetstone":5,"Odd Mushroom":6,"Burning Blood":0,"Red Skull":7},{"Du-Vu Doll":44,"Golden Idol":15,"Sundial":63,"Bronze Scales":15,"Vajra":37,"Mark of Pain":34,"Whetstone":15,"Odd Mushroom":18,"Burning Blood":0,"Red Skull":23}],"Burning Blood":114},"card_choices":[{"not_picked":["Dramatic Entrance","Jack Of All Trades"],"picked":"Trip","floor":0.0},{"not_picked":["Twin Strike","Rupture"],"picked":"Pommel Strike","floor":1.0},{"not_picked":["Twin Strike","Iron Wave","Headbutt"],"picked":"SKIP","floor":2.0},{"not_picked":["Pommel Strike","Heavy Blade","Iron Wave"],"picked":"SKIP","floor":3.0},{"not_picked":["Thunderclap","Berserk"],"picked":"Perfected Strike","floor":5.0},{"not_picked":["Berserk","Warcry"],"picked":"Pommel Strike","floor":6.0},{"not_picked":["Rage","Intimidate"],"picked":"Disarm","floor":10.0},{"not_picked":["Shrug It Off","Flame Barrier"],"picked":"Burning Pact","floor":12.0},{"not_picked":["Combust","Wild Strike"],"picked":"Perfected Strike","floor":13.0},{"not_picked":["Thunderclap","Inflame"],"picked":"Intimidate","floor":14.0},{"not_picked":["Barricade","Brutality"],"picked":"Feed","floor":16.0},{"not_picked":["Sword Boomerang+1","Armaments"],"picked":"Anger+1","floor":18.0},{"not_picked":["Inflame","Sword Boomerang"],"picked":"Shrug It Off","floor":21.0},{"not_picked":["Warcry","Flex+1"],"picked":"Dual Wield","floor":23},{"not_picked":["Wild Strike","Thunderclap","Perfected Strike"],"picked":"SKIP","floor":24},{"not_picked":["Bludgeon","Flex"],"picked":"Seeing Red","floor":25},{"not_picked":["Pommel Strike","Sword Boomerang"],"picked":"True Grit+1","floor":27},{"not_picked":["Evolve","Flex","Twin Strike+1"],"picked":"SKIP","floor":28},{"not_picked":["Clash+1","Rupture+1"],"picked":"Cleave","floor":30},{"not_picked":["Perfected Strike","Evolve+1"],"picked":"Corruption","floor":31}],"player_experience":377862,"relics_obtained":[{"floor":6.0,"key":"Whetstone"},{"floor":9.0,"key":"Bronze Scales"},{"floor":10.0,"key":"Odd Mushroom"},{"floor":12.0,"key":"Red Skull"},{"floor":23,"key":"Du-Vu Doll"},{"floor":28,"key":"Sundial"}],"event_choices":[{"damage_healed":0.0,"max_hp_gain":0.0,"max_hp_loss":0.0,"gold_gain":0.0,"event_name":"Shining Light","player_choice":"Entered Light","floor":4.0,"gold_loss":0.0,"damage_taken":16.0,"cards_upgraded":["Bash","Defend_R"]},{"damage_healed":0.0,"max_hp_gain":0.0,"max_hp_loss":6.0,"gold_gain":0.0,"event_name":"Golden Idol","player_choice":"Lose Max HP","floor":7.0,"gold_loss":0.0,"damage_taken":0.0,"relics_obtained":["Golden Idol"]},{"damage_healed":0.0,"max_hp_gain":0.0,"max_hp_loss":0.0,"gold_gain":0.0,"event_name":"Mushrooms","player_choice":"Fought Mushrooms","floor":10.0,"gold_loss":0.0,"damage_taken":0.0},{"damage_healed":0.0,"max_hp_gain":0.0,"max_hp_loss":0.0,"gold_gain":0.0,"event_name":"Match and Keep!","player_choice":"1 cards matched","floor":20.0,"gold_loss":0.0,"damage_taken":0.0,"cards_obtained":["Evolve"]},{"damage_healed":0.0,"max_hp_gain":0.0,"max_hp_loss":0.0,"gold_gain":0.0,"event_name":"Vampires","player_choice":"Ignored","floor":22.0,"gold_loss":0.0,"damage_taken":0.0}],"is_beta":false,"boss_relics":[{"not_picked":["SacredBark","Calling Bell"],"picked":"Mark of Pain"}],"items_purged_floors":[11],"is_endless":false,"potions_floor_spawned":[1,5,14,18,23,27,30],"killed_by":"Collector","ascension_level":6}}