{"host":"agl6880ykeaxaurv","time":1613689649,"event":{"mods":["AchievementEnabler","BaseMod","Colored Map","Colored Powertips","Downfall","Hermit","Highlight Path","Infinite Spire","Minty Spire (QoL Compilation)","Robot Space Explorer","Shop Mod","StSLib","The Cursed","The Disciple","The Runesmith","The Servant 0.9.4"],"gold_per_floor":[116,22,40,59,59,59,76,103,103,178,32,32,48,65,65,169,169,184,184,184,184],"floor_reached":20,"language":"ENG","playtime":2416,"items_purged":["Runesmith:CraftFirestone"],"score":174,"play_id":"22c81405-102d-4820-9ed7-9465a4bddb8c","local_time":"20210218230729","is_ascension_mode":false,"campfire_choices":[{"data":"Runesmith:HammerThrow","floor":6,"key":"SMITH"},{"floor":12,"key":"RECALL"},{"floor":15,"key":"REST"}],"circlet_count":0,"master_deck":["Runesmith:Strike_RS","Runesmith:Strike_RS","Runesmith:Strike_RS","Runesmith:Strike_RS","Runesmith:Defend_RS","Runesmith:Defend_RS","Runesmith:Defend_RS","Runesmith:Defend_RS","Runesmith:Fortify","Runesmith:CraftProtectio","Runesmith:PoweredAnvil","Runesmith:HammerThrow+1","Runesmith:ShiftingStrike","Runesmith:UnlimitedPower","Runesmith:Permafrost","Runesmith:CraftMedicinae","Runesmith:GoWithTheFlow","Runesmith:CreatorForm","Runesmith:CraftIncendium+1"],"relics":["Runesmith:BrokenRuby","Nunchaku","Tiny Chest","Runic Pyramid","PrismaticShard"],"acts_visited":["Exordium","TheCity"],"potions_floor_usage":[4,13,14],"damage_taken":[{"damage":0,"enemies":"Small Slimes","floor":1,"turns":4},{"damage":1,"enemies":"2 Louse","floor":3,"turns":4},{"damage":0,"enemies":"Jaw Worm","floor":4,"turns":3},{"damage":12,"enemies":"Exordium Wildlife","floor":7,"turns":5},{"damage":25,"enemies":"3 Sentries","floor":8,"turns":11},{"damage":21,"enemies":"3 Louse","floor":13,"turns":4},{"damage":0,"enemies":"2 Fungi Beasts","floor":14,"turns":7},{"damage":29,"enemies":"Slime Boss","floor":16,"turns":12},{"damage":60,"enemies":"3 Byrds","floor":18,"turns":10},{"damage":13,"enemies":"Shell Parasite","floor":20,"turns":4}],"seed_played":"-5539835544994282921","potions_obtained":[{"floor":3,"key":"Block Potion"},{"floor":4,"key":"SpeedPotion"},{"floor":13,"key":"SkillPotion"},{"floor":16,"key":"PowerPotion"}],"is_trial":false,"path_per_floor":["M","$","M","M","?","R","M","E","T","?","$","R","M","M","R","B",null,"M","AVR","M"],"character_chosen":"RUNESMITH_CLASS","items_purchased":["Runesmith:PoweredAnvil","Runesmith:HammerThrow","Tiny Chest"],"campfire_rested":1,"item_purchase_floors":[2,2,11],"current_hp_per_floor":[77,77,76,76,76,76,64,39,39,28,28,28,7,8,31,2,77,42,42,29,29],"gold":184,"neow_bonus":"TEN_PERCENT_HP_BONUS","is_daily":false,"chose_seed":false,"campfire_upgraded":1,"win_rate":0.0,"timestamp":1613689649,"path_taken":["M","$","M","M","?","R","M","E","T","?","?","R","M","M","R","BOSS","M","AVR","M"],"items_purchased_type":["Card","Card","Relic"],"build_version":"2020-12-22","purchased_purges":1,"victory":false,"max_hp_per_floor":[77,77,77,77,77,77,77,77,77,77,77,77,77,77,77,77,77,77,77,77,77],"card_choices":[{"not_picked":["Runesmith:Retool","Runesmith:ChiselStab"],"picked":"Runesmith:CraftProtectio","floor":1},{"not_picked":["Runesmith:UnstableHammer","Runesmith:ChiselStab"],"picked":"Runesmith:ShiftingStrike","floor":3},{"not_picked":["Runesmith:UnstableHammer","Runesmith:EnergizedChisel"],"picked":"Runesmith:UnlimitedPower","floor":4},{"not_picked":["Runesmith:EnergizedChisel","Runesmith:HeatExchange","Runesmith:ChiselStab"],"picked":"SKIP","floor":7},{"not_picked":["Runesmith:CraftVitae","Runesmith:PoweredAnvil"],"picked":"Runesmith:Permafrost","floor":8},{"not_picked":["Runesmith:ChiselStab","Runesmith:MakeshiftArmor"],"picked":"Runesmith:CraftMedicinae","floor":13},{"not_picked":["Runesmith:StaticCage","Runesmith:EarthShield"],"picked":"Runesmith:GoWithTheFlow","floor":14},{"not_picked":["Runesmith:Supernova","Runesmith:MetallurgicalResearch"],"picked":"Runesmith:CreatorForm","floor":16},{"not_picked":["Runesmith:Firestorm","Runesmith:CraftObretio"],"picked":"Runesmith:CraftIncendium+1","floor":18}],"player_experience":291045,"relics_obtained":[{"floor":8,"key":"Nunchaku"}],"event_choices":[{"damage_healed":0,"gold_gain":75,"player_choice":"Gather Gold","damage_taken":11,"max_hp_gain":0,"max_hp_loss":0,"event_name":"World of Goop","floor":10,"gold_loss":0}],"is_beta":false,"boss_relics":[{"not_picked":["SacredBark","Runesmith:PocketReactor"],"picked":"Runic Pyramid"}],"items_purged_floors":[19],"is_endless":false,"potions_floor_spawned":[3,4,13,16],"killed_by":"Shell Parasite","ascension_level":0}}