{"host":"js2su9tbbk4rmjfl","time":1613678675,"event":{"mods":["AchievementEnabler","BaseMod","Block Reminder","Colored Map","Colored Powertips","Highlight Path","Minty Spire (QoL Compilation)","Relic Stats"],"gold_per_floor":[115,130,145,163,163,163,1,1,1,13,13,33,33,45,45,116,116,129,145,195,215,140,140,40,40,40,40,40,40,50,69,69,69,69],"floor_reached":33,"language":"ENG","playtime":1272,"items_purged":["Strike_R","Strike_R"],"score":454,"play_id":"a7c9031c-297b-40b5-be1d-712d13a27f2c","local_time":"20210218210435","is_ascension_mode":true,"campfire_choices":[{"data":"Whirlwind","floor":6,"key":"SMITH"},{"data":"Sword Boomerang","floor":8,"key":"SMITH"},{"data":"Flex","floor":13,"key":"SMITH"},{"data":"Battle Trance","floor":15,"key":"SMITH"},{"data":"Limit Break","floor":23,"key":"SMITH"},{"data":"Double Tap","floor":25,"key":"SMITH"},{"data":"Discovery","floor":28,"key":"SMITH"},{"floor":32,"key":"REST"}],"circlet_count":0,"master_deck":["AscendersBane","Strike_R","Strike_R","Strike_R","Defend_R","Defend_R","Defend_R","Defend_R","Bash","Havoc","Sword Boomerang+1","Battle Trance+1","Whirlwind+1","Flex+1","Double Tap+1","Limit Break+1","Rampage+1","Discovery+1","Inflame"],"relics":["Burning Blood","Nunchaku","Vajra","Eternal Feather","Sozu","Sundial"],"acts_visited":["Exordium","TheCity"],"potions_floor_usage":[10,14,16,16],"damage_taken":[{"damage":9,"enemies":"Jaw Worm","floor":1,"turns":4},{"damage":14,"enemies":"Cultist","floor":2,"turns":6},{"damage":1,"enemies":"2 Louse","floor":3,"turns":3},{"damage":38,"enemies":"Large Slime","floor":4,"turns":8},{"damage":8,"enemies":"Lots of Slimes","floor":10,"turns":2},{"damage":0,"enemies":"2 Fungi Beasts","floor":12,"turns":1},{"damage":21,"enemies":"Exordium Thugs","floor":14,"turns":6},{"damage":23,"enemies":"Hexaghost","floor":16,"turns":7},{"damage":19,"enemies":"3 Byrds","floor":18,"turns":3},{"damage":23,"enemies":"2 Thieves","floor":19,"turns":3},{"damage":8,"enemies":"Centurion and Healer","floor":21,"turns":4},{"damage":13,"enemies":"Sentry and Sphere","floor":30,"turns":3},{"damage":20,"enemies":"Cultist and Chosen","floor":31,"turns":5},{"damage":60,"enemies":"Collector","floor":33,"turns":3}],"seed_played":"-8989399845764519063","potions_obtained":[{"floor":1,"key":"Dexterity Potion"},{"floor":4,"key":"SpeedPotion"},{"floor":10,"key":"DuplicationPotion"},{"floor":12,"key":"Block Potion"},{"floor":14,"key":"Weak Potion"}],"is_trial":false,"path_per_floor":["M","M","M","M","?","R","$","R","T","M","?","M","R","M","R","B",null,"M","M","?","M","$","R","$","R","T","?","R","$","M","M","R","B"],"character_chosen":"IRONCLAD","items_purchased":["Vajra"],"campfire_rested":1,"item_purchase_floors":[7],"current_hp_per_floor":[65,57,62,30,30,30,30,30,30,28,28,34,43,28,37,20,61,48,31,31,29,29,38,38,47,47,35,44,44,37,23,54,0,0],"gold":69,"neow_bonus":"RANDOM_COMMON_RELIC","is_daily":false,"chose_seed":false,"campfire_upgraded":7,"win_rate":0.0,"timestamp":1613678675,"path_taken":["M","M","M","M","?","R","?","R","T","M","?","M","R","M","R","BOSS","M","M","?","?","$","R","$","R","T","?","R","?","M","M","R","BOSS"],"items_purchased_type":["Relic"],"build_version":"2020-12-22","purchased_purges":2,"victory":false,"max_hp_per_floor":[75,75,75,75,75,75,75,75,75,75,75,75,75,75,75,75,75,75,75,75,75,75,75,75,75,75,75,75,75,75,75,75,75,75],"relic_stats":{"Sozu":4,"Nunchaku":[10],"counters":[14,58],"Sundial":[0],"Eternal Feather":54,"obtain_stats":[{"Sozu":17,"Nunchaku":0,"Sundial":26,"Vajra":7,"Eternal Feather":9,"Burning Blood":0},{"Sozu":8,"Nunchaku":0,"Sundial":11,"Vajra":4,"Eternal Feather":4,"Burning Blood":0},{"Sozu":37,"Nunchaku":0,"Sundial":47,"Vajra":21,"Eternal Feather":21,"Burning Blood":0}],"Burning Blood":78},"card_choices":[{"not_picked":["Ghostly Armor","Dark Embrace"],"picked":"Havoc","floor":1},{"not_picked":["Shrug It Off","Feel No Pain"],"picked":"Sword Boomerang","floor":2},{"not_picked":["Hemokinesis","Armaments"],"picked":"Battle Trance","floor":3},{"not_picked":["Clash","Combust"],"picked":"Whirlwind","floor":4},{"not_picked":["Armaments","Clothesline","Wild Strike"],"picked":"SKIP","floor":10},{"not_picked":["Twin Strike","Sword Boomerang"],"picked":"Flex","floor":12},{"not_picked":["Feel No Pain","Perfected Strike"],"picked":"Double Tap","floor":14},{"not_picked":["Berserk","Feed"],"picked":"Limit Break","floor":16},{"not_picked":["Sword Boomerang","Havoc","Hemokinesis"],"picked":"SKIP","floor":18},{"not_picked":["Thunderclap","Havoc"],"picked":"Rampage+1","floor":19},{"not_picked":["Warcry","Carnage","Body Slam+1"],"picked":"SKIP","floor":21},{"not_picked":["Flame Barrier","Blood for Blood"],"picked":"Inflame","floor":30},{"not_picked":["True Grit","Clothesline","Twin Strike"],"picked":"SKIP","floor":31}],"player_experience":839144,"relics_obtained":[{"floor":9,"key":"Eternal Feather"},{"floor":26,"key":"Sundial"}],"event_choices":[{"damage_healed":0,"gold_gain":0,"player_choice":"0 cards matched","damage_taken":0,"max_hp_gain":0,"max_hp_loss":0,"event_name":"Match and Keep!","floor":5,"gold_loss":0,"cards_obtained":[]},{"damage_healed":0,"gold_gain":0,"player_choice":"Ignored","damage_taken":0,"max_hp_gain":0,"max_hp_loss":0,"event_name":"Shining Light","floor":11,"gold_loss":0},{"damage_healed":0,"gold_gain":50,"player_choice":"Pray","damage_taken":0,"max_hp_gain":0,"max_hp_loss":0,"event_name":"Golden Shrine","floor":20,"gold_loss":0},{"damage_healed":0,"gold_gain":0,"player_choice":"CARD ","damage_taken":12,"max_hp_gain":0,"max_hp_loss":0,"event_name":"Knowing Skull","floor":27,"potions_obtained":[],"gold_loss":0,"cards_obtained":["Discovery"]}],"is_beta":false,"boss_relics":[{"not_picked":["Mark of Pain","Cursed Key"],"picked":"Sozu"}],"items_purged_floors":[22,24],"is_endless":false,"potions_floor_spawned":[1,4,10,12,14,19,21,30,31],"killed_by":"Collector","ascension_level":18}}