{"host":"gc8yb33y1dm65mio","time":1613678465,"event":{"mods":["BaseMod","Bestiary","Colored Map","Colored Powertips","Curses Come First","Highlight Path","Minty Spire (QoL Compilation)","Quick Restart","Relic Stats","StSLib"],"gold_per_floor":[111,123,137,137,157,188,188,188,188,188,214,231,231,231,231,304,304,322,322,335,351,108,108,108,108],"floor_reached":24,"language":"ENG","playtime":1919,"items_purged":["Strike_G"],"score":402,"play_id":"dd1853a7-9411-4418-b9e1-4bf6f117ebc0","local_time":"20210218120105","is_ascension_mode":true,"campfire_choices":[{"data":"Dagger Spray","floor":8.0,"key":"SMITH"},{"data":"Neutralize","floor":10.0,"key":"SMITH"},{"data":"Deadly Poison","floor":13.0,"key":"SMITH"},{"data":"Glass Knife","floor":15.0,"key":"SMITH"},{"floor":23.0,"key":"REST"}],"circlet_count":0,"master_deck":["AscendersBane","Strike_G","Strike_G","Defend_G","Defend_G","Defend_G","Defend_G","Defend_G","Survivor","Neutralize+1","Underhanded Strike","Flying Knee","Backstab","Dagger Spray+1","Deadly Poison+1","Glass Knife+1","Burst","Blade Dance+1","Leg Sweep","Footwork"],"relics":["Ring of the Snake","Boot","Bag of Preparation","Sundial","Turnip","Black Star","Vajra"],"acts_visited":["Exordium","TheCity"],"potions_floor_usage":[],"damage_taken":[{"damage":0.0,"enemies":"Jaw Worm","floor":1.0,"turns":5.0},{"damage":10.0,"enemies":"Small Slimes","floor":2.0,"turns":4.0},{"damage":1.0,"enemies":"Cultist","floor":3.0,"turns":5.0},{"damage":16.0,"enemies":"Large Slime","floor":5.0,"turns":6.0},{"damage":20.0,"enemies":"Lagavulin","floor":6.0,"turns":8.0},{"damage":12.0,"enemies":"3 Sentries","floor":11.0,"turns":8.0},{"damage":6.0,"enemies":"Looter","floor":12.0,"turns":3.0},{"damage":44.0,"enemies":"Hexaghost","floor":16.0,"turns":10.0},{"damage":0.0,"enemies":"3 Byrds","floor":18.0,"turns":4.0},{"damage":12.0,"enemies":"2 Thieves","floor":20.0,"turns":3.0},{"damage":18.0,"enemies":"Sentry and Sphere","floor":21.0,"turns":4.0},{"damage":41,"enemies":"Book of Stabbing","floor":24,"turns":4}],"seed_played":"3754248787137464232","potions_obtained":[{"floor":3.0,"key":"SpeedPotion"},{"floor":5.0,"key":"SneckoOil"},{"floor":12.0,"key":"Energy Potion"},{"floor":16.0,"key":"Explosive Potion"}],"is_trial":false,"path_per_floor":["M","M","M","?","M","E","?","R","T","R","E","M","R","?","R","B",null,"M","?","M","M","$","R","E"],"character_chosen":"THE_SILENT","items_purchased":["Leg Sweep","Footwork"],"campfire_rested":1,"item_purchase_floors":[22,22],"current_hp_per_floor":[59,49,48,41,25,5,66,66,66,66,54,48,48,48,48,4,51,51,51,39,21,21,40,0,0],"gold":108,"neow_bonus":"RANDOM_COMMON_RELIC","is_daily":false,"chose_seed":false,"campfire_upgraded":4,"win_rate":0.0,"timestamp":1613678465,"path_taken":["M","M","M","?","M","E","?","R","T","R","E","?","R","?","R","BOSS","M","?","M","M","$","R","E"],"items_purchased_type":["Card","Card"],"build_version":"2020-12-22","purchased_purges":1,"victory":false,"max_hp_per_floor":[66,66,66,66,66,66,66,66,66,66,66,66,66,66,66,66,66,66,66,66,66,66,66,66,66],"relic_stats":{"counters":[12,64],"Sundial":[6],"Turnip":[5],"Bag of Preparation":[14],"Black Star":0,"Boot":[58],"obtain_stats":[{"Sundial":9,"Vajra":19,"Turnip":11,"Bag of Preparation":6,"Black Star":17,"Boot":0,"Ring of the Snake":0},{"Sundial":5,"Vajra":9,"Turnip":6,"Bag of Preparation":5,"Black Star":8,"Boot":0,"Ring of the Snake":0},{"Sundial":28,"Vajra":53,"Turnip":36,"Bag of Preparation":28,"Black Star":49,"Boot":0,"Ring of the Snake":0}],"Ring of the Snake":[24]},"card_choices":[{"not_picked":["Flying Knee","Quick Slash"],"picked":"Underhanded Strike","floor":1.0},{"not_picked":["Dagger Throw","Slice"],"picked":"Noxious Fumes","floor":2.0},{"not_picked":["Night Terror","Quick Slash"],"picked":"Flying Knee","floor":3.0},{"not_picked":["Dodge and Roll","Deadly Poison"],"picked":"Backstab","floor":5.0},{"not_picked":["Slice","Accuracy"],"picked":"Dagger Spray","floor":6.0},{"not_picked":["Storm of Steel","Bane"],"picked":"Deadly Poison","floor":11.0},{"not_picked":["Sucker Punch","Finisher","Deflect"],"picked":"SKIP","floor":12.0},{"not_picked":["Night Terror","Storm of Steel"],"picked":"Burst","floor":16.0},{"not_picked":["Predator","Blur"],"picked":"Blade Dance+1","floor":18.0},{"not_picked":["Dodge and Roll","Outmaneuver","Bane"],"picked":"SKIP","floor":20.0},{"not_picked":["Slice","Endless Agony","Prepared"],"picked":"SKIP","floor":21.0}],"player_experience":1095006,"relics_obtained":[{"floor":6.0,"key":"Bag of Preparation"},{"floor":9.0,"key":"Sundial"},{"floor":11.0,"key":"Turnip"}],"event_choices":[{"cards_removed":["Strike_G"],"damage_healed":0.0,"max_hp_gain":0.0,"max_hp_loss":0.0,"gold_gain":0.0,"event_name":"Golden Wing","player_choice":"Card Removal","floor":4.0,"gold_loss":0.0,"damage_taken":7.0},{"cards_removed":["Noxious Fumes"],"damage_healed":61.0,"max_hp_gain":0.0,"max_hp_loss":0.0,"gold_gain":0.0,"event_name":"Bonfire Elementals","player_choice":"Offered Uncommon","floor":7.0,"gold_loss":0.0,"damage_taken":0.0},{"damage_healed":0.0,"max_hp_gain":0.0,"max_hp_loss":0.0,"gold_gain":0.0,"cards_transformed":["Strike_G"],"event_name":"Living Wall","player_choice":"Change","floor":14.0,"gold_loss":0.0,"damage_taken":0.0,"cards_obtained":["Glass Knife"]},{"damage_healed":0.0,"max_hp_gain":0.0,"max_hp_loss":0.0,"gold_gain":0.0,"event_name":"WeMeetAgain","player_choice":"Gave Potion","floor":19.0,"gold_loss":0.0,"damage_taken":0.0,"relics_obtained":["Vajra"]}],"is_beta":false,"boss_relics":[{"not_picked":["Snecko Eye","Runic Dome"],"picked":"Black Star"}],"items_purged_floors":[22],"is_endless":false,"potions_floor_spawned":[3,5,12,16],"killed_by":"Book of Stabbing","ascension_level":19}}