{"host":"f7915vm1ahl7kex1","time":1613686162,"event":{"mods":["BaseMod","Colored Map","Downfall","Minty Spire (QoL Compilation)","Quick Restart","StSLib"],"gold_per_floor":[99,99,99,99,99,131,155,155,155,155],"floor_reached":8,"language":"ENG","playtime":153,"items_purged":[],"score":50,"play_id":"1ef97d21-12c5-4a06-8c3e-b61aacb42330","local_time":"20210218160922","is_ascension_mode":false,"campfire_choices":[{"floor":1,"key":"RECALL"}],"circlet_count":0,"master_deck":["bronze:Strike","bronze:Strike","bronze:Strike","bronze:Defend","bronze:Defend","bronze:Defend","bronze:Defend","bronze:Replicate","bronze:Goto","bronze:CloningBeam","bronze:Philosophize"],"relics":["bronze:BronzeCore","downfall:HeartsMalice","CeramicFish","Bag of Preparation"],"acts_visited":["Exordium"],"potions_floor_usage":[8],"damage_taken":[{"damage":0,"enemies":"Cultist","floor":2,"turns":1},{"damage":0,"enemies":"Small Slimes","floor":4,"turns":1},{"damage":0,"enemies":"Jaw Worm","floor":5,"turns":1},{"damage":50,"enemies":"Gremlin Nob","floor":6,"turns":5},{"damage":13,"enemies":"3 Sentries","floor":8,"turns":2}],"seed_played":"6662143141327355994","potions_obtained":[{"floor":6,"key":"Strength Potion"}],"is_trial":false,"path_per_floor":["R","M","?","M","M","E","T","E"],"character_chosen":"THE_AUTOMATON","items_purchased":[],"campfire_rested":0,"item_purchase_floors":[],"current_hp_per_floor":[70,70,70,70,70,20,20,7,7,7],"gold":155,"neow_bonus":"THREE_ENEMY_KILL","is_daily":false,"chose_seed":false,"campfire_upgraded":0,"win_rate":0.0,"timestamp":1613686162,"path_taken":["R","M","?","M","M","E","T","E"],"items_purchased_type":[],"build_version":"2020-12-22","purchased_purges":0,"victory":false,"max_hp_per_floor":[70,70,70,70,70,70,70,70,70,70],"card_choices":[{"not_picked":["bronze:Frontload","bronze:MaxOutput"],"picked":"bronze:CloningBeam","floor":2},{"not_picked":["bronze:DelayedGuard","bronze:Shield","bronze:Invalidate"],"picked":"SKIP","floor":4},{"not_picked":["bronze:Invalidate","bronze:Overload"],"picked":"bronze:Philosophize","floor":5},{"not_picked":["bronze:BronzeArmor","bronze:ClassDefault","bronze:Safeguard"],"picked":"SKIP","floor":6}],"player_experience":1203663,"relics_obtained":[{"floor":6,"key":"CeramicFish"},{"floor":7,"key":"Bag of Preparation"}],"event_choices":[{"cards_removed":["bronze:Strike"],"damage_healed":0,"gold_gain":0,"player_choice":"Card Removal","damage_taken":0,"max_hp_gain":0,"max_hp_loss":0,"event_name":"The Cleric","floor":3,"gold_loss":0}],"is_beta":false,"boss_relics":[],"items_purged_floors":[],"is_endless":false,"potions_floor_spawned":[6],"killed_by":"3 Sentries","ascension_level":0}}