{"host":"q57ekfojy3i00x9o","time":1613670399,"event":{"mods":["Act Like it!","Arknights","Aspiration","BaseMod","Colored Map","Energized Spire","Hermit","Minty Spire (QoL Compilation)","Quick Restart","Spicy Shops","Spikes Relics","StSLib","slay the spire mod where everything is the same but ironclad has a cowboy hat"],"gold_per_floor":[110,72,72,72,86,86,117,50,50,79,79,96,106,123,123,197,197,215,215,39,57,57,91,10,30,30,49,49,78,78,78,78,78,78],"floor_reached":33,"language":"RUS","playtime":727,"items_purged":[],"score":557,"play_id":"5b32a8c0-8dae-4755-a5a5-8c40b1a63a3d","local_time":"20210218224639","is_ascension_mode":true,"campfire_choices":[{"data":"ats:Ambush","floor":6,"key":"SMITH"},{"floor":11,"key":"REST"},{"data":"ats:Flexible Camouflage","floor":15,"key":"SMITH"},{"floor":28,"key":"REST"},{"floor":30,"key":"REST"},{"floor":32,"key":"REST"}],"circlet_count":0,"master_deck":["AscendersBane","ats:Strike C","ats:Strike S","ats:Armor Crushing Shot","ats:Defend","ats:Defend","ats:Defend","ats:Defend","ats:Emotion Absorption","ats:Closed Bolt Burst Fire","ats:Thermite Blade","Injury","ats:Ambush+1","ats:Powerful Strike+1","ats:Flexible Camouflage+1","ats:Red Shift+1","ats:Explosion Area Strengthen+1","ats:Powerful Strike+1","ats:Encircling Forest+1","ats:Shell Defense+1","ats:Nebulous Foxfire+1","ats:Guard Mode+1","ats:Sashimi Platter+1","ats:Apocalypse+1","ats:Explosion Area Strengthen+1","ats:Powerful Strike+1","ats:Leaping Hammer+1","ats:Magnetic Hammer+1","ats:Shadow Raid+1","ats:Apocalypse+1","ats:True Silver Slash+1","ats:Hammer On+1"],"relics":["ats:Sanity","NeowsBlessing","Molten Egg 2","ats:Originium","Nunchaku","Toxic Egg 2","Happy Flower","Tiny Chest","StoneCalendar","Anchor"],"acts_visited":["Exordium","TheCity"],"potions_floor_usage":[10,14,16,23,25],"damage_taken":[{"damage":0,"enemies":"Cultist","floor":1,"turns":2},{"damage":0,"enemies":"2 Louse","floor":5,"turns":1},{"damage":0,"enemies":"Lagavulin","floor":7,"turns":1},{"damage":32,"enemies":"Gremlin Nob","floor":10,"turns":4},{"damage":0,"enemies":"Jaw Worm","floor":12,"turns":2},{"damage":5,"enemies":"Gremlin Gang","floor":13,"turns":4},{"damage":7,"enemies":"2 Fungi Beasts","floor":14,"turns":2},{"damage":16,"enemies":"Hexaghost","floor":16,"turns":8},{"damage":8,"enemies":"Spheric Guardian","floor":18,"turns":3},{"damage":8,"enemies":"2 Thieves","floor":21,"turns":4},{"damage":37,"enemies":"Book of Stabbing","floor":23,"turns":6},{"damage":16,"enemies":"Centurion and Healer","floor":25,"turns":2},{"damage":26,"enemies":"3 Cultists","floor":27,"turns":6},{"damage":19,"enemies":"Slavers","floor":29,"turns":6},{"damage":158,"enemies":"Automaton","floor":33,"turns":12}],"seed_played":"8622489879391829224","potions_obtained":[{"floor":5,"key":"GamblersBrew"},{"floor":10,"key":"ats:Burn Big Potion"},{"floor":14,"key":"Fire Potion"},{"floor":18,"key":"Strength Potion"},{"floor":23,"key":"SteroidPotion"}],"is_trial":false,"path_per_floor":["M","$","?","?","M","R","E","$","T","E","R","M","M","M","R","B",null,"M","?","$","M","$","E","$","M","T","M","R","E","R","?","R","B"],"character_chosen":"DOCTOR_CLASS","items_purchased":["ats:Thermite Blade","ats:Red Shift+1","ats:Sashimi Platter+1","ats:Apocalypse+1","ats:Explosion Area Strengthen+1","ats:Magnetic Hammer+1"],"campfire_rested":4,"item_purchase_floors":[2,8,20,20,20,24],"current_hp_per_floor":[65,65,65,65,65,65,65,65,65,33,54,54,49,42,42,32,62,54,44,44,45,45,24,24,12,12,6,27,30,51,51,72,0,0],"gold":78,"neow_bonus":"THREE_ENEMY_KILL","is_daily":false,"chose_seed":false,"campfire_upgraded":2,"win_rate":0.0,"timestamp":1613670399,"path_taken":["M","$","?","?","M","R","E","$","T","E","R","M","M","M","R","BOSS","M","?","$","?","$","E","?","M","T","M","R","E","R","?","R","BOSS"],"items_purchased_type":["Card","Card","Card","Card","Card","Card"],"build_version":"2020-12-22","purchased_purges":0,"victory":false,"max_hp_per_floor":[72,72,72,72,72,72,72,72,72,72,72,72,72,72,72,72,72,72,72,72,72,72,72,72,72,72,72,72,72,72,72,72,72,72],"card_choices":[{"not_picked":["ats:Poison Spread","ats:Explosion Area Strengthen"],"picked":"ats:Closed Bolt Burst Fire","floor":1},{"not_picked":["ats:Cat Scratch+1","ats:Assault Order"],"picked":"ats:Powerful Strike+1","floor":5},{"not_picked":["ats:Roar Of Ursus","ats:Shell Defense"],"picked":"ats:Flexible Camouflage","floor":7},{"not_picked":["ats:Assault Order+1","ats:Powerful Strike+1"],"picked":"ats:Explosion Area Strengthen+1","floor":10},{"not_picked":["ats:Revitalization+1","ats:Beaten Up+1"],"picked":"ats:Powerful Strike+1","floor":12},{"not_picked":["ats:Absolute Focus+1","ats:Revitalization+1"],"picked":"ats:Encircling Forest+1","floor":13},{"not_picked":["ats:Demon Strength","ats:Curse Doll+1"],"picked":"ats:Shell Defense+1","floor":14},{"not_picked":["ats:Rat Pack+1","ats:Echo Reverb+1"],"picked":"ats:Nebulous Foxfire+1","floor":16},{"not_picked":["ats:Encircling Forest+1","ats:Healing Drone+1"],"picked":"ats:Guard Mode+1","floor":18},{"not_picked":["ats:Guard Mode+1","ats:Explosion Area Strengthen+1"],"picked":"ats:Powerful Strike+1","floor":21},{"not_picked":["ats:Guard Mode+1","ats:Assault Order+1"],"picked":"ats:Leaping Hammer+1","floor":23},{"not_picked":["ats:Automatic Cover+1","ats:Neurotoxin"],"picked":"ats:Shadow Raid+1","floor":25},{"not_picked":["ats:Cat Scratch+1","ats:Shadow Raid+1"],"picked":"ats:Apocalypse+1","floor":27},{"not_picked":["ats:Serious Mode","ats:Guard Mode+1"],"picked":"ats:True Silver Slash+1","floor":29}],"player_experience":778458,"relics_obtained":[{"floor":7,"key":"ats:Originium"},{"floor":7,"key":"Nunchaku"},{"floor":9,"key":"Toxic Egg 2"},{"floor":10,"key":"ats:Originium"},{"floor":10,"key":"Happy Flower"},{"floor":23,"key":"ats:Originium"},{"floor":23,"key":"Tiny Chest"},{"floor":26,"key":"StoneCalendar"},{"floor":29,"key":"ats:Originium"},{"floor":29,"key":"Anchor"}],"event_choices":[{"damage_healed":0,"gold_gain":0,"cards_transformed":["ats:Strike G"],"player_choice":"Transformed","damage_taken":0,"max_hp_gain":0,"max_hp_loss":0,"event_name":"Transmorgrifier","floor":4,"gold_loss":0,"cards_obtained":["ats:Ambush"]},{"damage_healed":0,"gold_gain":0,"player_choice":"Damaged","damage_taken":10,"max_hp_gain":0,"max_hp_loss":0,"event_name":"Wheel of Change","floor":19,"gold_loss":0},{"damage_healed":0,"gold_gain":0,"cards_transformed":["ats:Strike V"],"player_choice":"Transformed","damage_taken":0,"max_hp_gain":0,"max_hp_loss":0,"event_name":"Transmorgrifier","floor":31,"gold_loss":0,"cards_obtained":["ats:Hammer On"]}],"is_beta":false,"boss_relics":[{"not_picked":["Runic Pyramid","energizedSpire:RedRose","aspiration:IroncladSkillbook"]}],"items_purged_floors":[],"is_endless":false,"potions_floor_spawned":[5,10,14,18,23],"killed_by":"Automaton","ascension_level":15}}