{"host":"lktusdb9orijgc6z","time":1613665260,"event":{"mods":["BaseMod","Bestiary","Colored Map","Colored Powertips","Filter the Spire","Minty Spire (QoL Compilation)","Permanent Neow","Quick Restart","Relic Stats","StSLib","everything is the same but u backflip on backflip","slay the spire mod where everything is the same but ironclad has a cowboy hat"],"gold_per_floor":[111,131,148,159,173,15,50,50,50,69,69,100,100,130,130,208,208,227,227,241,252,10,62,12,46,46,46,81,81,128,168,168,246,246,298,298,332,190,209,209,209],"floor_reached":40,"language":"ENG","playtime":2050,"items_purged":["Predator","Survivor","Deflect"],"score":1011,"play_id":"cb4f34c8-0df3-4d3e-97d5-70458014542f","local_time":"20210218172100","is_ascension_mode":true,"campfire_choices":[{"floor":8.0,"key":"REST"},{"floor":11.0,"key":"REST"},{"floor":13.0,"key":"REST"},{"data":"Wraith Form v2","floor":15.0,"key":"SMITH"},{"data":"Noxious Fumes","floor":27.0,"key":"SMITH"},{"data":"Catalyst","floor":32.0,"key":"SMITH"}],"circlet_count":0,"master_deck":["AscendersBane","Strike_G+1","Strike_G+1","Strike_G+1","Strike_G+1","Strike_G+1","Defend_G+1","Defend_G+1","Defend_G+1","Defend_G+1","Defend_G+1","Neutralize","Terror","Crippling Poison","Dodge and Roll","Venomology","Skewer","Poisoned Stab","PiercingWail","Wraith Form v2+1","Dagger Spray","Flechettes","Venomology","Noxious Fumes+1","Concentrate","PiercingWail","HandOfGreed","PiercingWail","Calculated Gamble","Catalyst+1","PiercingWail","After Image","Bouncing Flask"],"relics":["Runic Pyramid","Membership Card","Dream Catcher","Toy Ornithopter","Nunchaku","Pear","Runic Dome","Strange Spoon","MealTicket","Orichalcum","CaptainsWheel","SacredBark","Singing Bowl","Medical Kit"],"acts_visited":["Exordium","TheCity","TheBeyond"],"potions_floor_usage":[40,40,40],"damage_taken":[{"damage":0.0,"enemies":"Cultist","floor":1.0,"turns":4.0},{"damage":0.0,"enemies":"Jaw Worm","floor":2.0,"turns":5.0},{"damage":6.0,"enemies":"2 Louse","floor":3.0,"turns":3.0},{"damage":34.0,"enemies":"Gremlin Gang","floor":4.0,"turns":6.0},{"damage":11.0,"enemies":"Looter","floor":5.0,"turns":3.0},{"damage":6.0,"enemies":"3 Sentries","floor":7.0,"turns":8.0},{"damage":6.0,"enemies":"Blue Slaver","floor":10.0,"turns":4.0},{"damage":36.0,"enemies":"Lagavulin","floor":12.0,"turns":8.0},{"damage":10.0,"enemies":"3 Sentries","floor":14.0,"turns":8.0},{"damage":10.0,"enemies":"Hexaghost","floor":16.0,"turns":10.0},{"damage":28.0,"enemies":"2 Thieves","floor":18.0,"turns":3.0},{"damage":8.0,"enemies":"Chosen","floor":20.0,"turns":5.0},{"damage":10.0,"enemies":"Snake Plant","floor":21.0,"turns":4.0},{"damage":24.0,"enemies":"Slavers","floor":23.0,"turns":4.0},{"damage":22.0,"enemies":"Gremlin Leader","floor":25.0,"turns":5.0},{"damage":12.0,"enemies":"Cultist and Chosen","floor":28.0,"turns":6.0},{"damage":2.0,"enemies":"Book of Stabbing","floor":30.0,"turns":6.0},{"damage":0.0,"enemies":"Shelled Parasite and Fungi","floor":31.0,"turns":4.0},{"damage":1.0,"enemies":"Collector","floor":33.0,"turns":8.0},{"damage":24.0,"enemies":"3 Shapes","floor":35.0,"turns":10.0},{"damage":3.0,"enemies":"Orb Walker","floor":37.0,"turns":5.0},{"damage":12.0,"enemies":"Transient","floor":39.0,"turns":6.0},{"damage":95,"enemies":"Reptomancer","floor":40,"turns":9}],"seed_played":"646109987409535663","potions_obtained":[{"floor":1.0,"key":"BlessingOfTheForge"},{"floor":3.0,"key":"PowerPotion"},{"floor":5.0,"key":"SteroidPotion"},{"floor":12.0,"key":"EssenceOfSteel"},{"floor":21.0,"key":"CultistPotion"},{"floor":23.0,"key":"Block Potion"},{"floor":35.0,"key":"Fire Potion"}],"is_trial":false,"path_per_floor":["M","M","M","M","M","$","E","R","T","M","R","E","R","E","R","B",null,"M","?","M","M","$","E","$","E","T","R","M","?","E","M","R","B",null,"M","?","M","$","M","E"],"character_chosen":"THE_SILENT","items_purchased":["Membership Card","Strange Spoon","PiercingWail","HandOfGreed","Medical Kit"],"campfire_rested":3,"item_purchase_floors":[6,22,22,22,38],"current_hp_per_floor":[59,59,53,19,8,8,2,21,21,15,34,3,22,27,27,27,64,36,36,38,38,38,24,39,32,32,32,20,20,23,33,33,42,68,59,59,63,78,78,0,0],"gold":209,"neow_bonus":"BOSS_RELIC","is_daily":false,"chose_seed":false,"campfire_upgraded":3,"win_rate":0.0,"timestamp":1613665260,"path_taken":["M","M","M","M","?","$","E","R","T","M","R","E","R","E","R","BOSS","M","?","M","M","$","E","$","E","T","R","M","?","E","M","R","BOSS","M","?","?","$","M","E"],"items_purchased_type":["Relic","Relic","Card","Card","Relic"],"build_version":"2020-12-22","purchased_purges":3,"victory":false,"max_hp_per_floor":[66,66,66,66,66,66,66,66,66,66,66,66,66,76,76,76,76,76,76,76,76,76,76,76,76,76,76,76,76,76,76,76,76,76,76,76,78,78,80,80,80],"relic_stats":{"Strange Spoon":[41],"Dream Catcher":3,"Nunchaku":[14],"Singing Bowl":4,"counters":[23,134],"MealTicket":30,"Orichalcum":[156],"Medical Kit":[4],"obtain_stats":[{"Pear":14,"Singing Bowl":36,"SacredBark":34,"Orichalcum":25,"Medical Kit":38,"Runic Dome":17,"Strange Spoon":22,"Dream Catcher":7,"Nunchaku":12,"CaptainsWheel":30,"MealTicket":23,"Membership Card":6,"Toy Ornithopter":9,"Ring of the Snake":0,"Runic Pyramid":0},{"Pear":9,"Singing Bowl":20,"SacredBark":19,"Orichalcum":15,"Medical Kit":21,"Runic Dome":10,"Strange Spoon":13,"Dream Catcher":6,"Nunchaku":8,"CaptainsWheel":17,"MealTicket":14,"Membership Card":5,"Toy Ornithopter":6,"Ring of the Snake":0,"Runic Pyramid":0},{"Pear":49,"Singing Bowl":114,"SacredBark":104,"Orichalcum":80,"Medical Kit":119,"Runic Dome":59,"Strange Spoon":71,"Dream Catcher":29,"Nunchaku":41,"CaptainsWheel":92,"MealTicket":75,"Membership Card":21,"Toy Ornithopter":29,"Ring of the Snake":0,"Runic Pyramid":0}],"Toy Ornithopter":127},"card_choices":[{"not_picked":["Leg Sweep","Eviscerate"],"picked":"Predator","floor":1.0},{"not_picked":["Poisoned Stab","Underhanded Strike"],"picked":"Terror","floor":2.0},{"not_picked":["Escape Plan","All Out Attack"],"picked":"Deflect","floor":3.0},{"not_picked":["Infinite Blades","Choke"],"picked":"Crippling Poison","floor":4.0},{"not_picked":["Sucker Punch","Outmaneuver"],"picked":"Dodge and Roll","floor":5.0},{"not_picked":["Distraction","Sucker Punch"],"picked":"Venomology","floor":7.0},{"not_picked":["Eviscerate","Flying Knee"],"picked":"Skewer","floor":8.0},{"not_picked":["Quick Slash","Dodge and Roll"],"picked":"Poisoned Stab","floor":10.0},{"not_picked":["Poisoned Stab","Underhanded Strike"],"picked":"PiercingWail","floor":11.0},{"not_picked":["Slice","Blade Dance"],"picked":"Wraith Form v2","floor":12.0},{"not_picked":["Skewer","Eviscerate"],"picked":"Dagger Spray","floor":13.0},{"not_picked":["Infinite Blades","Acrobatics"],"picked":"Flechettes","floor":14.0},{"not_picked":["Malaise","Die Die Die"],"picked":"Venomology","floor":16.0},{"not_picked":["Acrobatics+1","Dagger Spray"],"picked":"Dagger Throw+1","floor":18.0},{"not_picked":["PiercingWail","Dodge and Roll"],"picked":"Noxious Fumes","floor":20.0},{"not_picked":["Accuracy","Flying Knee"],"picked":"Concentrate","floor":21.0},{"not_picked":["Dodge and Roll","Well Laid Plans+1"],"picked":"PiercingWail","floor":23.0},{"not_picked":["Cloak And Dagger","Flechettes"],"picked":"Calculated Gamble","floor":25.0},{"not_picked":["Acrobatics","All Out Attack"],"picked":"Catalyst","floor":28.0},{"not_picked":["Dagger Throw+1","Infinite Blades","Predator"],"picked":"SKIP","floor":30.0},{"not_picked":["Escape Plan","All Out Attack"],"picked":"PiercingWail","floor":31.0},{"not_picked":["Phantasmal Killer","Unload"],"picked":"After Image","floor":33.0},{"not_picked":["Quick Slash","Accuracy"],"picked":"Bouncing Flask","floor":35.0},{"not_picked":["Backflip","Predator","Escape Plan"],"picked":"Singing Bowl","floor":37.0},{"not_picked":["Dodge and Roll","Outmaneuver+1","Accuracy"],"picked":"Singing Bowl","floor":39.0}],"player_experience":798895,"relics_obtained":[{"floor":7.0,"key":"Dream Catcher"},{"floor":9.0,"key":"Toy Ornithopter"},{"floor":12.0,"key":"Nunchaku"},{"floor":14.0,"key":"Pear"},{"floor":23.0,"key":"MealTicket"},{"floor":25.0,"key":"Orichalcum"},{"floor":30.0,"key":"CaptainsWheel"}],"event_choices":[{"damage_healed":0.0,"max_hp_gain":0.0,"max_hp_loss":0.0,"gold_gain":0.0,"event_name":"Back to Basics","player_choice":"Simplicity","floor":19.0,"gold_loss":0.0,"damage_taken":0.0,"cards_upgraded":["Strike_G","Strike_G","Strike_G","Strike_G","Strike_G","Defend_G","Defend_G","Defend_G","Defend_G","Defend_G"]},{"damage_healed":0.0,"max_hp_gain":0.0,"max_hp_loss":0.0,"gold_gain":0.0,"event_name":"Cursed Tome","player_choice":"Ignored","floor":29.0,"gold_loss":0.0,"damage_taken":0.0},{"cards_removed":["Dagger Throw"],"damage_healed":0.0,"max_hp_gain":0.0,"max_hp_loss":0.0,"gold_gain":0.0,"event_name":"WeMeetAgain","player_choice":"Gave Card","floor":36.0,"gold_loss":0.0,"damage_taken":0.0,"relics_obtained":["Singing Bowl"]}],"is_beta":false,"boss_relics":[{"not_picked":["Ectoplasm","Snecko Eye"],"picked":"Runic Dome"},{"not_picked":["Calling Bell","Coffee Dripper"],"picked":"SacredBark"}],"items_purged_floors":[22,24,38],"is_endless":false,"potions_floor_spawned":[1,3,5,12,18,21,23,35,39],"killed_by":"Reptomancer","ascension_level":20}}