{"host":"mo324zvkdr1xwprd","time":1613608487,"event":{"mods":["A Penny For Your Troubles","BaseMod","Better Note","Better Third Choice","BetterRewards","Hermit","Highlight Path","Hubris","Minty Spire (QoL Compilation)","Quick Restart","Rare Cards Sparkle","Shop Mod","StSLib","The Cursed","The Hierophant","The Servant 0.9.4","Transform Curses"],"gold_per_floor":[112,126,136,156,173,199,199,229,229,242,242,242,258,296,296,386,386,402,420,420,444,464,464,480,498,547,586,586,47,83,126,126,126,126],"floor_reached":33,"language":"ENG","playtime":2635,"items_purged":[],"score":832,"play_id":"7e4bb9b1-d0fb-484c-ab44-1e401b06ff7f","local_time":"20210218003447","is_ascension_mode":true,"campfire_choices":[{"data":"Seeing Red","floor":12.0,"key":"SMITH"},{"data":"hubris:EnhanceAbility","floor":15.0,"key":"SMITH"},{"floor":23.0,"key":"RECALL"},{"data":"Demon Form","floor":32.0,"key":"SMITH"}],"circlet_count":0,"master_deck":["AscendersBane","Strike_R","Strike_R","Strike_R","Strike_R","Strike_R","Defend_R","Defend_R","Defend_R","Defend_R","Bash","Violence","Seeing Red+1","Perfected Strike","Ghostly Armor","Cleave","Pommel Strike","hubris:EnhanceAbility+1","Flame Barrier","Flame Barrier","Dual Wield","Pummel","Rage","hubris:StunningStrike","hubris:CleavingFinish","Ghostly Armor","Injury","Perfected Strike","Intimidate","Juggernaut","Metallicize+1","Iron Wave+1","Inflame","Flex","Disarm","Inflame","Thunderclap","Demon Form+1"],"relics":["Burning Blood","Frozen Eye","Ornamental Fan","Nunchaku","TungstenRod","Orrery","Pantograph","Magic Flower","Bottled Lightning","Bird Faced Urn","HornCleat","hubris:CrystalStatue","Tiny Chest","Golden Idol","hubris:TenFootPole","Black Star","PreservedInsect","hubris:AstralHammer","Paper Frog","hubris:BottledHeart","Singing Bowl","Toolbox","Art of War","Question Card","Red Mask"],"acts_visited":["Exordium","TheCity"],"potions_floor_usage":[33],"damage_taken":[{"damage":2.0,"enemies":"2 Louse","floor":1.0,"turns":3.0},{"damage":0.0,"enemies":"Cultist","floor":2.0,"turns":3.0},{"damage":0.0,"enemies":"Jaw Worm","floor":3.0,"turns":4.0},{"damage":0.0,"enemies":"2 Fungi Beasts","floor":4.0,"turns":4.0},{"damage":3.0,"enemies":"Red Slaver","floor":5.0,"turns":5.0},{"damage":22.0,"enemies":"Gremlin Nob","floor":6.0,"turns":5.0},{"damage":3.0,"enemies":"3 Sentries","floor":8.0,"turns":8.0},{"damage":0.0,"enemies":"Exordium Wildlife","floor":10.0,"turns":5.0},{"damage":0.0,"enemies":"3 Louse","floor":13.0,"turns":2.0},{"damage":0.0,"enemies":"Lagavulin","floor":14.0,"turns":5.0},{"damage":13.0,"enemies":"Hexaghost","floor":16.0,"turns":11.0},{"damage":0.0,"enemies":"3 Byrds","floor":18.0,"turns":6.0},{"damage":0.0,"enemies":"Spheric Guardian","floor":19.0,"turns":5.0},{"damage":9.0,"enemies":"Centurion and Healer","floor":22.0,"turns":9.0},{"damage":48.0,"enemies":"Cultist and Chosen","floor":24.0,"turns":8.0},{"damage":30.0,"enemies":"Sentry and Sphere","floor":25.0,"turns":8.0},{"damage":28.0,"enemies":"Slavers","floor":27.0,"turns":5.0},{"damage":0.0,"enemies":"Gremlin Leader","floor":30.0,"turns":6.0},{"damage":0.0,"enemies":"Masked Bandits","floor":31.0,"turns":6.0},{"damage":1,"enemies":"Collector","floor":33,"turns":6}],"seed_played":"-4355753419875989229","potions_obtained":[{"floor":1.0,"key":"ElixirPotion"},{"floor":8.0,"key":"SpeedPotion"},{"floor":10.0,"key":"GamblersBrew"},{"floor":13.0,"key":"ColorlessPotion"},{"floor":14.0,"key":"Explosive Potion"},{"floor":22.0,"key":"Explosive Potion"},{"floor":24.0,"key":"BloodPotion"},{"floor":30.0,"key":"Fire Potion"},{"floor":31.0,"key":"Block Potion"}],"is_trial":false,"path_per_floor":["M","M","M","M","M","E","?","E","T","M","?","R","M","E","R","B",null,"M","M","?","T","M","R","M","M","T","E","?","$","E","?","R","B"],"character_chosen":"IRONCLAD","items_purchased":["Frozen Eye","Ornamental Fan","Nunchaku","Violence","Orrery","Pantograph","hubris:EnhanceAbility","Bottled Lightning","Singing Bowl","Demon Form","Toolbox"],"campfire_rested":0,"item_purchase_floors":[0,0,0,0,0,0,0,0,29,29,29],"current_hp_per_floor":[34,46,58,70,79,69,69,78,78,80,80,80,80,80,80,79,80,80,80,80,80,80,80,63,51,51,41,1,1,1,1,1,0,0],"gold":126,"neow_bonus":"","is_daily":false,"chose_seed":false,"campfire_upgraded":3,"win_rate":0.0,"timestamp":1613608487,"path_taken":["M","M","M","M","M","E","?","E","T","?","?","R","M","E","R","BOSS","M","M","?","?","M","R","?","M","T","E","?","$","E","?","R","BOSS"],"items_purchased_type":["Relic","Relic","Relic","Card","Relic","Relic","Card","Relic","Relic","Card","Relic"],"build_version":"2020-12-22","purchased_purges":0,"victory":false,"max_hp_per_floor":[80,80,80,80,80,80,80,80,80,80,80,80,80,80,80,80,80,80,80,80,80,80,80,80,80,80,80,1,1,1,1,1,1,1],"card_choices":[{"not_picked":["Clothesline","Thunderclap"],"picked":"Seeing Red","floor":0.0},{"not_picked":["hubris:CleavingFinish","Power Through"],"picked":"Perfected Strike","floor":0.0},{"not_picked":["Disarm","Twin Strike"],"picked":"Ghostly Armor","floor":0.0},{"not_picked":["Iron Wave","Clash"],"picked":"Cleave","floor":0.0},{"not_picked":["Exhume","Wild Strike"],"picked":"Pommel Strike","floor":0.0},{"not_picked":["Body Slam","Havoc"],"picked":"Flame Barrier","floor":1.0},{"not_picked":["Fire Breathing","Metallicize"],"picked":"Flame Barrier","floor":2.0},{"not_picked":["Fire Breathing","Headbutt"],"picked":"Dual Wield","floor":3.0},{"not_picked":["Sword Boomerang","Thunderclap"],"picked":"Pummel","floor":4.0},{"not_picked":["Searing Blow","hubris:ReadiedAction"],"picked":"Rage","floor":5.0},{"not_picked":["Pommel Strike","Clothesline"],"picked":"hubris:StunningStrike","floor":6.0},{"not_picked":["True Grit","Hemokinesis"],"picked":"hubris:CleavingFinish","floor":8.0},{"not_picked":["True Grit","Searing Blow"],"picked":"Ghostly Armor","floor":10.0},{"not_picked":["Clash","Entrench"],"picked":"Perfected Strike","floor":13.0},{"not_picked":["Fiend Fire","Sword Boomerang"],"picked":"Intimidate","floor":14.0},{"not_picked":["Immolate","hubris:StunningStrike"],"picked":"Juggernaut","floor":16.0},{"not_picked":["Cleave","Wild Strike+1"],"picked":"Metallicize+1","floor":18.0},{"not_picked":["hubris:ReadiedAction","True Grit"],"picked":"Iron Wave+1","floor":19.0},{"not_picked":["Bludgeon","Perfected Strike"],"picked":"Flex","floor":22.0},{"not_picked":["Sword Boomerang","Body Slam"],"picked":"Disarm","floor":24.0},{"not_picked":["Infernal Blade+1","Wild Strike"],"picked":"Inflame","floor":25.0},{"not_picked":["Clash","Cleave"],"picked":"Thunderclap","floor":27.0},{"not_picked":["Intimidate","Sword Boomerang","Clash"],"picked":"Singing Bowl","floor":30.0},{"not_picked":["Warcry","Clash","Combust","Shrug It Off"],"picked":"Singing Bowl","floor":31.0}],"player_experience":746728,"relics_obtained":[{"floor":6.0,"key":"HornCleat"},{"floor":8.0,"key":"hubris:CrystalStatue"},{"floor":9.0,"key":"Tiny Chest"},{"floor":14.0,"key":"hubris:TenFootPole"},{"floor":21.0,"key":"PreservedInsect"},{"floor":27.0,"key":"hubris:AstralHammer"},{"floor":27.0,"key":"Paper Frog"},{"floor":30.0,"key":"Art of War"},{"floor":30.0,"key":"Question Card"},{"floor":31.0,"key":"Red Mask"}],"event_choices":[{"damage_healed":0.0,"max_hp_gain":0.0,"max_hp_loss":0.0,"gold_gain":0.0,"event_name":"Purifier","player_choice":"Ignored","floor":7.0,"gold_loss":0.0,"damage_taken":0.0},{"damage_healed":0.0,"max_hp_gain":0.0,"max_hp_loss":0.0,"gold_gain":0.0,"event_name":"Golden Idol","player_choice":"Take Wound","floor":11.0,"gold_loss":0.0,"damage_taken":0.0,"relics_obtained":["Golden Idol"],"cards_obtained":["Injury"]},{"damage_healed":0.0,"max_hp_gain":0.0,"max_hp_loss":0.0,"gold_gain":0.0,"event_name":"The Library","player_choice":"Read","floor":20.0,"gold_loss":0.0,"damage_taken":0.0,"cards_obtained":["Inflame"]},{"damage_healed":0.0,"max_hp_gain":0.0,"max_hp_loss":0.0,"gold_gain":0.0,"event_name":"Masked Bandits","player_choice":"Fought Bandits","floor":31.0,"gold_loss":0.0,"damage_taken":0.0}],"is_beta":false,"boss_relics":[{"not_picked":["Astrolabe","Mark of Pain"],"picked":"Black Star"}],"items_purged_floors":[],"is_endless":false,"potions_floor_spawned":[1,8,10,13,14,22,24,30,31],"killed_by":"Collector","ascension_level":13}}