{"host":"72n3jwtrlpjobydj","time":1613644316,"event":{"mods":["AchievementEnabler","BaseMod","CapriCore","DeckTracker","Hermit","Koishi","KomeijiMod","Lobotomy","Marisa£¨Ùöéë¡¡Øª×âÞÞ£©","Minty Spire (QoL Compilation)","Permanent Neow","StSLib","SuperFastMode","The Cursed","The Hierophant","The Immortal"],"gold_per_floor":[109,123,73,84,99,132,132,142,194,41,41,41,65,65,65,65,65],"floor_reached":16,"language":"KOR","playtime":470,"items_purged":[],"score":102,"play_id":"890da0e1-fdc4-47f8-a846-3c10ff21d53b","local_time":"20210218193156","is_ascension_mode":false,"campfire_choices":[{"floor":7,"key":"REST"},{"floor":15,"key":"REST"}],"circlet_count":0,"master_deck":["Strike_R","Strike_R","Strike_R","Strike_R","Strike_R","Defend_R","Defend_R","Defend_R","Bash","Pummel","Perfected Strike","Wild Strike","Injury","Pommel Strike"],"relics":["Burning Blood","NeowsBlessing","Eternal Feather","Regal Pillow","HandDrill","Golden Idol","Torii"],"acts_visited":["Exordium"],"potions_floor_usage":[13,16,16],"damage_taken":[{"damage":0,"enemies":"Jaw Worm","floor":1,"turns":1},{"damage":0,"enemies":"Small Slimes","floor":2,"turns":1},{"damage":0,"enemies":"Cultist","floor":4,"turns":1},{"damage":9,"enemies":"2 Fungi Beasts","floor":5,"turns":3},{"damage":62,"enemies":"3 Sentries","floor":6,"turns":10},{"damage":20,"enemies":"Exordium Thugs","floor":8,"turns":4},{"damage":11,"enemies":"Looter","floor":13,"turns":3},{"damage":96,"enemies":"The Guardian","floor":16,"turns":11}],"seed_played":"2451734301996528967","potions_obtained":[{"floor":1,"key":"Weak Potion"},{"floor":8,"key":"Regen Potion"},{"floor":13,"key":"DuplicationPotion"}],"is_trial":false,"path_per_floor":["M","M","?","M","M","E","R","M","T","$","?","T","M","?","R","B"],"character_chosen":"IRONCLAD","items_purchased":["HandDrill"],"campfire_rested":2,"item_purchase_floors":[10],"current_hp_per_floor":[80,80,80,80,77,21,51,37,37,37,37,37,37,37,80,0,0],"gold":65,"neow_bonus":"THREE_ENEMY_KILL","is_daily":false,"chose_seed":false,"campfire_upgraded":0,"win_rate":0.0,"timestamp":1613644316,"path_taken":["M","M","?","M","M","E","R","M","T","$","?","?","?","?","R","BOSS"],"items_purchased_type":["Relic"],"build_version":"2020-12-22","purchased_purges":0,"victory":false,"max_hp_per_floor":[80,80,80,80,80,80,80,80,80,80,80,80,80,80,80,80,80],"card_choices":[{"not_picked":["Battle Trance","True Grit"],"picked":"Pummel","floor":1},{"not_picked":["Twin Strike","Second Wind"],"picked":"Perfected Strike","floor":2},{"not_picked":["Armaments","Havoc","Thunderclap"],"picked":"SKIP","floor":4},{"not_picked":["Sword Boomerang","Spot Weakness","Cleave"],"picked":"SKIP","floor":5},{"not_picked":["Sword Boomerang","Reckless Charge"],"picked":"Wild Strike","floor":6},{"not_picked":["Whirlwind","Carnage","Immolate"],"picked":"SKIP","floor":8},{"not_picked":["Heavy Blade","Clothesline"],"picked":"Pommel Strike","floor":13}],"player_experience":70353,"relics_obtained":[{"floor":6,"key":"Eternal Feather"},{"floor":9,"key":"Regal Pillow"},{"floor":12,"key":"Torii"}],"event_choices":[{"cards_removed":["Defend_R"],"damage_healed":0,"gold_gain":0,"player_choice":"Card Removal","damage_taken":0,"max_hp_gain":0,"max_hp_loss":0,"event_name":"The Cleric","floor":3,"gold_loss":50},{"damage_healed":0,"gold_gain":0,"player_choice":"Take Wound","damage_taken":0,"relics_obtained":["Golden Idol"],"max_hp_gain":0,"max_hp_loss":0,"event_name":"Golden Idol","floor":11,"gold_loss":0,"cards_obtained":["Injury"]},{"damage_healed":0,"gold_gain":0,"player_choice":"Ignored","damage_taken":0,"max_hp_gain":0,"max_hp_loss":0,"event_name":"NoteForYourself","floor":14,"gold_loss":0}],"is_beta":false,"boss_relics":[],"items_purged_floors":[],"is_endless":false,"potions_floor_spawned":[1,8,13],"killed_by":"The Guardian","ascension_level":0}}