{"host":"n1v11un6j7y72mz7","time":1613620111,"event":{"mods":["Act Like it!","BaseMod","Downfall","Minty Spire (QoL Compilation)","Reliquary","StSLib","The Animator","Waifu the Spire"],"gold_per_floor":[109,109,121,139,139,139,466,466,466,436,454,489,506,525,525,627,627,627,104,124,141,141,141,175,175,175,274,286,299,299,317,317,418,418,437,449,499,499,17,17,17,17,17,17,17,31,31,31,31],"floor_reached":48,"language":"ZHS","playtime":1551,"items_purged":["Defend_P","Strike_P"],"score":510,"play_id":"88053fe3-75e4-48b7-9b77-1a93e1f7c942","local_time":"20210218114831","is_ascension_mode":false,"campfire_choices":[{"data":"Eruption","floor":6.0,"key":"SMITH"},{"floor":8.0,"key":"REST"},{"floor":15.0,"key":"REST"},{"data":"Devotion","floor":23.0,"key":"SMITH"},{"floor":25.0,"key":"REST"},{"data":"1","floor":30.0,"key":"LIFT"},{"floor":32.0,"key":"REST"},{"data":"Worship","floor":40.0,"key":"SMITH"},{"data":"ThirdEye","floor":42.0,"key":"SMITH"},{"data":"ClearTheMind","floor":44.0,"key":"SMITH"}],"circlet_count":0,"master_deck":["Strike_P","Strike_P","Strike_P","Defend_P","Defend_P","Defend_P","Eruption+1","Vigilance","Swivel","InnerPeace","Pray","Devotion+1","BattleHymn","TalkToTheHand","CarveReality","ClearTheMind+1","DeusExMachina","BowlingBash+1","DeceiveReality","Vengeance+1","MentalFortress+1","SandsOfTime","ThirdEye+1","Blasphemy","ReachHeaven+1","JustLucky+1","FollowUp+1","Worship+1","Madness","Madness","Crescendo+1"],"relics":["HolyWater","NeowsBlessing","HornCleat","Old Coin","Letter Opener","Pen Nib","champ:DuelingGlove","HandDrill","Nilry\u0027s Codex","CloakClasp","Girya","Coffee Dripper","Du-Vu Doll","PrismaticShard","Slimebound:StickyStick","reliquary:BoilingFlask"],"acts_visited":["Exordium","TheCity","TheBeyond"],"potions_floor_usage":[],"damage_taken":[{"damage":0.0,"enemies":"Small Slimes","floor":1.0,"turns":1.0},{"damage":0.0,"enemies":"2 Louse","floor":3.0,"turns":1.0},{"damage":0.0,"enemies":"Jaw Worm","floor":4.0,"turns":1.0},{"damage":27.0,"enemies":"Gremlin Nob","floor":7.0,"turns":5.0},{"damage":5.0,"enemies":"Looter","floor":10.0,"turns":4.0},{"damage":15.0,"enemies":"Exordium Wildlife","floor":11.0,"turns":4.0},{"damage":1.0,"enemies":"3 Sentries","floor":12.0,"turns":4.0},{"damage":12.0,"enemies":"Blue Slaver","floor":13.0,"turns":2.0},{"damage":2.0,"enemies":"2 Fungi Beasts","floor":14.0,"turns":2.0},{"damage":28.0,"enemies":"Hexaghost","floor":16.0,"turns":8.0},{"damage":2.0,"enemies":"3 Byrds","floor":18.0,"turns":3.0},{"damage":0.0,"enemies":"Shell Parasite","floor":20.0,"turns":1.0},{"damage":15.0,"enemies":"Chosen and Byrds","floor":21.0,"turns":5.0},{"damage":33.0,"enemies":"Slavers","floor":24.0,"turns":5.0},{"damage":0.0,"enemies":"Snecko","floor":28.0,"turns":3.0},{"damage":0.0,"enemies":"Cultist and Chosen","floor":29.0,"turns":4.0},{"damage":6.0,"enemies":"Centurion and Healer","floor":31.0,"turns":5.0},{"damage":0.0,"enemies":"Automaton","floor":33.0,"turns":3.0},{"damage":10.0,"enemies":"3 Shapes","floor":35.0,"turns":4.0},{"damage":11.0,"enemies":"3 Darklings","floor":36.0,"turns":6.0},{"damage":13.0,"enemies":"Mind Bloom Boss Battle","floor":37.0,"turns":4.0},{"damage":10.0,"enemies":"Jaw Worm Horde","floor":46.0,"turns":4.0},{"damage":0,"enemies":"Transient","floor":48,"turns":3}],"seed_played":"-6677044662039112965","potions_obtained":[{"floor":1.0,"key":"Ambrosia"},{"floor":12.0,"key":"SmokeBomb"},{"floor":16.0,"key":"Fire Potion"},{"floor":21.0,"key":"BottledMiracle"},{"floor":28.0,"key":"AttackPotion"},{"floor":29.0,"key":"PowerPotion"},{"floor":35.0,"key":"bronze:BurnAndBuffPotion"},{"floor":37.0,"key":"PowerPotion"}],"is_trial":false,"path_per_floor":["M","?","M","M","?","R","E","R","T","M","M","E","M","M","R","B",null,"M","$","M","M","?","R","E","R","T","?","M","M","R","M","R","B",null,"M","M","?","?","$","R","?","R","T","R","?","M","$","M"],"character_chosen":"WATCHER","items_purchased":["champ:DuelingGlove","HandDrill","Worship","PrismaticShard","Slimebound:StickyStick"],"campfire_rested":4,"item_purchase_floors":[19,19,39,39,39],"current_hp_per_floor":[72,60,60,60,65,65,38,61,61,56,41,40,28,26,49,21,77,75,75,75,60,44,44,11,34,34,34,34,34,34,28,51,51,77,67,56,43,43,43,43,43,43,43,43,33,23,23,23,23],"gold":31,"neow_bonus":"THREE_ENEMY_KILL","is_daily":false,"chose_seed":false,"campfire_upgraded":5,"win_rate":0.0,"timestamp":1613620111,"path_taken":["M","?","M","M","?","R","E","R","T","M","M","E","M","M","R","BOSS","M","$","M","M","?","R","E","R","T","?","M","M","R","M","R","BOSS","M","M","?","?","$","R","?","R","T","R","?","?","$","M"],"items_purchased_type":["Relic","Relic","Card","Relic","Relic"],"build_version":"2020-12-22","purchased_purges":2,"victory":false,"max_hp_per_floor":[72,72,72,72,77,77,77,77,77,77,77,77,77,77,77,77,77,77,77,77,77,77,77,77,77,77,77,77,77,77,77,77,77,77,77,77,77,77,77,77,77,77,77,77,77,77,77,77,77],"card_choices":[{"not_picked":["EmptyBody","PathToVictory"],"picked":"Swivel","floor":1.0},{"not_picked":["Fasting2","CutThroughFate"],"picked":"InnerPeace","floor":3.0},{"not_picked":["EmptyFist","SashWhip"],"picked":"Pray","floor":4.0},{"not_picked":["ForeignInfluence","Protect"],"picked":"Devotion","floor":7.0},{"not_picked":["Perseverance","SandsOfTime"],"picked":"BattleHymn","floor":10.0},{"not_picked":["PathToVictory","Sanctity"],"picked":"TalkToTheHand","floor":11.0},{"not_picked":["EmptyBody","CutThroughFate"],"picked":"CarveReality","floor":12.0},{"not_picked":["Consecrate","EmptyBody"],"picked":"ClearTheMind","floor":13.0},{"not_picked":["Consecrate","Pray"],"picked":"Study","floor":14.0},{"not_picked":["Scrawl","Blasphemy"],"picked":"DeusExMachina","floor":16.0},{"not_picked":["WindmillStrike+1","Halt"],"picked":"BowlingBash+1","floor":20.0},{"not_picked":["WaveOfTheHand+1","FlyingSleeves"],"picked":"DeceiveReality","floor":21.0},{"not_picked":["ClearTheMind","JustLucky"],"picked":"Vengeance+1","floor":24.0},{"not_picked":["Halt","PathToVictory"],"picked":"MentalFortress+1","floor":28.0},{"not_picked":["FlyingSleeves","Meditate"],"picked":"SandsOfTime","floor":29.0},{"not_picked":["SashWhip+1","Consecrate"],"picked":"ThirdEye","floor":31.0},{"not_picked":["Scrawl","Omniscience"],"picked":"Blasphemy","floor":33.0},{"not_picked":["FlurryOfBlows+1","EmptyBody"],"picked":"ReachHeaven+1","floor":35.0},{"not_picked":["Perseverance+1","Evaluate"],"picked":"JustLucky+1","floor":36.0},{"not_picked":["CarveReality+1","PathToVictory+1"],"picked":"FollowUp+1","floor":37.0},{"not_picked":["Gash+1","animator:Emonzaemon"],"picked":"Crescendo+1","floor":46.0}],"player_experience":206242,"relics_obtained":[{"floor":7.0,"key":"Old Coin"},{"floor":9.0,"key":"Letter Opener"},{"floor":12.0,"key":"Pen Nib"},{"floor":22.0,"key":"Nilry\u0027s Codex"},{"floor":24.0,"key":"CloakClasp"},{"floor":26.0,"key":"Girya"},{"floor":37.0,"key":"Du-Vu Doll"},{"floor":43.0,"key":"reliquary:BoilingFlask"}],"event_choices":[{"damage_healed":0.0,"max_hp_gain":0.0,"max_hp_loss":0.0,"gold_gain":0.0,"event_name":"Scrap Ooze","player_choice":"Success","floor":2.0,"gold_loss":0.0,"damage_taken":12.0,"relics_obtained":["HornCleat"]},{"damage_healed":0.0,"max_hp_gain":5.0,"max_hp_loss":0.0,"gold_gain":0.0,"event_name":"Big Fish","player_choice":"Donut","floor":5.0,"gold_loss":0.0,"damage_taken":0.0},{"damage_healed":0.0,"max_hp_gain":0.0,"max_hp_loss":0.0,"gold_gain":0.0,"event_name":"Cursed Tome","player_choice":"Obtained Book","floor":22.0,"gold_loss":0.0,"damage_taken":16.0},{"damage_healed":0.0,"max_hp_gain":0.0,"max_hp_loss":0.0,"gold_gain":99.0,"event_name":"Nest","player_choice":"Stole From Cult","floor":27.0,"gold_loss":0.0,"damage_taken":0.0},{"damage_healed":0.0,"max_hp_gain":0.0,"max_hp_loss":0.0,"gold_gain":0.0,"event_name":"MindBloom","player_choice":"Fight","floor":37.0,"gold_loss":0.0,"damage_taken":0.0},{"damage_healed":0.0,"max_hp_gain":0.0,"max_hp_loss":0.0,"gold_gain":0.0,"event_name":"Tomb of Lord Red Mask","player_choice":"Ignored","floor":38.0,"gold_loss":0.0,"damage_taken":0.0},{"cards_removed":["Study"],"damage_healed":0.0,"max_hp_gain":0.0,"max_hp_loss":0.0,"gold_gain":0.0,"event_name":"Falling","player_choice":"Removed Power","floor":41.0,"gold_loss":0.0,"damage_taken":0.0},{"damage_healed":0.0,"max_hp_gain":0.0,"max_hp_loss":0.0,"gold_gain":0.0,"event_name":"Winding Halls","player_choice":"Embrace Madness","floor":45.0,"gold_loss":0.0,"damage_taken":10.0,"cards_obtained":["Madness","Madness"]}],"is_beta":false,"boss_relics":[{"not_picked":["Snecko Eye","Runic Dome"],"picked":"HolyWater"},{"not_picked":["reliquary:WritOfMandamus","Philosopher\u0027s Stone"],"picked":"Coffee Dripper"}],"items_purged_floors":[19,39],"is_endless":false,"potions_floor_spawned":[1,12,16,21,28,29,31,35,37],"killed_by":"Transient","ascension_level":0}}