{"host":"phniwng9zo19jwdb","time":1613669406,"event":{"mods":["AchievementEnabler","BaseMod","Colored Powertips","Dark Map","Displayed Cursed Tome","Faster Ascension Climbing","Filter the Spire","GifTheSpireLib","Minty Spire (QoL Compilation)","Permanent Neow","Rare Cards Sparkle","Relic Filter Mod","StSLib","Weighted Paths"],"gold_per_floor":[109,129,145,220,231,256,418,430,466,478,525,553,592,604,616,628,628],"floor_reached":16,"language":"ENG","playtime":522,"items_purged":[],"score":290,"play_id":"d22ea3a1-2f2b-4d64-8947-209e388aa16b","local_time":"20210218183006","is_ascension_mode":true,"campfire_choices":[{"data":"Blade Dance","floor":10,"key":"SMITH"},{"data":"Malaise","floor":15,"key":"SMITH"}],"circlet_count":0,"master_deck":["AscendersBane","Strike_G","Strike_G","Defend_G","Defend_G","Defend_G","Defend_G","Defend_G","Survivor","Neutralize","Die Die Die+1","Envenom+1","Catalyst+1","Leg Sweep","Blade Dance+1","Footwork","Doubt","Malaise+1","Footwork","Backflip"],"relics":["Astrolabe","MawBank","PreservedInsect","Strawberry","Singing Bowl","InkBottle"],"acts_visited":["Exordium"],"potions_floor_usage":[6,11,13,16],"damage_taken":[{"damage":0,"enemies":"2 Louse","floor":1,"turns":3},{"damage":0,"enemies":"Small Slimes","floor":2,"turns":4},{"damage":6,"enemies":"Jaw Worm","floor":3,"turns":11},{"damage":8,"enemies":"2 Fungi Beasts","floor":5,"turns":5},{"damage":14,"enemies":"3 Sentries","floor":6,"turns":10},{"damage":0,"enemies":"Gremlin Nob","floor":11,"turns":3},{"damage":9,"enemies":"Large Slime","floor":12,"turns":9},{"damage":13,"enemies":"3 Sentries","floor":13,"turns":8},{"damage":23,"enemies":"The Guardian","floor":16,"turns":2}],"seed_played":"-83029311305220230","potions_obtained":[{"floor":2,"key":"Poison Potion"},{"floor":3,"key":"SteroidPotion"},{"floor":5,"key":"PowerPotion"},{"floor":12,"key":"LiquidMemories"},{"floor":13,"key":"Fire Potion"}],"is_trial":false,"path_per_floor":["M","M","M","?","M","E","?","?","T","R","E","M","E","T","R","B"],"character_chosen":"THE_SILENT","items_purchased":[],"campfire_rested":0,"item_purchase_floors":[],"current_hp_per_floor":[59,59,53,42,34,20,20,25,25,25,32,23,10,10,10,0,0],"gold":628,"neow_bonus":"BOSS_RELIC","is_daily":false,"chose_seed":false,"campfire_upgraded":2,"win_rate":0.0,"timestamp":1613669406,"path_taken":["M","M","M","?","M","E","?","?","T","R","E","M","E","?","R","BOSS"],"items_purchased_type":[],"build_version":"2020-12-22","purchased_purges":0,"victory":false,"max_hp_per_floor":[66,66,66,66,66,66,66,71,71,71,78,78,78,78,78,78,78],"card_choices":[{"not_picked":["Prepared","Dodge and Roll"],"picked":"Leg Sweep","floor":1},{"not_picked":["Bouncing Flask","Deadly Poison","Sucker Punch"],"picked":"SKIP","floor":2},{"not_picked":["Choke","Quick Slash","Finisher"],"picked":"SKIP","floor":3},{"not_picked":["Calculated Gamble","Dagger Throw"],"picked":"Blade Dance","floor":5},{"not_picked":["Deflect","Leg Sweep"],"picked":"Footwork","floor":6},{"not_picked":["Quick Slash","Sucker Punch"],"picked":"Malaise","floor":11},{"not_picked":["Dash","Deflect"],"picked":"Footwork","floor":12},{"not_picked":["Dodge and Roll","Blade Dance"],"picked":"Backflip","floor":13}],"player_experience":161664,"relics_obtained":[{"floor":6,"key":"MawBank"},{"floor":9,"key":"PreservedInsect"},{"floor":11,"key":"Strawberry"},{"floor":13,"key":"Singing Bowl"},{"floor":14,"key":"InkBottle"}],"event_choices":[{"damage_healed":0,"gold_gain":75,"player_choice":"Gather Gold","damage_taken":11,"max_hp_gain":0,"max_hp_loss":0,"event_name":"World of Goop","floor":4,"gold_loss":0},{"damage_healed":0,"gold_gain":150,"player_choice":"AGREE","damage_taken":0,"max_hp_gain":0,"max_hp_loss":0,"event_name":"Liars Game","floor":7,"gold_loss":0,"cards_obtained":["Doubt"]},{"damage_healed":0,"gold_gain":0,"player_choice":"Donut","damage_taken":0,"max_hp_gain":5,"max_hp_loss":0,"event_name":"Big Fish","floor":8,"gold_loss":0}],"is_beta":false,"boss_relics":[],"items_purged_floors":[],"is_endless":false,"potions_floor_spawned":[2,3,5,12,13],"killed_by":"The Guardian","ascension_level":20}}