{"host":"k7udt7atmcuzf6l0","time":1613616602,"event":{"mods":["Act Like it!","BaseMod","Colored Map","Colored Powertips","Highlight Path","Minty Spire (QoL Compilation)","Quick Restart","Rare Cards Sparkle","Relic Stats","StSLib","UnlockEverythingMod"],"gold_per_floor":[109,129,54,67,67,67,100,100],"floor_reached":7,"language":"ZHS","playtime":203,"items_purged":["Strike_R"],"score":51,"play_id":"acca9529-9d41-4970-996f-610fba60c1de","local_time":"20210218105002","is_ascension_mode":false,"campfire_choices":[{"data":"Master of Strategy","floor":6,"key":"SMITH"}],"circlet_count":0,"master_deck":["Strike_R","Strike_R","Strike_R","Strike_R","Defend_R","Defend_R","Defend_R","Defend_R","Bash","Master of Strategy+1","Sword Boomerang","Seeing Red","Headbutt","Reaper"],"relics":["Burning Blood","Du-Vu Doll"],"acts_visited":["Exordium"],"potions_floor_usage":[],"damage_taken":[{"damage":1,"enemies":"Cultist","floor":1,"turns":3},{"damage":7,"enemies":"2 Louse","floor":2,"turns":2},{"damage":0,"enemies":"Small Slimes","floor":4,"turns":3},{"damage":67,"enemies":"Lagavulin","floor":7,"turns":7}],"seed_played":"-6260091203512544797","potions_obtained":[{"floor":2,"key":"FairyPotion"},{"floor":4,"key":"SpeedPotion"}],"is_trial":false,"path_per_floor":["M","M","$","M","?","R","E"],"character_chosen":"IRONCLAD","items_purchased":[],"campfire_rested":0,"item_purchase_floors":[],"current_hp_per_floor":[72,71,71,72,72,72,15,15],"gold":100,"neow_bonus":"RANDOM_COLORLESS_2","is_daily":false,"chose_seed":false,"campfire_upgraded":1,"win_rate":0.0,"timestamp":1613616602,"path_taken":["M","M","?","M","?","R","E"],"items_purchased_type":[],"build_version":"2020-12-22","purchased_purges":1,"victory":false,"max_hp_per_floor":[72,72,72,72,72,72,72,72],"relic_stats":{"counters":[4,15],"obtain_stats":[{"Du-Vu Doll":7,"Burning Blood":0},{"Du-Vu Doll":4,"Burning Blood":0},{"Du-Vu Doll":15,"Burning Blood":0}],"Burning Blood":14},"card_choices":[{"not_picked":["Sadistic Nature","The Bomb"],"picked":"Master of Strategy","floor":0},{"not_picked":["Wild Strike","Sever Soul"],"picked":"Sword Boomerang","floor":1},{"not_picked":["Thunderclap","Sword Boomerang"],"picked":"Seeing Red","floor":2},{"not_picked":["Battle Trance","Feel No Pain"],"picked":"Headbutt","floor":4}],"player_experience":142841,"relics_obtained":[{"floor":7,"key":"Du-Vu Doll"}],"event_choices":[{"damage_healed":0,"gold_gain":0,"player_choice":"1 cards matched","damage_taken":0,"max_hp_gain":0,"max_hp_loss":0,"event_name":"Match and Keep!","floor":5,"gold_loss":0,"cards_obtained":["Reaper"]}],"is_beta":false,"boss_relics":[],"items_purged_floors":[3],"is_endless":false,"potions_floor_spawned":[2,4],"killed_by":"Lagavulin","ascension_level":0}}