{"host":"8d3fefv2347kqkpz","time":1613668532,"event":{"mods":["AchievementEnabler","BaseMod","Better Vampires","BetterRewards","Colored Map","Colored Powertips","Downfall","Emptier Cage","Highlight Path","Marked Mod","Minty Spire (QoL Compilation)","Permanent Neow","Quick Restart","Rare Cards Sparkle","Relic Stats","Say the Spire","Spicy Shops","StSLib","Waifu the Spire"],"gold_per_floor":[99,116,116,26,46,196,196,207,207,226,258,268,268,298,309,404,404,404,417,417,428,161,171,171,184,44,63,63,90,90,116,127,232,232,32,43,43,43,67,97,123,23,8,43,63,81,106,71,89,89,89,122,122,122,122,122,122,122],"floor_reached":56,"language":"ZHS","playtime":3936,"items_purged":["champ:Defend","downfall:Icky","champ:Defend","champ:Strike","champ:Defend"],"score":1062,"play_id":"b4222cf8-5e50-4b5b-8c23-74dcbd7f34d0","local_time":"20210219011532","is_ascension_mode":false,"campfire_choices":[{"data":"champ:Taunt","floor":1.0,"key":"SMITH"},{"data":"champ:EnchantShield","floor":9.0,"key":"SMITH"},{"data":"champ:HoldFirm","floor":13.0,"key":"SMITH"},{"floor":18.0,"key":"RECALL"},{"data":"champ:CrookedStrike","floor":28.0,"key":"SMITH"},{"floor":30.0,"key":"REST"},{"data":"champ:Endure","floor":35.0,"key":"SMITH"},{"data":"expansioncontent:PrepareCrush","floor":42.0,"key":"SMITH"},{"floor":54.0,"key":"REST"}],"circlet_count":0,"master_deck":["champ:Strike","champ:Defend","champ:Taunt+1","champ:EnchantShield+1","champ:Endure+1","champ:DeathBlow","champ:BringItOn","champ:ArenaPreparation+1","champ:HoldFirm+1","champ:CrookedStrike+1","champ:SkillfulDodge","champ:DefensiveShout+1","champ:FocusedDefense","expansioncontent:PrepareCrush+1","champ:IronFortress+1"],"relics":["champ:ChampionCrown","PreservedInsect","Centennial Puzzle","Bottled Flame","Oddly Smooth Stone","Black Star","Medical Kit","Frozen Egg 2","champ:DeflectingBracers","Gremlin Horn","War Paint","Busted Crown","downfall:HeartBlessingRed","downfall:HeartBlessingGreen","sneckomod:BlankCard","Calipers","Pen Nib","Omamori","downfall:HeartBlessingBlue","Ginger","Ornamental Fan","HornCleat","Potion Belt","Blood Vial","Vajra"],"acts_visited":["Exordium","TheCity","TheBeyond","TheEnding"],"potions_floor_usage":[56,56,56,56],"damage_taken":[{"damage":10.0,"enemies":"2 Louse","floor":2.0,"turns":3.0},{"damage":15.0,"enemies":"downfall:FleeingMerchant","floor":4.0,"turns":4.0},{"damage":13.0,"enemies":"Small Slimes","floor":5.0,"turns":3.0},{"damage":20.0,"enemies":"Cultist","floor":8.0,"turns":5.0},{"damage":17.0,"enemies":"Exordium Wildlife","floor":10.0,"turns":5.0},{"damage":54.0,"enemies":"Gremlin Nob","floor":11.0,"turns":5.0},{"damage":2.0,"enemies":"Blue Slaver","floor":12.0,"turns":5.0},{"damage":20.0,"enemies":"Lagavulin","floor":14.0,"turns":7.0},{"damage":0.0,"enemies":"2 Fungi Beasts","floor":15.0,"turns":3.0},{"damage":30.0,"enemies":"IC_STATUS_ARCHETYPE","floor":16.0,"turns":10.0},{"damage":34.0,"enemies":"Shell Parasite","floor":19.0,"turns":10.0},{"damage":35.0,"enemies":"downfall:LooterAlt2","floor":21.0,"turns":7.0},{"damage":30.0,"enemies":"downfall:FleeingMerchant","floor":22.0,"turns":4.0},{"damage":32.0,"enemies":"Chosen and Byrds","floor":23.0,"turns":10.0},{"damage":20.0,"enemies":"Snecko","floor":25.0,"turns":5.0},{"damage":10.0,"enemies":"downfall:FleeingMerchant","floor":26.0,"turns":4.0},{"damage":36.0,"enemies":"3 Cultists","floor":27.0,"turns":5.0},{"damage":30.0,"enemies":"Slavers","floor":29.0,"turns":4.0},{"damage":48.0,"enemies":"Gremlin Leader","floor":31.0,"turns":8.0},{"damage":23.0,"enemies":"Snake Plant","floor":32.0,"turns":3.0},{"damage":78.0,"enemies":"WA_ARCHETYPE_CALM","floor":33.0,"turns":10.0},{"damage":20.0,"enemies":"3 Shapes","floor":36.0,"turns":4.0},{"damage":26.0,"enemies":"Reptomancer","floor":40.0,"turns":8.0},{"damage":10.0,"enemies":"downfall:FleeingMerchant","floor":43.0,"turns":4.0},{"damage":30.0,"enemies":"Giant Head","floor":44.0,"turns":7.0},{"damage":10.0,"enemies":"3 Darklings","floor":45.0,"turns":5.0},{"damage":10.0,"enemies":"Spire Growth","floor":46.0,"turns":3.0},{"damage":20.0,"enemies":"Nemesis","floor":47.0,"turns":5.0},{"damage":0.0,"enemies":"downfall:FleeingMerchant","floor":48.0,"turns":2.0},{"damage":30.0,"enemies":"Maw","floor":49.0,"turns":5.0},{"damage":40.0,"enemies":"DF_ARCHETYPE_ORBS","floor":50.0,"turns":10.0},{"damage":42.0,"enemies":"downfall:CharBossMerchant","floor":52.0,"turns":7.0},{"damage":64,"enemies":"downfall:NeowBoss","floor":55,"turns":20},{"damage":103,"enemies":"downfall:NeowBossFinal","floor":56,"turns":8}],"seed_played":"4550296996784705108","potions_obtained":[{"floor":5.0,"key":"Energy Potion"},{"floor":11.0,"key":"SkillPotion"},{"floor":12.0,"key":"Block Potion"},{"floor":23.0,"key":"FearPotion"},{"floor":40.0,"key":"PowerPotion"},{"floor":49.0,"key":"Fire Potion"},{"floor":52.0,"key":"champ:OpenerPotion"}],"is_trial":false,"path_per_floor":["R","M","?","$","M","?","T","M","R","M","E","M","R","E","M","B",null,"R","M","?","M","$","M","T","M","$","M","R","E","R","E","M","B",null,"R","M","?","?","T","E","T","R","$","E","M","M","E","$","M","B",null,"E","$","R","B","B"],"character_chosen":"THE_CHAMP","items_purchased":["Medical Kit","champ:IronFortress+1"],"campfire_rested":2,"item_purchase_floors":[22,48],"current_hp_per_floor":[90,90,83,83,80,80,80,80,80,73,49,47,47,47,47,47,90,90,86,86,81,81,69,69,69,69,63,63,63,90,82,79,48,90,90,90,90,90,90,84,84,94,94,94,94,94,94,94,94,94,100,78,78,100,96,0,0,0],"gold":122,"neow_bonus":"TRANSFORM_CARD","is_daily":false,"chose_seed":false,"campfire_upgraded":6,"win_rate":0.0,"timestamp":1613668532,"path_taken":["R","M","?","$","M","?","T","M","R","M","E","M","R","E","M","BOSS","R","M","?","M","$","M","T","M","$","M","R","E","R","E","M","BOSS","R","M","?","?","?","E","T","R","?","E","M","M","E","$","M","BOSS","E","$","R","BOSS","BOSS"],"items_purchased_type":["Relic","Card"],"build_version":"2020-12-22","purchased_purges":5,"victory":false,"max_hp_per_floor":[90,90,90,90,90,90,90,90,90,90,90,90,90,90,90,90,90,90,90,90,90,90,90,90,90,90,90,90,90,90,90,90,90,90,90,90,90,90,90,90,90,100,100,100,100,100,100,100,100,100,100,100,100,100,100,100,100,100],"relic_stats":{"Gremlin Horn":[12,12],"counters":[34,208],"PreservedInsect":547,"Pen Nib":[11],"Ginger":[34],"War Paint":["champ:ArenaPreparation","champ:DefensiveShout"],"Medical Kit":[0],"Blood Vial":2,"Centennial Puzzle":[87],"Busted Crown":22,"Ornamental Fan":[40],"Black Star":6,"obtain_stats":[{"Calipers":40,"Gremlin Horn":31,"sneckomod:BlankCard":39,"Vajra":52,"champ:ChampionCrown":0,"downfall:HeartBlessingGreen":35,"Ginger":44,"Blood Vial":52,"Centennial Puzzle":7,"HornCleat":47,"downfall:HeartBlessingBlue":42,"Potion Belt":47,"downfall:HeartBlessingRed":35,"Oddly Smooth Stone":14,"PreservedInsect":3,"champ:DeflectingBracers":29,"Pen Nib":40,"Omamori":41,"Frozen Egg 2":29,"War Paint":31,"Medical Kit":22,"Bottled Flame":11,"Busted Crown":34,"Ornamental Fan":44,"Black Star":17},{"Calipers":23,"Gremlin Horn":19,"sneckomod:BlankCard":22,"Vajra":32,"champ:ChampionCrown":0,"downfall:HeartBlessingGreen":21,"Ginger":25,"Blood Vial":32,"Centennial Puzzle":3,"HornCleat":28,"downfall:HeartBlessingBlue":23,"Potion Belt":28,"downfall:HeartBlessingRed":21,"Oddly Smooth Stone":8,"PreservedInsect":1,"champ:DeflectingBracers":18,"Pen Nib":23,"Omamori":23,"Frozen Egg 2":18,"War Paint":19,"Medical Kit":13,"Bottled Flame":6,"Busted Crown":21,"Ornamental Fan":25,"Black Star":10},{"Calipers":132,"Gremlin Horn":107,"sneckomod:BlankCard":124,"Vajra":180,"champ:ChampionCrown":0,"downfall:HeartBlessingGreen":120,"Ginger":143,"Blood Vial":180,"Centennial Puzzle":10,"HornCleat":156,"downfall:HeartBlessingBlue":132,"Potion Belt":156,"downfall:HeartBlessingRed":120,"Oddly Smooth Stone":37,"PreservedInsect":3,"champ:DeflectingBracers":99,"Pen Nib":132,"Omamori":132,"Frozen Egg 2":99,"War Paint":107,"Medical Kit":71,"Bottled Flame":25,"Busted Crown":120,"Ornamental Fan":143,"Black Star":50}]},"card_choices":[{"not_picked":["champ:SetATrap","champ:BerserkersShout"],"picked":"champ:Endure","floor":2.0},{"not_picked":["champ:Haymaker","champ:PreciseThrust"],"picked":"champ:DeathBlow","floor":4.0},{"not_picked":["champ:FancyFootwork","champ:ShieldSigil"],"picked":"champ:BringItOn","floor":5.0},{"not_picked":["champ:PerfectedStrike","champ:BringItOn","champ:DefensiveShout"],"picked":"SKIP","floor":8.0},{"not_picked":["champ:FocusedBerserking","champ:TornadoPunch"],"picked":"champ:ArenaPreparation","floor":10.0},{"not_picked":["champ:RapidStrikes","champ:IronFortress"],"picked":"champ:HoldFirm","floor":11.0},{"not_picked":["champ:AdrenalArmor","champ:PreciseThrust","champ:FanOfKnives"],"picked":"SKIP","floor":12.0},{"not_picked":["champ:AdrenalArmor","champ:PreciseThrust","champ:FanOfKnives"],"picked":"SKIP","floor":12.0},{"not_picked":["champ:PerfectedStrike","champ:IronFortress","champ:RapidStrikes"],"picked":"SKIP","floor":14.0},{"not_picked":["champ:CrownThrow","champ:FaceSlap"],"picked":"champ:CrookedStrike","floor":15.0},{"not_picked":["champ:Haymaker","champ:StanceDance","champ:FocusedDefense"],"picked":"SKIP","floor":19.0},{"not_picked":["champ:RisingSlash","champ:PerfectedStrike","champ:ViciousMockery+1"],"picked":"SKIP","floor":21.0},{"not_picked":["champ:AdrenalArmor","champ:LastStand","champ:PreemptiveStrike+1"],"picked":"SKIP","floor":22.0},{"not_picked":["champ:Backstep","champ:FanOfKnives","champ:BerserkerStyle"],"picked":"SKIP","floor":23.0},{"not_picked":["champ:GutPunch+1","champ:GladiatorStyle"],"picked":"champ:DefensiveShout","floor":25.0},{"not_picked":["champ:FocusedBerserking","champ:StrikeOfGenius","champ:DeathBlow"],"picked":"SKIP","floor":26.0},{"not_picked":["champ:FanOfKnives","champ:CrownThrow+1","champ:Haymaker"],"picked":"SKIP","floor":27.0},{"not_picked":["champ:Duel","champ:EnGarde"],"picked":"champ:FocusedDefense","floor":29.0},{"not_picked":["champ:GutPunch","champ:SwordSigil+1","champ:PreciseThrust"],"picked":"SKIP","floor":31.0},{"not_picked":["champ:GladiatorStyle+1","champ:SetATrap","champ:EnGarde"],"picked":"SKIP","floor":32.0},{"not_picked":["champ:Endure"],"picked":"SKIP","floor":36.0},{"not_picked":["expansioncontent:PolyBeam","expansioncontent:InvincibleStrength"],"picked":"expansioncontent:PrepareCrush","floor":38.0},{"not_picked":["champ:PreciseThrust+1"],"picked":"SKIP","floor":40.0},{"not_picked":["champ:PreciseThrust+1"],"picked":"SKIP","floor":40.0},{"not_picked":["champ:CrownThrow+1"],"picked":"SKIP","floor":43.0},{"not_picked":["champ:BerserkerStyle+1"],"picked":"SKIP","floor":44.0},{"not_picked":["champ:ArenaPreparation+1"],"picked":"SKIP","floor":45.0},{"not_picked":["champ:Backstep"],"picked":"SKIP","floor":46.0},{"not_picked":["champ:PerfectedStrike+1"],"picked":"SKIP","floor":47.0},{"not_picked":["champ:FlashCut+1"],"picked":"SKIP","floor":48.0},{"not_picked":["champ:EnchantShield"],"picked":"SKIP","floor":49.0},{"not_picked":["champ:RapidStrikes"],"picked":"SKIP","floor":52.0}],"player_experience":468418,"relics_obtained":[{"floor":7.0,"key":"Centennial Puzzle"},{"floor":11.0,"key":"Bottled Flame"},{"floor":14.0,"key":"Oddly Smooth Stone"},{"floor":29.0,"key":"Frozen Egg 2"},{"floor":29.0,"key":"champ:DeflectingBracers"},{"floor":31.0,"key":"Gremlin Horn"},{"floor":31.0,"key":"War Paint"},{"floor":39.0,"key":"sneckomod:BlankCard"},{"floor":40.0,"key":"Calipers"},{"floor":40.0,"key":"Pen Nib"},{"floor":41.0,"key":"Omamori"},{"floor":44.0,"key":"Ginger"},{"floor":44.0,"key":"Ornamental Fan"},{"floor":47.0,"key":"HornCleat"},{"floor":47.0,"key":"Potion Belt"},{"floor":52.0,"key":"Blood Vial"},{"floor":52.0,"key":"Vajra"}],"event_choices":[{"damage_healed":0.0,"max_hp_gain":0.0,"max_hp_loss":0.0,"gold_gain":0.0,"event_name":"Scrap Ooze","player_choice":"Success","floor":3.0,"gold_loss":0.0,"damage_taken":7.0,"relics_obtained":["PreservedInsect"]},{"cards_removed":["champ:Execute"],"damage_healed":0.0,"max_hp_gain":0.0,"max_hp_loss":0.0,"gold_gain":0.0,"event_name":"Falling","player_choice":"Removed Attack","floor":37.0,"gold_loss":0.0,"damage_taken":0.0}],"is_beta":false,"boss_relics":[{"not_picked":["Snecko Eye","Philosopher\u0027s Stone"],"picked":"Black Star"},{"not_picked":["Cursed Key","Fusion Hammer"],"picked":"Busted Crown"}],"items_purged_floors":[4,22,26,48,48],"is_endless":false,"potions_floor_spawned":[5,11,12,15,23,27,29,31,32,40,46,49,52],"killed_by":"downfall:NeowBossFinal","ascension_level":0}}