{"host":"dmtlrev5pkc1867p","time":1613674487,"event":{"mods":["AchievementEnabler","BaseMod","Colored Map","Colored Powertips","Downfall","Hermit","Highlight Path","Hubris","Infinite Spire","Marisa¡]Ãú«B¡@Å]²z¨F¡^","Minty Spire (QoL Compilation)","Permanent Neow","Quick Restart","Rare Cards Sparkle","Relic Sorter","Relic Stats","Replay The Spire","Shop Mod","StSLib","SuperFastMode","The Construct","The Cursed","The Mystic","The Necromancer","The Poker Player","The Runesmith","The Servant 0.9.4"],"gold_per_floor":[114,114,114,129,142,142,347,347,347,312,312,312,330,350,350,451,451,470,470,484,484,499,531,531,531,554,554,574,585,585,595,595,692,692,708,725,736,736,754,754,782,868,868,868,868,885,901,921,921,921,921,921,921,946,946,946],"floor_reached":55,"language":"ZHS","playtime":2743,"items_purged":["infinitespire:Pacifist"],"score":839,"play_id":"d7dd8276-2874-4472-805f-8e669f8f1bfa","local_time":"20210219025447","is_ascension_mode":true,"campfire_choices":[{"floor":6.0,"key":"RECALL"},{"floor":12.0,"key":"REST"},{"data":"Alpha","floor":15.0,"key":"SMITH"},{"floor":27.0,"key":"REST"},{"floor":32.0,"key":"REST"},{"floor":40.0,"key":"REST"},{"data":"Blasphemy","floor":45.0,"key":"SMITH"},{"floor":49,"key":"REST"},{"data":"MasterReality","floor":52,"key":"SMITH"}],"circlet_count":0,"master_deck":["Defend_P","Defend_P","Defend_P","Defend_P","Eruption","Vigilance","Alpha+1","Consecrate","Replay:AtTheReady","WindmillStrike","Ragnarok","Replay:Anticipation","Nirvana","Dark Shackles","Sadistic Nature","Consecrate","InnerPeace","Blasphemy+1","Tantrum","Meditate","Decay","PathToVictory+1","SandsOfTime","Ragnarok","Bite","Bite","Bite","Bite","Bite","PathToVictory","DevaForm","ThirdEye+1","SandsOfTime+1","FlurryOfBlows+1","Tantrum+1","Protect+1","Overencumbered","CrushJoints","MasterReality+1","Writhe","SandsOfTime","Replay:DivineShield","WheelKick+1","Protect","PathToVictory+1"],"relics":["PureWater","hubris:NiceRug","Dream Catcher","Bag of Preparation","Membership Card","Ring of Hypnosis","Ring of Searing","ReplayTheSpireMod:Ninjato","Cursed Key","ClockworkSouvenir","Replay:Mystery Machine","hubris:GrandSneckoEye","Lizard Tail","Simple Rune","hubris:TinFlute","Lee\u0027s Waffle","infinitespire:Lucky Rock"],"acts_visited":["Exordium","TheCity","TheBeyond","TheEnding"],"potions_floor_usage":[50,50,54],"damage_taken":[{"damage":7.0,"enemies":"Jaw Worm","floor":1.0,"turns":3.0},{"damage":0.0,"enemies":"Small Slimes","floor":4.0,"turns":3.0},{"damage":0.0,"enemies":"Cultist","floor":5.0,"turns":4.0},{"damage":45.0,"enemies":"hubris:Merchant","floor":7.0,"turns":7.0},{"damage":3.0,"enemies":"Large Slime","floor":13.0,"turns":4.0},{"damage":0.0,"enemies":"3 Louse","floor":14.0,"turns":1.0},{"damage":7.0,"enemies":"Hexaghost","floor":16.0,"turns":6.0},{"damage":15.0,"enemies":"Chosen","floor":18.0,"turns":4.0},{"damage":5.0,"enemies":"3 Byrds","floor":20.0,"turns":3.0},{"damage":12.0,"enemies":"Centurion and Healer","floor":22.0,"turns":3.0},{"damage":29.0,"enemies":"Book of Stabbing","floor":23.0,"turns":5.0},{"damage":8.0,"enemies":"Snake Plant","floor":28.0,"turns":3.0},{"damage":3.0,"enemies":"Chosen and Byrds","floor":29.0,"turns":4.0},{"damage":3.0,"enemies":"Shelled Parasite and Fungi","floor":31.0,"turns":4.0},{"damage":48.0,"enemies":"Champ","floor":33.0,"turns":8.0},{"damage":24.0,"enemies":"3 Shapes","floor":35.0,"turns":3.0},{"damage":2.0,"enemies":"3 Darklings","floor":36.0,"turns":4.0},{"damage":5.0,"enemies":"Transient","floor":37.0,"turns":5.0},{"damage":6.0,"enemies":"Jaw Worm Horde","floor":39.0,"turns":5.0},{"damage":33.0,"enemies":"Giant Head","floor":41.0,"turns":6.0},{"damage":15,"enemies":"Writhing Mass","floor":46,"turns":6},{"damage":2,"enemies":"Spire Growth","floor":47,"turns":3},{"damage":10,"enemies":"3 Darklings","floor":48,"turns":3},{"damage":25,"enemies":"hubris:GrandSnecko","floor":50,"turns":7},{"damage":100031,"enemies":"Shield and Spear","floor":54,"turns":4},{"damage":48,"enemies":"The Heart","floor":55,"turns":8}],"seed_played":"-8950231583434521837","potions_obtained":[{"floor":5.0,"key":"AttackPotion"},{"floor":7.0,"key":"Regen Potion"},{"floor":7.0,"key":"construct:ShiftPotion"},{"floor":13.0,"key":"bronze:BurnAndBuffPotion"},{"floor":16.0,"key":"champ:CounterPotion"},{"floor":23.0,"key":"BlessingOfTheForge"},{"floor":28.0,"key":"BlessingOfTheForge"},{"floor":33.0,"key":"Languid Potion"},{"floor":39.0,"key":"BottledMiracle"},{"floor":41.0,"key":"Energy Potion"},{"floor":48,"key":"Weak Potion"},{"floor":54,"key":"FearPotion"}],"is_trial":false,"path_per_floor":["M","?","?","M","M","R","$","?","T","?","?","R","M","M","R","B",null,"M","?","M","AVR","M","E","?","$","T","R","M","M","?","M","R","B",null,"M","M","M","$","M","R","E","?","T","AVR","R","M","M","M","R","B",null,"R","$","E","B"],"character_chosen":"WATCHER","items_purchased":["Replay:AtTheReady","PowerPotion"],"campfire_rested":5,"item_purchase_floors":[7,7],"current_hp_per_floor":[58,58,58,58,58,58,13,13,13,29,29,48,45,45,45,38,65,50,50,45,45,33,19,19,19,19,38,30,27,27,28,41,5,45,25,27,30,30,28,41,14,14,14,52,52,41,45,41,52,39,52,52,52,41,0,0],"gold":946,"neow_bonus":"THREE_RARE_CARDS","is_daily":false,"chose_seed":false,"campfire_upgraded":3,"win_rate":0.0,"timestamp":1613674487,"path_taken":["M","?","?","?","M","R","$","?","T","?","?","R","M","M","R","BOSS","M","?","M","AVR","M","E","?","$","T","R","M","M","?","M","R","BOSS","BOSS","M","M","M","$","M","R","E","?","T","AVR","R","M","?","M","R","BOSS","R","$","E","BOSS"],"items_purchased_type":["Card","Potion"],"build_version":"2020-12-22","purchased_purges":1,"victory":false,"max_hp_per_floor":[65,65,65,65,65,65,65,65,65,65,65,65,65,65,65,65,65,65,65,65,65,65,65,65,65,65,65,65,65,45,45,45,45,45,45,45,45,45,45,45,45,45,45,52,52,52,52,52,52,52,52,52,52,52,52,52],"relic_stats":{"Dream Catcher":5,"Lizard Tail":26,"Lee\u0027s Waffle":38,"counters":[26,116],"Bag of Preparation":[42],"Cursed Key":2,"obtain_stats":[{"Lee\u0027s Waffle":44,"ReplayTheSpireMod:Ninjato":9,"Ring of Hypnosis":8,"Bag of Preparation":7,"infinitespire:Lucky Rock":54,"Replay:Mystery Machine":23,"Cursed Key":17,"Ring of Searing":8,"ClockworkSouvenir":21,"Dream Catcher":7,"Lizard Tail":41,"Simple Rune":42,"hubris:GrandSneckoEye":34,"Membership Card":7,"PureWater":0,"hubris:TinFlute":43,"hubris:NiceRug":7},{"Lee\u0027s Waffle":20,"ReplayTheSpireMod:Ninjato":4,"Ring of Hypnosis":4,"Bag of Preparation":4,"infinitespire:Lucky Rock":25,"Replay:Mystery Machine":11,"Cursed Key":7,"Ring of Searing":4,"ClockworkSouvenir":9,"Dream Catcher":4,"Lizard Tail":20,"Simple Rune":20,"hubris:GrandSneckoEye":15,"Membership Card":4,"PureWater":0,"hubris:TinFlute":20,"hubris:NiceRug":4},{"Lee\u0027s Waffle":85,"ReplayTheSpireMod:Ninjato":17,"Ring of Hypnosis":17,"Bag of Preparation":17,"infinitespire:Lucky Rock":108,"Replay:Mystery Machine":43,"Cursed Key":28,"Ring of Searing":17,"ClockworkSouvenir":35,"Dream Catcher":17,"Lizard Tail":85,"Simple Rune":85,"hubris:GrandSneckoEye":62,"Membership Card":17,"PureWater":0,"hubris:TinFlute":85,"hubris:NiceRug":17}]},"card_choices":[{"not_picked":["Brilliance","ConjureBlade"],"picked":"Alpha","floor":0.0},{"not_picked":["Fasting2","BowlingBash"],"picked":"Consecrate","floor":1.0},{"not_picked":["JustLucky","Replay:BluntJabs","FollowUp"],"picked":"SKIP","floor":4.0},{"not_picked":["EmptyBody","Collect","Replay:AtTheReady"],"picked":"SKIP","floor":5.0},{"not_picked":[],"picked":"WindmillStrike","floor":7.0},{"not_picked":[],"picked":"Ragnarok","floor":7.0},{"not_picked":[],"picked":"Replay:Anticipation","floor":7.0},{"not_picked":[],"picked":"Nirvana","floor":7.0},{"not_picked":[],"picked":"Dark Shackles","floor":7.0},{"not_picked":[],"picked":"Sadistic Nature","floor":7.0},{"not_picked":["Replay:BluntJabs","JustLucky"],"picked":"Consecrate","floor":13.0},{"not_picked":["WheelKick","EmptyFist"],"picked":"InnerPeace","floor":14.0},{"not_picked":["Judgement","Omniscience"],"picked":"Blasphemy","floor":16.0},{"not_picked":["Halt","FollowUp","ForeignInfluence+1"],"picked":"SKIP","floor":18.0},{"not_picked":["FollowUp","EmptyBody","FlyingSleeves"],"picked":"SKIP","floor":20.0},{"not_picked":["Pray+1","Study"],"picked":"Tantrum","floor":22.0},{"not_picked":["Crescendo","Consecrate"],"picked":"Meditate","floor":23.0},{"not_picked":["SignatureMove+1","Replay:AtTheReady+1"],"picked":"PathToVictory+1","floor":27.0},{"not_picked":["FlyingSleeves+1","ThirdEye"],"picked":"SandsOfTime","floor":28.0},{"not_picked":["EmptyBody","Evaluate"],"picked":"Ragnarok","floor":29.0},{"not_picked":["SignatureMove","Replay:BluntJabs"],"picked":"PathToVictory","floor":31.0},{"not_picked":["Replay:AllIn","Replay:LoomingThreat"],"picked":"DevaForm","floor":33.0},{"not_picked":["Halt+1","Fasting2"],"picked":"ThirdEye+1","floor":35.0},{"not_picked":["Perseverance+1","EmptyFist"],"picked":"SandsOfTime+1","floor":36.0},{"not_picked":["WreathOfFlame","ForeignInfluence","Replay:ManipulateFuture"],"picked":"SKIP","floor":37.0},{"not_picked":["Evaluate+1","ThirdEye+1"],"picked":"FlurryOfBlows+1","floor":39.0},{"not_picked":["ThirdEye","Meditate+1"],"picked":"Tantrum+1","floor":40.0},{"not_picked":["ClearTheMind+1","SandsOfTime+1"],"picked":"Protect+1","floor":41.0},{"not_picked":["Sanctity+1","FollowUp+1"],"picked":"CrushJoints","floor":42.0},{"not_picked":["SashWhip","InnerPeace+1"],"picked":"MasterReality","floor":42.0},{"not_picked":["EmptyFist","Pray"],"picked":"SandsOfTime","floor":46},{"not_picked":["Halt+1","Consecrate+1"],"picked":"Replay:DivineShield","floor":47},{"not_picked":["Study","Prostrate+1"],"picked":"WheelKick+1","floor":48},{"not_picked":["Vengeance","BowlingBash"],"picked":"Protect","floor":49},{"not_picked":["ClearTheMind+1","Evaluate+1"],"picked":"PathToVictory+1","floor":54}],"player_experience":721227,"relics_obtained":[{"floor":7.0,"key":"Dream Catcher"},{"floor":7.0,"key":"Bag of Preparation"},{"floor":7.0,"key":"Membership Card"},{"floor":8.0,"key":"Ring of Hypnosis"},{"floor":8.0,"key":"Ring of Searing"},{"floor":9.0,"key":"ReplayTheSpireMod:Ninjato"},{"floor":23.0,"key":"Replay:Mystery Machine"},{"floor":41.0,"key":"Lizard Tail"},{"floor":42.0,"key":"Simple Rune"},{"floor":43.0,"key":"hubris:TinFlute"},{"floor":54,"key":"infinitespire:Lucky Rock"}],"event_choices":[{"damage_healed":0.0,"max_hp_gain":0.0,"max_hp_loss":0.0,"gold_gain":0.0,"event_name":"Shining Light","player_choice":"Ignored","floor":2.0,"gold_loss":0.0,"damage_taken":0.0},{"cards_removed":["Strike_P"],"damage_healed":0.0,"max_hp_gain":0.0,"max_hp_loss":0.0,"gold_gain":0.0,"event_name":"Purifier","player_choice":"Purged","floor":3.0,"gold_loss":0.0,"damage_taken":0.0},{"damage_healed":16.0,"max_hp_gain":0.0,"max_hp_loss":0.0,"gold_gain":0.0,"event_name":"The Cleric","player_choice":"Healed","floor":10.0,"gold_loss":35.0,"damage_taken":0.0},{"damage_healed":0.0,"max_hp_gain":0.0,"max_hp_loss":0.0,"gold_gain":0.0,"event_name":"Dead Adventurer","player_choice":"Searched \u00270\u0027 times","floor":11.0,"gold_loss":0.0,"damage_taken":0.0},{"damage_healed":0.0,"max_hp_gain":0.0,"max_hp_loss":0.0,"gold_gain":0.0,"event_name":"Forgotten Altar","player_choice":"Smashed Altar","floor":24.0,"gold_loss":0.0,"damage_taken":0.0,"cards_obtained":["Decay"]},{"damage_healed":0.0,"max_hp_gain":0.0,"max_hp_loss":20.0,"gold_gain":0.0,"event_name":"Vampires","player_choice":"Became a vampire","floor":30.0,"gold_loss":0.0,"damage_taken":0.0,"cards_obtained":["Bite","Bite","Bite","Bite","Bite"]}],"is_beta":false,"boss_relics":[{"not_picked":["Empty Cage","hubris:CrackedHourglass"],"picked":"Cursed Key"},{"not_picked":["Honey Jar","hubris:HollowSoul"],"picked":"hubris:GrandSneckoEye"}],"items_purged_floors":[44],"is_endless":false,"potions_floor_spawned":[5,13,16,23,28,33,39,41,48,54],"killed_by":"The Heart","ascension_level":3}}