{"host":"rq6soridv5n2augj","time":1613634080,"event":{"mods":["BaseMod","Downfall","Googly Eyes","Hermit","Marisa????????","Minty Spire (QoL Compilation)","READ ME - Guardian Mod","Remilia??????","Replay The Spire","StSLib","The Animator","The Cursed","The Hierophant","The Necromancer","The Senshi","The Servant 0.9.4"],"gold_per_floor":[110,35,45,45,60,95,95,95,95,115,115,115,125,140,169,19,19,120,120,132,132,132,142,42,42,42,42,42,56,76,23,23,43,43,144,144,156,31,81,81,81,81,81,81],"floor_reached":43,"language":"ENG","playtime":12302,"items_purged":["Strike_W","Strike_W","downfall:Bewildered"],"score":797,"play_id":"35912ef6-1fa9-4050-bb95-34333e866a6b","local_time":"20210217234120","is_ascension_mode":true,"campfire_choices":[{"data":"Summon_Vampire_Lady","floor":7,"key":"SMITH"},{"data":"Summon_Death_Knight","floor":12,"key":"SMITH"},{"data":"Summon_Undead","floor":17,"key":"SMITH"},{"floor":25,"key":"REST"},{"floor":27,"key":"REST"},{"floor":34,"key":"REST"},{"floor":42,"key":"REST"}],"circlet_count":0,"master_deck":["Strike_W","Strike_W","Defend_W","Defend_W","Defend_W","Defend_W","Negative_Energy_Arrows+1","Bone_Wall","Summon_Death_Knight+1","Death_Coil","Consume_Illness","Summon_Undead+1","Summon_Vampire_Lady+1","Blood_Curse","Acid_Javelin+1","Cloudkill","Summon_Undead_Army","downfall:Aged","Shame","Blood_for_Blood","Negative_Energy_Sphere+1","Bones_to_Steel","Vampiric_Strike+1","Negative_Energy_Bomb","Finger_Of_Death","Bone_Armory","Delirium","Madness","Madness"],"relics":["Vampire_Amulet","Mummified Hand","HornCleat","AntiCross","Juzu Bracelet","Fusion Hammer","Bird Faced Urn","Gremlin Food","Meat on the Bone","sneckomod:BabySnecko","Black Star","CaptainsWheel","Ring of Hypnosis","Ring of Panic"],"acts_visited":["Exordium","TheCity","TheBeyond"],"potions_floor_usage":[6,15,18,33,35],"damage_taken":[{"damage":0,"enemies":"Cultist","floor":1,"turns":4},{"damage":5,"enemies":"2 Louse","floor":3,"turns":3},{"damage":6,"enemies":"Jaw Worm","floor":5,"turns":4},{"damage":31,"enemies":"Lagavulin","floor":6,"turns":6},{"damage":13,"enemies":"Blue Slaver","floor":10,"turns":4},{"damage":11,"enemies":"Large Slime","floor":13,"turns":5},{"damage":0,"enemies":"Looter","floor":14,"turns":3},{"damage":9,"enemies":"3 Sentries","floor":15,"turns":5},{"damage":11,"enemies":"Hexaghost","floor":18,"turns":6},{"damage":0,"enemies":"3 Byrds","floor":20,"turns":4},{"damage":3,"enemies":"Spheric Guardian","floor":23,"turns":4},{"damage":12,"enemies":"Snake Plant","floor":29,"turns":3},{"damage":44,"enemies":"Chosen and Byrds","floor":30,"turns":6},{"damage":10,"enemies":"Shelled Parasite and Fungi","floor":33,"turns":4},{"damage":15,"enemies":"Pondfish","floor":35,"turns":6},{"damage":31,"enemies":"3 Darklings","floor":37,"turns":4},{"damage":17,"enemies":"Mind Bloom Boss Battle","floor":39,"turns":6},{"damage":136,"enemies":"Giant Head","floor":43,"turns":1}],"seed_played":"-3591968602268687294","potions_obtained":[{"floor":3,"key":"bronze:BurnAndBuffPotion"},{"floor":5,"key":"champ:CounterPotion"},{"floor":6,"key":"Venom Potion"},{"floor":10,"key":"LiquidMemories"},{"floor":18,"key":"Strength Potion"},{"floor":20,"key":"Energy Potion"},{"floor":39,"key":"Weak Potion"}],"is_trial":false,"path_per_floor":["M","$","M","?","M","E","R","PTL","PTL","M","T","R","M","M","E","$","R","B",null,"M","?","?","M","$","R","?","R","T","M","M","$","?","M","R","B",null,"M","$","?","?","?","R","E"],"character_chosen":"NECROMANCER","items_purchased":["Juzu Bracelet","Bones_to_Steel"],"campfire_rested":4,"item_purchase_floors":[16,31],"current_hp_per_floor":[68,68,67,68,64,38,38,38,38,39,39,39,44,49,61,61,61,61,68,68,68,68,67,67,68,68,68,68,63,40,40,40,52,68,64,68,53,53,58,58,49,68,0,0],"gold":81,"neow_bonus":"THREE_RARE_CARDS","is_daily":false,"chose_seed":false,"campfire_upgraded":3,"win_rate":0.0,"timestamp":1613634080,"path_taken":["M","$","M","?","M","E","R","PTL","PTL","M","T","R","M","?","E","$","R","BOSS","M","?","?","M","$","R","?","R","T","M","M","?","?","M","R","BOSS","M","$","?","?","?","R","E"],"items_purchased_type":["Relic","Card"],"build_version":"2020-12-22","purchased_purges":3,"victory":false,"max_hp_per_floor":[68,68,68,68,68,68,68,68,68,68,68,68,68,68,68,68,68,68,68,68,68,68,68,68,68,68,68,68,68,68,68,68,68,68,68,68,68,68,68,68,68,68,68,68],"card_choices":[{"not_picked":["Hellfire","Blood_Magic"],"picked":"Summon_Death_Knight","floor":0},{"not_picked":["Bone_Prison","Thousand_Bone_Knives"],"picked":"Death_Coil","floor":1},{"not_picked":["Uncharnel","Negative_Energy_Shield"],"picked":"Consume_Illness","floor":3},{"not_picked":["Finger_Of_Death","Bones_to_Steel"],"picked":"Summon_Undead","floor":5},{"not_picked":["Chill_Blood","Bone_Bullets"],"picked":"Summon_Vampire_Lady","floor":6},{"not_picked":["Bones_to_Steel","Bone_Shift"],"picked":"Blood_Curse","floor":10},{"not_picked":["Acid_Javelin","Bone_Bullets","Negative_Energy_Mist"],"picked":"SKIP","floor":13},{"not_picked":["Bone_Bullets","Negative_Energy_Mist"],"picked":"Acid_Javelin","floor":13},{"not_picked":["Slay_Living","Negative_Energy_Mist","Negative_Energy_Shield"],"picked":"SKIP","floor":14},{"not_picked":["Whirlwind_of_Bones","Blood_Shield","Negative_Energy_Javelin"],"picked":"SKIP","floor":15},{"not_picked":["Requiem","Reap_The_Weak"],"picked":"Cloudkill","floor":18},{"not_picked":["Bone_Shift+1","Blood_Curse","Scare"],"picked":"SKIP","floor":20},{"not_picked":["Bone_Shift+1","Blood_Curse","Scare"],"picked":"SKIP","floor":20},{"not_picked":["Death_Coil","Bone_Spikes","Uncharnel"],"picked":"SKIP","floor":23},{"not_picked":["Negative_Energy_Javelin","Summon_Undead_Army"],"picked":"Blood_for_Blood","floor":29},{"not_picked":["Negative_Energy_Javelin","Bone_Spikes"],"picked":"Negative_Energy_Sphere","floor":30},{"not_picked":["Stop_Heart","Slay_Living"],"picked":"Vampiric_Strike+1","floor":33},{"not_picked":["Grasp_Heart","Requiem"],"picked":"Negative_Energy_Bomb","floor":35},{"not_picked":["Blood_Curse+1","Necromantic_Selection"],"picked":"Finger_Of_Death","floor":37},{"not_picked":["Whirlwind_of_Bones","Scare"],"picked":"Bone_Armory","floor":39}],"player_experience":386831,"relics_obtained":[{"floor":6,"key":"Mummified Hand"},{"floor":11,"key":"HornCleat"},{"floor":15,"key":"AntiCross"},{"floor":28,"key":"Meat on the Bone"},{"floor":39,"key":"CaptainsWheel"},{"floor":40,"key":"Ring of Hypnosis"},{"floor":40,"key":"Ring of Panic"}],"event_choices":[{"damage_healed":1,"gold_gain":0,"player_choice":"Full Heal","damage_taken":0,"max_hp_gain":0,"max_hp_loss":0,"event_name":"Wheel of Change","floor":4,"gold_loss":0},{"damage_healed":0,"gold_gain":0,"player_choice":"Read","damage_taken":0,"max_hp_gain":0,"max_hp_loss":0,"event_name":"The Library","floor":21,"gold_loss":0,"cards_obtained":["Summon_Undead_Army"]},{"damage_healed":0,"gold_gain":0,"player_choice":"Stole Relic","damage_taken":0,"relics_obtained":["Gremlin Food"],"max_hp_gain":0,"max_hp_loss":0,"event_name":"Addict","floor":26,"gold_loss":0,"cards_obtained":["Shame"]},{"damage_healed":0,"gold_gain":0,"player_choice":"Fight","damage_taken":0,"max_hp_gain":0,"max_hp_loss":0,"event_name":"MindBloom","floor":39,"gold_loss":0},{"damage_healed":0,"gold_gain":0,"player_choice":"Embrace Madness","damage_taken":9,"max_hp_gain":0,"max_hp_loss":0,"event_name":"Winding Halls","floor":41,"gold_loss":0,"cards_obtained":["Madness","Madness"]}],"is_beta":false,"boss_relics":[{"not_picked":["ChewingGum","Kintsugi"],"picked":"Fusion Hammer"},{"not_picked":["Pandora\u0027s Box","Velvet Choker"],"picked":"Black Star"}],"items_purged_floors":[2,24,38],"is_endless":false,"potions_floor_spawned":[3,5,6,10,18,20,39],"killed_by":"Giant Head","ascension_level":1}}