{"host":"x4954lblgztusody","time":1613639242,"event":{"mods":["BaseMod","Colored Map","Curses Come First","Koishi","Minty Spire (QoL Compilation)","Rare Cards Sparkle","Shop Mod","StSLib","The Administrix","The Animator","The Servant 0.9.4","WarShipGirlsR/战舰少女R mod","Yuyuko"],"gold_per_floor":[112,127,139,163,178,206,206,223,249,266,292,292,80,80,80,181,181,206,223,223,123,222,252,263,263,288,303,323,323,343,362,362,478,478,494,48,59,59,39,39,89,89,115,115,137,137,0,12,12,12,12,12,412,462,517,588,588,164,239,319,169,28,123,123,123,123,238,238,238,238],"floor_reached":69,"language":"ENG","playtime":20069,"items_purged":["animator:Strike","animator:Strike","animator:Defend","animator:CrowleyEusford+1"],"score":989,"play_id":"a6d586e7-1129-4af1-afdd-37724502ec8e","local_time":"20210218010722","is_ascension_mode":false,"campfire_choices":[{"data":"animator:DolaSchwi","floor":7.0,"key":"SMITH"},{"data":"animator:EmiyaShirou","floor":15.0,"key":"SMITH"},{"data":"animator:Tet","floor":25.0,"key":"SMITH"},{"data":"animator:IzunaHatsuse","floor":32.0,"key":"SMITH"},{"data":"animator:Shimakaze","floor":40.0,"key":"SMITH"},{"data":"animator:Arpeggio","floor":42.0,"key":"SMITH"},{"data":"animator:Emilia","floor":44.0,"key":"SMITH"},{"floor":49.0,"key":"RECALL"},{"data":"animator:Shimakaze","floor":52.0,"key":"SMITH"},{"data":"animator:Togame","floor":66,"key":"SMITH"},{"floor":68,"key":"REST"}],"circlet_count":0,"master_deck":["animator:Strike_NoGameNoLife+1","animator:Defend_NoGameNoLife+1","animator:Strike+1","animator:Defend+1","animator:DolaSchwi+1","animator:DolaCouronne+1","animator:EmiyaShirou+1","animator:Yuuichirou+1","animator:DolaRiku+1","animator:Tet+1","animator:Kyubey+1","animator:Kyubey+1","animator:IzunaHatsuse+1","animator:Chung+1","animator:Hitei+1","animator:Shigure","animator:Azekura","animator:Togame+1","animator:Boros+1","animator:Mikaela+1","animator:Shimakaze+1","animator:Arpeggio+1","animator:Emilia+1","animator:Cirno+1","animator:Shimakaze+1","animator:Chung+1","animator:HomuraAkemi+1","animator:Mikaela+1","animator:WinryRockbell+1","animator:TukaLunaMarceau+1","animator:DolaRiku+1","animator:TukaLunaMarceau+1","animator:Arpeggio+1","animator:Patchouli+1","animator:Laby+1","animator:Rena+1","animator:MadokaKaname+1","animator:Elesis+1"],"relics":["animator:TheEgnaroPiece","animator:AncientMedallion"],"acts_visited":["Exordium","TheCity","TheBeyond","TheEnding","EYB:TheUnnamedReign"],"potions_floor_usage":[67,69,69,69],"damage_taken":[{"damage":0.0,"enemies":"Small Slimes","floor":1.0,"turns":4.0},{"damage":2.0,"enemies":"2 Louse","floor":2.0,"turns":3.0},{"damage":3.0,"enemies":"Cultist","floor":3.0,"turns":5.0},{"damage":8.0,"enemies":"2 Fungi Beasts","floor":4.0,"turns":4.0},{"damage":0.0,"enemies":"3 Louse","floor":5.0,"turns":2.0},{"damage":20.0,"enemies":"3 Sentries","floor":6.0,"turns":10.0},{"damage":5.0,"enemies":"Large Slime","floor":8.0,"turns":5.0},{"damage":0.0,"enemies":"Exordium Thugs","floor":10.0,"turns":4.0},{"damage":5.0,"enemies":"Lagavulin","floor":11.0,"turns":5.0},{"damage":22.0,"enemies":"Hexaghost","floor":16.0,"turns":7.0},{"damage":9.0,"enemies":"Shell Parasite","floor":18.0,"turns":7.0},{"damage":2.0,"enemies":"2 Thieves","floor":19.0,"turns":4.0},{"damage":30.0,"enemies":"Gremlin Leader","floor":23.0,"turns":5.0},{"damage":10.0,"enemies":"Shelled Parasite and Fungi","floor":24.0,"turns":9.0},{"damage":0.0,"enemies":"Centurion and Healer","floor":27.0,"turns":7.0},{"damage":16.0,"enemies":"Snecko","floor":28.0,"turns":6.0},{"damage":10.0,"enemies":"3 Cultists","floor":30.0,"turns":6.0},{"damage":2.0,"enemies":"Shelled Parasite and Fungi","floor":31.0,"turns":5.0},{"damage":0.0,"enemies":"Collector","floor":33.0,"turns":8.0},{"damage":0.0,"enemies":"Orb Walker","floor":35.0,"turns":4.0},{"damage":2.0,"enemies":"3 Shapes","floor":37.0,"turns":5.0},{"damage":4.0,"enemies":"Mind Bloom Boss Battle","floor":41.0,"turns":6.0},{"damage":0.0,"enemies":"Transient","floor":45.0,"turns":5.0},{"damage":0.0,"enemies":"Spire Growth","floor":48.0,"turns":5.0},{"damage":5.0,"enemies":"Awakened One","floor":50.0,"turns":16.0},{"damage":0.0,"enemies":"animator:UNNAMED_CULTIST_1","floor":54.0,"turns":8.0},{"damage":0.0,"enemies":"animator:UNNAMED_HAT","floor":55.0,"turns":15.0},{"damage":0.0,"enemies":"animator:TRIPLE_LAGAVULIN","floor":59.0,"turns":8.0},{"damage":19.0,"enemies":"animator:LARGE_CRYSTAL","floor":60.0,"turns":10.0},{"damage":0.0,"enemies":"animator:ULTIMATE_WISP","floor":63.0,"turns":12.0},{"damage":15,"enemies":"animator:ULTIMATE_CUBE","floor":67,"turns":10},{"damage":134,"enemies":"animator:TheUnnamed","floor":69,"turns":15}],"seed_played":"5650950237350091095","potions_obtained":[{"floor":1.0,"key":"LiquidMemories"},{"floor":3.0,"key":"EntropicBrew"},{"floor":4.0,"key":"DuplicationPotion"},{"floor":11.0,"key":"LiquidMemories"},{"floor":16.0,"key":"Energy Potion"},{"floor":23.0,"key":"Ancient Potion"},{"floor":27.0,"key":"SpeedPotion"},{"floor":28.0,"key":"Swift Potion"},{"floor":31.0,"key":"FearPotion"},{"floor":48.0,"key":"SteroidPotion"},{"floor":54.0,"key":"animator:FalseLifePotion"},{"floor":55.0,"key":"animator:FalseLifePotion"},{"floor":59.0,"key":"animator:FalseLifePotion"},{"floor":60.0,"key":"animator:FalseLifePotion"},{"floor":63.0,"key":"animator:FalseLifePotion"},{"floor":67,"key":"animator:FalseLifePotion"}],"is_trial":false,"path_per_floor":["M","M","M","M","M","E","R","M","T","M","E","?","$","?","R","B",null,"M","M","?","$","?","E","M","R","T","M","M","?","M","M","R","B",null,"M","$","M","?","?","R","?","R","T","R","M","T","?","M","R","B",null,"R","??","M","M","T","?","$","M","M","?","$","E","T","?","R","E","R","B"],"character_chosen":"THE_ANIMATOR","items_purchased":["animator:Kyubey","animator:Shimakaze","Bag of Preparation","animator:Arpeggio","animator:Laby","animator:AncientMedallion","animator:Elesis"],"campfire_rested":1,"item_purchase_floors":[13,36,36,36,58,58,62],"current_hp_per_floor":[76,76,75,69,69,51,51,46,46,48,43,28,28,28,28,6,74,67,65,65,65,65,35,27,27,27,30,16,16,22,22,22,22,75,77,77,79,69,69,69,73,73,73,73,81,81,81,85,85,85,85,85,98,98,98,98,88,88,98,80,80,80,98,98,28,28,50,79,0,0],"gold":238,"neow_bonus":"BOSS_RELIC","is_daily":false,"chose_seed":false,"campfire_upgraded":9,"win_rate":0.0,"timestamp":1613639242,"path_taken":["M","M","M","M","M","E","R","M","T","M","E","?","$","?","R","BOSS","M","?","?","$","?","E","M","R","T","M","M","?","?","M","R","BOSS","M","$","M","?","?","R","?","R","T","R","M","?","?","M","R","BOSS","R","??","M","M","T","?","$","M","M","?","$","E","T","?","R","E","R","BOSS"],"items_purchased_type":["Card","Card","Relic","Card","Card","Relic","Card"],"build_version":"2020-12-22","purchased_purges":4,"victory":false,"max_hp_per_floor":[76,78,80,82,79,77,77,77,77,79,76,76,76,76,76,74,74,76,74,74,74,74,71,73,73,73,75,77,77,75,77,77,75,75,77,77,79,79,79,79,81,81,81,81,83,83,83,85,85,85,85,85,98,98,98,98,98,98,98,98,98,98,98,98,98,98,98,98,98,98],"card_choices":[{"not_picked":["animator:Lancer","animator:Pride"],"picked":"animator:Ciel","floor":1.0},{"not_picked":["animator:YachiyoNanami","animator:Togame"],"picked":"animator:EmiyaShirou","floor":2.0},{"not_picked":["animator:Shinoa","animator:WinryRockbell"],"picked":"animator:Yuuichirou","floor":3.0},{"not_picked":["animator:DolaCouronne","animator:ChlammyZell"],"picked":"animator:DolaRiku","floor":4.0},{"not_picked":["animator:Emonzaemon","animator:MumenRider"],"picked":"animator:CrowleyEusford","floor":5.0},{"not_picked":["animator:Mitsuba","animator:RoyMustang"],"picked":"animator:Tet","floor":6.0},{"not_picked":["animator:KrulTepes","animator:OrikoMikuni","animator:Chung"],"picked":"SKIP","floor":8.0},{"not_picked":["animator:LeleiLaLalena","animator:NagisaMomoe"],"picked":"animator:Add","floor":11.0},{"not_picked":["animator:Biyorigo","animator:MadokaKaname"],"picked":"animator:Kyubey","floor":16.0},{"not_picked":["animator:KrulTepes","animator:RinTohsaka+1"],"picked":"animator:IzunaHatsuse","floor":18.0},{"not_picked":["animator:SilverFang","animator:Scar"],"picked":"animator:Chung+1","floor":19.0},{"not_picked":["animator:MumenRider","animator:Gluttony"],"picked":"animator:Hitei","floor":24.0},{"not_picked":["animator:Shichika","animator:TsurugaMeisai","animator:TukaLunaMarceau"],"picked":"SKIP","floor":27.0},{"not_picked":["animator:YaoHaDucy","animator:Alexander","animator:DolaSchwi"],"picked":"SKIP","floor":28.0},{"not_picked":["animator:TsurugaMeisai","animator:Nanami"],"picked":"animator:Azekura","floor":30.0},{"not_picked":["animator:FeridBathory","animator:KrulTepes"],"picked":"animator:Togame+1","floor":31.0},{"not_picked":["animator:Gilgamesh","animator:HomuraAkemi"],"picked":"animator:Boros","floor":33.0},{"not_picked":["animator:Archer","animator:RoyMustang+1"],"picked":"animator:Mikaela+1","floor":35.0},{"not_picked":["animator:MumenRider","animator:Tyuule+1","animator:Shichika"],"picked":"SKIP","floor":37.0},{"not_picked":["animator:MisakiNakahara","animator:Kuroyukihime"],"picked":"animator:Emilia","floor":38.0},{"not_picked":["animator:MisakiNakahara","animator:Zero"],"picked":"animator:Cirno","floor":38.0},{"not_picked":["animator:Canti","animator:KotoriKanbe"],"picked":"animator:Shimakaze","floor":38.0},{"not_picked":[],"picked":"animator:Chung","floor":39.0},{"not_picked":[],"picked":"animator:HomuraAkemi","floor":39.0},{"not_picked":["animator:EmiyaShirou","animator:Tyuule"],"picked":"animator:Mikaela","floor":41.0},{"not_picked":["animator:ElricEdward","animator:MaesHughes"],"picked":"animator:WinryRockbell","floor":45.0},{"not_picked":["animator:FielNirvalen","animator:Tet+1"],"picked":"animator:TukaLunaMarceau","floor":48.0},{"not_picked":["animator:Lu+1","animator:Togame"],"picked":"animator:Arpeggio","floor":54.0},{"not_picked":["animator:EmiyaShirou+1","animator:Pride+1","animator:CrowleyEusford+1"],"picked":"SKIP","floor":55.0},{"not_picked":["animator:MamizouFutatsuiwa","animator:Canti"],"picked":"animator:Patchouli","floor":57.0},{"not_picked":["animator:NagisaMomoe+1","animator:IzunaHatsuse","animator:Assassin"],"picked":"SKIP","floor":59.0},{"not_picked":["animator:UneriGinkaku","animator:Chung"],"picked":"animator:Rena","floor":60.0},{"not_picked":["animator:HigakiRinne+1","animator:ItamiYouji+1"],"picked":"animator:MadokaKaname+1","floor":61.0},{"not_picked":["animator:Chung","animator:RinTohsaka","animator:Kuribayashi"],"picked":"SKIP","floor":63.0},{"not_picked":["animator:DolaStephanie+1","animator:Tyuule+1","animator:Ain"],"picked":"SKIP","floor":67}],"player_experience":61476,"relics_obtained":[{"floor":6.0,"key":"animator:Buoy"},{"floor":9.0,"key":"PreservedInsect"},{"floor":11.0,"key":"Centennial Puzzle"},{"floor":23.0,"key":"animator:WornHelmet"},{"floor":26.0,"key":"Whetstone"},{"floor":41.0,"key":"FossilizedHelix"},{"floor":46.0,"key":"Champion Belt"},{"floor":53.0,"key":"animator:TheEgnaroPiece"},{"floor":53.0,"key":"animator:AncientMedallion"},{"floor":56.0,"key":"animator:AncientMedallion"},{"floor":63.0,"key":"animator:AncientMedallion"},{"floor":64.0,"key":"animator:AncientMedallion"},{"floor":67,"key":"animator:AncientMedallion"}],"event_choices":[{"damage_healed":0.0,"max_hp_gain":0.0,"max_hp_loss":0.0,"gold_gain":0.0,"event_name":"Shining Light","player_choice":"Entered Light","floor":12.0,"gold_loss":0.0,"damage_taken":15.0,"cards_upgraded":["animator:CrowleyEusford","animator:DolaRiku"]},{"damage_healed":0.0,"max_hp_gain":0.0,"max_hp_loss":0.0,"gold_gain":0.0,"event_name":"The Woman in Blue","player_choice":"Bought 0 Potions","floor":14.0,"gold_loss":0.0,"damage_taken":0.0},{"damage_healed":0.0,"max_hp_gain":0.0,"max_hp_loss":0.0,"gold_gain":0.0,"event_name":"Vampires","player_choice":"Ignored","floor":20.0,"gold_loss":0.0,"damage_taken":0.0},{"damage_healed":0.0,"max_hp_gain":0.0,"max_hp_loss":0.0,"gold_gain":99.0,"event_name":"Nest","player_choice":"Stole From Cult","floor":22.0,"gold_loss":0.0,"damage_taken":0.0},{"damage_healed":0.0,"max_hp_gain":0.0,"max_hp_loss":0.0,"gold_gain":0.0,"cards_transformed":["animator:Defend"],"event_name":"Transmorgrifier","player_choice":"Transformed","floor":29.0,"gold_loss":0.0,"damage_taken":0.0,"cards_obtained":["animator:Shigure"]},{"damage_healed":0.0,"max_hp_gain":0.0,"max_hp_loss":0.0,"gold_gain":0.0,"event_name":"SensoryStone","player_choice":"Memory 3","floor":38.0,"gold_loss":0.0,"damage_taken":10.0},{"damage_healed":0.0,"max_hp_gain":0.0,"max_hp_loss":0.0,"gold_gain":0.0,"event_name":"MindBloom","player_choice":"Fight","floor":41.0,"gold_loss":0.0,"damage_taken":0.0},{"damage_healed":0.0,"max_hp_gain":0.0,"max_hp_loss":0.0,"gold_gain":0.0,"event_name":"Tomb of Lord Red Mask","player_choice":"Paid","floor":47.0,"gold_loss":137.0,"damage_taken":0.0,"relics_obtained":["Red Mask"]},{"damage_healed":0.0,"max_hp_gain":0.0,"max_hp_loss":0.0,"gold_gain":0.0,"event_name":"SensoryStone","player_choice":"Memory 3","floor":57.0,"gold_loss":0.0,"damage_taken":10.0}],"is_beta":false,"boss_relics":[{"not_picked":["Black Star","Cursed Key"],"picked":"Mark of Pain"},{"not_picked":["Fusion Hammer","Runic Dome"],"picked":"animator:CrumblingOrb"}],"items_purged_floors":[13,21,36,58],"is_endless":false,"potions_floor_spawned":[1,3,4,11,16,23,27,28,31,33,45,48,54,55],"killed_by":"animator:TheUnnamed","ascension_level":0}}