{"host":"0a4nlh1ehg6g254n","time":1613655493,"event":{"mods":["Aspiration","BaseMod","Colored Map","Colored Powertips","Downfall","Friendly Minions","Hermit","Infinite Spire","Jorbs\u0027s Wanderer Trilogy","Marisa????????","Minty Spire (QoL Compilation)","Quick Restart","Replay The Spire","Shop Mod","StSLib","The Animator","The Construct","The Cursed","The Disciple","The Hierophant","The Necromancer","The Servant 0.9.4"],"gold_per_floor":[99,109,8,8,21,21,21,6,41,41,55,55,55,55,105,124,134,229,229,229,248,248,261,8,8,8,8],"floor_reached":25,"language":"ENG","playtime":1403,"items_purged":[],"score":199,"play_id":"492bb286-6177-49a8-a649-15cbeef8590e","local_time":"20210218103813","is_ascension_mode":false,"campfire_choices":[{"floor":14.0,"key":"REST"}],"circlet_count":0,"master_deck":["sneckomod:Strike","sneckomod:Strike","sneckomod:Strike","sneckomod:Defend","sneckomod:Defend","sneckomod:Defend","sneckomod:TailWhip","sneckomod:SnekBite","Madness","sneckomod:SoulDraw","sneckomod:UnknownUncommonSkill","sneckomod:IronFang","sneckomod:IronFang","sneckomod:DiceCrush","Madness","sneckomod:Nope","sneckomod:DiceBoulder","Madness","sneckomod:QuickMove","sneckomod:DefensiveFlair","sneckomod:ImprovisedAttack","sneckomod:UnknownWeak","expansioncontent:HyperBeam","Evaluate+1","Hallucinations","Replay:ManipulateFuture+1","Vault","SignatureMove"],"relics":["sneckomod:SneckoSoul","infinitespire:FocusingShard","Replay:Baseball","aspiration:WatcherSkillbook","Ring of Peace","Ring of Panic","MerchantsRug"],"acts_visited":["TheCity"],"potions_floor_usage":[18,24],"damage_taken":[{"damage":0.0,"enemies":"Small Slimes","floor":2.0,"turns":3.0},{"damage":0.0,"enemies":"downfall:FleeingMerchant","floor":3.0,"turns":4.0},{"damage":6.0,"enemies":"Cultist","floor":5.0,"turns":4.0},{"damage":8.0,"enemies":"downfall:FleeingMerchant","floor":8.0,"turns":4.0},{"damage":12.0,"enemies":"3 Sentries","floor":9.0,"turns":7.0},{"damage":3.0,"enemies":"Jaw Worm","floor":11.0,"turns":3.0},{"damage":0,"enemies":"downfall:LooterAlt","floor":16,"turns":5},{"damage":2,"enemies":"Blue Slaver","floor":17,"turns":2},{"damage":43,"enemies":"DF_ARCHETYPE_STREAMLINE","floor":18,"turns":8},{"damage":32,"enemies":"Shell Parasite","floor":21,"turns":8},{"damage":18,"enemies":"Chosen","floor":23,"turns":5},{"damage":3,"enemies":"downfall:FleeingMerchant","floor":24,"turns":4},{"damage":0,"enemies":"3 Cultists","floor":25,"turns":3}],"seed_played":"176929060442775318","potions_obtained":[{"floor":2.0,"key":"Death Potion"},{"floor":5.0,"key":"PowerPotion"},{"floor":15,"key":"Swift Potion"},{"floor":17,"key":"Elixir"},{"floor":18,"key":"Adrenaline Potion"}],"is_trial":false,"path_per_floor":["R","M","$","?","M","R","T","$","E","R","M","PTL","PTL","R","?","M","M","B",null,"R","M","?","M","$","M"],"character_chosen":"THE_SNECKO","items_purchased":["sneckomod:UnknownUncommonSkill","sneckomod:IronFang","MerchantsRug","SignatureMove"],"campfire_rested":1,"item_purchase_floors":[3,3,24,24],"current_hp_per_floor":[99,99,99,99,93,93,93,85,73,73,70,70,70,99,60,60,58,15,99,99,67,67,49,46,46,46,46],"gold":8,"neow_bonus":"TEN_PERCENT_HP_BONUS","is_daily":false,"chose_seed":false,"campfire_upgraded":0,"win_rate":0.0,"timestamp":1613655493,"path_taken":["R","M","$","?","M","R","T","?","E","R","M","PTL","PTL","R","?","M","M","BOSS","R","M","?","M","$","M"],"items_purchased_type":["Card","Card","Relic","Card"],"build_version":"2020-12-22","purchased_purges":0,"victory":false,"max_hp_per_floor":[99,99,99,99,99,99,99,99,99,99,99,99,99,99,99,99,99,99,99,99,99,99,99,99,99,99,99],"card_choices":[{"not_picked":["sneckomod:CheapStock","sneckomod:UnknownDraw"],"picked":"sneckomod:SoulDraw","floor":2.0},{"not_picked":["sneckomod:QuickBite","sneckomod:Unknown1Cost"],"picked":"sneckomod:UnknownCommonSkill","floor":3.0},{"not_picked":["sneckomod:Unknown0Cost","sneckomod:SoulDraw"],"picked":"sneckomod:DiceCrush","floor":5.0},{"not_picked":["sneckomod:Unknown1Cost","sneckomod:DiceCrush"],"picked":"sneckomod:Nope","floor":8.0},{"not_picked":["sneckomod:UnknownExhaust","sneckomod:UnknownCommonSkill"],"picked":"sneckomod:DiceBoulder","floor":9.0},{"not_picked":["sneckomod:Unknown1Cost","sneckomod:UnknownExhaust"],"picked":"sneckomod:QuickMove","floor":11.0},{"not_picked":["sneckomod:QuickMove","sneckomod:Nope"],"picked":"sneckomod:DefensiveFlair","floor":15},{"not_picked":["sneckomod:SnekBeam","sneckomod:Cheat"],"picked":"sneckomod:ImprovisedAttack","floor":16},{"not_picked":["sneckomod:WideSting","sneckomod:SerpentIdol"],"picked":"sneckomod:UnknownWeak","floor":17},{"not_picked":["sneckomod:MorePower","sneckomod:Cheat"],"picked":"sneckomod:UnknownBoss","floor":18},{"not_picked":["Protect","sneckomod:SlitherStrike","sneckomod:DiceCrush+1"],"picked":"Evaluate+1","floor":21},{"not_picked":["Wireheading","sneckomod:Unknown0Cost","sneckomod:DiceCrush"],"picked":"Replay:ManipulateFuture+1","floor":23},{"not_picked":["CrushJoints","Replay:Vibes","sneckomod:IronFang"],"picked":"Vault","floor":24}],"player_experience":48634,"relics_obtained":[{"floor":7.0,"key":"infinitespire:FocusingShard"},{"floor":9.0,"key":"Replay:Baseball"},{"floor":22,"key":"Ring of Peace"},{"floor":22,"key":"Ring of Panic"}],"event_choices":[],"is_beta":false,"boss_relics":[{"not_picked":["Painkiller Herb","ReplayTheSpireMod:SealedPack"],"picked":"aspiration:WatcherSkillbook"}],"items_purged_floors":[],"is_endless":false,"potions_floor_spawned":[2,5,17,18,21],"killed_by":"3 Cultists","ascension_level":0}}