{"host":"mvi9b5ih1d2nn41h","time":1613614497,"event":{"mods":["BaseMod","Card Forge","Minty Spire (QoL Compilation)","No Card Rewards","StSLib","UnlockEverythingMod"],"gold_per_floor":[119,135,154,165,177,208,220,237,237,412,438,57,73,25,25,121,121,138,152,177,276,276,311,326,355,355,370,390,404,18,27,27,123,123,143,43,43,63,83,83,83,183,206,217,203,222,222,237,237,237],"floor_reached":51,"language":"ENG","playtime":1532,"items_purged":["Doubt","Writhe"],"score":1070,"play_id":"34c40a14-ee39-4bb1-ad51-0e675361d4ab","local_time":"20210217201457","is_ascension_mode":false,"campfire_choices":[{"data":"Gash","floor":15,"key":"SMITH"},{"floor":32,"key":"REST"},{"floor":41,"key":"REST"},{"floor":47,"key":"REST"},{"floor":49,"key":"REST"}],"circlet_count":0,"master_deck":["Gash+1","Go for the Eyes","Gash","Go for the Eyes","Gash","FTL","Go for the Eyes","Gash","FTL","Go for the Eyes","Gash","FTL","Go for the Eyes","Gash","FTL","Go for the Eyes","Gash","Gash+1","Swift Strike","Gash"],"relics":["Cracked Core","Unceasing Top","StrikeDummy","Boot","Strawberry","Lantern","PreservedInsect","SacredBark","Red Mask","MutagenicStrength","Prayer Wheel","Ice Cream","Matryoshka","Bronze Scales","DollysMirror","CeramicFish","Black Star","Letter Opener","Akabeko"],"acts_visited":["Exordium","TheCity","TheBeyond"],"potions_floor_usage":[7,8,16,27,29,29,39,50,50],"damage_taken":[{"damage":0,"enemies":"Cultist","floor":1,"turns":1},{"damage":0,"enemies":"Small Slimes","floor":2,"turns":1},{"damage":0,"enemies":"Jaw Worm","floor":3,"turns":1},{"damage":0,"enemies":"Red Slaver","floor":4,"turns":1},{"damage":0,"enemies":"Exordium Thugs","floor":5,"turns":1},{"damage":0,"enemies":"Gremlin Nob","floor":6,"turns":1},{"damage":0,"enemies":"Looter","floor":7,"turns":1},{"damage":0,"enemies":"2 Fungi Beasts","floor":8,"turns":1},{"damage":0,"enemies":"Large Slime","floor":13,"turns":1},{"damage":0,"enemies":"The Guardian","floor":16,"turns":1},{"damage":0,"enemies":"Spheric Guardian","floor":18,"turns":1},{"damage":0,"enemies":"2 Thieves","floor":19,"turns":1},{"damage":0,"enemies":"Masked Bandits","floor":20,"turns":1},{"damage":0,"enemies":"Gremlin Leader","floor":23,"turns":1},{"damage":0,"enemies":"Snake Plant","floor":24,"turns":1},{"damage":0,"enemies":"Slavers","floor":25,"turns":1},{"damage":0,"enemies":"Chosen and Byrds","floor":27,"turns":1},{"damage":0,"enemies":"Cultist and Chosen","floor":28,"turns":1},{"damage":12,"enemies":"3 Cultists","floor":29,"turns":4},{"damage":10,"enemies":"Automaton","floor":33,"turns":3},{"damage":58,"enemies":"3 Shapes","floor":35,"turns":2},{"damage":0,"enemies":"Orb Walker","floor":38,"turns":1},{"damage":0,"enemies":"Writhing Mass","floor":39,"turns":1},{"damage":0,"enemies":"Spire Growth","floor":44,"turns":1},{"damage":0,"enemies":"Maw","floor":46,"turns":1},{"damage":15,"enemies":"Sphere and 2 Shapes","floor":48,"turns":1},{"damage":0,"enemies":"Awakened One","floor":50,"turns":2}],"seed_played":"4034829743730066767","potions_obtained":[{"floor":1,"key":"Ancient Potion"},{"floor":3,"key":"BlessingOfTheForge"},{"floor":4,"key":"LiquidMemories"},{"floor":6,"key":"PowerPotion"},{"floor":8,"key":"Dexterity Potion"},{"floor":24,"key":"Dexterity Potion"},{"floor":27,"key":"SneckoOil"},{"floor":33,"key":"PotionOfCapacity"},{"floor":38,"key":"ColorlessPotion"},{"floor":44,"key":"EssenceOfDarkness"}],"is_trial":true,"path_per_floor":["M","M","M","M","M","E","M","M","T","?","T","$","M","$","R","B",null,"M","M","?","?","?","E","M","E","T","M","M","M","$","?","R","B",null,"M","$","?","M","M","?","R","?","T","M","$","M","R","M","R","B",null],"character_chosen":"DEFECT","items_purchased":["Lantern","PreservedInsect","ColorlessPotion","Bronze Scales","DollysMirror","Swift Strike","Gash"],"campfire_rested":4,"item_purchase_floors":[12,12,14,30,30,30,45],"current_hp_per_floor":[75,75,75,75,75,75,75,75,75,75,82,82,82,82,82,82,82,82,82,82,82,82,82,82,82,82,82,82,70,70,70,82,72,82,24,24,24,24,24,24,47,47,47,47,47,47,70,55,78,78],"gold":237,"neow_bonus":"","is_daily":false,"chose_seed":false,"campfire_upgraded":1,"win_rate":0.0,"timestamp":1613614497,"path_taken":["M","?","?","M","?","E","M","M","T","?","?","$","?","?","R","BOSS","M","M","?","?","?","E","M","E","T","M","M","M","$","?","R","BOSS","M","$","?","M","M","?","R","?","T","M","$","?","R","M","R","BOSS"],"items_purchased_type":["Relic","Relic","Potion","Relic","Relic","Card","Card"],"build_version":"2020-12-22","purchased_purges":2,"victory":true,"max_hp_per_floor":[75,75,75,75,75,75,75,75,75,75,82,82,82,82,82,82,82,82,82,82,82,82,82,82,82,82,82,82,82,82,82,82,82,82,82,82,78,78,78,78,78,78,78,78,78,78,78,78,78,78],"card_choices":[{"not_picked":["Turbo","Core Surge"],"picked":"Gash","floor":20}],"player_experience":193690,"relics_obtained":[{"floor":6,"key":"StrikeDummy"},{"floor":9,"key":"Boot"},{"floor":11,"key":"Strawberry"},{"floor":20,"key":"Red Mask"},{"floor":23,"key":"Prayer Wheel"},{"floor":25,"key":"Ice Cream"},{"floor":26,"key":"Matryoshka"},{"floor":43,"key":"Letter Opener"},{"floor":43,"key":"Akabeko"}],"event_choices":[{"damage_healed":0,"gold_gain":175,"player_choice":"AGREE","damage_taken":0,"max_hp_gain":0,"max_hp_loss":0,"event_name":"Liars Game","floor":10,"gold_loss":0,"cards_obtained":["Doubt"]},{"damage_healed":0,"gold_gain":0,"player_choice":"Fought Bandits","damage_taken":0,"max_hp_gain":0,"max_hp_loss":0,"event_name":"Masked Bandits","floor":20,"gold_loss":0},{"damage_healed":0,"gold_gain":99,"player_choice":"Stole From Cult","damage_taken":0,"max_hp_gain":0,"max_hp_loss":0,"event_name":"Nest","floor":21,"gold_loss":0},{"damage_healed":0,"gold_gain":0,"player_choice":"Inject Mutagens","damage_taken":0,"relics_obtained":["MutagenicStrength"],"max_hp_gain":0,"max_hp_loss":0,"event_name":"Drug Dealer","floor":22,"gold_loss":0},{"damage_healed":0,"gold_gain":0,"player_choice":"Opened","damage_taken":0,"relics_obtained":["CeramicFish"],"max_hp_gain":0,"max_hp_loss":0,"event_name":"The Mausoleum","floor":31,"gold_loss":0,"cards_obtained":["Writhe"]},{"damage_healed":0,"gold_gain":0,"player_choice":"Max HP","damage_taken":0,"max_hp_gain":0,"max_hp_loss":4,"event_name":"Winding Halls","floor":37,"gold_loss":0},{"cards_removed":["Gash"],"damage_healed":0,"gold_gain":0,"player_choice":"Removed Attack","damage_taken":0,"max_hp_gain":0,"max_hp_loss":0,"event_name":"Falling","floor":40,"gold_loss":0},{"damage_healed":0,"gold_gain":100,"player_choice":"Pray","damage_taken":0,"max_hp_gain":0,"max_hp_loss":0,"event_name":"Golden Shrine","floor":42,"gold_loss":0}],"is_beta":false,"boss_relics":[{"not_picked":["Empty Cage","Sozu"],"picked":"SacredBark"},{"not_picked":["Fusion Hammer","Inserter"],"picked":"Black Star"}],"items_purged_floors":[12,36],"is_endless":false,"potions_floor_spawned":[1,3,4,6,8,24,25,27,33,38,44,48],"ascension_level":0}}