{"host":"fxrgx7wt2cpkbhka","time":1613622200,"event":{"mods":["AchievementEnabler","BaseMod","Colored Powertips","Dark Map","Minty Spire (QoL Compilation)","Permanent Neow","Quick Restart","Slay-I","StSLib","Waifu the Spire"],"gold_per_floor":[117,129,204,216,216,216,141,141,164,134,62,62,87,162,162,265,265,275,345,1,11,21,53,53,53,130,130,149,174,174,107,107,107,107],"floor_reached":33,"language":"ENG","playtime":1120,"items_purged":[],"score":443,"play_id":"5abdf5e4-88de-473b-8903-6cbd2d4e4180","local_time":"20210217202320","is_ascension_mode":true,"campfire_choices":[{"data":"Footwork","floor":6,"key":"SMITH"},{"data":"Footwork","floor":8,"key":"SMITH"},{"data":"Neutralize","floor":12,"key":"SMITH"},{"data":"Bouncing Flask","floor":15,"key":"SMITH"},{"floor":24,"key":"REST"},{"data":"Corpse Explosion","floor":27,"key":"SMITH"},{"data":"Leg Sweep","floor":30,"key":"SMITH"},{"data":"Noxious Fumes","floor":32,"key":"SMITH"}],"circlet_count":0,"master_deck":["AscendersBane","Strike_G","Strike_G","Strike_G","Strike_G","Defend_G","Defend_G","Defend_G","Defend_G","Defend_G","Survivor","Neutralize+1","Footwork+1","Sucker Punch","Footwork+1","Cloak And Dagger","Cloak And Dagger","Sucker Punch","Bouncing Flask+1","Corpse Explosion+1","Leg Sweep+1","Backflip","Backstab","Noxious Fumes+1"],"relics":["Ring of the Snake","Bronze Scales","MealTicket","Happy Flower","SacredBark","Darkstone Periapt","TwistedFunnel","Oddly Smooth Stone","CeramicFish","Blue Candle"],"acts_visited":["Exordium","TheCity"],"potions_floor_usage":[16,22],"damage_taken":[{"damage":2,"enemies":"Small Slimes","floor":1,"turns":4},{"damage":2,"enemies":"Jaw Worm","floor":2,"turns":6},{"damage":0,"enemies":"Cultist","floor":4,"turns":5},{"damage":0,"enemies":"Looter","floor":10,"turns":4},{"damage":11,"enemies":"Lagavulin","floor":13,"turns":11},{"damage":14,"enemies":"The Guardian","floor":16,"turns":10},{"damage":13,"enemies":"Chosen","floor":18,"turns":6},{"damage":0,"enemies":"3 Byrds","floor":21,"turns":2},{"damage":15,"enemies":"Centurion and Healer","floor":22,"turns":7},{"damage":43,"enemies":"Gremlin Leader","floor":23,"turns":9},{"damage":0,"enemies":"Shelled Parasite and Fungi","floor":28,"turns":9},{"damage":0,"enemies":"3 Cultists","floor":29,"turns":3},{"damage":51,"enemies":"Automaton","floor":33,"turns":12}],"seed_played":"-5353421753050418849","potions_obtained":[{"floor":4,"key":"Swift Potion"},{"floor":13,"key":"SpeedPotion"},{"floor":21,"key":"Strength Potion"},{"floor":23,"key":"Ancient Potion"}],"is_trial":false,"path_per_floor":["M","M","?","M","T","R","$","R","T","M","$","R","E","?","R","B",null,"M","T","$","M","M","E","R","?","T","R","M","M","R","$","R","B"],"character_chosen":"THE_SILENT","items_purchased":["Footwork","Cloak And Dagger","Sucker Punch","TwistedFunnel","Oddly Smooth Stone","Leg Sweep","Noxious Fumes"],"campfire_rested":1,"item_purchase_floors":[7,11,11,20,20,20,31],"current_hp_per_floor":[68,66,55,55,55,55,55,55,55,55,70,70,59,52,52,38,67,54,54,69,69,54,11,34,34,34,34,34,34,34,49,49,0,0],"gold":107,"neow_bonus":"TEN_PERCENT_HP_BONUS","is_daily":false,"chose_seed":false,"campfire_upgraded":7,"win_rate":0.0,"timestamp":1613622200,"path_taken":["M","M","?","M","?","R","?","R","T","?","$","R","E","?","R","BOSS","M","?","$","M","M","E","R","?","T","R","?","M","R","$","R","BOSS"],"items_purchased_type":["Card","Card","Card","Relic","Relic","Card","Card"],"build_version":"2020-12-22","purchased_purges":0,"victory":false,"max_hp_per_floor":[77,77,77,77,77,77,77,77,77,77,77,77,77,77,77,77,77,77,77,77,77,77,77,77,77,77,77,77,77,77,77,77,77,77],"card_choices":[{"not_picked":["Slice","Deflect"],"picked":"Footwork","floor":1},{"not_picked":["Skewer","Prepared"],"picked":"Sucker Punch","floor":2},{"not_picked":["Underhanded Strike","Calculated Gamble","PiercingWail"],"picked":"SKIP","floor":4},{"not_picked":["Acrobatics","Phantasmal Killer"],"picked":"Cloak And Dagger","floor":10},{"not_picked":["Setup","Deflect"],"picked":"Bouncing Flask","floor":13},{"not_picked":["Doppelganger","A Thousand Cuts"],"picked":"Corpse Explosion","floor":16},{"not_picked":["Acrobatics","All Out Attack","Bane"],"picked":"SKIP","floor":18},{"not_picked":["Quick Slash","Cloak And Dagger","Bane+1"],"picked":"SKIP","floor":21},{"not_picked":["Quick Slash","Tactician"],"picked":"Backflip","floor":22},{"not_picked":["Predator","Infinite Blades","Finisher"],"picked":"SKIP","floor":23},{"not_picked":["Bane","Flying Knee","Expertise"],"picked":"SKIP","floor":28},{"not_picked":["Deadly Poison+1","Expertise"],"picked":"Backstab","floor":29}],"player_experience":789892,"relics_obtained":[{"floor":5,"key":"Bronze Scales"},{"floor":9,"key":"MealTicket"},{"floor":13,"key":"Happy Flower"},{"floor":19,"key":"Darkstone Periapt"},{"floor":23,"key":"CeramicFish"},{"floor":26,"key":"Blue Candle"}],"event_choices":[{"damage_healed":0,"gold_gain":75,"player_choice":"Gather Gold","damage_taken":11,"max_hp_gain":0,"max_hp_loss":0,"event_name":"World of Goop","floor":3,"gold_loss":0},{"damage_healed":0,"gold_gain":75,"player_choice":"Touch","damage_taken":7,"max_hp_gain":0,"max_hp_loss":0,"event_name":"FaceTrader","floor":14,"gold_loss":0},{"cards_removed":["Strike_G"],"damage_healed":0,"gold_gain":0,"player_choice":"Purged","damage_taken":0,"max_hp_gain":0,"max_hp_loss":0,"event_name":"Purifier","floor":25,"gold_loss":0}],"is_beta":false,"boss_relics":[{"not_picked":["Runic Pyramid","Sozu"],"picked":"SacredBark"}],"items_purged_floors":[],"is_endless":false,"potions_floor_spawned":[4,13,21,23,29],"killed_by":"Automaton","ascension_level":11}}