{"host":"6z6y4ky8uzsz1dpj","time":1613663116,"event":{"mods":["AchievementEnabler","BaseMod","BetterRewards","Challenge The Spire","Colored Map","Hubris","Minty Spire (QoL Compilation)","Quick Restart","Relic Stats","Replay The Spire","StSLib"],"gold_per_floor":[115,129,129,149,162,187,187,219,243,243,243],"floor_reached":10,"language":"ENG","playtime":327,"items_purged":[],"score":109,"play_id":"ba0256fe-1e45-4af5-83b9-8b9e5589d767","local_time":"20210218104516","is_ascension_mode":true,"campfire_choices":[{"data":"Darkness","floor":7,"key":"SMITH"}],"circlet_count":0,"master_deck":["Strike_B","Strike_B","Strike_B","Strike_B","Defend_B","Defend_B","Defend_B","Defend_B","Zap","Dualcast","Capacitor","Capacitor","Darkness+1","ReplayTheSpireMod:Calculation Training","Echo Form","hubris:PowerSurge","Self Repair","Conserve Battery"],"relics":["Cracked Core","Question Card","Incense Burner","Mummified Hand","Replay:Bottled Eggs","Blood Vial"],"acts_visited":["Exordium"],"potions_floor_usage":[2,6,10],"damage_taken":[{"damage":0,"enemies":"Small Slimes","floor":1,"turns":3},{"damage":1,"enemies":"Cultist","floor":2,"turns":4},{"damage":0,"enemies":"2 Louse","floor":4,"turns":2},{"damage":12,"enemies":"Looter","floor":5,"turns":3},{"damage":3,"enemies":"Lagavulin","floor":6,"turns":7},{"damage":32,"enemies":"Gremlin Nob","floor":8,"turns":4},{"damage":30,"enemies":"3 Sentries","floor":10,"turns":5}],"seed_played":"-7237738220455551652","potions_obtained":[{"floor":1,"key":"AttackPotion"},{"floor":5,"key":"LifebloodPotion"},{"floor":6,"key":"Fire Potion"}],"is_trial":false,"path_per_floor":["M","M","?","M","M","E","R","E","T","E"],"character_chosen":"DEFECT","items_purchased":["Question Card","Capacitor"],"campfire_rested":0,"item_purchase_floors":[0,0],"current_hp_per_floor":[60,59,59,59,47,51,51,33,33,5,5],"gold":243,"neow_bonus":"","is_daily":false,"chose_seed":false,"campfire_upgraded":1,"win_rate":0.0,"timestamp":1613663116,"path_taken":["M","M","?","M","?","E","R","E","T","E"],"items_purchased_type":["Relic","Card"],"build_version":"2020-12-22","purchased_purges":0,"victory":false,"max_hp_per_floor":[75,75,75,75,75,75,75,75,75,75,75],"relic_stats":{"Blood Vial":2,"counters":[7,28],"Mummified Hand":[8],"Question Card":6,"obtain_stats":[{"Blood Vial":9,"Mummified Hand":6,"Incense Burner":0,"Ginger":0,"Replay:Bottled Eggs":8,"Cracked Core":0,"Question Card":0},{"Blood Vial":6,"Mummified Hand":5,"Incense Burner":0,"Ginger":0,"Replay:Bottled Eggs":6,"Cracked Core":0,"Question Card":0},{"Blood Vial":23,"Mummified Hand":19,"Incense Burner":0,"Ginger":0,"Replay:Bottled Eggs":23,"Cracked Core":0,"Question Card":0}]},"card_choices":[{"not_picked":["Hologram","Storm","Conserve Battery"],"picked":"Darkness","floor":1},{"not_picked":["Turbo","Ball Lightning","ReplayTheSpireMod:GoodbyeWorld"],"picked":"ReplayTheSpireMod:Calculation Training","floor":2},{"not_picked":["Coolheaded","Go for the Eyes","ReplayGash","Panic Button"],"picked":"SKIP","floor":4},{"not_picked":["Rebound","ReplayTheSpireMod:Calculation Training","Leap"],"picked":"Self Repair","floor":5},{"not_picked":["Chaos","Steam Power","Steam","Meteor Strike"],"picked":"SKIP","floor":6},{"not_picked":["Leap","Conserve Battery","FIFO Queue","Go for the Eyes"],"picked":"SKIP","floor":8},{"not_picked":["Leap","FIFO Queue","Go for the Eyes"],"picked":"Conserve Battery","floor":8}],"player_experience":638177,"relics_obtained":[{"floor":6,"key":"Mummified Hand"},{"floor":8,"key":"Replay:Bottled Eggs"},{"floor":9,"key":"Blood Vial"}],"event_choices":[{"damage_healed":0,"gold_gain":0,"player_choice":"2 cards matched","damage_taken":0,"max_hp_gain":0,"max_hp_loss":0,"event_name":"Match and Keep!","floor":3,"gold_loss":0,"cards_obtained":["Echo Form","hubris:PowerSurge"]}],"is_beta":false,"boss_relics":[],"items_purged_floors":[],"is_endless":false,"potions_floor_spawned":[1,5,6],"killed_by":"3 Sentries","ascension_level":8}}