{"host":"w8xisjf5mgmfjvmt","time":1613615484,"event":{"mods":["BaseMod","BetterRewards","Bossed Relics","Challenge The Spire","Conspire","Energized Spire","Filter the Spire","Minty Spire (QoL Compilation)","Quarter Circle Forward PUNCH!","Quick Restart","Relic Filter Mod","Relic Stats","Reliquary","Replay The Spire","Say the Spire","Shop Mod","Spicy Shops","StSLib","Thieving Mod","¡¾ÒÅÎï¿¨ÅÆ¡¿REMEMod","óô»ðÖ¸ÄÏ"],"gold_per_floor":[109,125,200,218,52,52,52,52,52],"floor_reached":8,"language":"ZHS","playtime":156,"items_purged":["Writhe"],"score":92,"play_id":"81e4e0dd-c5a1-4d82-92cf-3bce693f0f09","local_time":"20210218103124","is_ascension_mode":true,"campfire_choices":[{"data":"Prepared","floor":6.0,"key":"SMITH"}],"circlet_count":0,"master_deck":["AscendersBane","Strike_G","Strike_G","Strike_G","Strike_G","Strike_G","Defend_G","Defend_G","Defend_G","Defend_G","Defend_G","Survivor","Neutralize","Grand Finale","Finesse","Blade Dance","Backflip","Prepared+1","Prepared","Dagger Throw"],"relics":["Ring of the Snake","REME_ComplimentaryCards"],"acts_visited":["Exordium"],"potions_floor_usage":[],"damage_taken":[{"damage":0.0,"enemies":"Cultist","floor":1.0,"turns":4.0},{"damage":0.0,"enemies":"Jaw Worm","floor":2.0,"turns":3.0},{"damage":1.0,"enemies":"2 Louse","floor":4.0,"turns":2.0},{"damage":0,"enemies":"Gremlin Nob","floor":8,"turns":2}],"seed_played":"1932168143799578338","potions_obtained":[{"floor":1.0,"key":"GamblersBrew"},{"floor":2.0,"key":"SkillPotion"}],"is_trial":false,"path_per_floor":["M","M","?","M","$","R","?","E"],"character_chosen":"THE_SILENT","items_purchased":["Prepared","Dagger Throw"],"campfire_rested":0,"item_purchase_floors":[5,5],"current_hp_per_floor":[59,59,48,47,47,47,47,47,47],"gold":52,"neow_bonus":"THREE_RARE_CARDS","is_daily":false,"chose_seed":false,"campfire_upgraded":1,"win_rate":0.0,"timestamp":1613615484,"path_taken":["M","?","?","M","$","R","?","E"],"items_purchased_type":["Card","Card"],"build_version":"2020-12-22","purchased_purges":1,"victory":false,"max_hp_per_floor":[66,66,66,66,66,66,66,66,66],"relic_stats":{"counters":[4,11],"obtain_stats":[{"Ring of the Snake":0,"REME_ComplimentaryCards":0},{"Ring of the Snake":0,"REME_ComplimentaryCards":0},{"Ring of the Snake":0,"REME_ComplimentaryCards":0}],"Ring of the Snake":[8]},"card_choices":[{"not_picked":["Doppelganger","Die Die Die"],"picked":"Grand Finale","floor":0.0},{"not_picked":["Terror","Eviscerate"],"picked":"Blade Dance","floor":1.0},{"not_picked":["Blade Dance","Outmaneuver"],"picked":"Backflip","floor":2.0},{"not_picked":["ReplayTheSpireMod:Exploit Weakness","Flying Knee","Dagger Spray"],"picked":"SKIP","floor":4.0}],"player_experience":1370409,"relics_obtained":[],"event_choices":[{"damage_healed":0.0,"max_hp_gain":0.0,"max_hp_loss":0.0,"gold_gain":75.0,"event_name":"World of Goop","player_choice":"Gather Gold","floor":3.0,"gold_loss":0.0,"damage_taken":11.0}],"is_beta":false,"boss_relics":[],"items_purged_floors":[5],"is_endless":false,"potions_floor_spawned":[1,2,4],"killed_by":"Gremlin Nob","ascension_level":20}}