{"host":"8f5cu9y0fpol72qs","time":1613627260,"event":{"mods":["AlwaysNeverKeys","BaseMod","Colored Map","Colored Powertips","Curses Come First","Highlight Path","Key Reminder","Minty Spire (QoL Compilation)","StSLib"],"gold_per_floor":[118,133,58,69,69,81,93,134,172,200,242,273,312,336,348,432,444,444,256,171,171,171,171,46,46,46,46,46,46,46,46,46,46,46],"floor_reached":33,"language":"ENG","playtime":3032,"items_purged":["Strike_P","Strike_P","Defend_P"],"score":618,"play_id":"f5381f35-e37e-4f69-a887-53b3c325cb30","local_time":"20210217214740","is_ascension_mode":true,"campfire_choices":[{"data":"CrushJoints","floor":6,"key":"SMITH"},{"data":"Devotion","floor":15,"key":"SMITH"},{"floor":30,"key":"REST"},{"data":"Protect","floor":32,"key":"SMITH"}],"circlet_count":0,"master_deck":["AscendersBane","Strike_P","Strike_P","Defend_P","Defend_P","Defend_P","Eruption","Vigilance","CutThroughFate","CrushJoints+1","Protect","FearNoEvil","EmptyMind","Devotion+1","FlurryOfBlows","Adaptation","WheelKick","Vault","Ragnarok","Indignation","CutThroughFate","FlurryOfBlows","Tantrum","ReachHeaven","Protect+1"],"relics":["PureWater","MawBank","Centennial Puzzle","PreservedInsect","Letter Opener","Pen Nib","Ectoplasm","Dream Catcher","StrikeDummy","Toy Ornithopter","Question Card","Art of War","MutagenicStrength"],"acts_visited":["Exordium","TheCity"],"potions_floor_usage":[8,12,16,23,29,33],"damage_taken":[{"damage":0,"enemies":"Cultist","floor":1,"turns":3},{"damage":1,"enemies":"2 Louse","floor":2,"turns":3},{"damage":4,"enemies":"Jaw Worm","floor":4,"turns":6},{"damage":23,"enemies":"Lagavulin","floor":8,"turns":7},{"damage":2,"enemies":"Large Slime","floor":10,"turns":5},{"damage":7,"enemies":"3 Sentries","floor":11,"turns":5},{"damage":1,"enemies":"Blue Slaver","floor":12,"turns":3},{"damage":8,"enemies":"Gremlin Nob","floor":13,"turns":3},{"damage":4,"enemies":"2 Fungi Beasts","floor":14,"turns":3},{"damage":6,"enemies":"Hexaghost","floor":16,"turns":7},{"damage":8,"enemies":"Shell Parasite","floor":18,"turns":2},{"damage":0,"enemies":"Chosen","floor":21,"turns":3},{"damage":13,"enemies":"Book of Stabbing","floor":23,"turns":5},{"damage":11,"enemies":"Gremlin Leader","floor":25,"turns":4},{"damage":4,"enemies":"Centurion and Healer","floor":27,"turns":4},{"damage":0,"enemies":"Snake Plant","floor":28,"turns":3},{"damage":7,"enemies":"Slavers","floor":29,"turns":3},{"damage":62,"enemies":"Automaton","floor":33,"turns":7}],"seed_played":"-831906111268490568","potions_obtained":[{"floor":4,"key":"Fruit Juice"},{"floor":8,"key":"Swift Potion"},{"floor":10,"key":"Weak Potion"},{"floor":11,"key":"PowerPotion"},{"floor":13,"key":"SpeedPotion"},{"floor":21,"key":"GamblersBrew"},{"floor":25,"key":"GamblersBrew"},{"floor":27,"key":"Weak Potion"},{"floor":28,"key":"ColorlessPotion"}],"is_trial":false,"path_per_floor":["M","M","$","M","?","R","?","E","T","M","E","M","E","M","R","B",null,"M","$","?","M","?","E","$","E","T","M","M","E","R","?","R","B"],"character_chosen":"WATCHER","items_purchased":["Ragnarok"],"campfire_rested":1,"item_purchase_floors":[19],"current_hp_per_floor":[67,66,66,62,44,44,68,50,50,48,41,40,32,28,28,22,65,57,57,57,57,57,44,44,33,33,29,29,27,50,50,50,0,0],"gold":46,"neow_bonus":"TEN_PERCENT_HP_BONUS","is_daily":false,"chose_seed":false,"campfire_upgraded":3,"win_rate":0.0,"timestamp":1613627260,"path_taken":["M","M","?","M","?","R","?","E","T","M","E","M","E","M","R","BOSS","M","$","?","M","?","E","?","E","T","M","M","E","R","?","R","BOSS"],"items_purchased_type":["Card"],"build_version":"2020-12-22","purchased_purges":3,"victory":false,"max_hp_per_floor":[74,74,74,74,74,74,74,79,79,79,79,79,79,79,79,79,79,79,79,79,79,79,79,79,79,79,79,79,79,79,79,79,79,79],"card_choices":[{"not_picked":["FlurryOfBlows","MentalFortress"],"picked":"CutThroughFate","floor":1},{"not_picked":["InnerPeace","Vengeance"],"picked":"CrushJoints","floor":2},{"not_picked":["Crescendo","ThirdEye"],"picked":"Protect","floor":4},{"not_picked":["Crescendo","Sanctity"],"picked":"FearNoEvil","floor":8},{"not_picked":["Crescendo","InnerPeace"],"picked":"EmptyMind","floor":10},{"not_picked":["ClearTheMind","Fasting2"],"picked":"Devotion","floor":11},{"not_picked":["Meditate","ClearTheMind"],"picked":"FlurryOfBlows","floor":12},{"not_picked":["DeceiveReality","Fasting2"],"picked":"Adaptation","floor":13},{"not_picked":["EmptyFist","SashWhip"],"picked":"WheelKick","floor":14},{"not_picked":["Devotion","Judgement"],"picked":"Vault","floor":16},{"not_picked":["Adaptation","EmptyFist","Crescendo"],"picked":"SKIP","floor":18},{"not_picked":["Evaluate","EmptyMind"],"picked":"Indignation","floor":21},{"not_picked":["JustLucky","Fasting2","Protect"],"picked":"SKIP","floor":23},{"not_picked":["FollowUp","EmptyBody"],"picked":"CutThroughFate","floor":25},{"not_picked":["Protect","BowlingBash","WreathOfFlame"],"picked":"FlurryOfBlows","floor":27},{"not_picked":["CutThroughFate","FearNoEvil","Sanctity"],"picked":"Tantrum","floor":28},{"not_picked":["Establishment","Consecrate","Collect"],"picked":"ReachHeaven","floor":29},{"not_picked":["WreathOfFlame","CrushJoints","Worship"],"picked":"Protect","floor":30}],"player_experience":1096836,"relics_obtained":[{"floor":8,"key":"Centennial Puzzle"},{"floor":9,"key":"PreservedInsect"},{"floor":11,"key":"Letter Opener"},{"floor":13,"key":"Pen Nib"},{"floor":23,"key":"StrikeDummy"},{"floor":25,"key":"Toy Ornithopter"},{"floor":26,"key":"Question Card"},{"floor":29,"key":"Art of War"}],"event_choices":[{"damage_healed":0,"gold_gain":0,"player_choice":"Success","damage_taken":18,"relics_obtained":["MawBank"],"max_hp_gain":0,"max_hp_loss":0,"event_name":"Scrap Ooze","floor":5,"gold_loss":0},{"damage_healed":24,"gold_gain":0,"player_choice":"Banana","damage_taken":0,"max_hp_gain":0,"max_hp_loss":0,"event_name":"Big Fish","floor":7,"gold_loss":0},{"damage_healed":0,"gold_gain":0,"player_choice":"Obtained Relic","damage_taken":0,"relics_obtained":["Dream Catcher"],"max_hp_gain":0,"max_hp_loss":0,"event_name":"Addict","floor":20,"gold_loss":85},{"damage_healed":0,"gold_gain":0,"player_choice":"Ignored","damage_taken":0,"max_hp_gain":0,"max_hp_loss":0,"event_name":"Vampires","floor":22,"gold_loss":0},{"damage_healed":0,"gold_gain":0,"player_choice":"Inject Mutagens","damage_taken":0,"relics_obtained":["MutagenicStrength"],"max_hp_gain":0,"max_hp_loss":0,"event_name":"Drug Dealer","floor":31,"gold_loss":0}],"is_beta":false,"boss_relics":[{"not_picked":["Snecko Eye","Empty Cage"],"picked":"Ectoplasm"}],"items_purged_floors":[3,19,24],"is_endless":false,"potions_floor_spawned":[4,8,10,11,13,21,25,27,28],"killed_by":"Automaton","ascension_level":18}}