{"host":"19r1ww88x2tc73i0","time":1613633336,"event":{"mods":["BaseMod","BetterRewards","Colored Map","Minty Spire (QoL Compilation)","Relic Stats","StSLib","SuperFastMode","slay the spire mod where everything is the same but ironclad has a cowboy hat"],"gold_per_floor":[117,43,53,65,65,65,65,84,108,134,146,146,178,191,191,267,267,287,300,317,73,73,73,98,114,138,154,154,154,154,169,169,248,248,263,283,283,302,319,347,347,376,376,376,356,390,405,405,405],"floor_reached":48,"language":"ENG","playtime":2336,"items_purged":["Strike_G"],"score":1408,"play_id":"daa703aa-259b-4660-8064-56bfeaf569b0","local_time":"25640218142856","is_ascension_mode":true,"campfire_choices":[{"data":"Underhanded Strike","floor":6.0,"key":"SMITH"},{"data":"Deadly Poison","floor":12.0,"key":"SMITH"},{"data":"Noxious Fumes","floor":15.0,"key":"SMITH"},{"floor":23.0,"key":"REST"},{"data":"Crippling Poison","floor":29.0,"key":"SMITH"},{"data":"Blade Dance","floor":32.0,"key":"SMITH"},{"data":"Wraith Form v2","floor":41,"key":"SMITH"}],"circlet_count":0,"master_deck":["AscendersBane","Strike_G","Defend_G","Defend_G+1","Defend_G","Defend_G+1","Defend_G","Survivor","Neutralize","Poisoned Stab","Underhanded Strike+1","Noxious Fumes+1","Flying Knee","Blade Dance+1","Deadly Poison+1","Crippling Poison+1","Unload","Envenom","Dagger Spray","Accuracy","Expertise+1","Dash","Backflip","Wraith Form v2+1","Acrobatics","Caltrops+1","Dash+1","Leg Sweep+1"],"relics":["Ring of the Snake","Du-Vu Doll","Gambling Chip","The Specimen","Strawberry","Lantern","Blood Vial","Snecko Eye","Snake Skull","TungstenRod","War Paint","Ornamental Fan","Runic Pyramid","Thread and Needle","Anchor","Ginger"],"acts_visited":["Exordium","TheCity","TheBeyond"],"potions_floor_usage":[39,40,42,46],"damage_taken":[{"damage":1.0,"enemies":"Cultist","floor":1.0,"turns":3.0},{"damage":0.0,"enemies":"Jaw Worm","floor":3.0,"turns":3.0},{"damage":3.0,"enemies":"Small Slimes","floor":4.0,"turns":3.0},{"damage":0.0,"enemies":"Exordium Wildlife","floor":8.0,"turns":4.0},{"damage":10.0,"enemies":"3 Sentries","floor":10.0,"turns":5.0},{"damage":0.0,"enemies":"Looter","floor":11.0,"turns":3.0},{"damage":9.0,"enemies":"Lagavulin","floor":13.0,"turns":5.0},{"damage":1.0,"enemies":"Lots of Slimes","floor":14.0,"turns":3.0},{"damage":36.0,"enemies":"Hexaghost","floor":16.0,"turns":8.0},{"damage":7.0,"enemies":"Spheric Guardian","floor":18.0,"turns":4.0},{"damage":0.0,"enemies":"Chosen","floor":19.0,"turns":3.0},{"damage":19.0,"enemies":"Centurion and Healer","floor":20.0,"turns":6.0},{"damage":17.0,"enemies":"Slavers","floor":24.0,"turns":3.0},{"damage":0.0,"enemies":"Chosen and Byrds","floor":25.0,"turns":3.0},{"damage":8.0,"enemies":"Cultist and Chosen","floor":27.0,"turns":3.0},{"damage":0.0,"enemies":"Centurion and Healer","floor":31.0,"turns":3.0},{"damage":17,"enemies":"Champ","floor":33,"turns":11},{"damage":0,"enemies":"3 Shapes","floor":35,"turns":2},{"damage":0,"enemies":"3 Darklings","floor":36,"turns":2},{"damage":0,"enemies":"Transient","floor":38,"turns":6},{"damage":28,"enemies":"Spire Growth","floor":39,"turns":5},{"damage":1,"enemies":"Nemesis","floor":40,"turns":7},{"damage":12,"enemies":"Reptomancer","floor":42,"turns":6},{"damage":9,"enemies":"Giant Head","floor":46,"turns":8},{"damage":0,"enemies":"Maw","floor":47,"turns":7}],"seed_played":"8221728508361228188","potions_obtained":[{"floor":4.0,"key":"SpeedPotion"},{"floor":10.0,"key":"Weak Potion"},{"floor":11.0,"key":"ColorlessPotion"},{"floor":13.0,"key":"AttackPotion"},{"floor":14.0,"key":"Block Potion"},{"floor":16.0,"key":"Fruit Juice"},{"floor":19.0,"key":"Poison Potion"},{"floor":33,"key":"LiquidMemories"},{"floor":39,"key":"AttackPotion"},{"floor":40,"key":"LiquidBronze"},{"floor":45,"key":"SteroidPotion"}],"is_trial":false,"path_per_floor":["M","$","M","M","?","R","?","M","T","E","M","R","E","M","R","B",null,"M","M","M","$","?","R","E","M","T","M","$","R","T","M","R","B",null,"M","M","$","M","M","E","R","E","T","?","?","E","M","$"],"character_chosen":"THE_SILENT","items_purchased":["Du-Vu Doll","Gambling Chip","The Specimen","Poisoned Stab","Noxious Fumes","Snake Skull"],"campfire_rested":1,"item_purchase_floors":[0,0,0,0,2,21],"current_hp_per_floor":[58,58,58,55,48,48,48,48,55,45,45,45,36,37,37,3,56,51,53,36,36,36,57,42,44,44,38,38,38,38,40,40,25,61,63,65,65,67,41,42,42,32,32,32,32,25,27,27,27],"gold":405,"neow_bonus":"","is_daily":false,"chose_seed":false,"campfire_upgraded":6,"win_rate":0.0,"timestamp":1613633336,"path_taken":["M","?","M","M","?","R","?","M","T","E","?","R","E","M","R","BOSS","M","M","M","$","?","R","E","M","T","?","$","R","?","?","R","BOSS","M","?","$","M","M","E","R","E","T","?","?","E","?","$"],"items_purchased_type":["Relic","Relic","Relic","Card","Card","Relic"],"build_version":"2020-12-22","purchased_purges":1,"victory":false,"max_hp_per_floor":[66,66,66,66,66,66,66,66,73,73,73,73,73,73,73,73,73,73,73,73,73,73,73,73,73,73,73,73,73,73,73,73,73,73,73,73,73,73,73,73,73,73,73,73,73,73,73,73,73],"relic_stats":{"Blood Vial":36,"counters":[58,266],"Ornamental Fan":[136],"Gambling Chip":[166],"Snecko Eye":[145,160,143,136],"Snake Skull":[207],"Ginger":[5],"War Paint":["Defend_G","Defend_G"],"obtain_stats":[{"Lantern":10,"Calipers":0,"Vajra":11,"StoneCalendar":29,"Snake Skull":23,"Juzu Bracelet":25,"Ginger":46,"PrismaticShard":0,"Sozu":34,"Blood Vial":13,"Centennial Puzzle":11,"Gambling Chip":0,"Strawberry":26,"Tiny Chest":2,"Ring of the Snake":0,"Runic Pyramid":34,"Potion Belt":6,"The Specimen":0,"Thread and Needle":40,"Pen Nib":9,"Frozen Egg 2":0,"War Paint":26,"Du-Vu Doll":0,"SlaversCollar":17,"Anchor":42,"Ornamental Fan":30,"Snecko Eye":17,"Black Star":17,"StrikeDummy":10,"TungstenRod":24,"Pocketwatch":12},{"Lantern":38,"Calipers":0,"Vajra":17,"StoneCalendar":27,"Snake Skull":24,"Juzu Bracelet":26,"Ginger":57,"PrismaticShard":12,"Sozu":30,"Blood Vial":40,"Centennial Puzzle":5,"Gambling Chip":12,"Strawberry":26,"Tiny Chest":1,"Ring of the Snake":0,"Runic Pyramid":50,"Potion Belt":3,"The Specimen":33,"Thread and Needle":55,"Pen Nib":4,"Frozen Egg 2":0,"War Paint":47,"Du-Vu Doll":33,"SlaversCollar":20,"Anchor":56,"Ornamental Fan":48,"Snecko Eye":42,"Black Star":7,"StrikeDummy":17,"TungstenRod":46,"Pocketwatch":5},{"Lantern":168,"Calipers":0,"Vajra":86,"StoneCalendar":118,"Snake Skull":108,"Juzu Bracelet":115,"Ginger":259,"PrismaticShard":74,"Sozu":135,"Blood Vial":176,"Centennial Puzzle":37,"Gambling Chip":74,"Strawberry":115,"Tiny Chest":6,"Ring of the Snake":0,"Runic Pyramid":223,"Potion Belt":22,"The Specimen":150,"Thread and Needle":245,"Pen Nib":26,"Frozen Egg 2":0,"War Paint":206,"Du-Vu Doll":150,"SlaversCollar":92,"Anchor":251,"Ornamental Fan":209,"Snecko Eye":187,"Black Star":54,"StrikeDummy":86,"TungstenRod":203,"Pocketwatch":37}],"TungstenRod":18,"Ring of the Snake":[116]},"card_choices":[{"not_picked":["Dodge and Roll","Concentrate"],"picked":"Underhanded Strike","floor":1.0},{"not_picked":["Well Laid Plans","All Out Attack"],"picked":"Flying Knee","floor":3.0},{"not_picked":["Quick Slash","Backflip"],"picked":"Blade Dance","floor":4.0},{"not_picked":["Eviscerate","Dodge and Roll"],"picked":"Deadly Poison","floor":8.0},{"not_picked":["Concentrate","Prepared"],"picked":"Crippling Poison","floor":10.0},{"not_picked":["Grand Finale","Poisoned Stab","Predator"],"picked":"SKIP","floor":11.0},{"not_picked":["Grand Finale","Poisoned Stab","Predator"],"picked":"SKIP","floor":11.0},{"not_picked":["Poisoned Stab","Underhanded Strike"],"picked":"Unload","floor":13.0},{"not_picked":["Flying Knee","Distraction","Slice"],"picked":"SKIP","floor":14.0},{"not_picked":["Flying Knee","Distraction","Slice"],"picked":"SKIP","floor":14.0},{"not_picked":["Glass Knife","Bullet Time"],"picked":"Envenom","floor":16.0},{"not_picked":["Deflect","Poisoned Stab"],"picked":"Dagger Spray","floor":18.0},{"not_picked":["Slice","Concentrate","Dagger Spray"],"picked":"SKIP","floor":19.0},{"not_picked":["Prepared","Finisher"],"picked":"Accuracy","floor":20.0},{"not_picked":["Finisher","Dagger Spray+1","Sucker Punch"],"picked":"SKIP","floor":24.0},{"not_picked":["Phantasmal Killer","Prepared"],"picked":"Expertise+1","floor":25.0},{"not_picked":["Bane+1","Heel Hook+1"],"picked":"Dash","floor":27.0},{"not_picked":["Dagger Spray","Tactician"],"picked":"Backflip","floor":31.0},{"not_picked":["A Thousand Cuts","Burst"],"picked":"Wraith Form v2","floor":33},{"not_picked":["Flying Knee","Cloak And Dagger"],"picked":"Acrobatics","floor":35},{"not_picked":["Dodge and Roll","Underhanded Strike+1","Acrobatics"],"picked":"SKIP","floor":36},{"not_picked":["Flying Knee","Terror"],"picked":"Caltrops+1","floor":38},{"not_picked":["Flying Knee+1","Dagger Throw"],"picked":"Dash+1","floor":39},{"not_picked":["Bane","Grand Finale","Distraction"],"picked":"SKIP","floor":40},{"not_picked":["Quick Slash","Outmaneuver"],"picked":"Leg Sweep+1","floor":42},{"not_picked":["Grand Finale","Glass Knife","Acrobatics+1"],"picked":"SKIP","floor":46},{"not_picked":["Backflip","All Out Attack","Dash"],"picked":"SKIP","floor":47}],"player_experience":1120761,"relics_obtained":[{"floor":9.0,"key":"Strawberry"},{"floor":10.0,"key":"Lantern"},{"floor":13.0,"key":"Blood Vial"},{"floor":24.0,"key":"TungstenRod"},{"floor":26.0,"key":"War Paint"},{"floor":30.0,"key":"Ornamental Fan"},{"floor":40,"key":"Thread and Needle"},{"floor":42,"key":"Anchor"},{"floor":46,"key":"Ginger"}],"event_choices":[{"cards_removed":["Strike_G"],"damage_healed":0.0,"max_hp_gain":0.0,"max_hp_loss":0.0,"gold_gain":0.0,"event_name":"Golden Wing","player_choice":"Card Removal","floor":5.0,"gold_loss":0.0,"damage_taken":7.0},{"damage_healed":0.0,"max_hp_gain":0.0,"max_hp_loss":0.0,"gold_gain":0.0,"event_name":"Shining Light","player_choice":"Ignored","floor":7.0,"gold_loss":0.0,"damage_taken":0.0},{"cards_removed":["Strike_G"],"damage_healed":0.0,"max_hp_gain":0.0,"max_hp_loss":0.0,"gold_gain":0.0,"event_name":"Bonfire Elementals","player_choice":"Offered Basic","floor":22.0,"gold_loss":0.0,"damage_taken":0.0},{"cards_removed":["Strike_G"],"damage_healed":0,"gold_gain":0,"player_choice":"Removed Attack","damage_taken":0,"max_hp_gain":0,"max_hp_loss":0,"event_name":"Falling","floor":44,"gold_loss":0},{"damage_healed":0,"gold_gain":0,"player_choice":"Bought 1 Potion","damage_taken":0,"max_hp_gain":0,"max_hp_loss":0,"event_name":"The Woman in Blue","floor":45,"gold_loss":0}],"is_beta":false,"boss_relics":[{"not_picked":["Cursed Key","Black Star"],"picked":"Snecko Eye"},{"not_picked":["SlaversCollar","WristBlade"],"picked":"Runic Pyramid"}],"items_purged_floors":[21],"is_endless":false,"potions_floor_spawned":[4,10,11,13,14,16,19,33,38,39,40],"ascension_level":20}}