{"host":"zno6693rqofarng1","time":1613612393,"event":{"mods":["Act Like it!","Arknights","BaseMod","Minty Spire (QoL Compilation)","StSLib"],"gold_per_floor":[116,136,149,132,132,132,162,181,181,208,64,75,114,114,114,220,220,206,215,62,73,87,87,128,328,374,416,438,438,438,467,467,571,571,581,136,154,0,25,25,66,66,66,86,115,115,155,173,173,173],"floor_reached":51,"language":"ZHS","playtime":6021,"items_purged":["ats:LN2 Cannon"],"score":804,"play_id":"0e326ad3-9410-4313-b298-81ff2f5519d1","local_time":"20210218093953","daily_mods":["Draft"],"is_ascension_mode":true,"campfire_choices":[{"data":"ats:Counter Healing Mode","floor":6,"key":"SMITH"},{"data":"ats:Hook Shot","floor":15,"key":"SMITH"},{"data":"ats:Roar Of Ursus","floor":23,"key":"SMITH"},{"data":"ats:Disruption Kick","floor":30,"key":"SMITH"},{"floor":32,"key":"REST"},{"data":"ats:Soul Rend","floor":40,"key":"SMITH"},{"data":"ats:Thorns","floor":46,"key":"SMITH"},{"floor":49,"key":"REST"}],"circlet_count":0,"master_deck":["ats:Blood Oath","ats:Curse Doll","ats:Assault Order","ats:Blood Oath","ats:Assault Order","ats:Counter Healing Mode+1","ats:Blood Oath","ats:Cat Scratch","ats:Leaping Hammer","ats:Shell Defense","ats:Cat Scratch","ats:Sashimi Platter","ats:Guard Mode","ats:Apocalypse","ats:Sashimi Platter","ats:Hook Shot+1","ats:Absolute Focus","ats:Very Hot Blade","ats:Chain Hook","ats:Shadow Raid","ats:Apocalypse","ats:Roar Of Ursus+1","ats:Thorns+1","ats:Sashimi Platter+1","ats:Disruption Kick+1","ats:Shadow Raid+1","ats:Soul Rend+1","Finesse","ats:Support Order+1","ats:Wolf Pack","ats:Flexible Camouflage+1","ats:Blood Oath+1","ats:Song Of Battle"],"relics":["ats:Sanity","Happy Flower","ats:Originium","Bag of Marbles","ats:Spiritual Recovery","StrikeDummy","CeramicFish","HornCleat","Spirit Poop","ats:Tactical Delivery","OrangePellets","Ancient Tea Set","ats:Hidden Killer","Smiling Mask","Sozu","ats:Berate","Vajra","Red Mask","ats:Lavender","Incense Burner","The Courier"],"acts_visited":["Exordium","TheCity","TheBeyond"],"potions_floor_usage":[13,16,27,33,33],"damage_taken":[{"damage":0,"enemies":"Cultist","floor":1,"turns":4},{"damage":8,"enemies":"Jaw Worm","floor":2,"turns":5},{"damage":0,"enemies":"ats:Genji","floor":3,"turns":4},{"damage":13,"enemies":"Exordium Thugs","floor":4,"turns":4},{"damage":30,"enemies":"Gremlin Nob","floor":7,"turns":5},{"damage":10,"enemies":"Looter","floor":8,"turns":3},{"damage":41,"enemies":"Lagavulin","floor":10,"turns":6},{"damage":15,"enemies":"Red Slaver","floor":12,"turns":5},{"damage":15,"enemies":"Gremlin Nob","floor":13,"turns":3},{"damage":82,"enemies":"Slime Boss","floor":16,"turns":16},{"damage":17,"enemies":"2 Thieves","floor":18,"turns":4},{"damage":5,"enemies":"Spheric Guardian","floor":21,"turns":4},{"damage":7,"enemies":"Snecko","floor":22,"turns":6},{"damage":79,"enemies":"Gremlin Leader","floor":24,"turns":13},{"damage":91,"enemies":"Slavers","floor":27,"turns":11},{"damage":21,"enemies":"Centurion and Healer","floor":28,"turns":8},{"damage":43,"enemies":"Shelled Parasite and Fungi","floor":31,"turns":6},{"damage":154,"enemies":"Automaton","floor":33,"turns":20},{"damage":47,"enemies":"Orb Walker","floor":35,"turns":5},{"damage":32,"enemies":"3 Shapes","floor":37,"turns":6},{"damage":3,"enemies":"Sphere and 2 Shapes","floor":39,"turns":6},{"damage":102,"enemies":"Nemesis","floor":41,"turns":16},{"damage":30,"enemies":"Jaw Worm Horde","floor":44,"turns":8},{"damage":7,"enemies":"Writhing Mass","floor":45,"turns":5},{"damage":239,"enemies":"Giant Head","floor":47,"turns":15},{"damage":41,"enemies":"Sphere and 2 Shapes","floor":48,"turns":6},{"damage":120,"enemies":"Donu and Deca","floor":50,"turns":16}],"seed_played":"3480768653476027930","potions_obtained":[{"floor":1,"key":"AttackPotion"},{"floor":7,"key":"Weak Potion"},{"floor":10,"key":"ats:Emergency Sanity Potion"},{"floor":13,"key":"Fruit Juice"},{"floor":21,"key":"Block Potion"},{"floor":22,"key":"SpeedPotion"},{"floor":24,"key":"DuplicationPotion"},{"floor":28,"key":"Ancient Potion"},{"floor":29,"key":"FairyPotion"},{"floor":29,"key":"BlessingOfTheForge"}],"is_trial":true,"path_per_floor":["M","M","M","M","?","R","E","M","T","E","$","M","E","?","R","B",null,"M","?","$","M","M","R","E","?","T","E","M","?","R","M","R","B",null,"M","$","M","?","M","R","E","?","T","M","M","R","E","M","R","B",null],"character_chosen":"DOCTOR_CLASS","items_purchased":["CeramicFish","OrangePellets","ats:Berate","Vajra","Finesse"],"campfire_rested":2,"item_purchase_floors":[11,20,36,36,36],"current_hp_per_floor":[72,72,72,72,72,72,56,60,60,48,48,51,64,64,64,52,77,71,71,71,77,77,77,60,60,60,48,77,77,77,56,77,77,77,57,57,77,77,77,77,62,62,62,77,77,77,34,49,72,77],"gold":173,"neow_bonus":"","is_daily":false,"chose_seed":false,"campfire_upgraded":6,"win_rate":0.0,"timestamp":1613612393,"path_taken":["M","M","M","?","?","R","E","M","T","E","$","M","E","?","R","BOSS","M","?","$","M","M","R","E","?","T","E","?","?","R","?","R","BOSS","M","$","M","?","M","R","E","?","T","M","M","R","E","M","R","BOSS"],"items_purchased_type":["Relic","Relic","Relic","Relic","Card"],"build_version":"2020-12-22","purchased_purges":1,"victory":true,"max_hp_per_floor":[72,72,72,72,72,72,72,72,72,72,72,72,77,77,77,77,77,77,77,77,77,77,77,77,77,77,77,77,77,77,77,77,77,77,77,77,77,77,77,77,77,77,77,77,77,77,77,77,77,77],"card_choices":[{"not_picked":["ats:Collapsing Strike","ats:Closed Bolt Burst Fire"],"picked":"ats:Blood Oath","floor":0},{"not_picked":["ats:LN2 Cannon","ats:Hammer On"],"picked":"ats:Curse Doll","floor":0},{"not_picked":["ats:Powerful Strike","ats:Flexible Camouflage"],"picked":"ats:Assault Order","floor":0},{"not_picked":["ats:Directed Diagnosis","ats:Shell Defense"],"picked":"ats:Blood Oath","floor":0},{"not_picked":["ats:Poison Spread","ats:Revitalization"],"picked":"ats:Assault Order","floor":0},{"not_picked":["ats:Flexible Camouflage","ats:Poison Spread"],"picked":"ats:Counter Healing Mode","floor":0},{"not_picked":["ats:Hammer On","ats:Shell Defense"],"picked":"ats:Blood Oath","floor":0},{"not_picked":["ats:Assault Order","ats:Ignite"],"picked":"ats:Cat Scratch","floor":0},{"not_picked":["ats:Hammer On","ats:Shell Defense"],"picked":"ats:Leaping Hammer","floor":0},{"not_picked":["ats:Ignite","ats:Explosion Area Strengthen"],"picked":"ats:Shell Defense","floor":0},{"not_picked":["ats:Poison Spread","ats:Closed Bolt Burst Fire"],"picked":"ats:Cat Scratch","floor":0},{"not_picked":["ats:Poison Spread","ats:Leaping Hammer"],"picked":"ats:Sashimi Platter","floor":0},{"not_picked":["ats:Curse Doll","ats:Hammer On"],"picked":"ats:Guard Mode","floor":0},{"not_picked":["ats:Collapsing Strike","ats:Poison Spread"],"picked":"ats:Apocalypse","floor":0},{"not_picked":["ats:Phantom","ats:Flexible Camouflage"],"picked":"ats:Sashimi Platter","floor":0},{"not_picked":["ats:Blood Oath","ats:Very Hot Blade"],"picked":"ats:Hook Shot","floor":1},{"not_picked":["ats:Shell Defense","ats:Leaping Hammer"],"picked":"ats:Absolute Focus","floor":2},{"not_picked":["ats:Flexible Camouflage","ats:Consecutive Shot Auto"],"picked":"ats:Very Hot Blade","floor":3},{"not_picked":["ats:Ignite","ats:Consecutive Shot Auto"],"picked":"ats:Chain Hook","floor":4},{"not_picked":["ats:Echo Reverb","ats:Consecutive Shot Auto"],"picked":"ats:Shadow Raid","floor":7},{"not_picked":["ats:Directed Diagnosis","ats:Blood Oath"],"picked":"ats:LN2 Cannon","floor":8},{"not_picked":["ats:Ignite","ats:Closed Bolt Burst Fire","ats:Guardian Obelisk"],"picked":"SKIP","floor":10},{"not_picked":["ats:Curse Doll","ats:Powerful Strike","ats:Very Hot Blade"],"picked":"SKIP","floor":12},{"not_picked":["ats:Flame Of Heaven","ats:Assault Order"],"picked":"ats:Apocalypse","floor":13},{"not_picked":["ats:Calcification","ats:Durian"],"picked":"ats:Roar Of Ursus","floor":16},{"not_picked":["ats:Very Hot Blade","ats:Sunburst","ats:Powerful Strike"],"picked":"SKIP","floor":18},{"not_picked":["ats:Spore Proliferation","ats:Powerful Strike+1","ats:Revitalization"],"picked":"SKIP","floor":21},{"not_picked":["ats:Burning Ground+1","ats:Shell Defense+1","ats:Sunburst"],"picked":"SKIP","floor":22},{"not_picked":["ats:LN2 Cannon","ats:Powerful Strike"],"picked":"ats:Sashimi Platter+1","floor":24},{"not_picked":["ats:Closed Bolt Burst Fire","ats:Composite Medical Shells"],"picked":"ats:Disruption Kick","floor":27},{"not_picked":["ats:Shell Defense","ats:Cat Scratch"],"picked":"ats:Absolute Focus","floor":28},{"not_picked":["ats:Consecutive Shot Auto","ats:Assault Order"],"picked":"ats:Shadow Raid+1","floor":31},{"not_picked":["ats:Shadow Assault","ats:Calcification"],"picked":"ats:Soul Rend","floor":33},{"not_picked":["ats:Consecutive Shot Auto","ats:Poison Spread","ats:Steam Pump+1"],"picked":"SKIP","floor":35},{"not_picked":["ats:Shell Defense+1","ats:Consecutive Shot Auto+1","ats:Sashimi Platter"],"picked":"SKIP","floor":37},{"not_picked":["ats:LN2 Cannon","ats:Guardian Obelisk+1"],"picked":"ats:Support Order+1","floor":39},{"not_picked":["ats:Neurotoxin","ats:Curse Doll"],"picked":"ats:Wolf Pack","floor":41},{"not_picked":["ats:Absolute Focus+1","ats:Serious Mode"],"picked":"ats:Flexible Camouflage+1","floor":44},{"not_picked":["ats:Flexible Camouflage+1","ats:Burning Ground"],"picked":"ats:Blood Oath+1","floor":45},{"not_picked":["ats:Very Hot Blade","ats:Hammer On+1"],"picked":"ats:Song Of Battle","floor":47},{"not_picked":["ats:Consecutive Shot Auto+1","ats:Explosion Area Strengthen","ats:Flexible Camouflage"],"picked":"SKIP","floor":48}],"player_experience":5659,"relics_obtained":[{"floor":7,"key":"ats:Originium"},{"floor":7,"key":"Bag of Marbles"},{"floor":9,"key":"ats:Spiritual Recovery"},{"floor":10,"key":"ats:Originium"},{"floor":10,"key":"StrikeDummy"},{"floor":13,"key":"ats:Originium"},{"floor":13,"key":"HornCleat"},{"floor":24,"key":"Ancient Tea Set"},{"floor":26,"key":"ats:Hidden Killer"},{"floor":27,"key":"Smiling Mask"},{"floor":41,"key":"ats:Lavender"},{"floor":43,"key":"Incense Burner"},{"floor":47,"key":"The Courier"}],"event_choices":[{"damage_healed":0,"gold_gain":0,"player_choice":"Box","damage_taken":0,"relics_obtained":["Happy Flower"],"max_hp_gain":0,"max_hp_loss":0,"event_name":"Big Fish","floor":5,"gold_loss":0,"cards_obtained":["Regret"]},{"cards_removed":["Regret"],"damage_healed":0,"gold_gain":0,"player_choice":"Offered Curse","damage_taken":0,"relics_obtained":["Spirit Poop"],"max_hp_gain":0,"max_hp_loss":0,"event_name":"Bonfire Elementals","floor":14,"gold_loss":0},{"damage_healed":0,"gold_gain":0,"player_choice":"Read","damage_taken":0,"max_hp_gain":0,"max_hp_loss":0,"event_name":"The Library","floor":19,"gold_loss":0,"cards_obtained":["ats:Thorns"]},{"damage_healed":0,"gold_gain":200,"player_choice":"Gold","damage_taken":0,"max_hp_gain":0,"max_hp_loss":0,"event_name":"Wheel of Change","floor":25,"gold_loss":0},{"damage_healed":0,"gold_gain":0,"player_choice":"Got Potions","damage_taken":0,"max_hp_gain":0,"max_hp_loss":0,"event_name":"Lab","floor":29,"gold_loss":0},{"damage_healed":0,"gold_gain":0,"player_choice":"Paid","damage_taken":0,"relics_obtained":["Red Mask"],"max_hp_gain":0,"max_hp_loss":0,"event_name":"Tomb of Lord Red Mask","floor":38,"gold_loss":154},{"cards_removed":["ats:Absolute Focus"],"damage_healed":0,"gold_gain":0,"player_choice":"Removed Skill","damage_taken":0,"max_hp_gain":0,"max_hp_loss":0,"event_name":"Falling","floor":42,"gold_loss":0}],"is_beta":false,"boss_relics":[{"not_picked":["SlaversCollar","Ectoplasm"],"picked":"ats:Tactical Delivery"},{"not_picked":["SacredBark","Velvet Choker"],"picked":"Sozu"}],"items_purged_floors":[36],"is_endless":false,"potions_floor_spawned":[1,7,10,13,21,22,24,28,41,45,47,48],"ascension_level":1}}