{"host":"xjj3c712op3vq4z0","time":1613679414,"event":{"mods":["BaseMod","Challenge The Spire","Curses Come First","Highlight Path","Minty Spire (QoL Compilation)","Permanent Neow","Quick Restart","Relic Stats","StSLib"],"gold_per_floor":[114,128,128,53,53,53,66,66,66,66,83,83,101,126,126,199,199,211,10,30,46,96,128,178,178,178,194,228,16,16,116,116,193,193,208,223,238,290,290,290,319,319,319,354,354,354,365,392,392,392,392,392],"floor_reached":51,"language":"ENG","playtime":4603,"items_purged":["Strike_B","Strike_B"],"score":1592,"play_id":"81286188-c9cd-4046-9a66-1f69e441e726","local_time":"20210218211654","is_ascension_mode":true,"campfire_choices":[{"data":"Dualcast","floor":6.0,"key":"SMITH"},{"data":"Zap","floor":8.0,"key":"SMITH"},{"floor":12.0,"key":"REST"},{"data":"Melter","floor":15.0,"key":"SMITH"},{"floor":25.0,"key":"REST"},{"data":"Hologram","floor":32.0,"key":"SMITH"},{"floor":40.0,"key":"RECALL"},{"data":"Hologram","floor":42.0,"key":"SMITH"},{"data":"Capacitor","floor":45,"key":"SMITH"},{"data":"Skim","floor":49,"key":"SMITH"}],"circlet_count":0,"master_deck":["AscendersBane","Defend_B","Defend_B+1","Defend_B+1","Defend_B","Zap+1","Dualcast+1","Leap","Self Repair","Melter+1","Machine Learning","Doom and Gloom+1","Melter","Echo Form+1","Self Repair","Sunder+1","Fusion","Cold Snap+1","Meteor Strike+1","Hologram+1","Doom and Gloom+1","Capacitor+1","Amplify","Skim+1","Skim","Skim","Hologram+1","Blizzard+1","Leap+1","Creative AI"],"relics":["Cracked Core","Tiny Chest","Pen Nib","White Beast Statue","Calipers","Snecko Eye","Molten Egg 2","Du-Vu Doll","TungstenRod","Eternal Feather","Lizard Tail","Mummified Hand","Black Star","Thread and Needle","CaptainsWheel","Dead Branch","Orichalcum","Turnip","InkBottle","Gremlin Horn","Whetstone"],"acts_visited":["Exordium","TheCity","TheBeyond"],"potions_floor_usage":[51,51],"damage_taken":[{"damage":0.0,"enemies":"Small Slimes","floor":1.0,"turns":2.0},{"damage":3.0,"enemies":"2 Louse","floor":2.0,"turns":3.0},{"damage":4.0,"enemies":"Jaw Worm","floor":7.0,"turns":4.0},{"damage":22.0,"enemies":"Exordium Thugs","floor":11.0,"turns":5.0},{"damage":3.0,"enemies":"Exordium Wildlife","floor":13.0,"turns":4.0},{"damage":0.0,"enemies":"Lagavulin","floor":14.0,"turns":6.0},{"damage":13.0,"enemies":"The Guardian","floor":16.0,"turns":8.0},{"damage":30.0,"enemies":"Chosen","floor":18.0,"turns":8.0},{"damage":17.0,"enemies":"Shell Parasite","floor":20.0,"turns":3.0},{"damage":36.0,"enemies":"Shelled Parasite and Fungi","floor":21.0,"turns":5.0},{"damage":33.0,"enemies":"Book of Stabbing","floor":23.0,"turns":6.0},{"damage":12.0,"enemies":"Snecko","floor":27.0,"turns":4.0},{"damage":17.0,"enemies":"Gremlin Leader","floor":28.0,"turns":6.0},{"damage":0.0,"enemies":"Colosseum Slavers","floor":31.0,"turns":4.0},{"damage":6.0,"enemies":"Colosseum Nobs","floor":31.0,"turns":3.0},{"damage":19.0,"enemies":"Collector","floor":33.0,"turns":5.0},{"damage":8.0,"enemies":"3 Darklings","floor":35.0,"turns":2.0},{"damage":15.0,"enemies":"3 Shapes","floor":36.0,"turns":3.0},{"damage":9.0,"enemies":"Sphere and 2 Shapes","floor":37.0,"turns":5.0},{"damage":0.0,"enemies":"2 Orb Walkers","floor":38.0,"turns":2.0},{"damage":17.0,"enemies":"Nemesis","floor":41.0,"turns":7.0},{"damage":0,"enemies":"Reptomancer","floor":44,"turns":5},{"damage":36,"enemies":"Writhing Mass","floor":47,"turns":4},{"damage":13,"enemies":"Giant Head","floor":48,"turns":7},{"damage":53,"enemies":"Awakened One","floor":50,"turns":10},{"damage":82,"enemies":"Time Eater","floor":51,"turns":10}],"seed_played":"-1933876980392752740","potions_obtained":[{"floor":2.0,"key":"Ancient Potion"},{"floor":7.0,"key":"CultistPotion"},{"floor":11.0,"key":"EssenceOfSteel"},{"floor":14.0,"key":"Energy Potion"},{"floor":18.0,"key":"EntropicBrew"},{"floor":21.0,"key":"LiquidMemories"},{"floor":23.0,"key":"DistilledChaos"},{"floor":27.0,"key":"Weak Potion"},{"floor":28.0,"key":"Explosive Potion"},{"floor":31.0,"key":"AttackPotion"},{"floor":33.0,"key":"SpeedPotion"},{"floor":38.0,"key":"FocusPotion"},{"floor":41.0,"key":"Dexterity Potion"},{"floor":47,"key":"PotionOfCapacity"}],"is_trial":false,"path_per_floor":["M","M","?","?","?","R","M","R","T","T","M","R","M","E","R","B",null,"M","$","M","M","?","E","?","R","T","M","E","$","T","?","R","B",null,"M","M","M","?","?","R","E","R","T","E","R","T","M","E","R","B","B"],"character_chosen":"DEFECT","items_purchased":["Self Repair","Sunder","Doom and Gloom+1","Capacitor"],"campfire_rested":2,"item_purchase_floors":[19,19,29,29],"current_hp_per_floor":[64,61,54,54,33,33,36,36,36,36,21,42,46,53,53,47,65,49,49,46,38,38,26,26,47,47,56,46,46,46,68,71,66,70,69,68,71,71,71,71,71,71,71,71,71,71,56,64,71,39,0,0],"gold":392,"neow_bonus":"RANDOM_COMMON_RELIC","is_daily":false,"chose_seed":false,"campfire_upgraded":7,"win_rate":0.0,"timestamp":1613679414,"path_taken":["M","M","?","?","?","R","M","R","T","?","M","R","?","E","R","BOSS","M","$","M","M","?","E","?","R","T","M","E","$","?","?","R","BOSS","M","M","M","?","?","R","E","R","T","E","R","?","M","E","R","BOSS","BOSS"],"items_purchased_type":["Card","Card","Card","Card"],"build_version":"2020-12-22","purchased_purges":2,"victory":false,"max_hp_per_floor":[71,71,71,71,71,71,71,71,71,71,71,71,71,71,71,71,71,71,71,71,71,71,71,71,71,71,71,71,71,71,71,71,71,71,71,71,71,71,71,71,71,71,71,71,71,71,71,71,71,71,71,71],"relic_stats":{"Gremlin Horn":[3,3],"counters":[26,131],"Dead Branch":[6],"Eternal Feather":10,"Pen Nib":[21],"Whetstone":["Sunder","Doom and Gloom"],"Orichalcum":[24],"Lizard Tail":35,"Mummified Hand":[163],"Snecko Eye":[198,211,232,214],"Tiny Chest":3,"Turnip":[1],"Black Star":3,"obtain_stats":[{"Calipers":14,"Gremlin Horn":48,"Dead Branch":41,"Eternal Feather":30,"Thread and Needle":38,"Pen Nib":9,"Whetstone":48,"Orichalcum":44,"White Beast Statue":10,"Du-Vu Doll":26,"Lizard Tail":31,"CaptainsWheel":41,"Mummified Hand":31,"Snecko Eye":17,"Tiny Chest":0,"Molten Egg 2":23,"Turnip":44,"Black Star":34,"Cracked Core":0,"TungstenRod":28,"InkBottle":46},{"Calipers":6,"Gremlin Horn":24,"Dead Branch":21,"Eternal Feather":13,"Thread and Needle":20,"Pen Nib":3,"Whetstone":24,"Orichalcum":22,"White Beast Statue":3,"Du-Vu Doll":11,"Lizard Tail":15,"CaptainsWheel":21,"Mummified Hand":15,"Snecko Eye":7,"Tiny Chest":0,"Molten Egg 2":11,"Turnip":22,"Black Star":16,"Cracked Core":0,"TungstenRod":13,"InkBottle":22},{"Calipers":24,"Gremlin Horn":111,"Dead Branch":95,"Eternal Feather":64,"Thread and Needle":88,"Pen Nib":9,"Whetstone":111,"Orichalcum":100,"White Beast Statue":9,"Du-Vu Doll":54,"Lizard Tail":71,"CaptainsWheel":95,"Mummified Hand":71,"Snecko Eye":32,"Tiny Chest":0,"Molten Egg 2":54,"Turnip":100,"Black Star":76,"Cracked Core":0,"TungstenRod":64,"InkBottle":100}],"TungstenRod":31,"InkBottle":[23]},"card_choices":[{"not_picked":["Stack","Barrage"],"picked":"Leap","floor":1.0},{"not_picked":["Hologram","Go for the Eyes"],"picked":"Self Repair","floor":2.0},{"not_picked":["Leap","Rebound"],"picked":"Melter","floor":7.0},{"not_picked":["Go for the Eyes","BootSequence"],"picked":"Machine Learning","floor":11.0},{"not_picked":["Leap","Conserve Battery"],"picked":"Doom and Gloom","floor":13.0},{"not_picked":["Turbo","Stack"],"picked":"Melter","floor":14.0},{"not_picked":["Thunder Strike","Biased Cognition"],"picked":"Echo Form","floor":16.0},{"not_picked":["Tempest","Blizzard","Hello World"],"picked":"SKIP","floor":18.0},{"not_picked":["Rebound","Darkness","White Noise+1"],"picked":"SKIP","floor":20.0},{"not_picked":["Steam","Sweeping Beam"],"picked":"Fusion","floor":21.0},{"not_picked":["Leap","Turbo"],"picked":"Cold Snap+1","floor":23.0},{"not_picked":["Cold Snap+1","Turbo"],"picked":"Meteor Strike+1","floor":27.0},{"not_picked":["FTL+1","Coolheaded"],"picked":"Hologram","floor":28.0},{"not_picked":["Rainbow","Fission"],"picked":"Amplify","floor":33.0},{"not_picked":["Steam Power","Storm"],"picked":"Skim","floor":35.0},{"not_picked":["Scrape+1","Go for the Eyes+1"],"picked":"Skim","floor":36.0},{"not_picked":["Go for the Eyes+1","Darkness+1"],"picked":"Skim","floor":37.0},{"not_picked":["Barrage+1","Reprogram"],"picked":"Hologram","floor":41.0},{"not_picked":["Recycle+1","Turbo+1","Blizzard+1"],"picked":"SKIP","floor":44},{"not_picked":["Recycle+1","Turbo+1"],"picked":"Blizzard+1","floor":44},{"not_picked":["Beam Cell+1","Double Energy"],"picked":"Leap+1","floor":47},{"not_picked":["Conserve Battery","Go for the Eyes+1"],"picked":"Creative AI","floor":48}],"player_experience":658218,"relics_obtained":[{"floor":9.0,"key":"Pen Nib"},{"floor":10.0,"key":"White Beast Statue"},{"floor":14.0,"key":"Calipers"},{"floor":23.0,"key":"Molten Egg 2"},{"floor":26.0,"key":"Du-Vu Doll"},{"floor":28.0,"key":"TungstenRod"},{"floor":30.0,"key":"Eternal Feather"},{"floor":31.0,"key":"Lizard Tail"},{"floor":31.0,"key":"Mummified Hand"},{"floor":38.0,"key":"Thread and Needle"},{"floor":41.0,"key":"CaptainsWheel"},{"floor":41.0,"key":"Dead Branch"},{"floor":44,"key":"Orichalcum"},{"floor":44,"key":"Turnip"},{"floor":46,"key":"InkBottle"},{"floor":48,"key":"Gremlin Horn"},{"floor":48,"key":"Whetstone"}],"event_choices":[{"cards_removed":["Strike_B"],"damage_healed":0.0,"max_hp_gain":0.0,"max_hp_loss":0.0,"gold_gain":0.0,"event_name":"Golden Wing","player_choice":"Card Removal","floor":3.0,"gold_loss":0.0,"damage_taken":7.0},{"cards_removed":["Strike_B"],"damage_healed":0.0,"max_hp_gain":0.0,"max_hp_loss":0.0,"gold_gain":0.0,"event_name":"The Cleric","player_choice":"Card Removal","floor":4.0,"gold_loss":75.0,"damage_taken":0.0},{"damage_healed":0.0,"max_hp_gain":0.0,"max_hp_loss":0.0,"gold_gain":0.0,"event_name":"Shining Light","player_choice":"Entered Light","floor":5.0,"gold_loss":0.0,"damage_taken":21.0,"cards_upgraded":["Defend_B","Defend_B"]},{"damage_healed":0.0,"max_hp_gain":0.0,"max_hp_loss":0.0,"gold_gain":50.0,"event_name":"Nest","player_choice":"Stole From Cult","floor":22.0,"gold_loss":0.0,"damage_taken":0.0},{"damage_healed":0.0,"max_hp_gain":0.0,"max_hp_loss":0.0,"gold_gain":50.0,"event_name":"Golden Shrine","player_choice":"Pray","floor":24.0,"gold_loss":0.0,"damage_taken":0.0},{"damage_healed":0.0,"max_hp_gain":0.0,"max_hp_loss":0.0,"gold_gain":0.0,"event_name":"Colosseum","player_choice":"Fight","floor":31.0,"gold_loss":0.0,"damage_taken":0.0},{"damage_healed":0.0,"max_hp_gain":0.0,"max_hp_loss":0.0,"gold_gain":0.0,"event_name":"Colosseum","player_choice":"Fought Nobs","floor":31.0,"gold_loss":0.0,"damage_taken":0.0},{"damage_healed":0.0,"max_hp_gain":0.0,"max_hp_loss":0.0,"gold_gain":0.0,"event_name":"Mysterious Sphere","player_choice":"Fight","floor":38.0,"gold_loss":0.0,"damage_taken":0.0},{"damage_healed":0.0,"max_hp_gain":0.0,"max_hp_loss":0.0,"gold_gain":0.0,"event_name":"Accursed Blacksmith","player_choice":"Forge","floor":39.0,"gold_loss":0.0,"damage_taken":0.0,"cards_upgraded":["Echo Form"]}],"is_beta":false,"boss_relics":[{"not_picked":["Ectoplasm","Runic Dome"],"picked":"Snecko Eye"},{"not_picked":["Calling Bell","Runic Pyramid"],"picked":"Black Star"}],"items_purged_floors":[19,29],"is_endless":false,"potions_floor_spawned":[2,7,11,13,14,16,18,20,21,23,27,28,31,31,33,35,36,37,38,41,44,47,48],"killed_by":"Time Eater","ascension_level":20}}