{"host":"bgyhjzqafgkxdxsh","time":1613641228,"event":{"mods":["BaseMod","Colored Map","Minty Spire (QoL Compilation)","Relic Stats","StSLib","everything is the same but u backflip on backflip"],"gold_per_floor":[114,134,153,168,184,184,197,226,274,299,6,20,20,20,20,97,97,114,133,83,15,15,15,15,15,63,97,97,97,97],"floor_reached":29,"language":"ENG","playtime":1913,"items_purged":["Strike_G"],"score":443,"play_id":"95e440eb-5120-4aae-9284-1ba9139b1759","local_time":"20210218194028","is_ascension_mode":true,"campfire_choices":[{"data":"Neutralize","floor":6,"key":"SMITH"},{"data":"Malaise","floor":15,"key":"SMITH"},{"floor":23,"key":"REST"},{"data":"Footwork","floor":28,"key":"SMITH"}],"circlet_count":0,"master_deck":["AscendersBane","Strike_G","Strike_G","Strike_G","Strike_G","Defend_G","Defend_G","Defend_G","Defend_G","Defend_G","Survivor","Neutralize+1","Die Die Die","Blade Dance","Footwork+1","Backflip","PiercingWail+1","Deflect+1","Malaise+1","Backflip","Blur","Blur","Leg Sweep"],"relics":["Ring of the Snake","Ornamental Fan","Lantern","Eternal Feather","MealTicket","Black Star","Bronze Scales","Gremlin Horn","Smiling Mask"],"acts_visited":["Exordium","TheCity"],"potions_floor_usage":[8,10,16,16],"damage_taken":[{"damage":2,"enemies":"Small Slimes","floor":1,"turns":3},{"damage":3,"enemies":"2 Louse","floor":2,"turns":3},{"damage":5,"enemies":"Jaw Worm","floor":3,"turns":3},{"damage":10,"enemies":"Exordium Thugs","floor":4,"turns":10},{"damage":4,"enemies":"Looter","floor":5,"turns":5},{"damage":0,"enemies":"Large Slime","floor":7,"turns":8},{"damage":13,"enemies":"3 Sentries","floor":8,"turns":8},{"damage":12,"enemies":"Gremlin Nob","floor":10,"turns":5},{"damage":0,"enemies":"Blue Slaver","floor":12,"turns":4},{"damage":11,"enemies":"Hexaghost","floor":16,"turns":20},{"damage":15,"enemies":"Spheric Guardian","floor":18,"turns":8},{"damage":28,"enemies":"Chosen","floor":19,"turns":9},{"damage":11,"enemies":"Book of Stabbing","floor":27,"turns":13},{"damage":59,"enemies":"Gremlin Leader","floor":29,"turns":9}],"seed_played":"2270939979980125725","potions_obtained":[{"floor":2,"key":"Energy Potion"},{"floor":8,"key":"Poison Potion"},{"floor":10,"key":"AttackPotion"},{"floor":12,"key":"Block Potion"}],"is_trial":false,"path_per_floor":["M","M","M","M","M","R","M","E","T","E","$","M","?","?","R","B",null,"M","M","?","$","?","R","$","?","T","E","R","E"],"character_chosen":"THE_SILENT","items_purchased":["Malaise","MealTicket","Blur"],"campfire_rested":1,"item_purchase_floors":[11,11,21],"current_hp_per_floor":[57,54,49,39,35,35,35,22,22,10,10,10,10,10,19,8,52,37,9,9,24,6,39,54,54,54,43,55,0,0],"gold":97,"neow_bonus":"ONE_RANDOM_RARE_CARD","is_daily":false,"chose_seed":false,"campfire_upgraded":3,"win_rate":0.0,"timestamp":1613641228,"path_taken":["M","M","M","M","M","R","M","E","T","E","$","M","?","?","R","BOSS","M","M","?","?","?","R","$","?","T","E","R","E"],"items_purchased_type":["Card","Relic","Card"],"build_version":"2020-12-22","purchased_purges":1,"victory":false,"max_hp_per_floor":[66,66,66,66,66,66,66,66,66,66,66,66,66,66,66,66,66,66,66,66,66,71,71,71,71,71,71,71,71,71],"relic_stats":{"Gremlin Horn":[4,4],"counters":[14,108],"Ornamental Fan":[104],"Bronze Scales":[171],"Eternal Feather":33,"MealTicket":30,"Black Star":1,"Smiling Mask":0,"obtain_stats":[{"Lantern":9,"Gremlin Horn":27,"Ornamental Fan":8,"Bronze Scales":26,"Eternal Feather":10,"MealTicket":11,"Black Star":17,"Smiling Mask":27,"Ring of the Snake":0},{"Lantern":7,"Gremlin Horn":13,"Ornamental Fan":7,"Bronze Scales":12,"Eternal Feather":8,"MealTicket":8,"Black Star":10,"Smiling Mask":13,"Ring of the Snake":0},{"Lantern":40,"Gremlin Horn":99,"Ornamental Fan":40,"Bronze Scales":86,"Eternal Feather":45,"MealTicket":45,"Black Star":69,"Smiling Mask":99,"Ring of the Snake":0}],"Ring of the Snake":[28]},"card_choices":[{"not_picked":["Slice","Prepared"],"picked":"Blade Dance","floor":1},{"not_picked":["Backflip","Bane"],"picked":"Footwork","floor":2},{"not_picked":["Dagger Throw","Phantasmal Killer"],"picked":"Backflip","floor":3},{"not_picked":["Acrobatics","Backflip"],"picked":"PiercingWail","floor":4},{"not_picked":["Well Laid Plans","Masterful Stab"],"picked":"Deflect","floor":5},{"not_picked":["Catalyst","Slice","Acrobatics"],"picked":"SKIP","floor":7},{"not_picked":["Endless Agony","Infinite Blades","Well Laid Plans"],"picked":"SKIP","floor":8},{"not_picked":["Acrobatics","Crippling Poison","Prepared"],"picked":"SKIP","floor":10},{"not_picked":["Bouncing Flask","PiercingWail","Crippling Poison"],"picked":"SKIP","floor":12},{"not_picked":["Quick Slash","Distraction"],"picked":"Backflip","floor":18},{"not_picked":["Acrobatics","PiercingWail+1"],"picked":"Blur","floor":19},{"not_picked":["Caltrops","Dagger Spray","Backflip"],"picked":"SKIP","floor":27}],"player_experience":536288,"relics_obtained":[{"floor":8,"key":"Ornamental Fan"},{"floor":9,"key":"Lantern"},{"floor":10,"key":"Eternal Feather"},{"floor":26,"key":"Bronze Scales"},{"floor":27,"key":"Gremlin Horn"},{"floor":27,"key":"Smiling Mask"}],"event_choices":[{"damage_healed":0,"gold_gain":0,"player_choice":"Ignored","damage_taken":0,"max_hp_gain":0,"max_hp_loss":0,"event_name":"Liars Game","floor":13,"gold_loss":0},{"damage_healed":0,"gold_gain":0,"player_choice":"Ignored","damage_taken":0,"max_hp_gain":0,"max_hp_loss":0,"event_name":"Shining Light","floor":14,"gold_loss":0},{"damage_healed":0,"gold_gain":0,"player_choice":"Upgraded Two","damage_taken":0,"max_hp_gain":0,"max_hp_loss":0,"event_name":"Designer","floor":20,"gold_loss":50,"cards_upgraded":["Deflect","PiercingWail"]},{"damage_healed":0,"gold_gain":0,"player_choice":"Shed Blood","damage_taken":23,"max_hp_gain":5,"max_hp_loss":0,"event_name":"Forgotten Altar","floor":22,"gold_loss":0},{"damage_healed":0,"gold_gain":0,"player_choice":"Read","damage_taken":0,"max_hp_gain":0,"max_hp_loss":0,"event_name":"The Library","floor":25,"gold_loss":0,"cards_obtained":["Leg Sweep"]}],"is_beta":false,"boss_relics":[{"not_picked":["Cursed Key","Calling Bell"],"picked":"Black Star"}],"items_purged_floors":[11],"is_endless":false,"potions_floor_spawned":[2,8,10,12],"killed_by":"Gremlin Leader","ascension_level":15}}