{"host":"xhy9gc4eyomy2i9o","time":1613624567,"event":{"mods":["AchievementEnabler","Act Like it!","BaseMod","Better Vampires","Minty Spire (QoL Compilation)","Permanent Neow","Quick Restart","Shop Mod","StSLib","Waifu the Spire"],"gold_per_floor":[118,118,135,155,166,166,198,32,82,82,99,127,27,27,27,132,132,150,163,163,183,98,131,131,131,131,131,151,166,166,200,200,302,302,313,6,56,56,76,110,110,135,160,160,80,109,55,55,55,55,55,55,18,43,43],"floor_reached":56,"language":"ZHS","playtime":7454,"items_purged":["Strike_G","Strike_G","Flying Knee+1"],"score":1816,"play_id":"27c2218e-3a5e-4281-ae56-69e418829953","local_time":"20210218130247","is_ascension_mode":true,"campfire_choices":[{"data":"Bouncing Flask","floor":6.0,"key":"SMITH"},{"data":"Impatience","floor":10.0,"key":"SMITH"},{"floor":15.0,"key":"REST"},{"data":"Catalyst","floor":24.0,"key":"SMITH"},{"floor":30.0,"key":"REST"},{"data":"Prepared","floor":32.0,"key":"SMITH"},{"floor":41.0,"key":"RECALL"},{"data":"Noxious Fumes","floor":44.0,"key":"SMITH"},{"data":"Footwork","floor":49.0,"key":"SMITH"},{"data":"Deflect","floor":52.0,"key":"SMITH"}],"circlet_count":0,"master_deck":["AscendersBane","Defend_G+1","Defend_G","Defend_G","Defend_G","Survivor","Neutralize","Adrenaline","Leg Sweep","Deflect","Prepared+1","Bouncing Flask+1","PiercingWail","Impatience+1","Escape Plan","Backflip","Catalyst+1","Deflect+1","Noxious Fumes+1","Dodge and Roll","PiercingWail+1","Poisoned Stab+1","CurseOfTheBell","Backflip+1","Thinking Ahead+1","Prepared+1","Prepared+1","Tactician+1","Footwork+1","Acrobatics+1","Deadly Poison+1","Noxious Fumes"],"relics":["Ring of the Snake","StrikeDummy","Bag of Preparation","Empty Cage","Tingsha","Du-Vu Doll","Molten Egg 2","Pantograph","Calling Bell","Art of War","Toxic Egg 2","Girya","WingedGreaves","Juzu Bracelet","Meat on the Bone","Orichalcum","Calipers","Mercury Hourglass"],"acts_visited":["Exordium","TheCity","TheBeyond","TheEnding"],"potions_floor_usage":[55],"damage_taken":[{"damage":0.0,"enemies":"2 Louse","floor":1.0,"turns":4.0},{"damage":0.0,"enemies":"Cultist","floor":3.0,"turns":3.0},{"damage":4.0,"enemies":"Small Slimes","floor":4.0,"turns":4.0},{"damage":0.0,"enemies":"Blue Slaver","floor":5.0,"turns":6.0},{"damage":11.0,"enemies":"Lagavulin","floor":7.0,"turns":7.0},{"damage":0.0,"enemies":"Looter","floor":11.0,"turns":3.0},{"damage":15.0,"enemies":"3 Sentries","floor":12.0,"turns":6.0},{"damage":7.0,"enemies":"The Guardian","floor":16.0,"turns":9.0},{"damage":1.0,"enemies":"Shell Parasite","floor":18.0,"turns":5.0},{"damage":2.0,"enemies":"3 Byrds","floor":19.0,"turns":7.0},{"damage":5.0,"enemies":"Snake Plant","floor":21.0,"turns":4.0},{"damage":3.0,"enemies":"Gremlin Leader","floor":23.0,"turns":7.0},{"damage":4.0,"enemies":"Centurion and Healer","floor":28.0,"turns":6.0},{"damage":22.0,"enemies":"3 Cultists","floor":29.0,"turns":6.0},{"damage":1.0,"enemies":"Slavers","floor":31.0,"turns":8.0},{"damage":47.0,"enemies":"Automaton","floor":33.0,"turns":11.0},{"damage":4.0,"enemies":"3 Darklings","floor":35.0,"turns":8.0},{"damage":0.0,"enemies":"Mind Bloom Boss Battle","floor":37.0,"turns":5.0},{"damage":0.0,"enemies":"3 Shapes","floor":39.0,"turns":5.0},{"damage":10.0,"enemies":"Giant Head","floor":40.0,"turns":7.0},{"damage":20.0,"enemies":"Reptomancer","floor":42.0,"turns":8.0},{"damage":13.0,"enemies":"Nemesis","floor":46.0,"turns":7.0},{"damage":22.0,"enemies":"Awakened One","floor":50.0,"turns":14.0},{"damage":35.0,"enemies":"Shield and Spear","floor":54.0,"turns":8.0},{"damage":32,"enemies":"The Heart","floor":55,"turns":10}],"seed_played":"7285599070645658146","potions_obtained":[{"floor":4.0,"key":"BlessingOfTheForge"},{"floor":7.0,"key":"DistilledChaos"},{"floor":16.0,"key":"Fruit Juice"},{"floor":18.0,"key":"Dexterity Potion"},{"floor":29.0,"key":"SmokeBomb"},{"floor":33.0,"key":"CultistPotion"},{"floor":37.0,"key":"SpeedPotion"},{"floor":39.0,"key":"Ancient Potion"},{"floor":42.0,"key":"SkillPotion"},{"floor":54.0,"key":"SteroidPotion"}],"is_trial":false,"path_per_floor":["M","?","M","M","M","R","E","$","T","R","M","E","$","?","R","B",null,"M","M","?","M","?","E","R","?","T","?","M","M","R","E","R","B",null,"M","$","?","?","M","E","R","E","T","R","$","E","$","?","R","B",null,"R","$","E","B",null],"character_chosen":"THE_SILENT","items_purchased":["Impatience","Thinking Ahead+1","Footwork","Deadly Poison+1","Noxious Fumes"],"campfire_rested":2,"item_purchase_floors":[8,36,45,47,53],"current_hp_per_floor":[45,45,45,41,41,41,30,30,30,30,30,15,15,1,22,20,61,60,58,44,39,39,36,36,36,36,36,32,10,34,33,33,11,63,59,59,80,76,76,66,66,46,46,46,46,45,45,45,45,48,69,69,69,46,39],"gold":43,"neow_bonus":"THREE_RARE_CARDS","is_daily":false,"chose_seed":false,"campfire_upgraded":7,"win_rate":0.0,"timestamp":1613624567,"path_taken":["M","?","M","M","M","R","E","?","T","R","M","E","$","?","R","BOSS","M","M","?","M","?","E","R","?","T","?","M","M","R","E","R","BOSS","M","$","?","?","M","E","R","E","T","R","$","E","$","?","R","BOSS","R","$","E","BOSS"],"items_purchased_type":["Card","Card","Card","Card","Card"],"build_version":"2020-12-22","purchased_purges":3,"victory":true,"max_hp_per_floor":[70,70,70,70,70,70,70,70,70,70,70,70,70,70,70,75,75,75,75,80,80,80,80,80,80,80,80,80,80,80,80,80,80,80,80,80,80,76,76,76,76,76,76,76,76,76,76,76,76,76,76,76,76,76,76],"card_choices":[{"not_picked":["Envenom","Bullet Time"],"picked":"Adrenaline","floor":0.0},{"not_picked":["Quick Slash","Acrobatics"],"picked":"Leg Sweep","floor":1.0},{"not_picked":["Bane","Cloak And Dagger"],"picked":"Deflect","floor":3.0},{"not_picked":["Leg Sweep","Tactician"],"picked":"Prepared","floor":4.0},{"not_picked":["Dagger Throw","Underhanded Strike"],"picked":"Bouncing Flask","floor":5.0},{"not_picked":["Poisoned Stab","Tactician"],"picked":"PiercingWail","floor":7.0},{"not_picked":["Riddle With Holes","Dash","Quick Slash"],"picked":"SKIP","floor":11.0},{"not_picked":["Cloak And Dagger","Malaise"],"picked":"Escape Plan","floor":12.0},{"not_picked":["Bouncing Flask","Cloak And Dagger"],"picked":"Backflip","floor":18.0},{"not_picked":["Calculated Gamble+1","Blade Dance"],"picked":"Catalyst","floor":19.0},{"not_picked":["Poisoned Stab+1","Cloak And Dagger"],"picked":"Deflect","floor":21.0},{"not_picked":["Quick Slash","Flying Knee"],"picked":"Noxious Fumes","floor":23.0},{"not_picked":["Quick Slash+1","Flying Knee+1"],"picked":"PiercingWail+1","floor":28.0},{"not_picked":["Slice+1","Blade Dance"],"picked":"Backstab+1","floor":29.0},{"not_picked":["Bane+1","Phantasmal Killer"],"picked":"Poisoned Stab+1","floor":31.0},{"not_picked":["Dagger Spray+1","Blade Dance+1"],"picked":"Backflip+1","floor":35.0},{"not_picked":["Quick Slash+1","PiercingWail+1"],"picked":"Prepared+1","floor":39.0},{"not_picked":["Blur+1","Quick Slash+1"],"picked":"Prepared+1","floor":40.0},{"not_picked":["Outmaneuver+1","Choke+1"],"picked":"Tactician+1","floor":42.0},{"not_picked":["Heel Hook+1","Sucker Punch+1"],"picked":"Acrobatics+1","floor":46.0},{"not_picked":["Flying Knee+1","Finisher+1","Infinite Blades+1"],"picked":"SKIP","floor":54.0}],"player_experience":553556,"relics_obtained":[{"floor":7.0,"key":"StrikeDummy"},{"floor":12.0,"key":"Bag of Preparation"},{"floor":23.0,"key":"Du-Vu Doll"},{"floor":26.0,"key":"Molten Egg 2"},{"floor":31.0,"key":"Pantograph"},{"floor":34.0,"key":"Art of War"},{"floor":34.0,"key":"Toxic Egg 2"},{"floor":34.0,"key":"Girya"},{"floor":37.0,"key":"WingedGreaves"},{"floor":40.0,"key":"Juzu Bracelet"},{"floor":42.0,"key":"Meat on the Bone"},{"floor":43.0,"key":"Orichalcum"},{"floor":46.0,"key":"Calipers"},{"floor":54.0,"key":"Mercury Hourglass"}],"event_choices":[{"damage_healed":0.0,"max_hp_gain":0.0,"max_hp_loss":0.0,"gold_gain":0.0,"event_name":"The Woman in Blue","player_choice":"Bought 0 Potions","floor":2.0,"gold_loss":0.0,"damage_taken":0.0},{"damage_healed":0.0,"max_hp_gain":0.0,"max_hp_loss":0.0,"gold_gain":0.0,"event_name":"Shining Light","player_choice":"Entered Light","floor":14.0,"gold_loss":0.0,"damage_taken":14.0,"cards_upgraded":["Defend_G","Strike_G"]},{"damage_healed":0.0,"max_hp_gain":5.0,"max_hp_loss":0.0,"gold_gain":0.0,"event_name":"Forgotten Altar","player_choice":"Shed Blood","floor":20.0,"gold_loss":0.0,"damage_taken":19.0},{"damage_healed":0.0,"max_hp_gain":0.0,"max_hp_loss":0.0,"gold_gain":0.0,"event_name":"Addict","player_choice":"Obtained Relic","floor":22.0,"gold_loss":85.0,"damage_taken":0.0,"relics_obtained":["Tingsha"]},{"damage_healed":0.0,"max_hp_gain":0.0,"max_hp_loss":0.0,"gold_gain":0.0,"event_name":"The Mausoleum","player_choice":"Ignored","floor":25.0,"gold_loss":0.0,"damage_taken":0.0},{"damage_healed":0.0,"max_hp_gain":0.0,"max_hp_loss":0.0,"gold_gain":0.0,"cards_transformed":["Strike_G","Defend_G"],"event_name":"Drug Dealer","player_choice":"Became Test Subject","floor":27.0,"gold_loss":0.0,"damage_taken":0.0,"cards_obtained":["Dodge and Roll","Flying Knee"]},{"damage_healed":0.0,"max_hp_gain":0.0,"max_hp_loss":0.0,"gold_gain":0.0,"event_name":"MindBloom","player_choice":"Fight","floor":37.0,"gold_loss":0.0,"damage_taken":0.0},{"damage_healed":0.0,"max_hp_gain":0.0,"max_hp_loss":4.0,"gold_gain":0.0,"event_name":"Winding Halls","player_choice":"Max HP","floor":38.0,"gold_loss":0.0,"damage_taken":0.0},{"cards_removed":["Backstab"],"damage_healed":0.0,"max_hp_gain":0.0,"max_hp_loss":0.0,"gold_gain":0.0,"event_name":"Falling","player_choice":"Removed Attack","floor":48.0,"gold_loss":0.0,"damage_taken":0.0}],"is_beta":false,"boss_relics":[{"not_picked":["Black Star","Busted Crown"],"picked":"Empty Cage"},{"not_picked":["Velvet Choker","WristBlade"],"picked":"Calling Bell"}],"items_purged_floors":[8,13,36],"is_endless":false,"potions_floor_spawned":[4,7,16,18,29,33,37,39,42,54],"ascension_level":12}}