{"host":"zy8sn0tmwn4g7fne","time":1613634002,"event":{"mods":["ATMod(阿瑾Mod)","BaseMod","Better-Laid Plans","FanaticalFans","Minty Spire (QoL Compilation)","MostiFishMod","Quick Restart","StSLib","[IsaacMod]以撒尖塔","【功能Mod】Neow奖励","【功能Mod】强力的原版药水"],"gold_per_floor":[112,162,2,21,35,64,64,79,157,168,243,255,71,71,71,56,56],"floor_reached":16,"language":"ZHS","playtime":1255,"items_purged":[],"score":254,"play_id":"31ad4ac4-d5e6-4eb7-9fb7-0ef5aca8c863","local_time":"20210218154002","is_ascension_mode":true,"campfire_choices":[{"floor":7,"key":"REST"},{"data":"MostiFishMod:GatherIntelligence","floor":15,"key":"SMITH"}],"circlet_count":0,"master_deck":["AscendersBane","Strike_B","Strike_B","Strike_B","Strike_B","Defend_B","Defend_B","Defend_B","Defend_B","Zap","Dualcast","AT_WarpDrive","Compile Driver","Hologram","MostiFishMod:GatherIntelligence+1","AT_DarkMatter","Cold Snap","Coolheaded"],"relics":["Fans:FanaticalFans","AT_ATBox","DaveBox","HushsDoor","TuHaoJin","MetatronsCube","GuanYuAspect","SynthV:TestCard","TheBattery","PunchingBag","SteamSale","AT_Kusabimaru"],"acts_visited":["Exordium"],"potions_floor_usage":[16],"damage_taken":[{"damage":0.0,"enemies":"Jaw Worm","floor":1.0,"turns":1.0},{"damage":8.0,"enemies":"Cultist","floor":4.0,"turns":5.0},{"damage":31,"enemies":"Small Slimes","floor":5,"turns":6},{"damage":0,"enemies":"3 Sentries","floor":6,"turns":2},{"damage":5,"enemies":"Blue Slaver","floor":8,"turns":4},{"damage":3,"enemies":"Large Slime","floor":10,"turns":5},{"damage":1,"enemies":"Red Slaver","floor":12,"turns":3},{"damage":48,"enemies":"Slime Boss","floor":16,"turns":9}],"seed_played":"6309209114184340476","potions_obtained":[{"floor":8,"key":"PotionOfCapacity"},{"floor":12,"key":"Regen Potion"}],"is_trial":false,"path_per_floor":["M","?","$","M","M","E","R","M","T","M","?","M","$","T","R","B"],"character_chosen":"DEFECT","items_purchased":["TheBattery","SteamSale","Coolheaded"],"campfire_rested":1,"item_purchase_floors":[3,13,13],"current_hp_per_floor":[36,36,36,32,9,15,20,23,23,36,25,34,34,34,34,0,0],"gold":56,"neow_bonus":"BOSS_RELIC","is_daily":false,"chose_seed":false,"campfire_upgraded":1,"win_rate":0.0,"timestamp":1613634002,"path_taken":["M","?","$","M","M","E","R","M","T","M","?","M","?","?","R","BOSS"],"items_purchased_type":["Relic","Relic","Card"],"build_version":"2020-12-22","purchased_purges":0,"victory":false,"max_hp_per_floor":[36,36,36,36,36,36,36,36,36,36,36,36,36,36,36,36,36],"card_choices":[{"not_picked":[],"picked":"ChaosCard","floor":0.0},{"not_picked":["Stack","Coolheaded"],"picked":"Bomb","floor":1.0},{"not_picked":["Streamline","Leap","Sweeping Beam","MostiFishMod:Prepare","Fusion"],"picked":"SKIP","floor":4.0},{"not_picked":["Steam","Reprogram","Go for the Eyes","Turbo"],"picked":"Compile Driver","floor":5},{"not_picked":["MostiFishMod:Impulse","Redo","MostiFishMod:ReprogramOld","Cancel"],"picked":"Hologram","floor":6},{"not_picked":["Streamline","Stack","Hologram","Cold Snap"],"picked":"MostiFishMod:GatherIntelligence","floor":8},{"not_picked":["Rip and Tear","MostiFishMod:LinkProtocol","Hologram","AT_EMC2"],"picked":"AT_DarkMatter","floor":10},{"not_picked":["FTL","Barrage","Self Repair","Go for the Eyes"],"picked":"Cold Snap","floor":12}],"player_experience":462378,"relics_obtained":[{"floor":1.0,"key":"SynthV:TestCard"},{"floor":6,"key":"PunchingBag"},{"floor":14,"key":"AT_Kusabimaru"}],"event_choices":[{"damage_healed":0.0,"max_hp_gain":0.0,"max_hp_loss":0.0,"gold_gain":50.0,"event_name":"Golden Shrine","player_choice":"Pray","floor":2.0,"gold_loss":0.0,"damage_taken":0.0},{"damage_healed":0,"gold_gain":75,"player_choice":"Gather Gold","damage_taken":11,"max_hp_gain":0,"max_hp_loss":0,"event_name":"World of Goop","floor":11,"gold_loss":0}],"is_beta":false,"boss_relics":[],"items_purged_floors":[],"is_endless":false,"potions_floor_spawned":[8,12],"killed_by":"Slime Boss","ascension_level":20}}