{"host":"i45hfqkcke4zequp","time":1613661746,"event":{"mods":["AchievementEnabler","BaseMod","BetterRewards","Minty Spire (QoL Compilation)","Permanent Neow","Shop Mod","SuperFastMode"],"gold_per_floor":[111,111,61,74,74,74,114,129,152,177,195,195,195,213,213,342,342,366,366,366,385,81,121,81,114,114,162,190,190,238,75,75,203,203,227,227,227,250,279,308,308,220,244,244,288,321,353,383,383,383],"floor_reached":51,"language":"KOR","playtime":4676,"items_purged":[],"score":1015,"play_id":"448db27b-acda-47db-82be-34c2486d7af7","local_time":"20210219002226","is_ascension_mode":true,"campfire_choices":[{"data":"Eruption","floor":6.0,"key":"SMITH"},{"data":"Fasting2","floor":15.0,"key":"SMITH"},{"data":"Ragnarok","floor":29,"key":"SMITH"},{"floor":32,"key":"REST"},{"floor":41,"key":"REST"},{"floor":49,"key":"REST"}],"circlet_count":0,"master_deck":["Strike_P","Strike_P+1","Strike_P","Strike_P","Defend_P","Defend_P","Defend_P","Defend_P","Eruption+1","Vigilance","FlurryOfBlows","FollowUp","Fasting2+1","CrushJoints","Prostrate","Pray","FearNoEvil+1","FlyingSleeves","Crescendo","FlyingSleeves","Establishment+1","CurseOfTheBell","FollowUp","WaveOfTheHand","EmptyFist","FollowUp+1","BowlingBash+1","Ragnarok+1","CarveReality","WindmillStrike","Collect+1","CarveReality+1","CarveReality+1","Prostrate+1","ThirdEye+1","Conclude+1","FollowUp+1","Worship"],"relics":["PureWater","Thread and Needle","Calipers","ClockworkSouvenir","Golden Idol","Art of War","Whetstone","Meat on the Bone","Singing Bowl","Calling Bell","Lantern","HornCleat","Mango","Omamori","Membership Card","Damaru","CeramicFish","Gambling Chip","Pear","Bag of Preparation","Sundial","Bag of Marbles","Strawberry","Fusion Hammer","Vajra","Juzu Bracelet","Letter Opener"],"acts_visited":["Exordium","TheCity","TheBeyond"],"potions_floor_usage":[40,40,50,50,50],"damage_taken":[{"damage":0.0,"enemies":"Cultist","floor":1.0,"turns":3.0},{"damage":2.0,"enemies":"2 Louse","floor":4.0,"turns":2.0},{"damage":14.0,"enemies":"3 Sentries","floor":7.0,"turns":6.0},{"damage":2.0,"enemies":"Small Slimes","floor":8.0,"turns":3.0},{"damage":8.0,"enemies":"Exordium Thugs","floor":10.0,"turns":2.0},{"damage":4.0,"enemies":"Blue Slaver","floor":11.0,"turns":3.0},{"damage":0.0,"enemies":"Red Slaver","floor":14.0,"turns":3.0},{"damage":0.0,"enemies":"Slime Boss","floor":16.0,"turns":5.0},{"damage":8.0,"enemies":"2 Thieves","floor":18.0,"turns":4.0},{"damage":13.0,"enemies":"Spheric Guardian","floor":21.0,"turns":5.0},{"damage":30.0,"enemies":"Slavers","floor":23.0,"turns":5.0},{"damage":7.0,"enemies":"3 Cultists","floor":25.0,"turns":4.0},{"damage":0,"enemies":"Gremlin Leader","floor":27,"turns":3},{"damage":0,"enemies":"Sentry and Sphere","floor":28,"turns":2},{"damage":17,"enemies":"Slavers","floor":30,"turns":3},{"damage":10,"enemies":"Automaton","floor":33,"turns":5},{"damage":5,"enemies":"3 Darklings","floor":35,"turns":3},{"damage":7,"enemies":"Orb Walker","floor":38,"turns":2},{"damage":10,"enemies":"Spire Growth","floor":39,"turns":4},{"damage":25,"enemies":"Transient","floor":40,"turns":5},{"damage":10,"enemies":"Nemesis","floor":45,"turns":3},{"damage":0,"enemies":"Jaw Worm Horde","floor":46,"turns":4},{"damage":8,"enemies":"Writhing Mass","floor":47,"turns":4},{"damage":9,"enemies":"Spire Growth","floor":48,"turns":3},{"damage":91,"enemies":"Time Eater","floor":50,"turns":8}],"seed_played":"721173017641393897","potions_obtained":[{"floor":1.0,"key":"Block Potion"},{"floor":14.0,"key":"Explosive Potion"},{"floor":16.0,"key":"BlessingOfTheForge"},{"floor":18.0,"key":"Fire Potion"},{"floor":27,"key":"Regen Potion"},{"floor":40,"key":"AttackPotion"},{"floor":45,"key":"EssenceOfSteel"}],"is_trial":false,"path_per_floor":["M","?","?","M","?","R","E","M","T","M","M","?","T","M","R","B",null,"M","T","?","M","$","E","?","M","T","E","M","R","E","$","R","B",null,"M","?","?","M","M","M","R","$","T","?","E","M","M","M","R","B",null],"character_chosen":"WATCHER","items_purchased":["FlurryOfBlows","ClockworkSouvenir","FollowUp","Membership Card","Damaru","CeramicFish","EmptyFist","Bag of Marbles","Strawberry","WindmillStrike","Vajra","ClearTheMind"],"campfire_rested":3,"item_purchase_floors":[0,0,0,22,22,22,22,31,31,31,42,42],"current_hp_per_floor":[40,40,40,38,62,62,48,46,46,38,34,34,34,46,46,46,86,78,78,78,65,65,49,49,54,64,64,64,64,59,66,97,87,105,100,100,115,108,98,73,107,107,107,107,97,97,89,80,114,46],"gold":383,"neow_bonus":"","is_daily":false,"chose_seed":false,"campfire_upgraded":3,"win_rate":0.0,"timestamp":1613661746,"path_taken":["M","?","?","M","?","R","E","?","T","M","M","?","?","M","R","BOSS","M","?","?","M","$","E","?","M","T","E","M","R","E","$","R","BOSS","M","?","?","?","M","M","R","$","T","?","E","M","M","M","R","BOSS"],"items_purchased_type":["Card","Relic","Card","Relic","Relic","Relic","Card","Relic","Relic","Card","Relic","Card"],"build_version":"2020-12-22","purchased_purges":0,"victory":true,"max_hp_per_floor":[72,72,72,72,72,72,72,72,72,72,72,72,72,72,72,72,86,86,86,86,86,86,88,88,88,98,98,98,98,98,105,105,105,105,105,105,115,115,115,115,115,115,115,115,115,115,115,115,115,115],"card_choices":[{"not_picked":["ReachHeaven","Weave"],"picked":"CrushJoints","floor":1.0},{"not_picked":["InnerPeace","Crescendo"],"picked":"Prostrate","floor":4.0},{"not_picked":["Vault","Protect"],"picked":"Pray","floor":7.0},{"not_picked":["Protect","Indignation"],"picked":"FearNoEvil","floor":8.0},{"not_picked":["BowlingBash","Halt"],"picked":"FlyingSleeves","floor":10.0},{"not_picked":["MasterReality","EmptyBody"],"picked":"Crescendo","floor":11.0},{"not_picked":["EmptyMind","Vengeance"],"picked":"FlyingSleeves","floor":14.0},{"not_picked":["Vault","Scrawl"],"picked":"Establishment","floor":16.0},{"not_picked":["ClearTheMind","WheelKick"],"picked":"FollowUp","floor":18.0},{"not_picked":["LikeWater","Vengeance"],"picked":"WaveOfTheHand","floor":21.0},{"not_picked":["Evaluate","Vengeance","Weave"],"picked":"Singing Bowl","floor":23.0},{"not_picked":["Halt","Meditate+1"],"picked":"FollowUp+1","floor":25.0},{"not_picked":["Wireheading","EmptyFist"],"picked":"BowlingBash+1","floor":27},{"not_picked":["EmptyFist","ClearTheMind+1"],"picked":"Ragnarok","floor":28},{"not_picked":["SashWhip","WreathOfFlame+1"],"picked":"CarveReality","floor":30},{"not_picked":["Blasphemy","MasterReality"],"picked":"LessonLearned","floor":33},{"not_picked":["SignatureMove+1","Consecrate"],"picked":"Collect+1","floor":35},{"not_picked":["Swivel+1","Pray"],"picked":"CarveReality+1","floor":38},{"not_picked":["Protect+1","SashWhip+1"],"picked":"CarveReality+1","floor":39},{"not_picked":["InnerPeace","Sanctity+1"],"picked":"Prostrate+1","floor":40},{"not_picked":["Study+1","Nirvana+1"],"picked":"ThirdEye+1","floor":45},{"not_picked":["CrushJoints+1","SignatureMove"],"picked":"Conclude+1","floor":46},{"not_picked":["LikeWater","Crescendo"],"picked":"FollowUp+1","floor":47},{"not_picked":["FollowUp","Consecrate"],"picked":"Worship","floor":48}],"player_experience":557757,"relics_obtained":[{"floor":7.0,"key":"Art of War"},{"floor":9.0,"key":"Whetstone"},{"floor":13.0,"key":"Singing Bowl"},{"floor":17.0,"key":"Lantern"},{"floor":17.0,"key":"HornCleat"},{"floor":17.0,"key":"Mango"},{"floor":19.0,"key":"Omamori"},{"floor":23.0,"key":"Gambling Chip"},{"floor":26.0,"key":"Pear"},{"floor":27,"key":"Bag of Preparation"},{"floor":30,"key":"Sundial"},{"floor":43,"key":"Juzu Bracelet"},{"floor":45,"key":"Letter Opener"}],"event_choices":[{"damage_healed":0.0,"max_hp_gain":0.0,"max_hp_loss":0.0,"gold_gain":0.0,"event_name":"Golden Idol","player_choice":"Take Wound","floor":2.0,"gold_loss":0.0,"damage_taken":0.0,"relics_obtained":["Golden Idol"],"cards_obtained":["Injury"]},{"cards_removed":["Injury"],"damage_healed":0.0,"max_hp_gain":0.0,"max_hp_loss":0.0,"gold_gain":0.0,"event_name":"The Cleric","player_choice":"Card Removal","floor":3.0,"gold_loss":50.0,"damage_taken":0.0},{"damage_healed":24.0,"max_hp_gain":0.0,"max_hp_loss":0.0,"gold_gain":0.0,"event_name":"Big Fish","player_choice":"Banana","floor":5.0,"gold_loss":0.0,"damage_taken":0.0},{"damage_healed":0.0,"max_hp_gain":0.0,"max_hp_loss":0.0,"gold_gain":0.0,"event_name":"Dead Adventurer","player_choice":"Searched \u00272\u0027 times","floor":12.0,"gold_loss":0.0,"damage_taken":0.0,"relics_obtained":["Meat on the Bone"]},{"damage_healed":0.0,"max_hp_gain":0.0,"max_hp_loss":0.0,"gold_gain":0.0,"event_name":"Ghosts","player_choice":"Ignored","floor":20.0,"gold_loss":0.0,"damage_taken":0.0},{"damage_healed":0.0,"max_hp_gain":0.0,"max_hp_loss":0.0,"gold_gain":0.0,"event_name":"Designer","player_choice":"Upgrade","floor":24.0,"gold_loss":40.0,"damage_taken":0.0,"cards_upgraded":["Establishment"]},{"damage_healed":0,"gold_gain":0,"player_choice":"Ignored","damage_taken":0,"max_hp_gain":0,"max_hp_loss":0,"event_name":"Tomb of Lord Red Mask","floor":36,"gold_loss":0},{"cards_removed":["LessonLearned"],"damage_healed":5,"gold_gain":0,"player_choice":"Offered Rare","damage_taken":0,"max_hp_gain":10,"max_hp_loss":0,"event_name":"Bonfire Elementals","floor":37,"gold_loss":0},{"cards_removed":["ClearTheMind"],"damage_healed":0,"gold_gain":0,"player_choice":"Removed Skill","damage_taken":0,"max_hp_gain":0,"max_hp_loss":0,"event_name":"Falling","floor":44,"gold_loss":0}],"is_beta":false,"boss_relics":[{"not_picked":["Astrolabe","SlaversCollar"],"picked":"Calling Bell"},{"not_picked":["Black Star","Runic Dome"],"picked":"Fusion Hammer"}],"items_purged_floors":[],"is_endless":false,"potions_floor_spawned":[1,14,16,18,27,30,33,38,40,45,48],"ascension_level":2}}