{"host":"CottonTail234","time":1613620911,"event":{"mods":["BaseMod","Colored Map","Minty Spire (QoL Compilation)","StSLib"],"gold_per_floor":[99,99,99,1,1,1,1,1,1,1,1,1,1,1,1,1,1,1,1,1,1,1,1,1,1,1,1,1,1,1,1,1,1,1,1,1,1,1,1,1,1,1,1,1,1,1,1,1,1,1],"floor_reached":51,"language":"ENG","playtime":2303,"items_purged":[],"score":1387,"play_id":"8813bb01-eb55-465b-8d54-efc27886f7ac","local_time":"20210217210151","is_ascension_mode":true,"campfire_choices":[{"data":"BattleHymn","floor":6,"key":"SMITH"},{"data":"1","floor":15,"key":"LIFT"},{"data":"2","floor":24,"key":"LIFT"},{"data":"3","floor":28,"key":"LIFT"},{"data":"Blasphemy","floor":30,"key":"SMITH"},{"data":"TalkToTheHand","floor":32,"key":"SMITH"},{"data":"SpiritShield","floor":42,"key":"SMITH"},{"data":"SpiritShield","floor":44,"key":"SMITH"},{"floor":49,"key":"REST"}],"circlet_count":0,"master_deck":["AscendersBane","Strike_P","Defend_P","Defend_P","Defend_P","Defend_P","Eruption","Vigilance","Wallop","BattleHymn+1","MasterReality","Trip+1","Conclude","TalkToTheHand+1","Blasphemy+1","JustLucky","Vault","Protect","SpiritShield+1","ThirdEye+1","Vengeance","Indignation","FearNoEvil","ForeignInfluence+1","SpiritShield+1","FlurryOfBlows+1","Halt+1","SashWhip"],"relics":["Ectoplasm","Girya","TungstenRod","Pantograph","Vajra","Empty Cage","Oddly Smooth Stone","InkBottle","CaptainsWheel","VioletLotus","Lizard Tail","MealTicket","White Beast Statue","Bag of Marbles"],"acts_visited":["Exordium","TheCity","TheBeyond"],"potions_floor_usage":[12,14,16,21,23,36,39,45,47,50],"damage_taken":[{"damage":6,"enemies":"Small Slimes","floor":1,"turns":5},{"damage":0,"enemies":"2 Louse","floor":2,"turns":2},{"damage":2,"enemies":"Cultist","floor":3,"turns":3},{"damage":15,"enemies":"Lots of Slimes","floor":7,"turns":4},{"damage":2,"enemies":"Lagavulin","floor":8,"turns":5},{"damage":7,"enemies":"Blue Slaver","floor":10,"turns":3},{"damage":6,"enemies":"3 Sentries","floor":12,"turns":6},{"damage":1,"enemies":"2 Fungi Beasts","floor":13,"turns":3},{"damage":0,"enemies":"Lagavulin","floor":14,"turns":2},{"damage":2,"enemies":"The Guardian","floor":16,"turns":6},{"damage":0,"enemies":"Chosen","floor":18,"turns":4},{"damage":0,"enemies":"Spheric Guardian","floor":19,"turns":4},{"damage":3,"enemies":"3 Cultists","floor":21,"turns":6},{"damage":3,"enemies":"Snake Plant","floor":22,"turns":4},{"damage":3,"enemies":"Book of Stabbing","floor":23,"turns":6},{"damage":30,"enemies":"Slavers","floor":25,"turns":3},{"damage":1,"enemies":"Snecko","floor":31,"turns":6},{"damage":36,"enemies":"Champ","floor":33,"turns":7},{"damage":5,"enemies":"3 Darklings","floor":35,"turns":4},{"damage":0,"enemies":"3 Shapes","floor":36,"turns":3},{"damage":7,"enemies":"Mind Bloom Boss Battle","floor":39,"turns":5},{"damage":0,"enemies":"Giant Head","floor":40,"turns":6},{"damage":20,"enemies":"Writhing Mass","floor":41,"turns":4},{"damage":9,"enemies":"Jaw Worm Horde","floor":45,"turns":3},{"damage":0,"enemies":"Spire Growth","floor":46,"turns":5},{"damage":13,"enemies":"Maw","floor":47,"turns":5},{"damage":21,"enemies":"Time Eater","floor":50,"turns":8}],"seed_played":"-4766476864800829218","potions_obtained":[{"floor":7,"key":"Dexterity Potion"},{"floor":10,"key":"Dexterity Potion"},{"floor":12,"key":"AttackPotion"},{"floor":19,"key":"ColorlessPotion"},{"floor":21,"key":"Dexterity Potion"},{"floor":22,"key":"PowerPotion"},{"floor":23,"key":"Fruit Juice"},{"floor":36,"key":"Weak Potion"},{"floor":39,"key":"Strength Potion"},{"floor":45,"key":"FairyPotion"},{"floor":47,"key":"Block Potion"}],"is_trial":false,"path_per_floor":["M","M","M","$","?","R","M","E","T","M","?","E","M","E","R","B",null,"M","M","$","M","M","E","R","E","T","$","R","?","R","M","R","B",null,"M","M","?","$","?","E","M","R","T","R","M","M","M","T","R","B",null],"character_chosen":"WATCHER","items_purchased":["Trip"],"campfire_rested":1,"item_purchase_floors":[4],"current_hp_per_floor":[55,55,53,53,46,46,31,29,29,22,68,62,61,61,61,66,68,68,68,68,65,62,59,59,29,29,29,29,29,29,28,28,17,55,50,55,55,55,66,66,46,46,46,46,37,37,24,24,45,49],"gold":1,"neow_bonus":"BOSS_RELIC","is_daily":false,"chose_seed":false,"campfire_upgraded":5,"win_rate":0.0,"timestamp":1613620911,"path_taken":["M","M","M","$","?","R","M","E","T","M","?","E","M","E","R","BOSS","M","?","?","M","M","E","R","E","T","$","R","?","R","M","R","BOSS","M","M","?","?","?","E","M","R","T","R","M","M","M","?","R","BOSS"],"items_purchased_type":["Card"],"build_version":"2020-12-18","purchased_purges":0,"victory":true,"max_hp_per_floor":[68,68,68,68,68,68,68,68,68,68,68,68,68,68,68,68,68,68,68,68,68,68,68,68,68,68,68,68,68,68,68,68,68,68,68,73,73,73,73,73,73,73,73,73,73,73,73,73,73,73],"card_choices":[{"not_picked":["FollowUp","ThirdEye"],"picked":"Wallop","floor":1},{"not_picked":["Evaluate","DeceiveReality"],"picked":"BattleHymn","floor":2},{"not_picked":["Protect","Vengeance"],"picked":"MasterReality","floor":3},{"not_picked":["MentalFortress","WindmillStrike","PathToVictory"],"picked":"SKIP","floor":7},{"not_picked":["PathToVictory","Evaluate"],"picked":"ForeignInfluence","floor":8},{"not_picked":["Worship","Indignation"],"picked":"Conclude","floor":10},{"not_picked":["ReachHeaven","WreathOfFlame"],"picked":"TalkToTheHand","floor":12},{"not_picked":["BattleHymn","Wallop"],"picked":"Blasphemy","floor":13},{"not_picked":["SandsOfTime","Perseverance"],"picked":"JustLucky","floor":14},{"not_picked":["Devotion","Alpha"],"picked":"Vault","floor":16},{"not_picked":["Crescendo","EmptyBody"],"picked":"Protect","floor":18},{"not_picked":["EmptyBody+1","ThirdEye"],"picked":"SpiritShield","floor":19},{"not_picked":["ReachHeaven","Protect","Prostrate"],"picked":"SKIP","floor":21},{"not_picked":["Meditate","CutThroughFate"],"picked":"ThirdEye+1","floor":22},{"not_picked":["SignatureMove","InnerPeace+1"],"picked":"Vengeance","floor":23},{"not_picked":["InnerPeace","Prostrate","PathToVictory"],"picked":"SKIP","floor":25},{"not_picked":["TalkToTheHand","Judgement"],"picked":"Indignation","floor":31},{"not_picked":["ReachHeaven","Worship"],"picked":"FearNoEvil","floor":35},{"not_picked":["EmptyFist+1","CrushJoints","Study"],"picked":"SKIP","floor":36},{"not_picked":["Prostrate","SashWhip"],"picked":"ForeignInfluence+1","floor":39},{"not_picked":["BowlingBash+1","BattleHymn+1"],"picked":"SpiritShield","floor":40},{"not_picked":["CrushJoints+1","Collect"],"picked":"FlurryOfBlows+1","floor":41},{"not_picked":["Weave","Crescendo"],"picked":"Halt+1","floor":45},{"not_picked":["ReachHeaven","ThirdEye+1","Prostrate"],"picked":"SKIP","floor":46},{"not_picked":["Wallop","CrushJoints"],"picked":"SashWhip","floor":47}],"player_experience":2202796,"relics_obtained":[{"floor":8,"key":"Girya"},{"floor":9,"key":"TungstenRod"},{"floor":12,"key":"Pantograph"},{"floor":14,"key":"Vajra"},{"floor":23,"key":"Oddly Smooth Stone"},{"floor":25,"key":"InkBottle"},{"floor":26,"key":"CaptainsWheel"},{"floor":39,"key":"Lizard Tail"},{"floor":40,"key":"MealTicket"},{"floor":43,"key":"White Beast Statue"},{"floor":48,"key":"Bag of Marbles"}],"event_choices":[{"cards_removed":["Strike_P"],"damage_healed":0,"gold_gain":0,"player_choice":"Card Removal","damage_taken":7,"max_hp_gain":0,"max_hp_loss":0,"event_name":"Golden Wing","floor":5,"gold_loss":0},{"cards_removed":["ForeignInfluence"],"damage_healed":46,"gold_gain":0,"player_choice":"Offered Uncommon","damage_taken":0,"max_hp_gain":0,"max_hp_loss":0,"event_name":"Bonfire Elementals","floor":11,"gold_loss":0},{"damage_healed":0,"gold_gain":0,"player_choice":"Upgraded","damage_taken":0,"max_hp_gain":0,"max_hp_loss":0,"event_name":"Upgrade Shrine","floor":37,"gold_loss":0,"cards_upgraded":["Trip"]},{"damage_healed":0,"gold_gain":0,"player_choice":"Fight","damage_taken":0,"max_hp_gain":0,"max_hp_loss":0,"event_name":"MindBloom","floor":39,"gold_loss":0}],"is_beta":true,"boss_relics":[{"not_picked":["Runic Pyramid","Snecko Eye"],"picked":"Empty Cage"},{"not_picked":["Philosopher\u0027s Stone","Velvet Choker"],"picked":"VioletLotus"}],"items_purged_floors":[],"is_endless":false,"potions_floor_spawned":[7,10,12,19,21,22,23,36,39,45,46,47],"ascension_level":15}}