{"host":"7rmsgc3rayi00cdt","time":1613671255,"event":{"mods":["BaseMod","Minty Spire (QoL Compilation)"],"gold_per_floor":[113,288,308,288,305,336,411,411,411,411,422,440,502,515,515,617,617,633,633,645,312,329,362,362,377,377,377,377,377,324,344,344,344,344],"floor_reached":33,"language":"ENG","playtime":1075,"items_purged":["Doubt"],"score":416,"play_id":"b0f8d0b7-5bae-44e5-a6a5-ed64c1b67d55","local_time":"20210218180055","is_ascension_mode":true,"campfire_choices":[{"floor":8,"key":"REST"},{"data":"Thunderclap","floor":10,"key":"SMITH"},{"data":"Pommel Strike","floor":15,"key":"SMITH"},{"floor":28,"key":"REST"},{"floor":32,"key":"REST"}],"circlet_count":0,"master_deck":["Strike_R","Strike_R","Strike_R","Strike_R","Strike_R","Defend_R","Defend_R","Defend_R","Defend_R","Bash","Headbutt","Thunderclap+1","Sword Boomerang","Demon Form","Anger","Pommel Strike+1","Wild Strike","Twin Strike","Evolve","Inflame","True Grit"],"relics":["Burning Blood","HornCleat","StrikeDummy","White Beast Statue","SacredBark","Shuriken","Turnip","Bronze Scales","Mummified Hand"],"acts_visited":["Exordium","TheCity"],"potions_floor_usage":[6,6,16,18,20,23,25,27,27,33],"damage_taken":[{"damage":2,"enemies":"2 Louse","floor":1,"turns":4},{"damage":23,"enemies":"Jaw Worm","floor":3,"turns":6},{"damage":10,"enemies":"Cultist","floor":5,"turns":5},{"damage":20,"enemies":"3 Sentries","floor":6,"turns":7},{"damage":3,"enemies":"Blue Slaver","floor":11,"turns":3},{"damage":0,"enemies":"2 Fungi Beasts","floor":12,"turns":3},{"damage":18,"enemies":"Lagavulin Event","floor":13,"turns":5},{"damage":0,"enemies":"Exordium Wildlife","floor":14,"turns":2},{"damage":36,"enemies":"Hexaghost","floor":16,"turns":8},{"damage":11,"enemies":"3 Byrds","floor":18,"turns":5},{"damage":2,"enemies":"Chosen","floor":20,"turns":3},{"damage":29,"enemies":"Centurion and Healer","floor":22,"turns":5},{"damage":8,"enemies":"Gremlin Leader","floor":23,"turns":5},{"damage":19,"enemies":"Chosen and Byrds","floor":25,"turns":4},{"damage":21,"enemies":"Book of Stabbing","floor":27,"turns":3},{"damage":10,"enemies":"3 Cultists","floor":31,"turns":4},{"damage":81,"enemies":"Automaton","floor":33,"turns":8}],"seed_played":"1614734552156672821","potions_obtained":[{"floor":1,"key":"Strength Potion"},{"floor":3,"key":"Energy Potion"},{"floor":4,"key":"Strength Potion"},{"floor":13,"key":"CultistPotion"},{"floor":14,"key":"SmokeBomb"},{"floor":16,"key":"SteroidPotion"},{"floor":18,"key":"Block Potion"},{"floor":20,"key":"Ancient Potion"},{"floor":23,"key":"AttackPotion"},{"floor":25,"key":"SmokeBomb"},{"floor":31,"key":"EssenceOfSteel"}],"is_trial":false,"path_per_floor":["M","?","M","?","M","E","?","R","T","R","M","M","?","M","R","B",null,"M","?","M","$","M","E","?","M","T","E","R","T","$","M","R","B"],"character_chosen":"IRONCLAD","items_purchased":["Shuriken","True Grit"],"campfire_rested":3,"item_purchase_floors":[21,30],"current_hp_per_floor":[84,84,67,67,63,49,38,64,64,64,67,73,61,67,67,37,75,70,70,74,74,51,49,49,36,36,21,47,47,47,43,69,0,0],"gold":344,"neow_bonus":"TEN_PERCENT_HP_BONUS","is_daily":false,"chose_seed":false,"campfire_upgraded":2,"win_rate":0.0,"timestamp":1613671255,"path_taken":["M","?","M","?","?","E","?","R","T","R","M","M","?","M","R","BOSS","M","?","M","$","?","E","?","M","T","E","R","?","?","?","R","BOSS"],"items_purchased_type":["Relic","Card"],"build_version":"2020-12-22","purchased_purges":1,"victory":false,"max_hp_per_floor":[88,88,88,88,88,88,88,88,88,88,88,88,88,88,88,88,88,88,88,88,88,88,88,88,88,88,88,88,88,88,88,88,88,88],"card_choices":[{"not_picked":["Intimidate","Heavy Blade"],"picked":"Headbutt","floor":1},{"not_picked":["Twin Strike","Cleave"],"picked":"Thunderclap","floor":3},{"not_picked":["Clothesline","Clash"],"picked":"Sword Boomerang","floor":5},{"not_picked":["Clash","Burning Pact"],"picked":"Demon Form","floor":6},{"not_picked":["Body Slam","Clash"],"picked":"Anger","floor":11},{"not_picked":["Clash","Body Slam","Cleave"],"picked":"SKIP","floor":12},{"not_picked":["Warcry","Perfected Strike"],"picked":"Pommel Strike","floor":13},{"not_picked":["Iron Wave","Sentinel"],"picked":"Wild Strike","floor":14},{"not_picked":["Rampage","Heavy Blade"],"picked":"Twin Strike","floor":18},{"not_picked":["Armaments","Dual Wield"],"picked":"Evolve","floor":20},{"not_picked":["Clothesline+1","Headbutt+1","Armaments"],"picked":"SKIP","floor":22},{"not_picked":["Hemokinesis","Bludgeon","Perfected Strike"],"picked":"SKIP","floor":23},{"not_picked":["Havoc","Combust"],"picked":"Inflame","floor":25},{"not_picked":["Armaments","Entrench","Pommel Strike"],"picked":"SKIP","floor":31}],"player_experience":824100,"relics_obtained":[{"floor":6,"key":"HornCleat"},{"floor":9,"key":"StrikeDummy"},{"floor":13,"key":"White Beast Statue"},{"floor":23,"key":"Turnip"},{"floor":26,"key":"Bronze Scales"},{"floor":29,"key":"Mummified Hand"}],"event_choices":[{"damage_healed":0,"gold_gain":175,"player_choice":"AGREE","damage_taken":0,"max_hp_gain":0,"max_hp_loss":0,"event_name":"Liars Game","floor":2,"gold_loss":0,"cards_obtained":["Doubt"]},{"damage_healed":0,"gold_gain":0,"player_choice":"Bought 1 Potion","damage_taken":0,"max_hp_gain":0,"max_hp_loss":0,"event_name":"The Woman in Blue","floor":4,"gold_loss":0},{"damage_healed":0,"gold_gain":75,"player_choice":"Gather Gold","damage_taken":11,"max_hp_gain":0,"max_hp_loss":0,"event_name":"World of Goop","floor":7,"gold_loss":0},{"damage_healed":0,"gold_gain":30,"player_choice":"Searched \u00272\u0027 times","damage_taken":0,"max_hp_gain":0,"max_hp_loss":0,"event_name":"Dead Adventurer","floor":13,"gold_loss":0},{"damage_healed":0,"gold_gain":0,"player_choice":"Ignored","damage_taken":0,"max_hp_gain":0,"max_hp_loss":0,"event_name":"N\u0027loth","floor":19,"gold_loss":0},{"damage_healed":0,"gold_gain":0,"player_choice":"Ignored","damage_taken":0,"max_hp_gain":0,"max_hp_loss":0,"event_name":"Vampires","floor":24,"gold_loss":0}],"is_beta":false,"boss_relics":[{"not_picked":["Sozu","Mark of Pain"],"picked":"SacredBark"}],"items_purged_floors":[21],"is_endless":false,"potions_floor_spawned":[1,3,13,14,16,18,20,22,23,25,27,31],"killed_by":"Automaton","ascension_level":9}}