{"host":"gyvm9iplrwbfzexe","time":1613622134,"event":{"mods":["BaseMod","Minty Spire (QoL Compilation)","Shapeshifter Mod","StSLib"],"gold_per_floor":[118,39,52,52,52,52,52,86,86,104,120,120,133,150,150,245,245,264,283,283,283],"floor_reached":20,"language":"ENG","playtime":1374,"items_purged":[],"score":201,"play_id":"31433a2c-2e28-4755-adf5-6ade208c0b99","local_time":"20210217222214","is_ascension_mode":false,"campfire_choices":[{"data":"StSShapeShifter:Garden","floor":6,"key":"SMITH"},{"data":"StSShapeShifter:UnicornForm","floor":12,"key":"SMITH"},{"data":"StSShapeShifter:SpiritOfTheEarth","floor":15,"key":"SMITH"}],"circlet_count":0,"master_deck":["StSShapeShifter:ShapeShifter_Strike","StSShapeShifter:ShapeShifter_Strike","StSShapeShifter:ShapeShifter_Strike","StSShapeShifter:ShapeShifter_Strike","StSShapeShifter:ShapeShifter_Strike","StSShapeShifter:ShapeShifter_Defend","StSShapeShifter:ShapeShifter_Defend","StSShapeShifter:ShapeShifter_Defend","StSShapeShifter:ShapeShifter_Defend","StSShapeShifter:ShapeShifter_Defend","StSShapeShifter:Tortoise_Form","StSShapeShifter:Lynx_Form","StSShapeShifter:AdaptiveStrikes","StSShapeShifter:Garden+1","StSShapeShifter:BladeOfGrass","StSShapeShifter:UnicornForm+1","StSShapeShifter:ThornToss","StSShapeShifter:SpiritOfTheEarth+1","StSShapeShifter:BladeOfGrass","StSShapeShifter:DeerForm","StSShapeShifter:MonkeyForm","StSShapeShifter:WolfsBane","StSShapeShifter:IntimidatingAura","StSShapeShifter:RatForm","StSShapeShifter:HippoForm"],"relics":["StSShapeShifter:AnimalHeart","StSShapeShifter:TheShapeShiftersMagnolia","NeowsBlessing","Incense Burner","Bag of Marbles","StSShapeShifter:LoyalLobster","StSShapeShifter:LemurHeaddress"],"acts_visited":["Exordium","TheCity"],"potions_floor_usage":[16],"damage_taken":[{"damage":0,"enemies":"Jaw Worm","floor":1,"turns":1},{"damage":0,"enemies":"Small Slimes","floor":3,"turns":1},{"damage":0,"enemies":"Lagavulin","floor":8,"turns":1},{"damage":2,"enemies":"2 Louse","floor":10,"turns":3},{"damage":5,"enemies":"Gremlin Gang","floor":11,"turns":5},{"damage":0,"enemies":"3 Louse","floor":13,"turns":1},{"damage":3,"enemies":"Large Slime","floor":14,"turns":5},{"damage":11,"enemies":"Slime Boss","floor":16,"turns":6},{"damage":21,"enemies":"Chosen","floor":18,"turns":7},{"damage":7,"enemies":"3 Byrds","floor":19,"turns":6}],"seed_played":"3030572621361015456","potions_obtained":[{"floor":3,"key":"Strength Potion"},{"floor":13,"key":"SteroidPotion"},{"floor":16,"key":"Regen Potion"},{"floor":19,"key":"SteroidPotion"}],"is_trial":false,"path_per_floor":["M","$","M","?","?","R","?","E","T","M","M","R","M","M","R","B",null,"M","M","?"],"character_chosen":"SHAPESHIFTER","items_purchased":["StSShapeShifter:Garden"],"campfire_rested":0,"item_purchase_floors":[2],"current_hp_per_floor":[78,78,78,78,60,60,60,60,60,60,59,59,59,58,58,49,78,59,52,52,52],"gold":283,"neow_bonus":"THREE_ENEMY_KILL","is_daily":false,"chose_seed":false,"campfire_upgraded":3,"win_rate":0.0,"timestamp":1613622134,"path_taken":["M","$","M","?","?","R","?","E","T","M","M","R","?","M","R","BOSS","M","M","?"],"items_purchased_type":["Card"],"build_version":"2020-12-22","purchased_purges":0,"victory":false,"max_hp_per_floor":[78,78,78,78,78,78,78,78,78,78,78,78,78,78,78,78,78,78,78,78,78],"card_choices":[{"not_picked":["StSShapeShifter:Guard","StSShapeShifter:BulwarkOfDiscovery"],"picked":"StSShapeShifter:AdaptiveStrikes","floor":1},{"not_picked":["StSShapeShifter:FallingLeaves","StSShapeShifter:Guard"],"picked":"StSShapeShifter:BladeOfGrass","floor":3},{"not_picked":["StSShapeShifter:Roar","StSShapeShifter:RockSlide"],"picked":"StSShapeShifter:ThornToss","floor":8},{"not_picked":["StSShapeShifter:FallingLeaves","StSShapeShifter:FesteringBite"],"picked":"StSShapeShifter:SpiritOfTheEarth","floor":10},{"not_picked":["StSShapeShifter:FallingLeaves","StSShapeShifter:Evolution"],"picked":"StSShapeShifter:BladeOfGrass","floor":11},{"not_picked":["StSShapeShifter:PoisonIvy","StSShapeShifter:Guard"],"picked":"StSShapeShifter:DeerForm","floor":13},{"not_picked":["StSShapeShifter:Flourish","StSShapeShifter:Bonk"],"picked":"StSShapeShifter:MonkeyForm","floor":14},{"not_picked":["StSShapeShifter:Pounce","StSShapeShifter:Tornado"],"picked":"StSShapeShifter:WolfsBane","floor":16},{"not_picked":["StSShapeShifter:Roar+1","StSShapeShifter:FlowerShield"],"picked":"StSShapeShifter:IntimidatingAura","floor":18},{"not_picked":["StSShapeShifter:FesteringBite","StSShapeShifter:Wildfire2+1"],"picked":"StSShapeShifter:RatForm","floor":19}],"player_experience":57235,"relics_obtained":[{"floor":8,"key":"Bag of Marbles"},{"floor":9,"key":"StSShapeShifter:LoyalLobster"}],"event_choices":[{"damage_healed":0,"gold_gain":0,"player_choice":"Success","damage_taken":18,"relics_obtained":["Incense Burner"],"max_hp_gain":0,"max_hp_loss":0,"event_name":"Scrap Ooze","floor":5,"gold_loss":0},{"damage_healed":0,"gold_gain":0,"player_choice":"Ignored","damage_taken":0,"max_hp_gain":0,"max_hp_loss":0,"event_name":"NoteForYourself","floor":7,"gold_loss":0},{"damage_healed":0,"gold_gain":0,"player_choice":"Read","damage_taken":0,"max_hp_gain":0,"max_hp_loss":0,"event_name":"The Library","floor":20,"gold_loss":0,"cards_obtained":["StSShapeShifter:HippoForm"]}],"is_beta":false,"boss_relics":[{"not_picked":["Black Star","Empty Cage"],"picked":"StSShapeShifter:LemurHeaddress"}],"items_purged_floors":[],"is_endless":false,"potions_floor_spawned":[3,13,16,19],"ascension_level":0}}