{"host":"1hzg86ju9fvxh562","time":1613677843,"event":{"mods":["AchievementEnabler","Act Like it!","AlwaysNeverKeys","BaseMod","Bestiary","Better Altar","Better Match","Better Note","Better Sensory Stone","Better Skull","Better Third Choice","Colored Map","Colored Powertips","Curses Come First","Displayed Cursed Tome","Filter the Spire","Highlight Path","Keyboard Shortcuts","Minty Spire (QoL Compilation)","Rare Cards Sparkle","Relic Sorter","Relic Stats","Spicy Shops","StSLib","everything is the same but u backflip on backflip","slay the spire mod where everything is the same but ironclad has a cowboy hat"],"gold_per_floor":[111,111,111,126,226,226,240,253,276,276,276,290,290,290,290],"floor_reached":14,"language":"ENG","playtime":912,"items_purged":[],"score":132,"play_id":"789935d7-4423-48ad-9c28-65fb5b8c78ed","local_time":"20210218175043","is_ascension_mode":true,"campfire_choices":[{"data":"Concentrate","floor":6,"key":"SMITH"}],"circlet_count":0,"master_deck":["AscendersBane","Strike_G","Strike_G+1","Strike_G","Strike_G+1","Strike_G","Defend_G","Defend_G","Defend_G","Defend_G","Survivor","Neutralize","Concentrate+1","Prepared+1","Tools of the Trade","Backstab"],"relics":["HoveringKite","Juzu Bracelet","Golden Idol","NlothsMask"],"acts_visited":["Exordium"],"potions_floor_usage":[8],"damage_taken":[{"damage":2,"enemies":"Small Slimes","floor":1,"turns":5},{"damage":0,"enemies":"Cultist","floor":4,"turns":4},{"damage":3,"enemies":"2 Louse","floor":7,"turns":3},{"damage":5,"enemies":"Lots of Slimes","floor":8,"turns":6},{"damage":3,"enemies":"Red Slaver","floor":12,"turns":5},{"damage":24,"enemies":"Gremlin Nob","floor":14,"turns":4}],"seed_played":"-3658491819453442883","potions_obtained":[{"floor":1,"key":"LiquidBronze"},{"floor":7,"key":"SpeedPotion"}],"is_trial":false,"path_per_floor":["M","?","?","M","?","R","M","M","T","?","?","M","?","E"],"character_chosen":"THE_SILENT","items_purchased":[],"campfire_rested":0,"item_purchase_floors":[],"current_hp_per_floor":[61,54,40,40,40,40,37,32,32,32,32,29,29,5,5],"gold":290,"neow_bonus":"BOSS_RELIC","is_daily":false,"chose_seed":false,"campfire_upgraded":1,"win_rate":0.0,"timestamp":1613677843,"path_taken":["M","?","?","M","?","R","M","?","T","?","?","M","?","E"],"items_purchased_type":[],"build_version":"2020-12-22","purchased_purges":0,"victory":false,"max_hp_per_floor":[70,70,70,70,70,70,70,70,70,65,65,65,65,65,65],"relic_stats":{"counters":[6,27],"Golden Idol":3,"HoveringKite":[15],"Juzu Bracelet":1,"obtain_stats":[{"Golden Idol":10,"HoveringKite":0,"Juzu Bracelet":9,"Ring of the Snake":0,"NlothsMask":13},{"Golden Idol":4,"HoveringKite":0,"Juzu Bracelet":4,"Ring of the Snake":0,"NlothsMask":5},{"Golden Idol":18,"HoveringKite":0,"Juzu Bracelet":18,"Ring of the Snake":0,"NlothsMask":23}]},"card_choices":[{"not_picked":["Masterful Stab","Eviscerate"],"picked":"Concentrate","floor":1},{"not_picked":["Bane","Slice","Deflect"],"picked":"SKIP","floor":4},{"not_picked":["Outmaneuver","Quick Slash"],"picked":"Prepared","floor":7},{"not_picked":["Quick Slash","Poisoned Stab"],"picked":"Tools of the Trade","floor":8},{"not_picked":["Prepared","Slice"],"picked":"Backstab","floor":12}],"player_experience":539369,"relics_obtained":[{"floor":9,"key":"Juzu Bracelet"}],"event_choices":[{"cards_removed":["Defend_G"],"damage_healed":0,"gold_gain":0,"player_choice":"Card Removal","damage_taken":7,"max_hp_gain":0,"max_hp_loss":0,"event_name":"Golden Wing","floor":2,"gold_loss":0},{"damage_healed":54,"gold_gain":0,"player_choice":"Upgrade","damage_taken":14,"max_hp_gain":0,"max_hp_loss":70,"event_name":"betterThird:BetterShining","floor":3,"gold_loss":0,"cards_upgraded":["Strike_G","Strike_G"]},{"damage_healed":0,"gold_gain":100,"player_choice":"Pray","damage_taken":0,"max_hp_gain":0,"max_hp_loss":0,"event_name":"Golden Shrine","floor":5,"gold_loss":0},{"damage_healed":0,"gold_gain":0,"player_choice":"Lose Max HP","damage_taken":0,"relics_obtained":["Golden Idol"],"max_hp_gain":0,"max_hp_loss":5,"event_name":"Golden Idol","floor":10,"gold_loss":0},{"damage_healed":0,"gold_gain":0,"player_choice":"Forge","damage_taken":0,"max_hp_gain":0,"max_hp_loss":0,"event_name":"Accursed Blacksmith","floor":11,"gold_loss":0,"cards_upgraded":["Prepared"]},{"damage_healed":0,"gold_gain":0,"player_choice":"Trade","damage_taken":0,"relics_obtained":["NlothsMask"],"max_hp_gain":0,"max_hp_loss":0,"event_name":"FaceTrader","floor":13,"gold_loss":0}],"is_beta":false,"boss_relics":[],"items_purged_floors":[],"is_endless":false,"potions_floor_spawned":[1,7],"killed_by":"Gremlin Nob","ascension_level":13}}