{"host":"vk2xyavtylxbvrfq","time":1613662064,"event":{"mods":["Bard","BaseMod","Bestiary","Better Altar","Better Match","Better Note","Better Sensory Stone","Better Skull","Better Vampires","Block Reminder","Bossed Relics","Colored Map","Curses Come First","Displayed Cursed Tome","Downfall","Fox Events","Hermit","Ironclad Rager","Marked Mod","Minty Spire (QoL Compilation)","Quick Restart","Rare Cards Sparkle","Relic Sorter","Reliquary","Robot Space Explorer","StSLib","The Hayseed","The Runesmith","TheSurvivalist","Unceasing Turn Reminder"],"gold_per_floor":[123,142,173,202,386,386,426,426,527,477,477,477],"floor_reached":11,"language":"ENG","playtime":355,"items_purged":[],"score":92,"play_id":"47019fc8-8a7a-4f15-b4cc-fb89fb2dd83d","local_time":"20210218102744","is_ascension_mode":true,"campfire_choices":[{"floor":6,"key":"REST"},{"floor":8,"key":"REST"}],"circlet_count":0,"master_deck":["hermit:Strike_Hermit","hermit:Strike_Hermit","hermit:Strike_Hermit","hermit:Strike_Hermit","hermit:Defend_Hermit","hermit:Defend_Hermit","hermit:Defend_Hermit","hermit:Defend_Hermit","hermit:Snapshot","hermit:Covet","hermit:CalledShot","hermit:BigShot","hermit:ItchyTrigger","Doubt","hermit:Scavenge"],"relics":["hermit:Momento","CeramicFish","foxEvents:LuckyCharm","Smiling Mask","reliquary:WeakTea"],"acts_visited":["Exordium"],"potions_floor_usage":[4],"damage_taken":[{"damage":0,"enemies":"2 Louse","floor":1,"turns":4},{"damage":3,"enemies":"Small Slimes","floor":2,"turns":3},{"damage":28,"enemies":"Colosseum Slavers","floor":3,"turns":4},{"damage":4,"enemies":"Jaw Worm","floor":4,"turns":3},{"damage":55,"enemies":"3 Sentries","floor":7,"turns":12},{"damage":19,"enemies":"Lagavulin","floor":11,"turns":7}],"seed_played":"-5458232349244872495","potions_obtained":[{"floor":3,"key":"Fruit Juice"},{"floor":7,"key":"sneckomod:MuddlingPotion"}],"is_trial":false,"path_per_floor":["M","M","?","M","?","R","E","R","T","?","E"],"character_chosen":"HERMIT","items_purchased":[],"campfire_rested":2,"item_purchase_floors":[],"current_hp_per_floor":[68,65,37,38,38,62,7,31,31,31,12,12],"gold":477,"neow_bonus":"RANDOM_COMMON_RELIC","is_daily":false,"chose_seed":false,"campfire_upgraded":0,"win_rate":0.0,"timestamp":1613662064,"path_taken":["M","M","?","M","?","R","E","R","T","?","E"],"items_purchased_type":[],"build_version":"2020-12-22","purchased_purges":0,"victory":false,"max_hp_per_floor":[75,75,75,80,80,80,80,80,80,80,80,80],"card_choices":[{"not_picked":["hermit:Grudge","hermit:DeadMansHand"],"picked":"hermit:CalledShot","floor":1},{"not_picked":["hermit:FullyLoaded","hermit:HighCaliber"],"picked":"hermit:BigShot","floor":2},{"not_picked":["hermit:BodyArmor","hermit:Misfire"],"picked":"hermit:ItchyTrigger","floor":4},{"not_picked":["hermit:LoneWolf","hermit:ShadowCloak"],"picked":"hermit:Scavenge","floor":7}],"player_experience":1418997,"relics_obtained":[{"floor":3,"key":"foxEvents:LuckyCharm"},{"floor":7,"key":"Smiling Mask"},{"floor":9,"key":"reliquary:WeakTea"}],"event_choices":[{"damage_healed":0,"gold_gain":175,"player_choice":"AGREE","damage_taken":0,"max_hp_gain":0,"max_hp_loss":0,"event_name":"Liars Game","floor":5,"gold_loss":0,"cards_obtained":["Doubt"]},{"damage_healed":0,"gold_gain":0,"player_choice":"Left Gold","damage_taken":0,"max_hp_gain":0,"max_hp_loss":0,"event_name":"World of Goop","floor":10,"gold_loss":50}],"is_beta":false,"boss_relics":[],"items_purged_floors":[],"is_endless":false,"potions_floor_spawned":[3,7],"killed_by":"Lagavulin","ascension_level":6}}