{"host":"dpbezu80jg8zk7un","time":1613638563,"event":{"mods":["BaseMod","Colored Map","Colored Powertips","Custom Start","DeckTracker","Minty Spire (QoL Compilation)","Quick Restart","StSLib","SuperFastMode"],"gold_per_floor":[110,110,129,145,70,70,80,93,116,16,16,48,48,84,84,84,84],"floor_reached":16,"language":"KOR","playtime":390,"items_purged":["Defend_P","Strike_P"],"score":270,"play_id":"3a88f97e-4ff8-4759-93ae-08fbaf25de8f","local_time":"20210218175603","is_ascension_mode":true,"campfire_choices":[{"data":"Eruption","floor":6.0,"key":"SMITH"},{"data":"Conclude","floor":11.0,"key":"SMITH"},{"data":"Prostrate","floor":15.0,"key":"SMITH"}],"circlet_count":0,"master_deck":["AscendersBane","Strike_P","Strike_P","Defend_P","Eruption+1","Vigilance","Pray","Conclude+1","Prostrate+1"],"relics":["Empty Cage","CeramicFish","Orichalcum","Tiny Chest"],"acts_visited":["Exordium"],"potions_floor_usage":[16],"damage_taken":[{"damage":0.0,"enemies":"Jaw Worm","floor":1.0,"turns":4.0},{"damage":0.0,"enemies":"2 Louse","floor":3.0,"turns":2.0},{"damage":11.0,"enemies":"Cultist","floor":4.0,"turns":6.0},{"damage":13.0,"enemies":"Blue Slaver","floor":7.0,"turns":4.0},{"damage":7.0,"enemies":"Exordium Thugs","floor":8.0,"turns":4.0},{"damage":0.0,"enemies":"Gremlin Nob","floor":12.0,"turns":2.0},{"damage":9.0,"enemies":"Lagavulin","floor":14.0,"turns":5.0},{"damage":14,"enemies":"Slime Boss","floor":16,"turns":4}],"seed_played":"2171649556741175750","potions_obtained":[{"floor":3.0,"key":"FearPotion"},{"floor":8.0,"key":"Weak Potion"},{"floor":12.0,"key":"ColorlessPotion"}],"is_trial":false,"path_per_floor":["M","?","M","M","$","R","M","M","T","$","R","E","?","E","R","B"],"character_chosen":"WATCHER","items_purchased":[],"campfire_rested":0,"item_purchase_floors":[],"current_hp_per_floor":[61,61,61,50,50,50,37,30,30,30,30,30,23,14,14,0,0],"gold":84,"neow_bonus":"BOSS_RELIC","is_daily":false,"chose_seed":false,"campfire_upgraded":3,"win_rate":0.0,"timestamp":1613638563,"path_taken":["M","?","M","M","$","R","M","M","T","$","R","E","?","E","R","BOSS"],"items_purchased_type":[],"build_version":"2020-12-22","purchased_purges":2,"victory":false,"max_hp_per_floor":[68,68,68,68,68,68,68,68,68,68,68,68,68,68,68,68,68],"card_choices":[{"not_picked":["SashWhip","Crescendo"],"picked":"Pray","floor":1.0},{"not_picked":["Sanctity","Halt","Crescendo"],"picked":"SKIP","floor":3.0},{"not_picked":["JustLucky","TalkToTheHand","Nirvana"],"picked":"SKIP","floor":4.0},{"not_picked":["Collect","FlyingSleeves"],"picked":"Conclude","floor":7.0},{"not_picked":["Crescendo","FollowUp","ReachHeaven"],"picked":"SKIP","floor":8.0},{"not_picked":["SashWhip","Conclude","Consecrate"],"picked":"SKIP","floor":12.0},{"not_picked":["Weave","EmptyBody"],"picked":"Prostrate","floor":14.0}],"player_experience":2979973,"relics_obtained":[{"floor":9.0,"key":"CeramicFish"},{"floor":12.0,"key":"Orichalcum"},{"floor":14.0,"key":"Tiny Chest"}],"event_choices":[{"damage_healed":0.0,"max_hp_gain":0.0,"max_hp_loss":0.0,"gold_gain":0.0,"event_name":"Liars Game","player_choice":"Ignored","floor":2.0,"gold_loss":0.0,"damage_taken":0.0},{"cards_removed":["Defend_P"],"damage_healed":0.0,"max_hp_gain":0.0,"max_hp_loss":0.0,"gold_gain":0.0,"event_name":"Golden Wing","player_choice":"Card Removal","floor":13.0,"gold_loss":0.0,"damage_taken":7.0}],"is_beta":false,"boss_relics":[],"items_purged_floors":[5,10],"is_endless":false,"potions_floor_spawned":[3,8,12],"killed_by":"Slime Boss","ascension_level":20}}