{"host":"zdhcon9z6t4xbcdl","time":1613656434,"event":{"mods":["BaseMod","Minty Spire (QoL Compilation)"],"gold_per_floor":[114,114,133,83,34,72,72,72,97,116,135,135,154,173,173,298,298,317,336,336,336],"floor_reached":20,"language":"ENG","playtime":637,"items_purged":[],"score":201,"play_id":"234ce0fb-f422-4cff-8bb9-363e45d8e2de","local_time":"20210218135354","daily_mods":["Cursed Run","Uncertain Future","Lethality"],"is_ascension_mode":false,"campfire_choices":[{"data":"Inflame","floor":7,"key":"SMITH"},{"data":"Heavy Blade","floor":12,"key":"SMITH"},{"floor":15,"key":"REST"}],"circlet_count":0,"master_deck":["Strike_R","Strike_R","Strike_R","Strike_R","Strike_R","Defend_R","Defend_R","Defend_R+1","Bash+1","Cleave","Injury","Anger","Heavy Blade+1","Inflame+1","Injury","Heavy Blade+1","Sword Boomerang+1","Inflame","Pain","Bludgeon+1","Inflame","Anger+1"],"relics":["Cursed Key","Darkstone Periapt","Du-Vu Doll","Golden Idol","Molten Egg 2","Smiling Mask","SlaversCollar"],"acts_visited":["Exordium","TheCity"],"potions_floor_usage":[14,16,16,16,20],"damage_taken":[{"damage":4,"enemies":"Jaw Worm","floor":1,"turns":2},{"damage":0,"enemies":"2 Louse","floor":3,"turns":2},{"damage":17,"enemies":"Gremlin Nob","floor":6,"turns":3},{"damage":0,"enemies":"Cultist","floor":10,"turns":2},{"damage":13,"enemies":"Looter","floor":11,"turns":2},{"damage":0,"enemies":"Blue Slaver","floor":13,"turns":1},{"damage":7,"enemies":"Exordium Wildlife","floor":14,"turns":2},{"damage":21,"enemies":"The Guardian","floor":16,"turns":3},{"damage":16,"enemies":"Chosen","floor":18,"turns":2},{"damage":61,"enemies":"3 Byrds","floor":19,"turns":3},{"damage":13,"enemies":"Shelled Parasite and Fungi","floor":20,"turns":2}],"seed_played":"-4060160915487772418","potions_obtained":[{"floor":1,"key":"FearPotion"},{"floor":6,"key":"Fire Potion"},{"floor":10,"key":"Dexterity Potion"},{"floor":14,"key":"Fire Potion"},{"floor":19,"key":"SkillPotion"}],"is_trial":false,"path_per_floor":["M","?","M","?","$","E","R","?","T","M","M","R","M","M","R","B",null,"M","M","M"],"character_chosen":"IRONCLAD","items_purchased":["Heavy Blade"],"campfire_rested":1,"item_purchase_floors":[5],"current_hp_per_floor":[76,82,82,82,82,65,65,48,54,54,41,41,41,34,61,46,98,82,21,8,8],"gold":336,"neow_bonus":"","is_daily":true,"chose_seed":false,"campfire_upgraded":2,"win_rate":0.0,"timestamp":1613656434,"path_taken":["M","?","M","?","$","E","R","?","T","M","M","R","M","M","R","BOSS","M","M","M"],"items_purchased_type":["Card"],"build_version":"2020-12-22","purchased_purges":0,"victory":false,"max_hp_per_floor":[80,86,86,86,86,86,86,86,92,92,92,92,92,92,92,98,98,98,98,98,98],"card_choices":[{"not_picked":["Spot Weakness","Evolve"],"picked":"Cleave","floor":1},{"not_picked":["Body Slam","Sentinel"],"picked":"Anger","floor":3},{"not_picked":["Entrench","Body Slam+1"],"picked":"Inflame","floor":6},{"not_picked":["True Grit","Warcry"],"picked":"Heavy Blade+1","floor":10},{"not_picked":["Reckless Charge+1","Clash+1","Sentinel"],"picked":"SKIP","floor":11},{"not_picked":["Rupture","Pommel Strike+1"],"picked":"Sword Boomerang+1","floor":13},{"not_picked":["Headbutt+1","Hemokinesis+1"],"picked":"Inflame","floor":14},{"not_picked":["Demon Form","Immolate+1"],"picked":"Bludgeon+1","floor":16},{"not_picked":["Rage","Feel No Pain+1"],"picked":"Inflame","floor":18},{"not_picked":["Wild Strike+1","Sword Boomerang+1"],"picked":"Anger+1","floor":19}],"player_experience":80779,"relics_obtained":[{"floor":6,"key":"Molten Egg 2"},{"floor":9,"key":"Smiling Mask"}],"event_choices":[{"damage_healed":0,"gold_gain":0,"player_choice":"Take Wound","damage_taken":0,"relics_obtained":["Golden Idol"],"max_hp_gain":0,"max_hp_loss":0,"event_name":"Golden Idol","floor":2,"gold_loss":0,"cards_obtained":["Injury"]},{"cards_removed":["Defend_R"],"damage_healed":0,"gold_gain":0,"player_choice":"Card Removal","damage_taken":0,"max_hp_gain":0,"max_hp_loss":0,"event_name":"The Cleric","floor":4,"gold_loss":50},{"damage_healed":0,"gold_gain":0,"player_choice":"Entered Light","damage_taken":17,"max_hp_gain":0,"max_hp_loss":0,"event_name":"Shining Light","floor":8,"gold_loss":0,"cards_upgraded":["Bash","Defend_R"]}],"is_beta":false,"boss_relics":[{"not_picked":["Runic Dome","Pandora\u0027s Box"],"picked":"SlaversCollar"}],"items_purged_floors":[],"is_endless":false,"potions_floor_spawned":[1,6,10,14,19],"killed_by":"Shelled Parasite and Fungi","ascension_level":0}}