{"host":"ifvrsrzj00f2ebkn","time":1613632264,"event":{"mods":["BaseMod","Colored Map","Colored Powertips","Minty Spire (QoL Compilation)","Random Character Button","Shop Mod","StSLib"],"gold_per_floor":[115,215,231,159,159,193,193,226,226,226,226,226,251,280,280,378,378,390,89,103,103,116,144,144,144,144,179,79,79,112,112,112,217,217,228,273,76,76,25,50,50,80,80,108,108,143,178,192,192,192],"floor_reached":51,"language":"ENG","playtime":6487,"items_purged":["Armaments","Shrug It Off","Flex"],"score":1400,"play_id":"43a80284-8041-4cfc-92ce-7228fb03c793","local_time":"20210218151104","daily_mods":["SealedDeck","Red Cards","Heirloom","Time Dilation","Flight","DeadlyEvents","Elite Swarm"],"is_ascension_mode":true,"campfire_choices":[{"data":"Iron Wave","floor":7.0,"key":"SMITH"},{"data":"Iron Wave","floor":10.0,"key":"SMITH"},{"data":"Iron Wave","floor":11.0,"key":"SMITH"},{"data":"Rampage","floor":12.0,"key":"SMITH"},{"floor":15.0,"key":"REST"},{"data":"Double Tap","floor":24.0,"key":"SMITH"},{"data":"Iron Wave","floor":25.0,"key":"SMITH"},{"data":"Shrug It Off","floor":32.0,"key":"SMITH"},{"data":"Shrug It Off","floor":41.0,"key":"SMITH"},{"data":"Inflame","floor":45.0,"key":"SMITH"},{"data":"Inflame","floor":49.0,"key":"SMITH"}],"circlet_count":0,"master_deck":["AscendersBane","Iron Wave+1","Shrug It Off+1","Iron Wave+1","Rampage+1","Iron Wave+1","Shrug It Off+1","Inflame+1","Reaper","Immolate","Double Tap+1","Iron Wave+1","Inflame+1","Inflame","Headbutt","Parasite","Intimidate+1"],"relics":["Burning Blood","Girya","Gambling Chip","Singing Bowl","Champion Belt","Incense Burner","Calipers","Sozu","Bronze Scales","Bird Faced Urn","Vajra","White Beast Statue","Ancient Tea Set","Anchor","Cursed Key","Dead Branch","Bag of Marbles","Shuriken","Du-Vu Doll","Frozen Egg 2","Akabeko","Kunai"],"acts_visited":["Exordium","TheCity","TheBeyond"],"potions_floor_usage":[],"damage_taken":[{"damage":0.0,"enemies":"Jaw Worm","floor":1.0,"turns":4.0},{"damage":0.0,"enemies":"Cultist","floor":3.0,"turns":3.0},{"damage":30.0,"enemies":"Gremlin Nob","floor":6.0,"turns":5.0},{"damage":2.0,"enemies":"3 Sentries","floor":8.0,"turns":10.0},{"damage":25.0,"enemies":"Gremlin Nob","floor":13.0,"turns":6.0},{"damage":3.0,"enemies":"3 Sentries","floor":14.0,"turns":7.0},{"damage":32.0,"enemies":"Hexaghost","floor":16.0,"turns":12.0},{"damage":3.0,"enemies":"Shell Parasite","floor":18.0,"turns":3.0},{"damage":0.0,"enemies":"Chosen","floor":20.0,"turns":3.0},{"damage":2.0,"enemies":"Snake Plant","floor":22.0,"turns":2.0},{"damage":8.0,"enemies":"Book of Stabbing","floor":23.0,"turns":4.0},{"damage":22.0,"enemies":"Slavers","floor":27.0,"turns":6.0},{"damage":27.0,"enemies":"Book of Stabbing","floor":30.0,"turns":4.0},{"damage":30.0,"enemies":"Collector","floor":33.0,"turns":6.0},{"damage":0.0,"enemies":"Orb Walker","floor":35.0,"turns":3.0},{"damage":2.0,"enemies":"2 Orb Walkers","floor":36.0,"turns":3.0},{"damage":61.0,"enemies":"Giant Head","floor":40.0,"turns":8.0},{"damage":16.0,"enemies":"Reptomancer","floor":42.0,"turns":4.0},{"damage":73.0,"enemies":"Giant Head","floor":44.0,"turns":7.0},{"damage":2.0,"enemies":"Nemesis","floor":46.0,"turns":3.0},{"damage":0.0,"enemies":"Reptomancer","floor":47.0,"turns":3.0},{"damage":0.0,"enemies":"3 Shapes","floor":48.0,"turns":1.0},{"damage":37,"enemies":"Awakened One","floor":50,"turns":9}],"seed_played":"-6895423378655451477","potions_obtained":[{"floor":1.0,"key":"Strength Potion"},{"floor":8.0,"key":"Strength Potion"},{"floor":14.0,"key":"BlessingOfTheForge"},{"floor":16.0,"key":"BlessingOfTheForge"}],"is_trial":true,"path_per_floor":["M","?","M","$","$","E","R","E","T","R","R","R","E","E","R","B",null,"M","$","M","?","M","E","R","R","T","E","$","T","E","$","R","B",null,"M","?","$","?","$","E","R","E","T","E","R","E","E","M","R","B",null],"character_chosen":"IRONCLAD","items_purchased":["Inflame","Inflame","Bronze Scales","Inflame","Headbutt"],"campfire_rested":1,"item_purchase_floors":[4,19,19,37,39],"current_hp_per_floor":[78,78,80,80,80,56,56,60,60,60,60,60,41,53,77,62,77,80,80,84,84,86,86,86,86,86,86,86,86,80,80,80,80,91,96,98,98,93,93,67,67,87,87,46,46,60,103,103,103,94],"gold":192,"neow_bonus":"","is_daily":false,"chose_seed":false,"campfire_upgraded":10,"win_rate":0.0,"timestamp":1613632264,"path_taken":["M","?","?","$","$","E","R","E","T","R","R","R","E","?","R","BOSS","M","$","M","?","?","E","R","R","T","E","$","?","E","?","R","BOSS","M","?","$","?","?","E","R","E","T","E","R","E","E","M","R","BOSS"],"items_purchased_type":["Card","Card","Relic","Card","Card"],"build_version":"2020-12-22","purchased_purges":3,"victory":true,"max_hp_per_floor":[80,80,80,80,80,80,80,80,80,80,80,80,80,82,82,82,82,82,82,84,84,86,88,88,88,88,90,90,90,92,92,92,94,94,96,98,98,93,93,95,95,97,97,99,99,101,103,103,103,103],"card_choices":[{"not_picked":["Ghostly Armor","Shockwave","Dropkick"],"picked":"SKIP","floor":1.0},{"not_picked":["Sword Boomerang","Clothesline","Intimidate"],"picked":"SKIP","floor":3.0},{"not_picked":["Fiend Fire","Limit Break","Double Tap"],"picked":"SKIP","floor":6.0},{"not_picked":["Fiend Fire","Limit Break","Double Tap"],"picked":"SKIP","floor":6.0},{"not_picked":["Corruption","Berserk"],"picked":"Reaper","floor":8.0},{"not_picked":["Impervious","Double Tap"],"picked":"Immolate","floor":13.0},{"not_picked":["Limit Break","Brutality","Exhume"],"picked":"Singing Bowl","floor":14.0},{"not_picked":["Reaper","Demon Form"],"picked":"Double Tap","floor":16.0},{"not_picked":["Flex","Shrug It Off"],"picked":"Iron Wave","floor":18.0},{"not_picked":["Flex","Feel No Pain","Searing Blow"],"picked":"Singing Bowl","floor":20.0},{"not_picked":["Second Wind","Metallicize","Flex"],"picked":"Singing Bowl","floor":22.0},{"not_picked":["Berserk","Bludgeon","Fiend Fire"],"picked":"Singing Bowl","floor":23.0},{"not_picked":["Fiend Fire","Reaper","Limit Break"],"picked":"Singing Bowl","floor":27.0},{"not_picked":["Berserk","Juggernaut","Demon Form"],"picked":"Singing Bowl","floor":30.0},{"not_picked":["Berserk","Exhume","Reaper"],"picked":"Singing Bowl","floor":33.0},{"not_picked":["True Grit","Heavy Blade","Armaments"],"picked":"Singing Bowl","floor":35.0},{"not_picked":["Havoc","Reaper","Rupture+1"],"picked":"Singing Bowl","floor":36.0},{"not_picked":["Barricade","Feed","Juggernaut"],"picked":"Singing Bowl","floor":40.0},{"not_picked":["Impervious","Fiend Fire","Corruption"],"picked":"Singing Bowl","floor":42.0},{"not_picked":["Juggernaut+1","Impervious","Double Tap"],"picked":"Singing Bowl","floor":44.0},{"not_picked":["Double Tap","Berserk+1","Juggernaut+1"],"picked":"Singing Bowl","floor":46.0},{"not_picked":["Juggernaut+1","Berserk+1","Exhume"],"picked":"Singing Bowl","floor":47.0},{"not_picked":["Iron Wave","Spot Weakness"],"picked":"Intimidate+1","floor":48.0}],"player_experience":103547,"relics_obtained":[{"floor":6.0,"key":"Gambling Chip"},{"floor":8.0,"key":"Singing Bowl"},{"floor":9.0,"key":"Champion Belt"},{"floor":13.0,"key":"Incense Burner"},{"floor":14.0,"key":"Calipers"},{"floor":23.0,"key":"Bird Faced Urn"},{"floor":26.0,"key":"Vajra"},{"floor":27.0,"key":"White Beast Statue"},{"floor":29.0,"key":"Ancient Tea Set"},{"floor":30.0,"key":"Anchor"},{"floor":36.0,"key":"Dead Branch"},{"floor":40.0,"key":"Bag of Marbles"},{"floor":42.0,"key":"Shuriken"},{"floor":43.0,"key":"Du-Vu Doll"},{"floor":44.0,"key":"Frozen Egg 2"},{"floor":46.0,"key":"Akabeko"},{"floor":47.0,"key":"Kunai"}],"event_choices":[{"damage_healed":0.0,"max_hp_gain":0.0,"max_hp_loss":0.0,"gold_gain":100.0,"event_name":"Golden Shrine","player_choice":"Pray","floor":2.0,"gold_loss":0.0,"damage_taken":0.0},{"cards_removed":["Armaments"],"damage_healed":0.0,"max_hp_gain":0.0,"max_hp_loss":0.0,"gold_gain":0.0,"event_name":"Back to Basics","player_choice":"Elegance","floor":21.0,"gold_loss":0.0,"damage_taken":0.0},{"damage_healed":0.0,"max_hp_gain":0.0,"max_hp_loss":0.0,"gold_gain":0.0,"event_name":"Mysterious Sphere","player_choice":"Fight","floor":36.0,"gold_loss":0.0,"damage_taken":0.0},{"damage_healed":0.0,"max_hp_gain":0.0,"max_hp_loss":5.0,"gold_gain":0.0,"event_name":"Winding Halls","player_choice":"Max HP","floor":38.0,"gold_loss":0.0,"damage_taken":0.0}],"is_beta":false,"boss_relics":[{"not_picked":["Fusion Hammer","Calling Bell"],"picked":"Sozu"},{"not_picked":["SlaversCollar","Tiny House"],"picked":"Cursed Key"}],"items_purged_floors":[19,28,37],"is_endless":false,"potions_floor_spawned":[1,8,14,16,20,22,23,30,33,35,36,40,42,44,46,47,48],"ascension_level":12}}