{"host":"377oeawl5pe6e56d","time":1613635244,"event":{"mods":["BaseMod","Downfall","Jorbs\u0027s Wanderer Trilogy","Marisa????????","Minty Spire (QoL Compilation)","Shop Mod","StSLib","The Hierophant"],"gold_per_floor":[99,111,125,125,42,42,69,98,198,273,291,191,210,39,51,51,51,51],"floor_reached":16,"language":"ENG","playtime":877,"items_purged":[],"score":100,"play_id":"9b4a61f7-0c1c-4daa-8597-46d0272c06d9","local_time":"20210218000044","is_ascension_mode":false,"campfire_choices":[{"floor":1,"key":"RECALL"},{"data":"Slimebound:RejuvenatingLick","floor":6,"key":"SMITH"},{"floor":12,"key":"REST"}],"circlet_count":0,"master_deck":["Slimebound:Strike_Slimebound","Slimebound:Strike_Slimebound","Slimebound:Strike_Slimebound","Slimebound:Tackle","Slimebound:Defend_Slimebound","Slimebound:Defend_Slimebound","Slimebound:Defend_Slimebound","Slimebound:Defend_Slimebound","Slimebound:Split","Slimebound:CorrosiveSpit","Slimebound:ViciousTackle","Slimebound:LeadByExample","Slimebound:LeechEnergy","Slimebound:RejuvenatingLick+1","Slimebound:Schlurp","Slimebound:SplitLeeching","Slimebound:GoopSpray","Slimebound:Prepare","Slimebound:GoopTackle"],"relics":["Slimebound:AbsorbEndCombat","StrikeDummy","Vajra","PreservedInsect","downfall:HeartBlessingRed","Membership Card"],"acts_visited":["Exordium"],"potions_floor_usage":[14,16],"damage_taken":[{"damage":6,"enemies":"Cultist","floor":2,"turns":3},{"damage":13,"enemies":"2 Louse","floor":3,"turns":3},{"damage":10,"enemies":"downfall:FleeingMerchant","floor":5,"turns":4},{"damage":19,"enemies":"Lagavulin","floor":8,"turns":5},{"damage":9,"enemies":"Jaw Worm","floor":11,"turns":3},{"damage":2,"enemies":"2 Fungi Beasts","floor":13,"turns":3},{"damage":3,"enemies":"downfall:FleeingMerchant","floor":14,"turns":4},{"damage":21,"enemies":"Gremlin Gang","floor":15,"turns":4},{"damage":30,"enemies":"DF_ARCHETYPE_STREAMLINE","floor":16,"turns":3}],"seed_played":"-5635861928978836448","potions_obtained":[{"floor":2,"key":"Fire Potion"},{"floor":13,"key":"bronze:BurnAndBuffPotion"},{"floor":15,"key":"Slimebound:SlimyTonguePotion"}],"is_trial":false,"path_per_floor":["R","M","M","?","$","R","T","E","?","?","M","R","M","$","M","B"],"character_chosen":"SLIMEBOUND","items_purchased":["Slimebound:RejuvenatingLick","Membership Card"],"campfire_rested":1,"item_purchase_floors":[5,14],"current_hp_per_floor":[71,69,56,44,36,36,36,23,23,23,16,37,37,40,25,0,0,0],"gold":51,"neow_bonus":"TEN_PERCENT_HP_BONUS","is_daily":false,"chose_seed":false,"campfire_upgraded":1,"win_rate":0.0,"timestamp":1613635244,"path_taken":["R","M","M","?","$","R","T","E","?","?","?","R","M","$","M","BOSS"],"items_purchased_type":["Card","Relic"],"build_version":"2020-12-22","purchased_purges":0,"victory":false,"max_hp_per_floor":[71,71,71,71,71,71,71,71,71,71,71,71,71,71,71,71,71,71],"card_choices":[{"not_picked":["Slimebound:Chomp","Slimebound:TongueLash"],"picked":"Slimebound:ViciousTackle","floor":2},{"not_picked":["Slimebound:RollThrough","Slimebound:LivingWall"],"picked":"Slimebound:LeadByExample","floor":3},{"not_picked":["Slimebound:SplitBruiser","Slimebound:SlimeSpikes"],"picked":"Slimebound:LeechEnergy","floor":5},{"not_picked":["Slimebound:PrepareCrush","Slimebound:Prepare"],"picked":"Slimebound:Schlurp","floor":8},{"not_picked":["Slimebound:LivingWall","Slimebound:ComboTackle"],"picked":"Slimebound:SplitLeeching","floor":11},{"not_picked":["Slimebound:RollThrough","Slimebound:LeechEnergy"],"picked":"Slimebound:GoopSpray","floor":13},{"not_picked":["Slimebound:LeechEnergy","Slimebound:DisruptingSlam"],"picked":"Slimebound:Prepare","floor":14},{"not_picked":["Slimebound:RollThrough","Slimebound:Equalize"],"picked":"Slimebound:GoopTackle","floor":15}],"player_experience":156087,"relics_obtained":[{"floor":7,"key":"Vajra"},{"floor":8,"key":"PreservedInsect"}],"event_choices":[{"damage_healed":0,"gold_gain":0,"player_choice":"Success","damage_taken":12,"relics_obtained":["StrikeDummy"],"max_hp_gain":0,"max_hp_loss":0,"event_name":"Scrap Ooze","floor":4,"gold_loss":0}],"is_beta":false,"boss_relics":[],"items_purged_floors":[],"is_endless":false,"potions_floor_spawned":[2,13,15],"killed_by":"DF_ARCHETYPE_STREAMLINE","ascension_level":0}}