{"host":"qjv9b7mze4c73keh","time":1613657836,"event":{"mods":["BaseMod","Colored Map","Colored Powertips","DeckTracker","Highlight Path","Minty Spire (QoL Compilation)","Rare Cards Sparkle","Synergy Search","Unceasing Turn Reminder"],"gold_per_floor":[114,114,129,79,4,34,34,34,59,74,89,89,104,119,119,219,219,234,234,234],"floor_reached":19,"language":"RUS","playtime":1088,"items_purged":["Strike_R"],"score":169,"play_id":"8e47625d-4230-472e-b88c-05dfe9067add","local_time":"20210218191716","daily_mods":["Cursed Run","Uncertain Future","Lethality"],"is_ascension_mode":false,"campfire_choices":[{"floor":7,"key":"REST"},{"data":"Cleave","floor":12,"key":"SMITH"},{"floor":15,"key":"REST"}],"circlet_count":0,"master_deck":["Strike_R","Strike_R","Strike_R","Defend_R","Defend_R","Defend_R","Defend_R","Bash","Cleave+1","Sentinel","Body Slam+1","Injury","Pommel Strike+1","Pain","Bludgeon+1","Rage"],"relics":["Cursed Key","Darkstone Periapt","Du-Vu Doll","Molten Egg 2","Smiling Mask","SlaversCollar"],"acts_visited":["Exordium","TheCity"],"potions_floor_usage":[16,16,16],"damage_taken":[{"damage":4,"enemies":"Jaw Worm","floor":1,"turns":2},{"damage":8,"enemies":"2 Louse","floor":3,"turns":2},{"damage":17,"enemies":"Gremlin Nob","floor":6,"turns":3},{"damage":0,"enemies":"Cultist","floor":10,"turns":3},{"damage":8,"enemies":"Looter","floor":11,"turns":2},{"damage":0,"enemies":"Blue Slaver","floor":13,"turns":2},{"damage":7,"enemies":"Exordium Wildlife","floor":14,"turns":4},{"damage":57,"enemies":"The Guardian","floor":16,"turns":7},{"damage":15,"enemies":"Chosen","floor":18,"turns":3},{"damage":78,"enemies":"3 Byrds","floor":19,"turns":2}],"seed_played":"-4060160915487772418","potions_obtained":[{"floor":1,"key":"FearPotion"},{"floor":6,"key":"Fire Potion"},{"floor":10,"key":"Dexterity Potion"},{"floor":14,"key":"Fire Potion"}],"is_trial":false,"path_per_floor":["M","?","M","?","$","E","R","?","T","M","M","R","M","M","R","B",null,"M","M"],"character_chosen":"IRONCLAD","items_purchased":[],"campfire_rested":2,"item_purchase_floors":[],"current_hp_per_floor":[76,76,68,68,68,51,75,75,81,81,73,73,73,66,86,35,92,77,0,0],"gold":234,"neow_bonus":"","is_daily":true,"chose_seed":false,"campfire_upgraded":1,"win_rate":0.0,"timestamp":1613657836,"path_taken":["M","?","M","?","$","E","R","?","T","M","M","R","M","M","R","BOSS","M","M"],"items_purchased_type":[],"build_version":"2020-12-22","purchased_purges":1,"victory":false,"max_hp_per_floor":[80,80,80,80,80,80,80,80,86,86,86,86,86,86,86,92,92,92,92,92],"card_choices":[{"not_picked":["Spot Weakness","Evolve"],"picked":"Cleave","floor":1},{"not_picked":["Anger","Body Slam"],"picked":"Sentinel","floor":3},{"not_picked":["Inflame","Entrench"],"picked":"Body Slam+1","floor":6},{"not_picked":["Heavy Blade+1","True Grit","Warcry"],"picked":"SKIP","floor":10},{"not_picked":["Reckless Charge+1","Clash+1","Sentinel"],"picked":"SKIP","floor":11},{"not_picked":["Rupture","Sword Boomerang+1"],"picked":"Pommel Strike+1","floor":13},{"not_picked":["Headbutt+1","Hemokinesis+1","Inflame"],"picked":"SKIP","floor":14},{"not_picked":["Demon Form","Immolate+1"],"picked":"Bludgeon+1","floor":16},{"not_picked":["Inflame","Feel No Pain+1"],"picked":"Rage","floor":18}],"player_experience":132204,"relics_obtained":[{"floor":6,"key":"Molten Egg 2"},{"floor":9,"key":"Smiling Mask"}],"event_choices":[{"damage_healed":0,"gold_gain":0,"player_choice":"Ignored","damage_taken":0,"max_hp_gain":0,"max_hp_loss":0,"event_name":"Golden Idol","floor":2,"gold_loss":0},{"cards_removed":["Strike_R"],"damage_healed":0,"gold_gain":0,"player_choice":"Card Removal","damage_taken":0,"max_hp_gain":0,"max_hp_loss":0,"event_name":"The Cleric","floor":4,"gold_loss":50},{"damage_healed":0,"gold_gain":0,"player_choice":"Ignored","damage_taken":0,"max_hp_gain":0,"max_hp_loss":0,"event_name":"Shining Light","floor":8,"gold_loss":0}],"is_beta":false,"boss_relics":[{"not_picked":["Runic Dome","Pandora\u0027s Box"],"picked":"SlaversCollar"}],"items_purged_floors":[5],"is_endless":false,"potions_floor_spawned":[1,6,10,14],"killed_by":"3 Byrds","ascension_level":0}}