{"host":"nhhqxetgwwd7qseb","time":1613625699,"event":{"mods":["ATMod(阿瑾Mod)","Act Like it!","BaseMod","Chen","Dota2Spire","Downfall","Energized Spire","Gensokyo","GungeonMod","Hallownest","Hermit","Koishi","LagranYue(拉格朗・月)","Marisa（F雨　魔理沙）","Minty Spire (QoL Compilation)","Quick Restart","Rare Cards Sparkle","Reimu（博丽灵梦）","Remilia（蕾米莉亚）","Replay The Spire","SOS（斯巴达之子）","StSLib","The Alterego","The Bladedancer","The Bug Knight","The Senshi","The Servant 0.9.4","TheWitcher","UnlockEverythingMod","WarShipGirlsR/战舰少女R mod","Warlord Emblem","Yakumo Yukari mod","Youmu（魂魄妖梦）","【功能Mod】混沌之环修复补丁","【功能Mod】聪明的最终Boss","【遗物卡牌】REMEMod"],"gold_per_floor":[99,109,129,80,230,244,244,204,215,115,128,156,156,171,183,183,183,183],"floor_reached":16,"language":"ZHS","playtime":1049,"items_purged":[],"score":94,"play_id":"3322b381-53e2-49c8-82db-e647bf62733d","local_time":"20210218132139","is_ascension_mode":false,"campfire_choices":[{"floor":1,"key":"RECALL"},{"data":"champ:StanceDance","floor":10,"key":"SMITH"},{"data":"champ:FanOfKnives","floor":13,"key":"SMITH"}],"circlet_count":0,"master_deck":["champ:Strike","champ:Strike","champ:Strike","champ:Strike","champ:Defend","champ:Defend","champ:Defend","champ:Defend","champ:Execute","champ:Taunt","champ:BerserkersShout","champ:StanceDance+1","octo:OctoBerserk","champ:TornadoPunch","champ:PreciseThrust","champ:PreciseThrust","downfall:Icky","champ:PreciseThrust","champ:GutPunch","champ:FanOfKnives+1","champ:AdrenalArmor","champ:VampiricStrike"],"relics":["champ:ChampionCrown","REME_ComplimentaryCards","AT_ATBox","REME_HourglassOfDeath","PaintedHorse:ReiMu","downfall:HeartBlessingRed","Odd Mushroom"],"acts_visited":["Exordium"],"potions_floor_usage":[16],"damage_taken":[{"damage":26,"enemies":"Cultist","floor":2,"turns":4},{"damage":27,"enemies":"Small Slimes","floor":3,"turns":5},{"damage":35,"enemies":"downfall:FleeingMerchant","floor":4,"turns":4},{"damage":6,"enemies":"2 Louse","floor":6,"turns":3},{"damage":21,"enemies":"downfall:LooterAlt","floor":9,"turns":3},{"damage":20,"enemies":"Exordium Thugs","floor":11,"turns":3},{"damage":28,"enemies":"The Mushroom Lair","floor":12,"turns":3},{"damage":16,"enemies":"Blue Slaver","floor":14,"turns":3},{"damage":18,"enemies":"2 Fungi Beasts","floor":15,"turns":3},{"damage":39,"enemies":"WA_ARCHETYPE_RETAIN","floor":16,"turns":4}],"seed_played":"1255599559013222416","potions_obtained":[{"floor":9,"key":"Elixir"},{"floor":11,"key":"Elixir"},{"floor":12,"key":"DemoMod:LeadSkinPotion"}],"is_trial":false,"path_per_floor":["R","M","M","$","?","M","T","?","M","R","M","?","R","M","M","B"],"character_chosen":"THE_CHAMP","items_purchased":["champ:PreciseThrust"],"campfire_rested":0,"item_purchase_floors":[4],"current_hp_per_floor":[99,93,86,81,81,75,75,75,64,64,64,46,46,30,22,0,0,0],"gold":183,"neow_bonus":"TEN_PERCENT_HP_BONUS","is_daily":false,"chose_seed":false,"campfire_upgraded":2,"win_rate":0.0,"timestamp":1613625699,"path_taken":["R","M","M","?","?","M","T","?","M","R","M","?","R","M","M","BOSS"],"items_purchased_type":["Card"],"build_version":"2020-12-22","purchased_purges":0,"victory":false,"max_hp_per_floor":[99,99,99,99,99,99,99,99,99,99,99,99,99,99,99,99,99,99],"card_choices":[{"not_picked":["champ:RecklessLeap","champ:GutPunch"],"picked":"champ:BerserkersShout","floor":2},{"not_picked":["champ:HeartStrike","champ:FanOfKnives"],"picked":"champ:StanceDance","floor":3},{"not_picked":["champ:EnragedBash","champ:StanceDance"],"picked":"champ:TornadoPunch","floor":4},{"not_picked":["champ:TornadoPunch","champ:Duel"],"picked":"champ:PreciseThrust","floor":6},{"not_picked":["champ:Parry","champ:GladiatorStyle","champ:ShieldWall"],"picked":"SKIP","floor":9},{"not_picked":["champ:Encircle","champ:Shatter"],"picked":"champ:GutPunch","floor":11},{"not_picked":["champ:GladiatorStyle","champ:Encircle"],"picked":"champ:FanOfKnives","floor":12},{"not_picked":["champ:BladeFlurry","champ:SetATrap"],"picked":"champ:AdrenalArmor","floor":14},{"not_picked":["champ:EndlessRage","champ:CrownThrow"],"picked":"champ:VampiricStrike","floor":15}],"player_experience":90165,"relics_obtained":[{"floor":7,"key":"REME_HourglassOfDeath"},{"floor":12,"key":"Odd Mushroom"}],"event_choices":[{"damage_healed":0,"gold_gain":0,"player_choice":"塞钱","damage_taken":0,"relics_obtained":["PaintedHorse:ReiMu"],"max_hp_gain":0,"max_hp_loss":0,"event_name":"yidonshenshe","floor":8,"gold_loss":40},{"damage_healed":0,"gold_gain":0,"player_choice":"Fought Mushrooms","damage_taken":0,"max_hp_gain":0,"max_hp_loss":0,"event_name":"Mushrooms","floor":12,"gold_loss":0}],"is_beta":false,"boss_relics":[],"items_purged_floors":[],"is_endless":false,"potions_floor_spawned":[9,11,12,15],"killed_by":"WA_ARCHETYPE_RETAIN","ascension_level":0}}