{"host":"zxkjcgzis4pm3za5","time":1613658532,"event":{"mods":["2.2 Compatiblity","AchievementEnabler","BaseMod","Colored Map","Colored Powertips","Minty Spire (QoL Compilation)","Quick Restart","Random Character Button","Relic Filter Mod","Relic Sorter","Relic Stats","StSLib"],"gold_per_floor":[365,365,385,385,271,271,299,299,299,299,271,300,39,69,69,148,148,165,80,80,90,140,173,173,185,211,211,211],"floor_reached":27,"language":"ENG","playtime":1234,"items_purged":["Strike_P","Strike_P"],"score":490,"play_id":"aef4f3ce-a9e6-4a7e-850a-3f8e9f7b3ff8","local_time":"20210218195852","is_ascension_mode":true,"campfire_choices":[{"data":"Vigilance","floor":6,"key":"SMITH"},{"data":"LikeWater","floor":8,"key":"SMITH"},{"data":"Wallop","floor":10,"key":"SMITH"},{"data":"Conclude","floor":15,"key":"SMITH"},{"floor":24,"key":"REST"}],"circlet_count":0,"master_deck":["AscendersBane","Strike_P","Strike_P","Defend_P","Defend_P","Defend_P","Eruption+1","Vigilance+1","CutThroughFate","Wallop+1","FearNoEvil","LikeWater+1","Evaluate","Conclude+1","Devotion+1","DeceiveReality","SpiritShield+1","ThirdEye+1","Consecrate+1"],"relics":["PureWater","Damaru","Frozen Egg 2","Pocketwatch","Membership Card","Pen Nib","Runic Pyramid","Oddly Smooth Stone","War Paint"],"acts_visited":["Exordium","TheCity"],"potions_floor_usage":[7,18,23,27],"damage_taken":[{"damage":0,"enemies":"2 Louse","floor":1,"turns":4},{"damage":0,"enemies":"Cultist","floor":3,"turns":3},{"damage":8,"enemies":"Gremlin Nob","floor":7,"turns":3},{"damage":1,"enemies":"Lagavulin","floor":12,"turns":7},{"damage":1,"enemies":"3 Sentries","floor":14,"turns":4},{"damage":1,"enemies":"The Guardian","floor":16,"turns":8},{"damage":27,"enemies":"3 Byrds","floor":18,"turns":4},{"damage":0,"enemies":"Chosen","floor":21,"turns":4},{"damage":29,"enemies":"Slavers","floor":23,"turns":6},{"damage":2,"enemies":"Snake Plant","floor":25,"turns":6},{"damage":61,"enemies":"Book of Stabbing","floor":27,"turns":4}],"seed_played":"-2789133047221261991","potions_obtained":[{"floor":1,"key":"Block Potion"},{"floor":3,"key":"GamblersBrew"},{"floor":16,"key":"FairyPotion"},{"floor":18,"key":"EssenceOfSteel"},{"floor":23,"key":"SkillPotion"},{"floor":25,"key":"Fruit Juice"}],"is_trial":false,"path_per_floor":["M","?","M","?","$","R","E","R","T","R","$","E","$","E","R","B",null,"M","?","?","M","?","E","R","M","T","E"],"character_chosen":"WATCHER","items_purchased":["FearNoEvil","Evaluate","Membership Card","Devotion+1"],"campfire_rested":1,"item_purchase_floors":[5,11,13,13],"current_hp_per_floor":[61,61,61,54,54,54,46,46,46,46,46,45,45,44,44,43,57,30,30,30,30,30,1,19,17,17,0,0],"gold":211,"neow_bonus":"TWO_FIFTY_GOLD","is_daily":false,"chose_seed":false,"campfire_upgraded":4,"win_rate":0.0,"timestamp":1613658532,"path_taken":["M","?","?","?","$","R","E","R","T","R","$","E","$","E","R","BOSS","M","?","?","M","?","E","R","M","T","E"],"items_purchased_type":["Card","Card","Relic","Card"],"build_version":"2020-12-22","purchased_purges":2,"victory":false,"max_hp_per_floor":[62,62,62,62,62,62,62,62,62,62,62,62,62,62,62,62,62,62,62,62,62,62,62,62,62,62,67,67],"relic_stats":{"counters":[11,53],"Pen Nib":[5],"War Paint":["SpiritShield","ThirdEye"],"obtain_stats":[{"Damaru":7,"Oddly Smooth Stone":19,"Pen Nib":14,"Membership Card":13,"PureWater":0,"Frozen Egg 2":9,"War Paint":23,"Pocketwatch":12,"Runic Pyramid":17},{"Damaru":3,"Oddly Smooth Stone":7,"Pen Nib":5,"Membership Card":4,"PureWater":0,"Frozen Egg 2":3,"War Paint":9,"Pocketwatch":4,"Runic Pyramid":6},{"Damaru":10,"Oddly Smooth Stone":33,"Pen Nib":21,"Membership Card":17,"PureWater":0,"Frozen Egg 2":10,"War Paint":43,"Pocketwatch":17,"Runic Pyramid":29}],"Pocketwatch":[27]},"card_choices":[{"not_picked":["WaveOfTheHand","Protect"],"picked":"CutThroughFate","floor":1},{"not_picked":["BowlingBash","Protect"],"picked":"Wallop","floor":3},{"not_picked":["BattleHymn","FollowUp"],"picked":"LikeWater","floor":7},{"not_picked":["Halt","Wireheading+1"],"picked":"Conclude","floor":12},{"not_picked":["CrushJoints","Weave"],"picked":"DeceiveReality","floor":14},{"not_picked":["Establishment+1","Blasphemy"],"picked":"SpiritShield","floor":16},{"not_picked":["PathToVictory","ClearTheMind","CutThroughFate"],"picked":"SKIP","floor":18},{"not_picked":["Fasting2+1","Wallop"],"picked":"ThirdEye","floor":21},{"not_picked":["Evaluate","ClearTheMind+1"],"picked":"Consecrate+1","floor":23},{"not_picked":["ReachHeaven","Wallop","Crescendo"],"picked":"SKIP","floor":25}],"player_experience":393097,"relics_obtained":[{"floor":7,"key":"Damaru"},{"floor":9,"key":"Frozen Egg 2"},{"floor":12,"key":"Pocketwatch"},{"floor":14,"key":"Pen Nib"},{"floor":23,"key":"War Paint"}],"event_choices":[{"damage_healed":0,"gold_gain":0,"player_choice":"Upgraded","damage_taken":0,"max_hp_gain":0,"max_hp_loss":0,"event_name":"Upgrade Shrine","floor":2,"gold_loss":0,"cards_upgraded":["Eruption"]},{"cards_removed":["Defend_P"],"damage_healed":0,"gold_gain":0,"player_choice":"Card Removal","damage_taken":7,"max_hp_gain":0,"max_hp_loss":0,"event_name":"Golden Wing","floor":4,"gold_loss":0},{"damage_healed":0,"gold_gain":0,"player_choice":"Obtained Relic","damage_taken":0,"relics_obtained":["Oddly Smooth Stone"],"max_hp_gain":0,"max_hp_loss":0,"event_name":"Addict","floor":19,"gold_loss":85},{"damage_healed":0,"gold_gain":0,"player_choice":"Ignored","damage_taken":0,"max_hp_gain":0,"max_hp_loss":0,"event_name":"Ghosts","floor":20,"gold_loss":0},{"damage_healed":0,"gold_gain":50,"player_choice":"Stole From Cult","damage_taken":0,"max_hp_gain":0,"max_hp_loss":0,"event_name":"Nest","floor":22,"gold_loss":0}],"is_beta":false,"boss_relics":[{"not_picked":["Coffee Dripper","Cursed Key"],"picked":"Runic Pyramid"}],"items_purged_floors":[5,13],"is_endless":false,"potions_floor_spawned":[1,3,16,18,23,25],"killed_by":"Book of Stabbing","ascension_level":20}}