{"host":"q6l9o5ad25lrm2yj","time":1613638851,"event":{"mods":["BaseMod","BetterRewards","Colored Powertips","Minty Spire (QoL Compilation)","Replay The Spire","StSLib","The Runesmith","[IsaacMod]ÒÔÈö¼âËþ"],"gold_per_floor":[116,147,19,33,33,33,33,50,50,50,10,106,140,160,160,277,277,304,219,236,247,260,260,286,286,286,302,331,356,356,310,310,407,407,422,422,140,160,180,237,237,282,282,299,299,311,344,7,7,7],"floor_reached":51,"language":"ZHS","playtime":4546,"items_purged":["Writhe","Amnesia"],"score":1072,"play_id":"8193ba5e-0f0d-4955-be45-1c1480b80aff","local_time":"20210218170051","is_ascension_mode":false,"campfire_choices":[{"floor":6.0,"key":"REST"},{"floor":15.0,"key":"DIG"},{"floor":23.0,"key":"REST"},{"data":"Runesmith:Repurpose","floor":25.0,"key":"SMITH"},{"data":"Normality","floor":32.0,"key":"PURGE"},{"data":"Runesmith:Malloc","floor":41,"key":"SMITH"},{"floor":49,"key":"DIG"}],"circlet_count":0,"master_deck":["Runesmith:Strike_RS","Runesmith:Strike_RS","Runesmith:Strike_RS+1","Runesmith:Strike_RS","Runesmith:Defend_RS","Runesmith:Defend_RS+1","Runesmith:Defend_RS+1","Runesmith:CraftFirestone","Runesmith:Fortify","BettingIsNotGood","Runesmith:FieryHammer","Runesmith:EarthShield","Runesmith:Grindstone+1","Runesmith:Repurpose+1","Runesmith:Terraform","Runesmith:Firestorm+1","Runesmith:CraftProtectio","Runesmith:EarthShield","Runesmith:CraftObretio","Runesmith:Malloc+1","Runesmith:DuctTape+1","Runesmith:UnstableHammer","Runesmith:HammerThrow","Runesmith:EnergizedChisel","Runesmith:ArcReactor+1","Runesmith:CraftSpiculum","Runesmith:CraftProtectio+1","Runesmith:RuneHurl+1","Runesmith:HeatExchange","Runesmith:CraftMagma+1","Runesmith:EarthShield+1","Runesmith:MetallurgicalResearch+1","Runesmith:PoweredAnvil+1","Runesmith:StaticCage+1","Runesmith:StaticCage+1","BettingIsNotGood+1","Runesmith:ElementalConversion+1","Runesmith:ChiselStab+1","Runesmith:Reinforce+1","Runesmith:Empowerment+1","Parasite","Runesmith:RunicBlueprint","Delirium","Runesmith:UnstableHammer+1","Runesmith:DuctTape+1","Runesmith:HammerTime+1"],"relics":["Runesmith:BrokenRuby","HushsDoor","YumHeart","SteamSale","DeathBook","Gremlin Food","Golden Egg","PreservedInsect","BelialBook","Replay:Accelerometer","MagicMushroom","DoctorsRemote","Darkstone Periapt","Onion Ring","ReplayTheSpireMod:Ninjato","Blue Doll","ReplayFunnel","ReplayTheSpireMod:CursedCoin","Black Star","Runesmith:Nanobots","TheBean","StoneCalendar","Replay:PocketPolymizer","Girya","War Paint","Ring of Fangs","ReplayTheSpireMod:Ring of Exchange","Runesmith:MiniCore","Pantograph","Blood Vial","Vajra","HandDrill","Nunchaku"],"acts_visited":["Exordium","TheCity","TheBeyond"],"potions_floor_usage":[33,33,47],"damage_taken":[{"damage":2.0,"enemies":"Jaw Worm","floor":1.0,"turns":4.0},{"damage":2.0,"enemies":"Cultist","floor":2.0,"turns":4.0},{"damage":4.0,"enemies":"Small Slimes","floor":4.0,"turns":4.0},{"damage":18.0,"enemies":"2 Fungi Beasts","floor":8.0,"turns":4.0},{"damage":13.0,"enemies":"Lagavulin","floor":13.0,"turns":8.0},{"damage":4.0,"enemies":"Looter","floor":14.0,"turns":3.0},{"damage":8.0,"enemies":"The Guardian","floor":16.0,"turns":11.0},{"damage":11.0,"enemies":"2 Thieves","floor":18.0,"turns":4.0},{"damage":0.0,"enemies":"3 Byrds","floor":20.0,"turns":3.0},{"damage":11.0,"enemies":"Snake Plant","floor":21.0,"turns":6.0},{"damage":22.0,"enemies":"3 Cultists","floor":22.0,"turns":6.0},{"damage":3.0,"enemies":"Gremlin Leader","floor":24.0,"turns":10.0},{"damage":2.0,"enemies":"Snecko","floor":27.0,"turns":5.0},{"damage":11.0,"enemies":"Slavers","floor":28.0,"turns":2.0},{"damage":22.0,"enemies":"Shelled Parasite and Fungi","floor":29.0,"turns":7.0},{"damage":18,"enemies":"Pondfish","floor":33,"turns":9},{"damage":23,"enemies":"Orb Walker","floor":35,"turns":4},{"damage":0,"enemies":"3 Shapes","floor":38,"turns":6},{"damage":0,"enemies":"3 Darklings","floor":39,"turns":3},{"damage":0,"enemies":"R_Hoarder","floor":40,"turns":8},{"damage":13,"enemies":"2 Orb Walkers","floor":42,"turns":5},{"damage":11,"enemies":"Writhing Mass","floor":44,"turns":6},{"damage":32,"enemies":"Jaw Worm Horde","floor":46,"turns":5},{"damage":16,"enemies":"Nemesis","floor":47,"turns":7},{"damage":28,"enemies":"Donu and Deca","floor":50,"turns":4}],"seed_played":"-2288321233898685854","potions_obtained":[{"floor":1.0,"key":"DuplicationPotion"},{"floor":2.0,"key":"AttackPotion"},{"floor":8.0,"key":"Energy Potion"},{"floor":18.0,"key":"Strength Potion"},{"floor":21.0,"key":"Swift Potion"},{"floor":28.0,"key":"Adrenaline Potion"},{"floor":29.0,"key":"Weak Potion"},{"floor":38,"key":"SpeedPotion"},{"floor":42,"key":"Elixir"},{"floor":47,"key":"AttackPotion"}],"is_trial":false,"path_per_floor":["M","M","$","M","?","R","?","M","T","?","$","?","E","M","R","B",null,"M","?","M","M","M","R","E","R","T","M","E","M","?","$","R","B",null,"M","?","$","M","M","E","R","?","T","M","?","M","E","$","R","B",null],"character_chosen":"RUNESMITH_CLASS","items_purchased":["SteamSale","DeathBook","Runesmith:FieryHammer","Gremlin Food","CultistPotion","Runesmith:Firestorm","Runesmith:CraftMagma+1","Blue Doll","ReplayFunnel","ReplayTheSpireMod:CursedCoin","Runesmith:EarthShield","Runesmith:StaticCage","Runesmith:Nanobots","BettingIsNotGood+1","TheBean","Blood Vial","Vajra","HandDrill","FairyPotion","Runesmith:HammerTime"],"campfire_rested":2,"item_purchase_floors":[0,0,0,3,3,11,31,31,31,31,31,37,37,37,37,48,48,48,48,48],"current_hp_per_floor":[36,34,34,30,30,51,61,48,48,70,70,70,57,53,53,45,77,66,66,67,57,36,77,74,74,74,73,63,42,67,73,73,61,83,60,87,87,89,89,89,95,82,82,78,84,53,63,63,63,63],"gold":7,"neow_bonus":"","is_daily":false,"chose_seed":false,"campfire_upgraded":2,"win_rate":0.0,"timestamp":1613638851,"path_taken":["M","M","$","M","?","R","?","M","T","?","?","?","E","?","R","BOSS","M","?","M","M","M","R","E","R","T","?","E","M","?","$","R","BOSS","M","?","$","M","M","E","R","?","T","M","?","M","E","?","R","BOSS"],"items_purchased_type":["Relic","Relic","Card","Relic","Potion","Card","Card","Relic","Relic","Relic","Card","Card","Relic","Card","Relic","Relic","Relic","Relic","Potion","Card"],"build_version":"2020-12-22","purchased_purges":2,"victory":true,"max_hp_per_floor":[70,70,70,70,70,70,70,70,70,70,70,70,70,70,70,70,77,77,77,77,77,77,77,77,77,77,77,77,77,77,83,83,83,83,83,89,89,89,89,89,95,95,95,101,107,107,107,107,107,107],"card_choices":[{"not_picked":[],"picked":"BettingIsNotGood","floor":0.0},{"not_picked":["Runesmith:Augment","Runesmith:Repurpose"],"picked":"Runesmith:EarthShield","floor":1.0},{"not_picked":["Runesmith:HeatedChisel","Runesmith:RunicBlueprint"],"picked":"Runesmith:Grindstone","floor":2.0},{"not_picked":["Runesmith:Refine","Runesmith:CraftMedicinae"],"picked":"Runesmith:Repurpose","floor":4.0},{"not_picked":["Runesmith:HeatedChisel","Bomb"],"picked":"Runesmith:Terraform","floor":8.0},{"not_picked":["Runesmith:Refine","Runesmith:ShiftingStrike"],"picked":"Runesmith:CraftProtectio","floor":12.0},{"not_picked":["Runesmith:OneForEveryone","Bomb"],"picked":"Runesmith:EarthShield","floor":12.0},{"not_picked":["Runesmith:HammerThrow","Runesmith:Repurpose"],"picked":"Runesmith:CraftObretio","floor":13.0},{"not_picked":["Runesmith:NanitesCloud","Runesmith:StaticCage"],"picked":"Runesmith:Malloc","floor":14.0},{"not_picked":["Runesmith:Supernova","Runesmith:LightningRod"],"picked":"Runesmith:DuctTape","floor":16.0},{"not_picked":["Runesmith:WhiteBalance","Runesmith:RuneHurl"],"picked":"Runesmith:UnstableHammer","floor":18.0},{"not_picked":["Runesmith:Overpower","Runesmith:UnstableHammer+1"],"picked":"Runesmith:HammerThrow","floor":20.0},{"not_picked":["Runesmith:ShiftingStrike","Runesmith:HeatedChisel"],"picked":"Runesmith:EnergizedChisel","floor":21.0},{"not_picked":["Runesmith:FieryHammer","Runesmith:Repurpose"],"picked":"Runesmith:ArcReactor","floor":22.0},{"not_picked":["Runesmith:EnergizedChisel","Runesmith:Grindstone"],"picked":"Runesmith:CraftSpiculum","floor":24.0},{"not_picked":["Runesmith:Supernova","Runesmith:UnstableHammer+1"],"picked":"Runesmith:CraftProtectio+1","floor":27.0},{"not_picked":["Runesmith:Overpower","Runesmith:DoubleUp+1"],"picked":"Runesmith:RuneHurl+1","floor":28.0},{"not_picked":["Runesmith:Accelerate+1","Runesmith:StaticCage"],"picked":"Runesmith:HeatExchange","floor":29.0},{"not_picked":["Runesmith:Duplicate","Runesmith:CreatorForm"],"picked":"Runesmith:MetallurgicalResearch","floor":33},{"not_picked":["Runesmith:UnstableHammer","Runesmith:WhiteBalance"],"picked":"Runesmith:PoweredAnvil+1","floor":35},{"not_picked":["Runesmith:EarthShield+1","Runesmith:EnergizedChisel"],"picked":"Runesmith:ElementalConversion+1","floor":38},{"not_picked":["Runesmith:Grindstone+1","Runesmith:EnergizedChisel+1"],"picked":"Runesmith:ChiselStab+1","floor":39},{"not_picked":["Runesmith:StaticCage","Runesmith:CraftObretio+1"],"picked":"Runesmith:Reinforce+1","floor":40},{"not_picked":["Runesmith:ChiselStab+1","Runesmith:ChargedHammer"],"picked":"Runesmith:Empowerment+1","floor":42},{"not_picked":["Runesmith:RuneHurl","Runesmith:ChiselStab"],"picked":"Runesmith:RunicBlueprint","floor":44},{"not_picked":["Runesmith:EnergizedChisel","Runesmith:StaticCage"],"picked":"Runesmith:UnstableHammer+1","floor":46},{"not_picked":["Runesmith:CraftProtectio+1","Runesmith:Empowerment"],"picked":"Runesmith:DuctTape","floor":47}],"player_experience":9091,"relics_obtained":[{"floor":9.0,"key":"Golden Egg"},{"floor":12.0,"key":"PreservedInsect"},{"floor":13.0,"key":"BelialBook"},{"floor":15.0,"key":"Replay:Accelerometer"},{"floor":24.0,"key":"Darkstone Periapt"},{"floor":26.0,"key":"Onion Ring"},{"floor":28.0,"key":"ReplayTheSpireMod:Ninjato"},{"floor":40,"key":"StoneCalendar"},{"floor":40,"key":"Replay:PocketPolymizer"},{"floor":42,"key":"Girya"},{"floor":43,"key":"War Paint"},{"floor":45,"key":"Ring of Fangs"},{"floor":45,"key":"ReplayTheSpireMod:Ring of Exchange"},{"floor":47,"key":"Runesmith:MiniCore"},{"floor":47,"key":"Pantograph"},{"floor":49,"key":"Nunchaku"}],"event_choices":[{"cards_removed":["Runesmith:Defend_RS"],"damage_healed":0.0,"max_hp_gain":0.0,"max_hp_loss":0.0,"gold_gain":0.0,"event_name":"Bonfire Elementals","player_choice":"Offered Basic","floor":5.0,"gold_loss":0.0,"damage_taken":0.0},{"damage_healed":23.0,"max_hp_gain":0.0,"max_hp_loss":0.0,"gold_gain":0.0,"event_name":"Big Fish","player_choice":"Banana","floor":10.0,"gold_loss":0.0,"damage_taken":0.0},{"damage_healed":0.0,"max_hp_gain":0.0,"max_hp_loss":0.0,"gold_gain":0.0,"event_name":"Addict","player_choice":"Obtained Relic","floor":19.0,"gold_loss":85.0,"damage_taken":0.0,"relics_obtained":["DoctorsRemote"]},{"damage_healed":0.0,"max_hp_gain":0.0,"max_hp_loss":0.0,"gold_gain":0.0,"event_name":"Ghosts","player_choice":"Ignored","floor":30.0,"gold_loss":0.0,"damage_taken":0.0},{"damage_healed":21,"gold_gain":0,"player_choice":"Writhe","damage_taken":0,"max_hp_gain":0,"max_hp_loss":0,"event_name":"Winding Halls","floor":36,"gold_loss":0,"cards_obtained":["Writhe"]},{"damage_healed":0,"gold_gain":0,"player_choice":"Fight","damage_taken":0,"max_hp_gain":0,"max_hp_loss":0,"event_name":"Mysterious Sphere","floor":42,"gold_loss":0}],"is_beta":false,"boss_relics":[{"not_picked":["ReplayTheSpireMod:DimensionalGlitch","Busted Crown"],"picked":"MagicMushroom"},{"not_picked":[]},{"not_picked":["SacredBark","Runesmith:UraniumAnvil"],"picked":"Black Star"},{"not_picked":[]}],"items_purged_floors":[37,48],"is_endless":false,"potions_floor_spawned":[1,2,8,18,21,28,29,38,42,46,47],"ascension_level":0}}