{"host":"vt6dr1xq3iy14a3e","time":1613648261,"event":{"mods":["AchievementEnabler","BaseMod","Colored Map","DeckTracker","Minty Spire (QoL Compilation)","Replay The Spire","StSLib","SuperFastMode"],"gold_per_floor":[110,385,399,399,399,439,459,459,459,459,459,459,479,498,542,555,555,555,555],"floor_reached":18,"language":"KOR","playtime":725,"items_purged":[],"score":294,"play_id":"c820dfba-9a00-44b0-94a1-c958bfaaf1fd","local_time":"20210218203741","is_ascension_mode":true,"campfire_choices":[{"data":"Pommel Strike","floor":8,"key":"SMITH"},{"floor":17,"key":"REST"}],"circlet_count":0,"master_deck":["AscendersBane","Strike_R","Strike_R+1","Strike_R+1","Strike_R","Defend_R","Defend_R","Defend_R","Defend_R","Bash","Pommel Strike+1","Warcry","Flame Barrier","Fiend Fire","Reaper"],"relics":["Burning Blood","NeowsBlessing","Golden Idol","Ornamental Fan","Whetstone","Bronze Scales"],"acts_visited":["Exordium"],"potions_floor_usage":[15,18,18],"damage_taken":[{"damage":0.0,"enemies":"2 Louse","floor":1.0,"turns":1.0},{"damage":0.0,"enemies":"Cultist","floor":3.0,"turns":1.0},{"damage":0,"enemies":"Replay:BlueRogue","floor":6,"turns":1},{"damage":12,"enemies":"Small Slimes","floor":7,"turns":4},{"damage":1,"enemies":"Looter","floor":13,"turns":4},{"damage":5,"enemies":"Large Slime","floor":14,"turns":7},{"damage":35,"enemies":"Lagavulin","floor":15,"turns":8},{"damage":15,"enemies":"Red Slaver","floor":16,"turns":4},{"damage":37,"enemies":"Hexaghost","floor":18,"turns":9}],"seed_played":"8769896439091255962","potions_obtained":[{"floor":13,"key":"Elixir"},{"floor":14,"key":"Explosive Potion"},{"floor":15,"key":"Venom Potion"},{"floor":16,"key":"Cursed Concoction"}],"is_trial":false,"path_per_floor":["M","?","M","?","?","E","M","R","T","PTL","PTL","?","M","M","E","M","R_BF","B"],"character_chosen":"IRONCLAD","items_purchased":[],"campfire_rested":1,"item_purchase_floors":[],"current_hp_per_floor":[74,74,75,49,42,48,42,42,42,42,42,42,47,48,19,10,32,0,0],"gold":555,"neow_bonus":"THREE_ENEMY_KILL","is_daily":false,"chose_seed":false,"campfire_upgraded":1,"win_rate":0.0,"timestamp":1613648261,"path_taken":["M","?","?","?","?","E","M","R","T","PTL","PTL","?","?","M","E","?","R_BF","BOSS"],"items_purchased_type":[],"build_version":"2020-12-22","purchased_purges":0,"victory":false,"max_hp_per_floor":[75,75,75,75,75,75,75,75,75,75,75,75,75,75,75,75,75,75,75],"card_choices":[{"not_picked":["Wild Strike","Clash"],"picked":"Pommel Strike","floor":1.0},{"not_picked":["Evolve","Shrug It Off"],"picked":"Warcry","floor":3.0},{"not_picked":["Havoc","Pommel Strike"],"picked":"Flame Barrier","floor":6},{"not_picked":["True Grit","Flex","Pommel Strike"],"picked":"SKIP","floor":7},{"not_picked":["True Grit","Flex","Pommel Strike"],"picked":"SKIP","floor":7},{"not_picked":["Body Slam","Replay:Undeath\u0027s Touch"],"picked":"Fiend Fire","floor":13},{"not_picked":["Run Through","Pommel Strike","Ghostly Armor"],"picked":"SKIP","floor":14},{"not_picked":["Life Link","Twin Strike","Heavy Blade"],"picked":"SKIP","floor":15},{"not_picked":["ReplayTheSpireMod:LeadingStrike","ReplayTheSpireMod:Stacked"],"picked":"Reaper","floor":16}],"player_experience":1055299,"relics_obtained":[{"floor":6,"key":"Ornamental Fan"},{"floor":9,"key":"Whetstone"},{"floor":15,"key":"Bronze Scales"}],"event_choices":[{"damage_healed":0.0,"max_hp_gain":0.0,"max_hp_loss":0.0,"gold_gain":275.0,"event_name":"Golden Shrine","player_choice":"Desecrate","floor":2.0,"gold_loss":0.0,"damage_taken":0.0,"cards_obtained":["Regret"]},{"damage_healed":0,"gold_gain":0,"player_choice":"Take Damage","damage_taken":26,"relics_obtained":["Golden Idol"],"max_hp_gain":0,"max_hp_loss":0,"event_name":"Golden Idol","floor":4,"gold_loss":0},{"cards_removed":["Regret"],"damage_healed":0,"gold_gain":0,"player_choice":"Card Removal","damage_taken":7,"max_hp_gain":0,"max_hp_loss":0,"event_name":"Golden Wing","floor":5,"gold_loss":0},{"cards_removed":["Strike_R"],"damage_healed":0,"gold_gain":0,"player_choice":"Purged","damage_taken":0,"max_hp_gain":0,"max_hp_loss":0,"event_name":"Purifier","floor":12,"gold_loss":0}],"is_beta":false,"boss_relics":[],"items_purged_floors":[],"is_endless":false,"potions_floor_spawned":[13,14,15,16],"killed_by":"Hexaghost","ascension_level":20}}