{"host":"vumwfieg2b2mnrfl","time":1613607296,"event":{"mods":["AchievementEnabler","BaseMod","Minty Spire (QoL Compilation)","Rare Cards Sparkle","Relic Stats"],"gold_per_floor":[364,289,303,321,321,356,356,368,368,368,388,388,407,434,434,434,434],"floor_reached":16,"language":"ENG","playtime":487,"items_purged":["Shame"],"score":224,"play_id":"8a5b5240-6de1-42e9-b8f3-5fd0ce02b48f","local_time":"20210217181456","is_ascension_mode":true,"campfire_choices":[{"floor":7,"key":"REST"},{"floor":10,"key":"REST"},{"data":"Bash","floor":12,"key":"SMITH"},{"data":"Armaments","floor":15,"key":"SMITH"}],"circlet_count":0,"master_deck":["AscendersBane","Strike_R","Strike_R","Strike_R","Strike_R","Defend_R","Defend_R","Defend_R","Defend_R","Bash+1","Shrug It Off","Flame Barrier","Clash","Warcry","Cleave","Anger","Whirlwind","Armaments+1","Reaper"],"relics":["Burning Blood","Tiny Chest","Gremlin Horn","Ginger"],"acts_visited":["Exordium"],"potions_floor_usage":[4,13,16,16],"damage_taken":[{"damage":11,"enemies":"2 Louse","floor":1,"turns":4},{"damage":4,"enemies":"Cultist","floor":3,"turns":4},{"damage":0,"enemies":"Jaw Worm","floor":4,"turns":4},{"damage":66,"enemies":"Lagavulin","floor":6,"turns":12},{"damage":26,"enemies":"Large Slime","floor":8,"turns":8},{"damage":1,"enemies":"Blue Slaver","floor":11,"turns":3},{"damage":6,"enemies":"2 Fungi Beasts","floor":13,"turns":2},{"damage":20,"enemies":"3 Sentries","floor":14,"turns":5},{"damage":37,"enemies":"Slime Boss","floor":16,"turns":7}],"seed_played":"7681370745838286123","potions_obtained":[{"floor":3,"key":"Energy Potion"},{"floor":8,"key":"ElixirPotion"},{"floor":11,"key":"ColorlessPotion"},{"floor":14,"key":"SteroidPotion"}],"is_trial":false,"path_per_floor":["M","$","M","M","?","E","R","M","T","R","M","R","M","E","R","B"],"character_chosen":"IRONCLAD","items_purchased":[],"campfire_rested":2,"item_purchase_floors":[],"current_hp_per_floor":[63,63,65,71,71,11,33,13,13,35,40,40,40,26,26,0,0],"gold":434,"neow_bonus":"TWO_FIFTY_GOLD","is_daily":false,"chose_seed":false,"campfire_upgraded":2,"win_rate":0.0,"timestamp":1613607296,"path_taken":["M","$","M","M","?","E","R","M","T","R","M","R","?","E","R","BOSS"],"items_purchased_type":[],"build_version":"2020-12-22","purchased_purges":1,"victory":false,"max_hp_per_floor":[75,75,75,75,75,75,75,75,75,75,75,75,75,75,75,75,75],"relic_stats":{"Gremlin Horn":[2,2],"counters":[9,49],"Tiny Chest":0,"Ginger":[0],"obtain_stats":[{"Gremlin Horn":9,"Tiny Chest":6,"Ginger":14,"Burning Blood":0},{"Gremlin Horn":5,"Tiny Chest":4,"Ginger":8,"Burning Blood":0},{"Gremlin Horn":32,"Tiny Chest":24,"Ginger":42,"Burning Blood":0}],"Burning Blood":48},"card_choices":[{"not_picked":["Warcry","Sever Soul"],"picked":"Shrug It Off","floor":1},{"not_picked":["Warcry","Flex"],"picked":"Flame Barrier","floor":3},{"not_picked":["Body Slam","Warcry"],"picked":"Clash","floor":4},{"not_picked":["Brutality","Sever Soul"],"picked":"Cleave","floor":6},{"not_picked":["Body Slam","Bloodletting"],"picked":"Anger","floor":8},{"not_picked":["Heavy Blade","Anger"],"picked":"Whirlwind","floor":11},{"not_picked":["Wild Strike","True Grit"],"picked":"Armaments","floor":13},{"not_picked":["Clash","Heavy Blade"],"picked":"Reaper","floor":14}],"player_experience":567975,"relics_obtained":[{"floor":6,"key":"Tiny Chest"},{"floor":9,"key":"Gremlin Horn"},{"floor":14,"key":"Ginger"}],"event_choices":[{"damage_healed":0,"gold_gain":0,"cards_transformed":["Strike_R"],"player_choice":"Transformed","damage_taken":0,"max_hp_gain":0,"max_hp_loss":0,"event_name":"Transmorgrifier","floor":5,"gold_loss":0,"cards_obtained":["Warcry"]}],"is_beta":false,"boss_relics":[],"items_purged_floors":[2],"is_endless":false,"potions_floor_spawned":[3,8,11,14],"killed_by":"Slime Boss","ascension_level":20}}