{"host":"0s686iw3hprdrk8c","time":1613629265,"event":{"mods":["AchievementEnabler","BaseMod","Bestiary","Downfall","Hermit","Hubris","Marisa????????","Minty Spire (QoL Compilation)","Replay The Spire","StSLib","The Cursed","The Hierophant","The Saiyan","The Servant 0.9.4"],"gold_per_floor":[118,118,134,64,34,65,78,97,97,111,111,126,156,173,173,271,271,283,298,226,242,151,169,197,207,207,222,239,256,126,126,126,231,231,243,46,62,62,62,62,81,116,116,116,116,116,129,147,159,172,172,172,172,172,21,47,47],"floor_reached":58,"language":"ENG","playtime":6804,"items_purged":[],"score":1244,"play_id":"d66d0ca4-1764-469c-adeb-2245b7703f6f","local_time":"20210218012105","is_ascension_mode":false,"campfire_choices":[{"floor":11.0,"key":"RECALL"},{"data":"TheCursedMod:EmpowerCircles","floor":15.0,"key":"SMITH"},{"floor":32.0,"key":"REST"},{"data":"TheCursedMod:ReleasedStrength","floor":40.0,"key":"SMITH"},{"floor":54.0,"key":"DIG"}],"circlet_count":0,"master_deck":["TheCursedMod:Strike_TheCursed","TheCursedMod:Strike_TheCursed","TheCursedMod:Strike_TheCursed","TheCursedMod:Defend_TheCursed","TheCursedMod:Defend_TheCursed","TheCursedMod:Defend_TheCursed","TheCursedMod:Defend_TheCursed","TheCursedMod:CursedWand","TheCursedMod:CleanUpWorkshop","TheCursedMod:Torture","TheCursedMod:CursedShiv","TheCursedMod:EmpowerCircles+1","TheCursedMod:TacticalStrike","TheCursedMod:SurpriseAttack+1","TheCursedMod:TroublousMinions","TheCursedMod:CircleOfBlood","TheCursedMod:CircleOfCorruption","TheCursedMod:CircleOfCorruption","TheCursedMod:DemonSword","TheCursedMod:CircleOfAbyss+1","TheCursedMod:LuckyCharm","TheCursedMod:FleshFromBone","TheCursedMod:ReleasedStrength+1","TheCursedMod:HellsGateOpen+1","TheCursedMod:HellfireBreathing","TheCursedMod:CursedShiv","TheCursedMod:Stigma+1","TheCursedMod:LuckyCharm","TheCursedMod:SpitefulPlan+1","TheCursedMod:SurpriseAttack","TheCursedMod:Mangle","TheCursedMod:Hemoplague","TheCursedMod:Neurasthenia","TheCursedMod:SurpriseAttack+1","TheCursedMod:CursedBlade+1","TheCursedMod:Evocation+1","TheCursedMod:CursedAmulet+1","TheCursedMod:CircleOfFlame","TheCursedMod:SurpriseAttack","TheCursedMod:VoidForm","TheCursedMod:HellfireBreathing","TheCursedMod:WearCloak+1","TheCursedMod:HellfireBreathing"],"relics":["TheCursedMod:BlackMagic101","NeowsBlessing","Snack Pack","Odd Mushroom","Honey Jar","Calipers","Ice Cream","Pear","hubris:ScarierMask","hubris:EmptyBottle","Mummified Hand","Replay:Multitool","Bottled Tornado","Whetstone","ReplayTheSpireMod:TigerMarble"],"acts_visited":["Exordium","TheCity","TheBeyond","TheEnding"],"potions_floor_usage":[57,57,57,57,57,57,57,57],"damage_taken":[{"damage":0.0,"enemies":"Small Slimes","floor":1.0,"turns":1.0},{"damage":0.0,"enemies":"Cultist","floor":3.0,"turns":1.0},{"damage":0.0,"enemies":"Gremlin Nob","floor":6.0,"turns":1.0},{"damage":0.0,"enemies":"2 Louse","floor":7.0,"turns":2.0},{"damage":8.0,"enemies":"2 Fungi Beasts","floor":8.0,"turns":4.0},{"damage":13.0,"enemies":"Exordium Thugs","floor":10.0,"turns":5.0},{"damage":3.0,"enemies":"Exordium Wildlife","floor":12.0,"turns":5.0},{"damage":11.0,"enemies":"The Mushroom Lair","floor":13.0,"turns":5.0},{"damage":2.0,"enemies":"2 Fungi Beasts","floor":14.0,"turns":3.0},{"damage":30.0,"enemies":"The Guardian","floor":16.0,"turns":8.0},{"damage":0.0,"enemies":"3 Byrds","floor":18.0,"turns":4.0},{"damage":3.0,"enemies":"Shell Parasite","floor":19.0,"turns":4.0},{"damage":10.0,"enemies":"Centurion and Healer","floor":21.0,"turns":6.0},{"damage":12.0,"enemies":"Shelled Parasite and Fungi","floor":23.0,"turns":5.0},{"damage":18.0,"enemies":"Gremlin Leader","floor":24.0,"turns":9.0},{"damage":11.0,"enemies":"Chosen and Byrds","floor":25.0,"turns":5.0},{"damage":1.0,"enemies":"Centurion and Healer","floor":27.0,"turns":7.0},{"damage":36.0,"enemies":"3 Cultists","floor":28.0,"turns":5.0},{"damage":11.0,"enemies":"Snake Plant","floor":29.0,"turns":4.0},{"damage":24.0,"enemies":"Collector","floor":33.0,"turns":10.0},{"damage":25.0,"enemies":"3 Darklings","floor":35.0,"turns":6.0},{"damage":0.0,"enemies":"3 Shapes","floor":37.0,"turns":4.0},{"damage":14.0,"enemies":"Jaw Worm Horde","floor":41.0,"turns":5.0},{"damage":13.0,"enemies":"Giant Head","floor":42.0,"turns":8.0},{"damage":6.0,"enemies":"Spire Growth","floor":47.0,"turns":4.0},{"damage":0.0,"enemies":"Transient","floor":48.0,"turns":5.0},{"damage":12.0,"enemies":"Maw","floor":49.0,"turns":6.0},{"damage":15.0,"enemies":"4 Shapes","floor":50.0,"turns":3.0},{"damage":22.0,"enemies":"Awakened One","floor":52.0,"turns":9.0},{"damage":1.0,"enemies":"Shield and Spear","floor":56.0,"turns":5.0},{"damage":80,"enemies":"The Heart","floor":57,"turns":6}],"seed_played":"-3819046270957089410","potions_obtained":[{"floor":3.0,"key":"ColorlessPotion"},{"floor":5.0,"key":"Fruit Juice"},{"floor":5.0,"key":"Dexterity Potion"},{"floor":6.0,"key":"GamblersBrew"},{"floor":10.0,"key":"BlessingOfTheForge"},{"floor":19.0,"key":"ColorlessPotion"},{"floor":23.0,"key":"hexamod:SoulburnPotion"},{"floor":24.0,"key":"Weak Potion"},{"floor":28.0,"key":"Explosive Potion"},{"floor":33.0,"key":"Energy Potion"},{"floor":35.0,"key":"Strength Potion"},{"floor":41.0,"key":"TheCursedMod:DregsPotion"},{"floor":42.0,"key":"Fire Potion"},{"floor":48.0,"key":"LifebloodPotion"},{"floor":51.0,"key":"BlessingOfTheForge"},{"floor":51.0,"key":"AttackPotion"},{"floor":56.0,"key":"champ:CounterPotion"}],"is_trial":false,"path_per_floor":["M","?","M","$","?","E","M","M","T","M","R","M","?","M","R","B",null,"M","M","$","M","?","M","E","M","T","M","M","M","$","?","R","B",null,"M","$","M","?","?","R","M","E","PTL","PTL","T","R","M","M","M","M","R","B",null,"R","$","E","B",null],"character_chosen":"THE_CURSED","items_purchased":["TheCursedMod:EmpowerCircles","TheCursedMod:ReleasedStrength","TheCursedMod:SurpriseAttack","TheCursedMod:Mangle","hubris:EmptyBottle","Fire Potion","Whetstone"],"campfire_rested":1,"item_purchase_floors":[4,20,30,30,36,36,55],"current_hp_per_floor":[75,75,75,75,80,80,80,72,72,63,63,70,69,71,71,54,80,80,77,77,74,74,70,64,59,69,74,48,47,47,47,74,58,90,68,68,72,72,72,72,72,73,73,73,73,73,81,90,90,75,75,69,90,90,90,90,22],"gold":47,"neow_bonus":"THREE_ENEMY_KILL","is_daily":false,"chose_seed":false,"campfire_upgraded":2,"win_rate":0.0,"timestamp":1613629265,"path_taken":["M","?","M","?","?","E","M","M","T","M","R","?","?","M","R","BOSS","M","M","$","M","?","M","E","?","T","?","M","M","$","?","R","BOSS","M","$","M","?","?","R","?","E","PTL","PTL","T","R","M","M","M","M","R","BOSS","R","$","E","BOSS"],"items_purchased_type":["Card","Card","Card","Card","Relic","Potion","Relic"],"build_version":"2020-12-22","purchased_purges":0,"victory":true,"max_hp_per_floor":[75,75,75,75,80,80,80,80,80,80,80,80,80,80,80,80,80,80,80,80,80,80,80,80,80,90,90,90,90,90,90,90,90,90,90,90,90,90,90,90,90,90,90,90,90,90,90,90,90,90,90,90,90,90,90,90,90],"card_choices":[{"not_picked":["TheCursedMod:WearCloak","TheCursedMod:CircleOfFlame"],"picked":"TheCursedMod:Torture","floor":1.0},{"not_picked":["TheCursedMod:SpitefulStrike","TheCursedMod:Obscuration"],"picked":"TheCursedMod:CursedShiv","floor":3.0},{"not_picked":["TheCursedMod:CursedMace","TheCursedMod:ManaBullet"],"picked":"TheCursedMod:TacticalStrike","floor":6.0},{"not_picked":["TheCursedMod:FuryStrike","TheCursedMod:CursedMace"],"picked":"TheCursedMod:SurpriseAttack","floor":7.0},{"not_picked":["TheCursedMod:Stretching","TheCursedMod:CircleOfWindfury"],"picked":"TheCursedMod:TroublousMinions","floor":8.0},{"not_picked":["TheCursedMod:CircleOfWindfury","TheCursedMod:Wield"],"picked":"TheCursedMod:CircleOfBlood","floor":10.0},{"not_picked":["TheCursedMod:BloodBarrier","TheCursedMod:RavingStaff"],"picked":"TheCursedMod:CircleOfCorruption","floor":12.0},{"not_picked":["TheCursedMod:TroublousMinions","TheCursedMod:Evocation"],"picked":"TheCursedMod:CircleOfCorruption","floor":13.0},{"not_picked":["TheCursedMod:SpreadPlague","TheCursedMod:SurpriseAttack"],"picked":"TheCursedMod:DemonSword","floor":14.0},{"not_picked":["TheCursedMod:CursedRelics","TheCursedMod:NeowsMight"],"picked":"TheCursedMod:CircleOfAbyss","floor":16.0},{"not_picked":["TheCursedMod:HellfireBreathing+1","TheCursedMod:EmpowerCircles+1","TheCursedMod:CircleOfFlame"],"picked":"TheCursedMod:LuckyCharm","floor":18.0},{"not_picked":["TheCursedMod:RavingStaff","TheCursedMod:CircleOfFlame","TheCursedMod:RapidMovement"],"picked":"TheCursedMod:FleshFromBone","floor":19.0},{"not_picked":["TheCursedMod:ManaBullet","TheCursedMod:AshesToAshes","TheCursedMod:CursedBlade"],"picked":"TheCursedMod:HellsGateOpen","floor":21.0},{"not_picked":["TheCursedMod:ManaBullet","TheCursedMod:PrepareRite","TheCursedMod:Wield"],"picked":"TheCursedMod:HellfireBreathing","floor":23.0},{"not_picked":["TheCursedMod:CircleOfWindfury","TheCursedMod:TroublousMinions","TheCursedMod:RavingStaff"],"picked":"TheCursedMod:CursedShiv","floor":24.0},{"not_picked":["TheCursedMod:ManaCirculation","TheCursedMod:CursedMace","TheCursedMod:AbyssShockwave"],"picked":"TheCursedMod:Stretching","floor":25.0},{"not_picked":["TheCursedMod:Stretching+1","TheCursedMod:AshesToAshes","TheCursedMod:BlessingInDisguise"],"picked":"TheCursedMod:Stigma+1","floor":27.0},{"not_picked":["TheCursedMod:CursedShiv","TheCursedMod:CursedAmulet","TheCursedMod:ReleasedKnowledge"],"picked":"TheCursedMod:LuckyCharm","floor":28.0},{"not_picked":["TheCursedMod:SoulReap+1","TheCursedMod:Torture","TheCursedMod:FleshFromBone"],"picked":"TheCursedMod:SpitefulPlan+1","floor":29.0},{"not_picked":["TheCursedMod:CursedRelics","TheCursedMod:AntiAging","TheCursedMod:StunningStrike"],"picked":"TheCursedMod:Neurasthenia","floor":33.0},{"not_picked":["TheCursedMod:CursedSpellbook+1","TheCursedMod:CursedBlade","TheCursedMod:SmokeScreen+1"],"picked":"TheCursedMod:SurpriseAttack+1","floor":35.0},{"not_picked":["TheCursedMod:CircleOfFlame","TheCursedMod:SmokeScreen+1","TheCursedMod:SpitefulStrike+1"],"picked":"TheCursedMod:CursedBlade","floor":37.0},{"not_picked":["TheCursedMod:StingEye","TheCursedMod:SpitefulStrike+1","TheCursedMod:CircleOfAmplification+1"],"picked":"TheCursedMod:Evocation+1","floor":41.0},{"not_picked":["TheCursedMod:Torture+1","TheCursedMod:CursedBoomerang+1","TheCursedMod:SaltUponWound"],"picked":"TheCursedMod:CursedAmulet+1","floor":42.0},{"not_picked":["TheCursedMod:AbyssShockwave+1","TheCursedMod:FleshFromBone","TheCursedMod:RavingStaff"],"picked":"TheCursedMod:SurpriseAttack","floor":47.0},{"not_picked":["TheCursedMod:Stigma+1","TheCursedMod:Obscuration","TheCursedMod:SpitefulStrike+1"],"picked":"TheCursedMod:VoidForm","floor":48.0},{"not_picked":["TheCursedMod:CursedBlade","TheCursedMod:FleshFromBone+1","TheCursedMod:CircleOfFlame+1"],"picked":"TheCursedMod:HellfireBreathing","floor":49.0},{"not_picked":["TheCursedMod:RapidMovement","TheCursedMod:TacticalStrike+1","TheCursedMod:Wield+1"],"picked":"TheCursedMod:WearCloak+1","floor":50.0},{"not_picked":["TheCursedMod:CursedSpellbook","TheCursedMod:CursedRelics","TheCursedMod:Stretching"],"picked":"TheCursedMod:HellfireBreathing","floor":56.0}],"player_experience":258923,"relics_obtained":[{"floor":6.0,"key":"Snack Pack"},{"floor":13.0,"key":"Odd Mushroom"},{"floor":24.0,"key":"Ice Cream"},{"floor":26.0,"key":"Pear"},{"floor":42.0,"key":"Mummified Hand"},{"floor":45.0,"key":"Replay:Multitool"},{"floor":54.0,"key":"Bottled Tornado"},{"floor":56.0,"key":"ReplayTheSpireMod:TigerMarble"}],"event_choices":[{"cards_removed":["TheCursedMod:Dregs"],"damage_healed":0.0,"max_hp_gain":0.0,"max_hp_loss":0.0,"gold_gain":0.0,"event_name":"Purifier","player_choice":"Purged","floor":2.0,"gold_loss":0.0,"damage_taken":0.0},{"damage_healed":0.0,"max_hp_gain":0.0,"max_hp_loss":0.0,"gold_gain":0.0,"event_name":"The Woman in Blue","player_choice":"Bought 2 Potions","floor":5.0,"gold_loss":0.0,"damage_taken":0.0},{"damage_healed":0.0,"max_hp_gain":0.0,"max_hp_loss":0.0,"gold_gain":0.0,"event_name":"Mushrooms","player_choice":"Fought Mushrooms","floor":13.0,"gold_loss":0.0,"damage_taken":0.0},{"damage_healed":0.0,"max_hp_gain":0.0,"max_hp_loss":0.0,"gold_gain":0.0,"event_name":"WeMeetAgain","player_choice":"Paid Gold","floor":22.0,"gold_loss":91.0,"damage_taken":0.0,"relics_obtained":["Calipers"]},{"damage_healed":0.0,"max_hp_gain":0.0,"max_hp_loss":0.0,"gold_gain":0.0,"cards_transformed":["TheCursedMod:Stretching","TheCursedMod:Strike_TheCursed"],"event_name":"Drug Dealer","player_choice":"Became Test Subject","floor":31.0,"gold_loss":0.0,"damage_taken":0.0,"cards_obtained":["TheCursedMod:Hemoplague","TheCursedMod:ManaCirculation"]},{"damage_healed":0.0,"max_hp_gain":0.0,"max_hp_loss":0.0,"gold_gain":0.0,"event_name":"Upgrade Shrine","player_choice":"Upgraded","floor":39.0,"gold_loss":0.0,"damage_taken":0.0,"cards_upgraded":["TheCursedMod:HellsGateOpen"]}],"is_beta":false,"boss_relics":[{"not_picked":["Painkiller Herb","hubris:TerracottaHorce"],"picked":"Honey Jar"},{"not_picked":["Snecko Eye","Kintsugi"],"picked":"hubris:ScarierMask"}],"items_purged_floors":[],"is_endless":false,"potions_floor_spawned":[3,6,10,16,19,23,24,28,33,35,41,42,48,56],"ascension_level":0}}