{"host":"rq7gz685gkaokql0","time":1613675270,"event":{"mods":["BaseMod","Infinite Spire","Minty Spire (QoL Compilation)","Replay The Spire","StSLib"],"gold_per_floor":[113,113,113,128,128,128,162,181,204,229,229,255,272,100,100,177,277,290,290,290,290,290,290,290],"floor_reached":23,"language":"ENG","playtime":683,"items_purged":[],"score":560,"play_id":"57757fdf-a053-4390-9a27-018df79ffd71","local_time":"20210218090750","is_ascension_mode":true,"campfire_choices":[{"data":"Barrage","floor":6,"key":"SMITH"},{"floor":11,"key":"REST"},{"floor":15,"key":"DIG"}],"circlet_count":0,"master_deck":["AscendersBane","Strike_B","Strike_B","Strike_B","Strike_B","Defend_B","Defend_B","Defend_B","Defend_B","Zap+1","Dualcast","Beam Cell","Barrage+1","Streamline","Hologram","Steam","Seek","Core Surge","BasicCrystalCard","Defragment","Buffer","Defragment","Hallucinations","Necronomicurse","Voices","ReplayTheSpireMod:Doomed","infinitespire:Execution"],"relics":["Burning Blood","Nuclear Battery","Membership Card","Nunchaku","infinitespire:DarkRift","Iron Core","Charon\u0027s Ashes","infinitespire:Chaos","Juzu Bracelet","Replay:Wanted Poster","ReplayTheSpireMod:Ring of Exchange","Ring of Hypnosis","Necronomicon","Durian"],"acts_visited":["Exordium","TheCity"],"potions_floor_usage":[16,16,23],"damage_taken":[{"damage":0,"enemies":"Small Slimes","floor":1,"turns":1},{"damage":0,"enemies":"Jaw Worm","floor":4,"turns":1},{"damage":0,"enemies":"3 Sentries","floor":7,"turns":1},{"damage":6,"enemies":"2 Louse","floor":8,"turns":3},{"damage":24,"enemies":"Replay:BlueRogue","floor":10,"turns":4},{"damage":16,"enemies":"Lagavulin","floor":12,"turns":4},{"damage":0,"enemies":"Blue Slaver","floor":13,"turns":3},{"damage":34,"enemies":"The Guardian","floor":16,"turns":9},{"damage":31,"enemies":"3 Byrds","floor":18,"turns":4},{"damage":19,"enemies":"Slavers","floor":23,"turns":3}],"seed_played":"364885132216405522","potions_obtained":[{"floor":4,"key":"Languid Potion"},{"floor":7,"key":"ColorlessPotion"},{"floor":18,"key":"Adrenaline Potion"}],"is_trial":false,"path_per_floor":["M","?","T","M","?","R","E","M","T","E","R","E","M","$","R","B",null,"M","?","?","?","T","E"],"character_chosen":"DEFECT","items_purchased":["infinitespire:Chaos"],"campfire_rested":1,"item_purchase_floors":[14],"current_hp_per_floor":[64,64,64,64,64,64,64,58,58,34,55,39,39,39,39,11,56,31,31,10,10,15,0,0],"gold":290,"neow_bonus":"THREE_ENEMY_KILL","is_daily":false,"chose_seed":false,"campfire_upgraded":1,"win_rate":0.0,"timestamp":1613675270,"path_taken":["M","?","?","M","?","R","E","M","T","E","R","E","M","$","R","BOSS","M","?","?","?","?","E"],"items_purchased_type":["Relic"],"build_version":"2020-12-22","purchased_purges":0,"victory":false,"max_hp_per_floor":[71,71,71,71,71,71,71,71,71,71,71,71,71,71,71,71,71,71,71,71,71,76,76,76],"card_choices":[{"not_picked":["ReplaySort","Turbo"],"picked":"Beam Cell","floor":1},{"not_picked":["Compile Driver","Turbo"],"picked":"Barrage","floor":4},{"not_picked":["Leap","Conserve Battery"],"picked":"Streamline","floor":7},{"not_picked":["BasicCrystalCard","Rebound"],"picked":"Hologram","floor":8},{"not_picked":["Undo","Compile Driver"],"picked":"Steam","floor":8},{"not_picked":["Crystallizer","Coolheaded"],"picked":"Seek","floor":10},{"not_picked":["BasicCrystalCard","Rebound"],"picked":"Core Surge","floor":12},{"not_picked":["Turbo","Scrape"],"picked":"BasicCrystalCard","floor":13},{"not_picked":["Coolheaded","ReplayGash"],"picked":"Defragment","floor":13},{"not_picked":["Mirror Shield","Machine Learning"],"picked":"Buffer","floor":16},{"not_picked":["Cold Snap+1","Double Energy"],"picked":"Defragment","floor":18},{"not_picked":["infinitespire:FutureSight","infinitespire:TheBestDefense"],"picked":"infinitespire:Execution","floor":21}],"player_experience":1311163,"relics_obtained":[{"floor":3,"key":"Gremlin Horn"},{"floor":7,"key":"Prayer Wheel"},{"floor":9,"key":"Art of War"},{"floor":10,"key":"infinitespire:PuzzleCube"},{"floor":12,"key":"Bag of Marbles"},{"floor":15,"key":"Juzu Bracelet"},{"floor":19,"key":"ReplayTheSpireMod:Ring of Exchange"},{"floor":19,"key":"Ring of Hypnosis"},{"floor":20,"key":"Necronomicon"},{"floor":22,"key":"Durian"}],"event_choices":[{"damage_healed":0,"gold_gain":0,"player_choice":"Grow","damage_taken":0,"max_hp_gain":0,"max_hp_loss":0,"event_name":"Living Wall","floor":2,"gold_loss":0,"cards_upgraded":["Zap"]},{"damage_healed":0,"gold_gain":0,"player_choice":"Obtained Book","damage_taken":21,"max_hp_gain":0,"max_hp_loss":0,"event_name":"Cursed Tome","floor":20,"gold_loss":0}],"is_beta":false,"boss_relics":[{"not_picked":["Velvet Choker","Sozu"],"picked":"Replay:Wanted Poster"}],"items_purged_floors":[],"is_endless":false,"potions_floor_spawned":[4,7,10,18],"killed_by":"Slavers","ascension_level":20}}