{"host":"bpdbi03e31cbjklx","time":1613611032,"event":{"mods":["BaseMod","Colored Map","Colored Powertips","Downfall","Highlight Path","Minty Spire (QoL Compilation)","StSLib","The Senshi"],"gold_per_floor":[115,127,137,137,158,158,188,188,188,188,9,27,27,54,54,184,184,209,81,115,115,149,149,171,171,171,171,171],"floor_reached":27,"language":"ENG","playtime":2855,"items_purged":["Shame"],"score":203,"play_id":"932dba6a-0f62-4692-9deb-bee31ef204e0","local_time":"20210217191712","is_ascension_mode":false,"campfire_choices":[{"data":"theSenshi:MoonPrincessHalation","floor":6,"key":"SMITH"},{"data":"theSenshi:SaturnsMystery","floor":8,"key":"SMITH"},{"data":"theSenshi:MoonPrismPowerMakeUp","floor":10,"key":"SMITH"},{"data":"theSenshi:JupitersPower","floor":15,"key":"SMITH"},{"data":"theSenshi:MoonCrisisMakeUp","floor":23,"key":"SMITH"}],"circlet_count":0,"master_deck":["theSenshi:SailorKick","theSenshi:SailorKick","theSenshi:SailorKick","theSenshi:SailorKick","theSenshi:SailorBlock","theSenshi:SailorBlock","theSenshi:SailorBlock","theSenshi:SailorBlock","theSenshi:RoseThrow","theSenshi:MoonPrismPowerMakeUp+1","theSenshi:MoonTiaraMagic","theSenshi:MoonKick","theSenshi:SailorMercuryAssists","theSenshi:SaturnsMystery+1","theSenshi:MoonPrincessHalation+1","theSenshi:UranusStrength","Apotheosis+1","CurseOfTheBell","CurseOfTheBell","theSenshi:JupitersPower+1","theSenshi:MoonHealingEscalation+1","theSenshi:SailorStarHealerAssists+1","theSenshi:SailorNeptuneAssists+1","theSenshi:TallSilhouette+1","theSenshi:MoonsReflection+1","theSenshi:SchoolBag+1","theSenshi:MoonCrisisMakeUp+1","theSenshi:MoonCosmicPowerMakeUp+1"],"relics":["theSenshi:TransformationBroochRelic","Golden Idol","Odd Mushroom","Toxic Egg 2","downfall:ExtraCursedBell","CeramicFish","Question Card","TungstenRod"],"acts_visited":["Exordium","TheCity"],"potions_floor_usage":[7,16,24],"damage_taken":[{"damage":0,"enemies":"Jaw Worm","floor":1,"turns":4},{"damage":0,"enemies":"2 Louse","floor":2,"turns":3},{"damage":0,"enemies":"Cultist","floor":3,"turns":3},{"damage":24,"enemies":"3 Louse","floor":5,"turns":3},{"damage":14,"enemies":"The Mushroom Lair","floor":7,"turns":3},{"damage":11,"enemies":"Blue Slaver","floor":14,"turns":3},{"damage":5,"enemies":"Hexaghost","floor":16,"turns":9},{"damage":5,"enemies":"3 Byrds","floor":18,"turns":7},{"damage":31,"enemies":"2 Thieves","floor":20,"turns":5},{"damage":14,"enemies":"Shelled Parasite and Fungi","floor":22,"turns":6},{"damage":29,"enemies":"Chosen and Byrds","floor":24,"turns":10},{"damage":96,"enemies":"3 Cultists","floor":27,"turns":9}],"seed_played":"-5248696423459846637","potions_obtained":[{"floor":1,"key":"AttackPotion"},{"floor":14,"key":"Weak Potion"},{"floor":22,"key":"hexamod:SoulburnPotion"}],"is_trial":false,"path_per_floor":["M","M","M","?","M","R","?","R","T","R","$","?","$","M","R","B",null,"M","$","M","$","M","R","M","?","T","M"],"character_chosen":"THE_SENSHI","items_purchased":["Apotheosis+1","theSenshi:TallSilhouette+1","theSenshi:MoonsReflection+1"],"campfire_rested":0,"item_purchase_floors":[11,19,19],"current_hp_per_floor":[75,75,75,57,43,43,39,39,39,39,39,39,39,43,43,72,75,75,75,44,44,72,72,67,67,67,0,0],"gold":171,"neow_bonus":"THREE_CARDS","is_daily":false,"chose_seed":false,"campfire_upgraded":5,"win_rate":0.0,"timestamp":1613611032,"path_taken":["M","M","M","?","M","R","?","R","T","R","$","?","?","M","R","BOSS","M","$","M","?","M","R","M","?","T","M"],"items_purchased_type":["Card","Card","Card"],"build_version":"2020-12-22","purchased_purges":1,"victory":false,"max_hp_per_floor":[75,75,75,75,75,75,75,75,75,75,75,75,75,75,75,75,75,75,75,75,75,75,75,75,75,75,75,75],"card_choices":[{"not_picked":["theSenshi:SailorV","theSenshi:SchoolBag"],"picked":"theSenshi:MoonTiaraMagic","floor":0},{"not_picked":["theSenshi:NeptunesGrace","theSenshi:MoonTiaraMagic"],"picked":"theSenshi:MoonKick","floor":1},{"not_picked":["theSenshi:SchoolBag","theSenshi:SailorChibiMoonAssists"],"picked":"theSenshi:SailorMercuryAssists","floor":2},{"not_picked":["theSenshi:MoonKick","theSenshi:SailorUranusAssists"],"picked":"theSenshi:SaturnsMystery","floor":3},{"not_picked":["theSenshi:TuxedoSmokingBomber","theSenshi:LunasBite"],"picked":"theSenshi:MoonPrincessHalation","floor":5},{"not_picked":["theSenshi:MoonTiaraMagic","theSenshi:SchoolBag"],"picked":"theSenshi:UranusStrength","floor":7},{"not_picked":["theSenshi:MoonCosmicPowerMakeUp","theSenshi:SailorStarFighterAssists","theSenshi:TuxedoSmokingBomber"],"picked":"theSenshi:MoonHealingEscalation+1","floor":14},{"not_picked":["theSenshi:WarriorOfTheMoon+1","theSenshi:ChibiMoonsLove+1","theSenshi:SailorPlutoAssists"],"picked":"theSenshi:SailorStarHealerAssists+1","floor":16},{"not_picked":["theSenshi:VenusGlamour","theSenshi:MercurysCunning","theSenshi:MoonTiaraMagic"],"picked":"theSenshi:SailorNeptuneAssists+1","floor":18},{"not_picked":["theSenshi:TuxedoSmokingBomber","theSenshi:MoonPunch","theSenshi:MoonPrincessHalation"],"picked":"theSenshi:SchoolBag+1","floor":20},{"not_picked":["theSenshi:SailorVenusAssists+1","theSenshi:SchoolBag+1","theSenshi:MoonKick"],"picked":"theSenshi:MoonCrisisMakeUp","floor":22},{"not_picked":["theSenshi:MoonPrincessHalation","theSenshi:SilverMoonCrystalPowerKiss","theSenshi:LunaWiseMentor+1"],"picked":"theSenshi:MoonCosmicPowerMakeUp+1","floor":24}],"player_experience":426222,"relics_obtained":[{"floor":7,"key":"Odd Mushroom"},{"floor":9,"key":"Toxic Egg 2"},{"floor":12,"key":"CeramicFish"},{"floor":12,"key":"Question Card"},{"floor":12,"key":"TungstenRod"}],"event_choices":[{"damage_healed":0,"gold_gain":0,"player_choice":"Take Damage","damage_taken":18,"relics_obtained":["Golden Idol"],"max_hp_gain":0,"max_hp_loss":0,"event_name":"Golden Idol","floor":4,"gold_loss":0},{"damage_healed":0,"gold_gain":0,"player_choice":"Fought Mushrooms","damage_taken":0,"max_hp_gain":0,"max_hp_loss":0,"event_name":"Mushrooms","floor":7,"gold_loss":0},{"damage_healed":0,"gold_gain":0,"player_choice":"Ignored","damage_taken":0,"max_hp_gain":0,"max_hp_loss":0,"event_name":"Vampires","floor":25,"gold_loss":0}],"is_beta":false,"boss_relics":[{"not_picked":["Snecko Eye","Velvet Choker","Fusion Hammer"]}],"items_purged_floors":[19],"is_endless":false,"potions_floor_spawned":[1,14,22],"killed_by":"3 Cultists","ascension_level":0}}