{"host":"iovigr651ajk16h5","time":1613608747,"event":{"mods":["2.2 Compatiblity","AchievementEnabler","Aspiration","BaseMod","Better Altar","Better Match","Better Note","Better Sensory Stone","Better Skull","Better Third Choice","Block Reminder","Colored Map","Ekko","Energized Spire","GifTheSpireLib","GungeonMod","Halation","Hermit","Highlight Path","Hubris","Infinite Spire","Koishi","Luminous","Marisa????????","Minty Spire (QoL Compilation)","Nova Terra(??·??)","Onozuka Komachi Mod","Permanent Neow","Prisma Mod","Quick Restart","Railgun Mod","Remilia??????","Replay The Spire","StSLib","Stuff the Spire","Td1madao Mod","The Administrix","The Bladedancer","The Bug Knight","The Construct","The Marked","TheSwordswoman","Trackpad","Waifu the Spire","WarShipGirlsR/????R mod","everything is the same but u backflip on backflip"],"gold_per_floor":[99,113,113,38,48,48,48,48],"floor_reached":7,"language":"ENG","playtime":110,"items_purged":["Strike_MRS"],"score":41,"play_id":"d7bfb321-844f-4382-960a-4dc616cc1435","local_time":"20210217193907","is_ascension_mode":false,"campfire_choices":[{"data":"EnergyRecoil","floor":6.0,"key":"SMITH"}],"circlet_count":0,"master_deck":["Strike_MRS","Strike_MRS","Strike_MRS","Defend_MRS","Defend_MRS","Defend_MRS","Defend_MRS","MasterSpark","UpSweep","EnergyRecoil+1","GalacticHalo"],"relics":["MiniHakkero","NeowsBlessing","DemoMod:GlassGuonStoneRelic"],"acts_visited":["Exordium"],"potions_floor_usage":[],"damage_taken":[{"damage":0.0,"enemies":"Jaw Worm","floor":1.0,"turns":1.0},{"damage":0.0,"enemies":"Small Slimes","floor":2.0,"turns":1.0},{"damage":0.0,"enemies":"Cultist","floor":5.0,"turns":1.0},{"damage":0,"enemies":"Lagavulin","floor":7,"turns":1}],"seed_played":"-6599758859751402105","potions_obtained":[{"floor":2.0,"key":"BottledSpark"}],"is_trial":false,"path_per_floor":["M","M","?","$","M","R","E"],"character_chosen":"MARISA","items_purchased":[],"campfire_rested":0,"item_purchase_floors":[],"current_hp_per_floor":[75,75,75,75,75,75,75,75],"gold":48,"neow_bonus":"THREE_ENEMY_KILL","is_daily":false,"chose_seed":false,"campfire_upgraded":1,"win_rate":0.0,"timestamp":1613608747,"path_taken":["M","M","?","$","M","R","E"],"items_purchased_type":[],"build_version":"2020-12-22","purchased_purges":1,"victory":false,"max_hp_per_floor":[75,75,75,75,75,75,75,75],"card_choices":[{"not_picked":["WitchLeyline","GalacticHalo"],"picked":"EnergyRecoil","floor":1.0},{"not_picked":["WitchOfGreed","Acceleration","GrandCross"],"picked":"SKIP","floor":2.0},{"not_picked":["AsteroidBelt","GravityBeat"],"picked":"GalacticHalo","floor":5.0}],"player_experience":357647,"relics_obtained":[],"event_choices":[],"is_beta":false,"boss_relics":[],"items_purged_floors":[4],"is_endless":false,"potions_floor_spawned":[2],"killed_by":"Lagavulin","ascension_level":0}}