{"host":"6dypmz777xraikqf","time":1613611948,"event":{"mods":["AchievementEnabler","BaseMod","BetterRewards","Colored Map","Colored Powertips","Downfall","Highlight Path","Hubris","Infinite Spire","Minty Spire (QoL Compilation)","Replay The Spire","StSLib"],"gold_per_floor":[111,129,140,160,335,335,335],"floor_reached":6,"language":"ENG","playtime":320,"items_purged":[],"score":61,"play_id":"2887bbbe-7747-45f0-b2bf-182d550fe07e","local_time":"20210218013228","is_ascension_mode":true,"campfire_choices":[],"circlet_count":0,"master_deck":["AscendersBane","Strike_G","Strike_G","Strike_G","Strike_G","Strike_G","Defend_G","Defend_G","Defend_G","Defend_G","Defend_G","Survivor","Neutralize","ReplayTheSpireMod:Shiv Toss","Accuracy","Blade Dance","Doubt"],"relics":["Philosopher\u0027s Stone"],"acts_visited":["Exordium"],"potions_floor_usage":[6,6],"damage_taken":[{"damage":8,"enemies":"Small Slimes","floor":1,"turns":4},{"damage":0,"enemies":"2 Louse","floor":2,"turns":4},{"damage":13,"enemies":"Cultist","floor":3,"turns":6},{"damage":13,"enemies":"Gremlin Gang","floor":4,"turns":6},{"damage":38,"enemies":"Gremlin Nob","floor":6,"turns":4}],"seed_played":"-4149030776073503961","potions_obtained":[{"floor":1,"key":"Energy Potion"},{"floor":3,"key":"Doom Potion"},{"floor":4,"key":"champ:CounterPotion"}],"is_trial":false,"path_per_floor":["M","M","M","M","?","E"],"character_chosen":"THE_SILENT","items_purchased":[],"campfire_rested":0,"item_purchase_floors":[],"current_hp_per_floor":[55,55,42,29,29,0,0],"gold":335,"neow_bonus":"BOSS_RELIC","is_daily":false,"chose_seed":false,"campfire_upgraded":0,"win_rate":0.0,"timestamp":1613611948,"path_taken":["M","M","M","M","?","E"],"items_purchased_type":[],"build_version":"2020-12-22","purchased_purges":0,"victory":false,"max_hp_per_floor":[70,70,70,70,70,70,70],"card_choices":[{"not_picked":["hubris:SlightOfHand","Acrobatics"],"picked":"ReplayTheSpireMod:Shiv Toss","floor":1},{"not_picked":["Choke","hubris:Sniper"],"picked":"Accuracy","floor":2},{"not_picked":["Dodge and Roll","Deadly Poison"],"picked":"Blade Dance","floor":3},{"not_picked":["Bane","Heel Hook","Flying Knee"],"picked":"SKIP","floor":4}],"player_experience":255201,"relics_obtained":[],"event_choices":[{"damage_healed":0,"gold_gain":175,"player_choice":"AGREE","damage_taken":0,"max_hp_gain":0,"max_hp_loss":0,"event_name":"Liars Game","floor":5,"gold_loss":0,"cards_obtained":["Doubt"]}],"is_beta":false,"boss_relics":[],"items_purged_floors":[],"is_endless":false,"potions_floor_spawned":[1,3,4],"killed_by":"Gremlin Nob","ascension_level":12}}