{"host":"nwtxriuk34b069je","time":1613615527,"event":{"mods":["AchievementEnabler","BaseMod","Better Skull","Colored Map","Colored Powertips","Hermit","Minty Spire (QoL Compilation)","Relic Stats","StSLib"],"gold_per_floor":[110,110,110,125,125,125,125,142,165,165,182,16,33,20,20,115,115,133,133,53,53,53,78,78,91,91,91,104,124,46,46,46],"floor_reached":31,"language":"ENG","playtime":1433,"items_purged":[],"score":343,"play_id":"58711c42-7c25-42f3-a1ca-042a4d72abf5","local_time":"20210217203207","is_ascension_mode":false,"campfire_choices":[{"data":"Skewer","floor":6,"key":"SMITH"},{"floor":10,"key":"REST"},{"floor":15,"key":"REST"},{"floor":24,"key":"REST"}],"circlet_count":0,"master_deck":["Strike_G","Strike_G","Strike_G","Defend_G","Defend_G","Survivor","Neutralize","Skewer+1","Deflect","Unload","Caltrops","Deadly Poison","Blur","Dagger Spray","Burst","CurseOfTheBell","Dodge and Roll","Footwork","Catalyst+1","Venomology","Finisher","Bullet Time"],"relics":["Ring of the Snake","Tiny Chest","Membership Card","Calling Bell","Juzu Bracelet","Letter Opener","FossilizedHelix","InkBottle","Pantograph","Paper Crane","Blood Vial"],"acts_visited":["Exordium","TheCity"],"potions_floor_usage":[25,28,29,31,31,31,31],"damage_taken":[{"damage":14,"enemies":"Jaw Worm","floor":1,"turns":4},{"damage":0,"enemies":"Cultist","floor":4,"turns":3},{"damage":0,"enemies":"2 Louse","floor":8,"turns":1},{"damage":16,"enemies":"Exordium Wildlife","floor":11,"turns":4},{"damage":3,"enemies":"Red Slaver","floor":13,"turns":4},{"damage":51,"enemies":"The Guardian","floor":16,"turns":11},{"damage":19,"enemies":"Shell Parasite","floor":18,"turns":8},{"damage":28,"enemies":"Gremlin Leader","floor":23,"turns":7},{"damage":0,"enemies":"3 Byrds","floor":25,"turns":5},{"damage":0,"enemies":"Cultist and Chosen","floor":28,"turns":5},{"damage":40,"enemies":"Sentry and Sphere","floor":29,"turns":10},{"damage":9,"enemies":"Centurion and Healer","floor":31,"turns":8}],"seed_played":"-1234725439384693306","potions_obtained":[{"floor":11,"key":"DuplicationPotion"},{"floor":16,"key":"Block Potion"},{"floor":28,"key":"Block Potion"},{"floor":29,"key":"Block Potion"}],"is_trial":true,"path_per_floor":["M","?","$","M","?","R","?","M","T","R","M","$","M","$","R","B",null,"M","?","$","T","?","E","R","M","T","?","M","M","$","M"],"character_chosen":"THE_SILENT","items_purchased":["Membership Card","Blur","Dagger Spray","Footwork","Catalyst","Blood Vial"],"campfire_rested":3,"item_purchase_floors":[12,12,14,20,20,30],"current_hp_per_floor":[56,56,56,56,56,56,49,49,49,70,54,54,51,51,70,19,70,51,51,51,51,51,23,44,44,44,44,44,4,4,0,0],"gold":46,"neow_bonus":"","is_daily":false,"chose_seed":false,"campfire_upgraded":1,"win_rate":0.0,"timestamp":1613615527,"path_taken":["M","?","$","?","?","R","?","?","T","R","M","$","M","?","R","BOSS","M","?","?","?","?","E","R","M","T","?","M","M","$","M"],"items_purchased_type":["Relic","Card","Card","Card","Card","Relic"],"build_version":"2020-12-22","purchased_purges":0,"victory":false,"max_hp_per_floor":[70,70,70,70,70,70,70,70,70,70,70,70,70,70,70,70,70,70,70,70,70,70,70,70,70,70,70,70,70,70,70,70],"relic_stats":{"Blood Vial":2,"counters":[12,70],"Pantograph":0,"Tiny Chest":1,"Juzu Bracelet":1,"Letter Opener":[128],"obtain_stats":[{"Calling Bell":17,"Blood Vial":30,"Pantograph":23,"Tiny Chest":9,"Juzu Bracelet":17,"Membership Card":12,"Letter Opener":17,"Paper Crane":26,"FossilizedHelix":17,"InkBottle":21,"Ring of the Snake":0},{"Calling Bell":6,"Blood Vial":11,"Pantograph":8,"Tiny Chest":3,"Juzu Bracelet":6,"Membership Card":4,"Letter Opener":6,"Paper Crane":9,"FossilizedHelix":6,"InkBottle":7,"Ring of the Snake":0},{"Calling Bell":27,"Blood Vial":62,"Pantograph":42,"Tiny Chest":8,"Juzu Bracelet":27,"Membership Card":12,"Letter Opener":27,"Paper Crane":47,"FossilizedHelix":27,"InkBottle":35,"Ring of the Snake":0}],"InkBottle":[10],"Ring of the Snake":[24]},"card_choices":[{"not_picked":["Dagger Throw","Tactician","Reflex"],"picked":"SKIP","floor":1},{"not_picked":["Quick Slash","Cloak And Dagger"],"picked":"Deflect","floor":4},{"not_picked":["Endless Agony","Slice"],"picked":"Caltrops","floor":8},{"not_picked":["Flying Knee","Concentrate"],"picked":"Deadly Poison","floor":11},{"not_picked":["Acrobatics","Malaise","All Out Attack"],"picked":"SKIP","floor":13},{"not_picked":["Die Die Die","Malaise"],"picked":"Burst","floor":16},{"not_picked":["Expertise","Underhanded Strike"],"picked":"Dodge and Roll","floor":18},{"not_picked":["Heel Hook","Flechettes"],"picked":"Bullet Time","floor":23},{"not_picked":["PiercingWail","Dagger Spray","Acrobatics"],"picked":"SKIP","floor":25},{"not_picked":["Choke+1","Deflect","Predator"],"picked":"SKIP","floor":28},{"not_picked":["Dagger Throw+1","Dodge and Roll","Dagger Spray+1"],"picked":"SKIP","floor":29}],"player_experience":552662,"relics_obtained":[{"floor":9,"key":"Tiny Chest"},{"floor":17,"key":"Juzu Bracelet"},{"floor":17,"key":"Letter Opener"},{"floor":17,"key":"FossilizedHelix"},{"floor":21,"key":"InkBottle"},{"floor":23,"key":"Pantograph"},{"floor":26,"key":"Paper Crane"}],"event_choices":[{"damage_healed":0,"gold_gain":0,"cards_transformed":["Defend_G"],"player_choice":"Transformed","damage_taken":0,"max_hp_gain":0,"max_hp_loss":0,"event_name":"Transmorgrifier","floor":2,"gold_loss":0,"cards_obtained":["Skewer"]},{"damage_healed":0,"gold_gain":0,"cards_transformed":["Strike_G"],"player_choice":"Change","damage_taken":0,"max_hp_gain":0,"max_hp_loss":0,"event_name":"Living Wall","floor":5,"gold_loss":0,"cards_obtained":["Unload"]},{"cards_removed":["Defend_G"],"damage_healed":0,"gold_gain":0,"player_choice":"Card Removal","damage_taken":7,"max_hp_gain":0,"max_hp_loss":0,"event_name":"Golden Wing","floor":7,"gold_loss":0},{"damage_healed":0,"gold_gain":0,"player_choice":"Ignored","damage_taken":0,"max_hp_gain":0,"max_hp_loss":0,"event_name":"The Mausoleum","floor":19,"gold_loss":0},{"damage_healed":0,"gold_gain":0,"cards_transformed":["Strike_G","Defend_G"],"player_choice":"Became Test Subject","damage_taken":0,"max_hp_gain":0,"max_hp_loss":0,"event_name":"Drug Dealer","floor":22,"gold_loss":0,"cards_obtained":["Venomology","Finisher"]},{"damage_healed":0,"gold_gain":0,"player_choice":"Forge","damage_taken":0,"max_hp_gain":0,"max_hp_loss":0,"event_name":"Accursed Blacksmith","floor":27,"gold_loss":0,"cards_upgraded":["Catalyst"]}],"is_beta":false,"boss_relics":[{"not_picked":["Pandora\u0027s Box","Philosopher\u0027s Stone"],"picked":"Calling Bell"}],"items_purged_floors":[],"is_endless":true,"potions_floor_spawned":[11,16,25,28,29],"killed_by":"Centurion and Healer","ascension_level":0}}