{"host":"ri3iqcpofaok1cy6","time":1613657485,"event":{"mods":["BaseMod","Minty Spire (QoL Compilation)","Replay The Spire","StSLib"],"gold_per_floor":[118,136,136,136,32,32,32,32,68,68,91,105,123,123,147,147,147],"floor_reached":16,"language":"ZHS","playtime":292,"items_purged":["Strike_R"],"score":250,"play_id":"50b6ba75-df27-4a61-a0bc-a3167d7f104d","local_time":"20210218221125","is_ascension_mode":true,"campfire_choices":[{"data":"Body Slam","floor":8,"key":"SMITH"},{"data":"Shockwave","floor":10,"key":"SMITH"},{"data":"ReplayTheSpireMod:Stacked","floor":14,"key":"SMITH"}],"circlet_count":0,"master_deck":["AscendersBane","Strike_R","Strike_R","Strike_R","Defend_R","Defend_R","Defend_R","Defend_R","Bash","ReplayTheSpireMod:Stacked+1","Body Slam+1","Shockwave+1"],"relics":["Burning Blood","NeowsBlessing","Golden Idol","Pondfish Scales","Pen Nib"],"acts_visited":["Exordium"],"potions_floor_usage":[],"damage_taken":[{"damage":0,"enemies":"2 Louse","floor":1,"turns":1},{"damage":0,"enemies":"Small Slimes","floor":2,"turns":1},{"damage":0,"enemies":"Gremlin Nob","floor":9,"turns":1},{"damage":2,"enemies":"Jaw Worm","floor":12,"turns":3},{"damage":13,"enemies":"Exordium Thugs","floor":13,"turns":5},{"damage":2,"enemies":"2 Fungi Beasts","floor":15,"turns":4},{"damage":52,"enemies":"3 Sentries","floor":16,"turns":8}],"seed_played":"-5268252900670798107","potions_obtained":[{"floor":1,"key":"SpeedPotion"},{"floor":9,"key":"Elixir"}],"is_trial":false,"path_per_floor":["M","M","?","?","$","PTL","PTL","R","E","R","T","M","M","R","M","E"],"character_chosen":"IRONCLAD","items_purchased":["Body Slam"],"campfire_rested":0,"item_purchase_floors":[5],"current_hp_per_floor":[74,75,68,42,42,42,42,42,48,48,48,52,45,45,49,0,0],"gold":147,"neow_bonus":"THREE_ENEMY_KILL","is_daily":false,"chose_seed":false,"campfire_upgraded":3,"win_rate":0.0,"timestamp":1613657485,"path_taken":["M","M","?","?","?","PTL","PTL","R","E","R","T","M","?","R","M","E"],"items_purchased_type":["Card"],"build_version":"2020-12-22","purchased_purges":1,"victory":false,"max_hp_per_floor":[75,75,75,75,75,75,75,75,75,75,75,75,75,75,75,75,75],"card_choices":[{"not_picked":["ReplayTheSpireMod:Limb From Limb","Massacre","Anger"],"picked":"SKIP","floor":1},{"not_picked":["Flex","Warcry"],"picked":"ReplayTheSpireMod:Stacked","floor":2},{"not_picked":["Seeing Red","Life Link"],"picked":"Shockwave","floor":9},{"not_picked":["Twin Strike","Run Through","Sword Boomerang"],"picked":"SKIP","floor":12},{"not_picked":["Perfected Strike","Havoc","Anger"],"picked":"SKIP","floor":13},{"not_picked":["Life Link","Iron Wave","Clothesline"],"picked":"SKIP","floor":15}],"player_experience":1123089,"relics_obtained":[{"floor":9,"key":"Pondfish Scales"},{"floor":11,"key":"Pen Nib"}],"event_choices":[{"cards_removed":["Strike_R"],"damage_healed":0,"gold_gain":0,"player_choice":"Card Removal","damage_taken":7,"max_hp_gain":0,"max_hp_loss":0,"event_name":"Golden Wing","floor":3,"gold_loss":0},{"damage_healed":0,"gold_gain":0,"player_choice":"Take Damage","damage_taken":26,"relics_obtained":["Golden Idol"],"max_hp_gain":0,"max_hp_loss":0,"event_name":"Golden Idol","floor":4,"gold_loss":0}],"is_beta":false,"boss_relics":[],"items_purged_floors":[5],"is_endless":false,"potions_floor_spawned":[1,9,15],"killed_by":"3 Sentries","ascension_level":20}}