{"host":"y2ptgajoxt8nh64w","time":1613640268,"event":{"mods":["AchievementEnabler","Act Like it!","BaseMod","Colored Map","Colored Powertips","Friendly Minions","GifTheSpireLib","Highlight Path","Minty Spire (QoL Compilation)","Quick Restart","Rare Cards Sparkle","StSLib"],"gold_per_floor":[116,116,90,105,118,153,153,172,198,198,213,213,25,0,0,0,0],"floor_reached":16,"language":"ZHS","playtime":903,"items_purged":[],"score":100,"play_id":"30c3bd17-e83d-4441-99c8-69a8f009497e","local_time":"20210218172428","is_ascension_mode":false,"campfire_choices":[{"floor":15,"key":"REST"}],"circlet_count":0,"master_deck":["Strike_R","Strike_R","Strike_R","Strike_R+1","Defend_R","Defend_R","Defend_R+1","Defend_R","Bash","Cleave","Flex","Searing Blow","True Grit","Iron Wave","Perfected Strike","Finesse","Armaments"],"relics":["Burning Blood","Juzu Bracelet","Regal Pillow"],"acts_visited":["Exordium"],"potions_floor_usage":[11,11,16],"damage_taken":[{"damage":9,"enemies":"2 Louse","floor":1,"turns":3},{"damage":8,"enemies":"Small Slimes","floor":4,"turns":2},{"damage":4,"enemies":"Jaw Worm","floor":5,"turns":5},{"damage":43,"enemies":"3 Sentries","floor":6,"turns":8},{"damage":16,"enemies":"Large Slime","floor":8,"turns":7},{"damage":0,"enemies":"Red Slaver","floor":11,"turns":2},{"damage":7,"enemies":"Looter","floor":14,"turns":4},{"damage":57,"enemies":"The Guardian","floor":16,"turns":8}],"seed_played":"-2850762771086696955","potions_obtained":[{"floor":1,"key":"Block Potion"},{"floor":5,"key":"SteroidPotion"}],"is_trial":false,"path_per_floor":["M","?","$","M","M","E","?","M","T","?","M","?","$","M","R","B"],"character_chosen":"IRONCLAD","items_purchased":["Flex","Energy Potion","Finesse","Armaments"],"campfire_rested":1,"item_purchase_floors":[3,13,13,13],"current_hp_per_floor":[77,70,70,68,70,33,33,23,23,7,13,18,18,17,57,0,0],"gold":0,"neow_bonus":"","is_daily":false,"chose_seed":false,"campfire_upgraded":0,"win_rate":0.0,"timestamp":1613640268,"path_taken":["M","?","$","M","M","E","?","M","T","?","M","?","?","M","R","BOSS"],"items_purchased_type":["Card","Potion","Card","Card"],"build_version":"2020-12-22","purchased_purges":0,"victory":false,"max_hp_per_floor":[80,80,80,80,80,80,80,80,80,80,80,85,85,85,85,85,85],"card_choices":[{"not_picked":["Combust","Clothesline"],"picked":"Cleave","floor":1},{"not_picked":["Sword Boomerang","Anger","Warcry"],"picked":"SKIP","floor":4},{"not_picked":["Hemokinesis","Thunderclap"],"picked":"Searing Blow","floor":5},{"not_picked":["Sword Boomerang","Sever Soul"],"picked":"True Grit","floor":6},{"not_picked":["Ghostly Armor","Twin Strike"],"picked":"Iron Wave","floor":8},{"not_picked":["Feel No Pain","Cleave"],"picked":"Perfected Strike","floor":11},{"not_picked":["Feel No Pain","Carnage","Warcry"],"picked":"SKIP","floor":14}],"player_experience":0,"relics_obtained":[{"floor":6,"key":"Juzu Bracelet"},{"floor":9,"key":"Regal Pillow"}],"event_choices":[{"cards_removed":["Strike_R"],"damage_healed":0,"gold_gain":0,"player_choice":"Card Removal","damage_taken":7,"max_hp_gain":0,"max_hp_loss":0,"event_name":"Golden Wing","floor":2,"gold_loss":0},{"damage_healed":0,"gold_gain":0,"player_choice":"Ignored","damage_taken":0,"max_hp_gain":0,"max_hp_loss":0,"event_name":"Golden Idol","floor":7,"gold_loss":0},{"damage_healed":0,"gold_gain":0,"player_choice":"Entered Light","damage_taken":16,"max_hp_gain":0,"max_hp_loss":0,"event_name":"Shining Light","floor":10,"gold_loss":0,"cards_upgraded":["Defend_R","Strike_R"]},{"damage_healed":0,"gold_gain":0,"player_choice":"Donut","damage_taken":0,"max_hp_gain":5,"max_hp_loss":0,"event_name":"Big Fish","floor":12,"gold_loss":0}],"is_beta":false,"boss_relics":[],"items_purged_floors":[],"is_endless":false,"potions_floor_spawned":[1,5],"killed_by":"The Guardian","ascension_level":0}}