{"host":"yml0ux6c8lqydjlc","time":1613681579,"event":{"mods":["Aspiration","BaseMod","Conspire","Downfall","Hermit","Jedi Mod","Minty Spire (QoL Compilation)","Robot Space Explorer","StSLib"],"gold_per_floor":[111,111,127,0,13,13,33,53,78,78,97,125,145,45,45,141,141,160,176,176,176],"floor_reached":20,"language":"ENG","playtime":1563,"items_purged":["Strike_B","Defend_B"],"score":178,"play_id":"9f1431f3-4dae-474c-a9a0-5f6b057d9e86","local_time":"20210218155259","is_ascension_mode":false,"campfire_choices":[{"data":"Zap","floor":6.0,"key":"SMITH"},{"floor":10.0,"key":"REST"},{"floor":15,"key":"REST"}],"circlet_count":0,"master_deck":["Strike_B","Strike_B","Defend_B","Defend_B","Defend_B","Zap+1","Dualcast","Beam Cell","Rip and Tear","Ball Lightning","Cold Snap","Darkness","FTL","Hologram","Conserve Battery","Capacitor","Fusion","Rainbow","Redo","Streamline"],"relics":["Cracked Core","aspiration:Nostalgia","sneckomod:SneckoSoul","Blood Vial","Darkstone Periapt","Inserter"],"acts_visited":["Exordium","TheCity"],"potions_floor_usage":[16,16],"damage_taken":[{"damage":8.0,"enemies":"2 Louse","floor":1.0,"turns":4.0},{"damage":0.0,"enemies":"Cultist","floor":3.0,"turns":2.0},{"damage":0.0,"enemies":"Jaw Worm","floor":5.0,"turns":3.0},{"damage":26.0,"enemies":"Gremlin Gang","floor":7.0,"turns":4.0},{"damage":13.0,"enemies":"Lots of Slimes","floor":8.0,"turns":3.0},{"damage":9.0,"enemies":"Large Slime","floor":11.0,"turns":5.0},{"damage":23,"enemies":"3 Sentries","floor":12,"turns":6},{"damage":7,"enemies":"Blue Slaver","floor":13,"turns":4},{"damage":30,"enemies":"The Guardian","floor":16,"turns":8},{"damage":35,"enemies":"Shell Parasite","floor":18,"turns":5},{"damage":24,"enemies":"3 Byrds","floor":19,"turns":6},{"damage":24,"enemies":"Centurion and Healer","floor":20,"turns":2}],"seed_played":"-1054472396201711662","potions_obtained":[{"floor":5.0,"key":"jedi:coolantleak"},{"floor":8.0,"key":"Ancient Potion"},{"floor":12,"key":"SteroidPotion"},{"floor":13,"key":"DistilledChaos"},{"floor":16,"key":"LiquidMemories"},{"floor":19,"key":"Dexterity Potion"}],"is_trial":false,"path_per_floor":["M","?","M","$","M","R","M","M","T","R","M","E","M","$","R","B",null,"M","M","M"],"character_chosen":"DEFECT","items_purchased":["Cold Snap"],"campfire_rested":2,"item_purchase_floors":[4],"current_hp_per_floor":[67,67,67,67,67,67,41,28,28,50,43,22,17,17,39,11,75,40,18,0,0],"gold":176,"neow_bonus":"NOSTALGIA","is_daily":false,"chose_seed":false,"campfire_upgraded":1,"win_rate":0.0,"timestamp":1613681579,"path_taken":["M","?","M","$","M","R","M","?","T","R","M","E","M","?","R","BOSS","M","?","M"],"items_purchased_type":["Card"],"build_version":"2020-12-22","purchased_purges":2,"victory":false,"max_hp_per_floor":[75,75,75,75,75,75,75,75,75,75,75,75,75,75,75,75,75,75,75,75,75],"card_choices":[{"not_picked":["Gash","Turbo"],"picked":"Beam Cell","floor":1.0},{"not_picked":["Aggregate","Stack"],"picked":"Ball Lightning","floor":3.0},{"not_picked":["BootSequence","jedi:blockon"],"picked":"Darkness","floor":5.0},{"not_picked":["jedi:BurstLightning","Sweeping Beam"],"picked":"FTL","floor":7.0},{"not_picked":["Steam Power","Go for the Eyes"],"picked":"Hologram","floor":8.0},{"not_picked":["Leap","Thunder Strike"],"picked":"Conserve Battery","floor":11},{"not_picked":["Undo","aspiration:Polymerization"],"picked":"Capacitor","floor":12},{"not_picked":["Gash","jedi:blockon"],"picked":"Fusion","floor":13},{"not_picked":["Machine Learning","Seek"],"picked":"Rainbow","floor":16},{"not_picked":["jedi:BurstFrost","BootSequence"],"picked":"Redo","floor":18},{"not_picked":["jedi:overflow+1","jedi:BurstLightning"],"picked":"Streamline","floor":19}],"player_experience":118990,"relics_obtained":[{"floor":9.0,"key":"Blood Vial"},{"floor":12,"key":"Darkstone Periapt"}],"event_choices":[{"damage_healed":0.0,"max_hp_gain":0.0,"max_hp_loss":0.0,"gold_gain":0.0,"cards_transformed":["Strike_B"],"event_name":"Transmorgrifier","player_choice":"Transformed","floor":2.0,"gold_loss":0.0,"damage_taken":0.0,"cards_obtained":["Rip and Tear"]}],"is_beta":false,"boss_relics":[{"not_picked":["Philosopher\u0027s Stone","Sozu"],"picked":"Inserter"}],"items_purged_floors":[4,14],"is_endless":false,"potions_floor_spawned":[5,8,12,13,16,19],"killed_by":"Centurion and Healer","ascension_level":0}}