{"host":"i391n33tccqevi90","time":1613685001,"event":{"mods":["2.2 Compatiblity","AchievementEnabler","AlwaysNeverKeys","BaseMod","Better Third Choice","Conspire","Emptier Cage","Filter the Spire","Good Game Mod","Grow up Mod","Hubris","Minty Spire (QoL Compilation)","Remove Card Discount Mod","Replay The Spire","Spicy Shops","StSLib"],"gold_per_floor":[366,28,64,77,89,121,121,139,139,170,187,262,296,312,312,409,409,433,40,56,69,69,69,88,120,120,120,146,146,146,166,166,264,264,279,298,298,298,316,346,358,369,369,18,52,63,77,103,103,103,103,103,23,49,49],"floor_reached":56,"language":"ENG","playtime":13896,"items_purged":["Strike_B","Decay","hubris:Defend_Merchant","Defend_B","Strike_B","hubris:MerchantsHand","Strike_B","Defend_B","Dualcast","Pot Of Greed","Parasite"],"score":1974,"play_id":"1f613399-9055-4689-a42f-1473ff00c2a5","local_time":"20210218155001","is_ascension_mode":true,"campfire_choices":[{"floor":7.0,"key":"REST"},{"floor":15.0,"key":"REST"},{"floor":23.0,"key":"REST"},{"data":"Echo Form","floor":32.0,"key":"SMITH"},{"data":"Static Discharge","floor":52,"key":"SMITH"},{"data":"Consume","floor":52,"key":"SMITH"}],"circlet_count":0,"master_deck":["Strike_B+1","Defend_B+1","Echo Form","ReplayTheSpireMod:System Scan","Pot Of Greed","Pot Of Greed","Static Discharge+1","Consume+1","FIFO Queue","Machine Learning","Coolheaded","Multi-Cast","Lockon+1","ReplayTheSpireMod:Reroute Power+1","Echo Form+1","Pot Of Greed","Go for the Eyes","Thunder Strike+1","CurseOfTheBell","ReplayTheSpireMod:Dual Polarity","ReplayTheSpireMod:GoodbyeWorld","Leap+1","Static Discharge+1","White Noise","Turbo","Reboot","Cold Snap","Echo Form","Storm+1","Storm","Replay:Bootleg Shield Generator","BootSequence+1","Turbo+1","Turbo+1","Turbo","Turbo","Double Energy+1","Heatsinks","Hologram+1","Pot Of Greed"],"relics":["Cracked Core","REME:ComplimentaryCards","Geode","Grinning Jar","Simple Rune","hubris:GlazedTorus","Replay:Accelerometer","MealTicket","Dream Catcher","Calling Bell","MawBank","conspire:BottledYoYo","CaptainsWheel","Membership Card","FossilizedHelix","Mercury Hourglass","Question Card","Blue Doll","hubris:Towel","ReplayTheSpireMod:TigerMarble","hubris:TenFootPole","hubris:Backtick","Ice Cream","conspire:Dentures","hubris:DeckOfHolding","Orichalcum","hubris:EmptyBottle","conspire:DeflatedDodgeball","Sling","Replay:Arrowhead","Whetstone","hubris:BallOfYels","Pocketwatch"],"acts_visited":["Exordium","TheCity","TheBeyond","TheEnding"],"potions_floor_usage":[33,40,50,54,55,55,55,55],"damage_taken":[{"damage":11.0,"enemies":"Cultist","floor":1.0,"turns":4.0},{"damage":24.0,"enemies":"conspire:MimicChest","floor":3.0,"turns":4.0},{"damage":14.0,"enemies":"Small Slimes","floor":4.0,"turns":3.0},{"damage":12.0,"enemies":"Jaw Worm","floor":5.0,"turns":3.0},{"damage":39.0,"enemies":"3 Sentries","floor":6.0,"turns":6.0},{"damage":26.0,"enemies":"Large Slime","floor":8.0,"turns":4.0},{"damage":20.0,"enemies":"Lagavulin","floor":10.0,"turns":7.0},{"damage":9.0,"enemies":"Red Slaver","floor":11.0,"turns":2.0},{"damage":46.0,"enemies":"Gremlin Nob","floor":13.0,"turns":5.0},{"damage":6.0,"enemies":"Exordium Wildlife","floor":14.0,"turns":4.0},{"damage":127.0,"enemies":"Fading Forest","floor":16.0,"turns":11.0},{"damage":26.0,"enemies":"Spheric Guardian","floor":18.0,"turns":5.0},{"damage":26.0,"enemies":"Chosen","floor":20.0,"turns":6.0},{"damage":23.0,"enemies":"Centurion and Healer","floor":21.0,"turns":7.0},{"damage":7.0,"enemies":"conspire:HollyBat","floor":24.0,"turns":8.0},{"damage":57.0,"enemies":"Slavers","floor":25.0,"turns":5.0},{"damage":38.0,"enemies":"Replay:Snechameleon","floor":28.0,"turns":6.0},{"damage":26.0,"enemies":"Cultist and Chosen","floor":31.0,"turns":5.0},{"damage":46,"enemies":"Pondfish","floor":33,"turns":7},{"damage":10,"enemies":"Orb Walker","floor":35,"turns":5},{"damage":35,"enemies":"3 Darklings","floor":36,"turns":4},{"damage":29,"enemies":"Spire Growth","floor":39,"turns":4},{"damage":66,"enemies":"Reptomancer","floor":40,"turns":4},{"damage":43,"enemies":"Jaw Worm Horde","floor":41,"turns":4},{"damage":4,"enemies":"Maw","floor":42,"turns":5},{"damage":0,"enemies":"R_Hoarder","floor":45,"turns":6},{"damage":68,"enemies":"Transient","floor":46,"turns":5},{"damage":6,"enemies":"Writhing Mass","floor":47,"turns":5},{"damage":0,"enemies":"Giant Head","floor":48,"turns":6},{"damage":36,"enemies":"Donu and Deca","floor":50,"turns":6},{"damage":47,"enemies":"Shield and Spear","floor":54,"turns":5},{"damage":79,"enemies":"The Heart","floor":55,"turns":5}],"seed_played":"-2920452958181582079","potions_obtained":[{"floor":4.0,"key":"Swift Potion"},{"floor":5.0,"key":"Venom Potion"},{"floor":6.0,"key":"ColorlessPotion"},{"floor":10.0,"key":"BlessingOfTheForge"},{"floor":14.0,"key":"SkillPotion"},{"floor":20.0,"key":"Block Potion"},{"floor":24.0,"key":"SkillPotion"},{"floor":25.0,"key":"Reflective Coating"},{"floor":28.0,"key":"LiquidBronze"},{"floor":31.0,"key":"LiquidBronze"},{"floor":35,"key":"DuplicationPotion"},{"floor":40,"key":"SpeedPotion"},{"floor":45,"key":"PowerPotion"}],"is_trial":false,"path_per_floor":["M","$","?","M","M","E","R","M","T","E","M","?","E","M","R","B",null,"M","$","M","M","?","R","M","E","T","?","E","?","?","M","R","B",null,"M","M","?","?","M","E","M","M","T","$","E","M","M","E","R","B",null,"R","$","E","B",null],"character_chosen":"DEFECT","items_purchased":["Geode","Grinning Jar","Static Discharge","Consume","Membership Card","FossilizedHelix","ReplayTheSpireMod:GoodbyeWorld","Mercury Hourglass","Orichalcum","hubris:EmptyBottle","conspire:DeflatedDodgeball","Sling","hubris:BallOfYels"],"campfire_rested":3,"item_purchase_floors":[2,2,2,2,19,19,19,19,44,44,44,44,53],"current_hp_per_floor":[77,87,73,69,67,38,91,75,85,75,76,75,39,43,120,21,199,183,208,192,179,189,290,293,246,256,266,238,368,378,362,372,336,405,405,380,390,400,381,325,292,298,308,333,343,285,289,299,478,452,562,572,597,561,492],"gold":49,"neow_bonus":"TWO_FIFTY_GOLD","is_daily":false,"chose_seed":false,"campfire_upgraded":3,"win_rate":0.0,"timestamp":1613685001,"path_taken":["M","$","?","M","M","E","R","M","T","E","M","?","E","M","R","BOSS","M","$","M","M","?","R","?","E","T","?","E","?","?","M","R","BOSS","M","M","?","?","M","E","M","M","T","$","E","?","M","E","R","BOSS","R","$","E","BOSS"],"items_purchased_type":["Relic","Relic","Card","Card","Relic","Relic","Card","Relic","Relic","Relic","Relic","Relic","Relic"],"build_version":"2020-12-22","purchased_purges":11,"victory":true,"max_hp_per_floor":[95,105,115,125,135,145,155,165,175,185,195,205,215,225,235,245,255,265,275,285,295,305,315,325,335,345,355,365,375,385,395,405,415,425,435,445,455,465,475,485,495,505,515,525,535,545,555,565,575,585,595,605,612,623,633],"card_choices":[{"not_picked":["Heatsinks","Conserve Battery"],"picked":"ReplayTheSpireMod:System Scan","floor":1.0},{"not_picked":["Cold Snap","Sunder"],"picked":"FIFO Queue","floor":3.0},{"not_picked":["Aggregate","Barrage"],"picked":"Machine Learning","floor":4.0},{"not_picked":["Heatsinks","Sunder"],"picked":"Coolheaded","floor":5.0},{"not_picked":["Chill","Redo"],"picked":"Multi-Cast","floor":6.0},{"not_picked":["Coolheaded","Gash"],"picked":"Lockon","floor":8.0},{"not_picked":["conspire:Rain","Reprogram"],"picked":"ReplayTheSpireMod:Reroute Power","floor":10.0},{"not_picked":["conspire:SharedLibrary","Beam Cell","Heatsinks"],"picked":"SKIP","floor":11.0},{"not_picked":["Panic Button","Conserve Battery"],"picked":"Echo Form","floor":13.0},{"not_picked":["Beam Cell","ReplaySolidLightProjector"],"picked":"Go for the Eyes","floor":14.0},{"not_picked":["Reboot","Multi-Cast"],"picked":"Thunder Strike","floor":16.0},{"not_picked":["ReplayTheSpireMod:Reroute Power","Barrage+1"],"picked":"ReplayTheSpireMod:Dual Polarity","floor":18.0},{"not_picked":["Auto Shields","Gash"],"picked":"Leap+1","floor":20.0},{"not_picked":["Blizzard+1","ReplayTheSpireMod:Reroute Power"],"picked":"Static Discharge+1","floor":21.0},{"not_picked":["Darkness","Stack"],"picked":"White Noise","floor":23.0},{"not_picked":["Auto Shields","Steam+1"],"picked":"Turbo","floor":24.0},{"not_picked":["Barrage+1","ReplayTheSpireMod:Repulse"],"picked":"Reboot","floor":25.0},{"not_picked":["Buffer","Chaos","Sweeping Beam","Compile Driver"],"picked":"SKIP","floor":28.0},{"not_picked":["Tempest","Beam Cell","Redo"],"picked":"Cold Snap","floor":31.0},{"not_picked":["Seek","Creative AI","Rainbow"],"picked":"Echo Form","floor":33},{"not_picked":["Stack+1","Steam","Auto Shields+1"],"picked":"Storm+1","floor":35},{"not_picked":["Steam","Compile Driver+1","Beam Cell"],"picked":"Storm","floor":36},{"not_picked":["Replay:Sssssssssshield","PanicButton","Master of Strategy"],"picked":"Replay:Bootleg Shield Generator","floor":37},{"not_picked":["Steam+1","Stack","ReplaySort"],"picked":"BootSequence+1","floor":39},{"not_picked":["Gash+1","Turbo+1","BasicCrystalCard+1","BootSequence"],"picked":"SKIP","floor":40},{"not_picked":["Leap+1","Stack","Redo"],"picked":"Turbo+1","floor":41},{"not_picked":["Beam Cell","Hologram+1","Melter+1"],"picked":"Turbo+1","floor":42},{"not_picked":["Tempest","Panic Button","Force Field+1"],"picked":"Turbo","floor":45},{"not_picked":["Leap+1","Rebound+1","Force Field"],"picked":"Turbo","floor":46},{"not_picked":["Beam Cell","ReplayTheSpireMod:Reroute Power","Turbo"],"picked":"Double Energy+1","floor":47},{"not_picked":["Barrage+1","Crystallizer","Conserve Battery"],"picked":"Heatsinks","floor":48},{"not_picked":["Sweeping Beam+1","Rebound+1","ReplayRNGCard"],"picked":"Hologram+1","floor":54}],"player_experience":610131,"relics_obtained":[{"floor":3.0,"key":"Simple Rune"},{"floor":6.0,"key":"hubris:GlazedTorus"},{"floor":9.0,"key":"Replay:Accelerometer"},{"floor":10.0,"key":"MealTicket"},{"floor":13.0,"key":"Dream Catcher"},{"floor":17.0,"key":"MawBank"},{"floor":17.0,"key":"conspire:BottledYoYo"},{"floor":17.0,"key":"CaptainsWheel"},{"floor":25.0,"key":"Question Card"},{"floor":26.0,"key":"Blue Doll"},{"floor":28.0,"key":"ReplayTheSpireMod:TigerMarble"},{"floor":40,"key":"conspire:Dentures"},{"floor":43,"key":"hubris:DeckOfHolding"},{"floor":45,"key":"Replay:Arrowhead"},{"floor":48,"key":"Whetstone"},{"floor":54,"key":"Pocketwatch"}],"event_choices":[{"damage_healed":0.0,"max_hp_gain":0.0,"max_hp_loss":0.0,"gold_gain":75.0,"event_name":"betterThird:BetterGoop","player_choice":"Gold","floor":12.0,"gold_loss":0.0,"damage_taken":11.0},{"cards_removed":["Defend_B"],"damage_healed":0.0,"max_hp_gain":0.0,"max_hp_loss":0.0,"gold_gain":0.0,"event_name":"Purifier","player_choice":"Purged","floor":22.0,"gold_loss":0.0,"damage_taken":0.0},{"damage_healed":120.0,"max_hp_gain":0.0,"max_hp_loss":0.0,"gold_gain":0.0,"event_name":"The Library","player_choice":"Heal","floor":29.0,"gold_loss":0.0,"damage_taken":0.0},{"damage_healed":0,"gold_gain":0,"player_choice":"Memory 1","damage_taken":0,"max_hp_gain":0,"max_hp_loss":0,"event_name":"SensoryStone","floor":37,"gold_loss":0},{"cards_removed":["Zap"],"damage_healed":0,"gold_gain":0,"player_choice":"Purged","damage_taken":0,"max_hp_gain":0,"max_hp_loss":0,"event_name":"Purifier","floor":38,"gold_loss":0}],"is_beta":false,"boss_relics":[{"not_picked":["Empty Cage","hubris:CrackedHourglass"],"picked":"Calling Bell"},{"not_picked":["hubris:BlackHole","Replay:Drink Me"],"picked":"hubris:Backtick"}],"items_purged_floors":[2,2,2,2,2,19,19,19,44,44,53],"is_endless":false,"potions_floor_spawned":[4,5,6,10,14,20,24,25,28,31,35,39,40,45,48],"ascension_level":9}}