{"host":"bxn2em57qlx5u4i0","time":1613612789,"event":{"mods":["BaseMod","Colored Map","Colored Powertips","Highlight Path","Minty Spire (QoL Compilation)","Random Character Button","Relic Sorter","Relic Stats","StSLib","SuperFastMode"],"gold_per_floor":[112,37,56,0,0,0,35,35,81,98,98,118,152,0,0,78,78,90,90,68,88,138,164,184,21,21,47,47,74,86,111,123,213,225,254,319,342,354,378,390,137,162,211,211,227,259,282,282,282,282,282,282,282,69,95,95],"floor_reached":57,"language":"ENG","playtime":1889,"items_purged":["Strike_G","Strike_G","Strike_G"],"score":2927,"play_id":"f85776a4-abc4-4b88-bec1-95b5c80c5b6c","local_time":"20210217204629","is_ascension_mode":true,"campfire_choices":[{"data":"Crippling Poison","floor":6.0,"key":"SMITH"},{"data":"Leg Sweep","floor":8.0,"key":"SMITH"},{"data":"Deadly Poison","floor":11.0,"key":"SMITH"},{"data":"Noxious Fumes","floor":15.0,"key":"SMITH"},{"data":"Catalyst","floor":28.0,"key":"SMITH"},{"data":"Footwork","floor":30.0,"key":"SMITH"},{"data":"Ghostly","floor":32.0,"key":"SMITH"},{"data":"Crippling Poison","floor":40.0,"key":"SMITH"},{"data":"Burst","floor":44.0,"key":"SMITH"},{"floor":49.0,"key":"RECALL"},{"data":"Ghostly","floor":53.0,"key":"SMITH"}],"circlet_count":0,"master_deck":["AscendersBane","Defend_G","Defend_G","Defend_G","Defend_G","Defend_G","Survivor","Crippling Poison+1","Leg Sweep+1","Deadly Poison+1","Blur","Noxious Fumes+1","Bullet Time","Ghostly+1","Ghostly","Ghostly+1","PiercingWail","Catalyst+1","Footwork+1","Adrenaline","Crippling Poison+1","Burst+1","Footwork+1","Malaise","Well Laid Plans","Blur+1"],"relics":["Ring of the Snake","Bag of Marbles","Snake Skull","Art of War","Snecko Eye","StrikeDummy","PreservedInsect","Anchor","Mango","MawBank","Sozu","Lizard Tail","Lee\u0027s Waffle","Singing Bowl","Meat on the Bone","MealTicket","Bottled Lightning"],"acts_visited":["Exordium","TheCity","TheBeyond","TheEnding"],"potions_floor_usage":[56],"damage_taken":[{"damage":3.0,"enemies":"Jaw Worm","floor":1.0,"turns":7.0},{"damage":0.0,"enemies":"2 Louse","floor":3.0,"turns":3.0},{"damage":29.0,"enemies":"Gremlin Nob","floor":7.0,"turns":5.0},{"damage":0.0,"enemies":"Cultist","floor":10.0,"turns":4.0},{"damage":4.0,"enemies":"Lots of Slimes","floor":12.0,"turns":2.0},{"damage":11.0,"enemies":"Lagavulin","floor":13.0,"turns":5.0},{"damage":11.0,"enemies":"Slime Boss","floor":16.0,"turns":11.0},{"damage":1.0,"enemies":"Spheric Guardian","floor":18.0,"turns":4.0},{"damage":0.0,"enemies":"2 Thieves","floor":20.0,"turns":4.0},{"damage":0.0,"enemies":"Snake Plant","floor":21.0,"turns":6.0},{"damage":8.0,"enemies":"Gremlin Leader","floor":23.0,"turns":7.0},{"damage":20.0,"enemies":"Cultist and Chosen","floor":24.0,"turns":6.0},{"damage":0.0,"enemies":"Slavers","floor":27.0,"turns":5.0},{"damage":4.0,"enemies":"Book of Stabbing","floor":29.0,"turns":5.0},{"damage":0.0,"enemies":"Snecko","floor":31.0,"turns":3.0},{"damage":1.0,"enemies":"Collector","floor":33.0,"turns":9.0},{"damage":0.0,"enemies":"3 Shapes","floor":35.0,"turns":4.0},{"damage":30.0,"enemies":"2 Orb Walkers","floor":36.0,"turns":7.0},{"damage":0.0,"enemies":"Orb Walker","floor":37.0,"turns":4.0},{"damage":0.0,"enemies":"4 Shapes","floor":39.0,"turns":5.0},{"damage":0.0,"enemies":"Giant Head","floor":42.0,"turns":5.0},{"damage":0.0,"enemies":"Maw","floor":45.0,"turns":4.0},{"damage":0.0,"enemies":"Nemesis","floor":46.0,"turns":3.0},{"damage":3.0,"enemies":"Awakened One","floor":50.0,"turns":15.0},{"damage":36.0,"enemies":"Time Eater","floor":51.0,"turns":16.0},{"damage":1.0,"enemies":"Shield and Spear","floor":55.0,"turns":5.0},{"damage":1,"enemies":"The Heart","floor":56,"turns":13}],"seed_played":"6255385687301126380","potions_obtained":[{"floor":1.0,"key":"Weak Potion"},{"floor":7.0,"key":"Fire Potion"},{"floor":10.0,"key":"Regen Potion"},{"floor":18.0,"key":"Weak Potion"},{"floor":20.0,"key":"SkillPotion"},{"floor":23.0,"key":"LiquidBronze"},{"floor":33.0,"key":"Strength Potion"}],"is_trial":false,"path_per_floor":["M","?","M","$","?","R","E","R","T","M","R","M","E","$","R","B",null,"M","?","M","M","?","E","M","$","T","E","R","E","R","M","R","B",null,"M","?","M","?","M","R","$","E","T","R","M","E","T","?","R","B","B",null,"R","$","E","B",null],"character_chosen":"THE_SILENT","items_purchased":["AttackPotion","Noxious Fumes","PreservedInsect","Lee\u0027s Waffle","Well Laid Plans"],"campfire_rested":0,"item_purchase_floors":[4,14,25,41,54],"current_hp_per_floor":[56,56,56,56,49,49,20,20,20,20,20,16,20,20,20,9,52,51,33,33,33,33,25,5,5,5,19,19,15,15,15,15,14,39,39,9,9,9,9,9,54,54,54,54,54,54,54,54,54,51,27,47,47,54,53,52],"gold":95,"neow_bonus":"UPGRADE_CARD","is_daily":false,"chose_seed":false,"campfire_upgraded":10,"win_rate":0.0,"timestamp":1613612789,"path_taken":["M","?","M","$","?","R","E","R","T","M","R","M","E","?","R","BOSS","M","?","M","M","?","E","?","?","T","E","R","E","R","M","R","BOSS","M","?","M","?","M","R","$","E","T","R","M","E","?","?","R","BOSS","BOSS","R","$","E","BOSS"],"items_purchased_type":["Potion","Card","Relic","Relic","Card"],"build_version":"2020-12-22","purchased_purges":3,"victory":true,"max_hp_per_floor":[66,66,66,66,66,66,66,66,66,66,66,66,66,66,66,66,66,66,33,33,33,33,33,33,33,33,47,47,47,47,47,47,47,47,47,47,47,47,47,47,54,54,54,54,54,54,54,54,54,54,54,54,54,54,54,54],"relic_stats":{"Lee\u0027s Waffle":45,"Singing Bowl":0,"counters":[27,167],"Snake Skull":[259],"PreservedInsect":341,"MawBank":144,"Sozu":4,"Lizard Tail":0,"Snecko Eye":[217,230,232,208],"MealTicket":7,"Art of War":[100],"obtain_stats":[{"Lee\u0027s Waffle":41,"Singing Bowl":42,"Mango":27,"Snake Skull":9,"PreservedInsect":25,"MawBank":29,"Sozu":34,"Anchor":26,"Lizard Tail":36,"Snecko Eye":17,"MealTicket":47,"Bag of Marbles":7,"Art of War":13,"Bottled Lightning":55,"StrikeDummy":23,"Ring of the Snake":0,"Meat on the Bone":46},{"Lee\u0027s Waffle":20,"Singing Bowl":21,"Mango":13,"Snake Skull":3,"PreservedInsect":12,"MawBank":14,"Sozu":16,"Anchor":12,"Lizard Tail":18,"Snecko Eye":7,"MealTicket":23,"Bag of Marbles":3,"Art of War":6,"Bottled Lightning":26,"StrikeDummy":11,"Ring of the Snake":0,"Meat on the Bone":23},{"Lee\u0027s Waffle":106,"Singing Bowl":111,"Mango":69,"Snake Skull":15,"PreservedInsect":64,"MawBank":74,"Sozu":86,"Anchor":64,"Lizard Tail":97,"Snecko Eye":37,"MealTicket":118,"Bag of Marbles":15,"Art of War":26,"Bottled Lightning":154,"StrikeDummy":58,"Ring of the Snake":0,"Meat on the Bone":118}],"Ring of the Snake":[54],"Meat on the Bone":12},"card_choices":[{"not_picked":["Endless Agony","Distraction"],"picked":"Crippling Poison","floor":1.0},{"not_picked":["Infinite Blades","Sucker Punch","Distraction"],"picked":"SKIP","floor":3.0},{"not_picked":["Prepared","Quick Slash"],"picked":"Leg Sweep","floor":7.0},{"not_picked":["Quick Slash","Caltrops"],"picked":"Deadly Poison","floor":10.0},{"not_picked":["Choke","Accuracy"],"picked":"Blur","floor":12.0},{"not_picked":["Blade Dance","Terror","Slice"],"picked":"SKIP","floor":13.0},{"not_picked":["Night Terror","Envenom"],"picked":"Bullet Time","floor":16.0},{"not_picked":["Flying Knee","Deadly Poison","Slice"],"picked":"SKIP","floor":18.0},{"not_picked":["Cloak And Dagger","All Out Attack","Caltrops"],"picked":"SKIP","floor":20.0},{"not_picked":["Blade Dance","Dodge and Roll","Bane"],"picked":"SKIP","floor":21.0},{"not_picked":["Dash","Cloak And Dagger"],"picked":"PiercingWail","floor":23.0},{"not_picked":["Caltrops","Underhanded Strike"],"picked":"Catalyst","floor":24.0},{"not_picked":["Poisoned Stab","Catalyst"],"picked":"Footwork","floor":27.0},{"not_picked":["Outmaneuver","Die Die Die","Dagger Spray"],"picked":"SKIP","floor":29.0},{"not_picked":["Sucker Punch","Blade Dance+1","Dagger Throw+1"],"picked":"SKIP","floor":31.0},{"not_picked":["Storm of Steel","Envenom"],"picked":"Adrenaline","floor":33.0},{"not_picked":["Blade Dance","Dagger Throw","Cloak And Dagger+1"],"picked":"SKIP","floor":35.0},{"not_picked":["Bane","Underhanded Strike+1"],"picked":"Crippling Poison","floor":37.0},{"not_picked":["Expertise","Sucker Punch+1","PiercingWail"],"picked":"SKIP","floor":39.0},{"not_picked":["Bane","Dash"],"picked":"Burst","floor":42.0},{"not_picked":["Eviscerate","Reflex"],"picked":"Footwork+1","floor":45.0},{"not_picked":["Blade Dance","Caltrops"],"picked":"Malaise","floor":46.0},{"not_picked":["Underhanded Strike","Crippling Poison"],"picked":"Blur+1","floor":55.0}],"player_experience":3035195,"relics_obtained":[{"floor":7.0,"key":"Bag of Marbles"},{"floor":9.0,"key":"Snake Skull"},{"floor":13.0,"key":"Art of War"},{"floor":23.0,"key":"StrikeDummy"},{"floor":26.0,"key":"Anchor"},{"floor":27.0,"key":"Mango"},{"floor":29.0,"key":"MawBank"},{"floor":36.0,"key":"Lizard Tail"},{"floor":42.0,"key":"Singing Bowl"},{"floor":46.0,"key":"Meat on the Bone"},{"floor":47.0,"key":"MealTicket"},{"floor":55.0,"key":"Bottled Lightning"}],"event_choices":[{"cards_removed":["Strike_G"],"damage_healed":0.0,"max_hp_gain":0.0,"max_hp_loss":0.0,"gold_gain":0.0,"event_name":"The Cleric","player_choice":"Card Removal","floor":2.0,"gold_loss":75.0,"damage_taken":0.0},{"cards_removed":["Strike_G"],"damage_healed":0.0,"max_hp_gain":0.0,"max_hp_loss":0.0,"gold_gain":0.0,"event_name":"Golden Wing","player_choice":"Card Removal","floor":5.0,"gold_loss":0.0,"damage_taken":7.0},{"damage_healed":0.0,"max_hp_gain":0.0,"max_hp_loss":33.0,"gold_gain":0.0,"event_name":"Ghosts","player_choice":"Became a Ghost","floor":19.0,"gold_loss":0.0,"damage_taken":0.0,"cards_obtained":["Ghostly","Ghostly","Ghostly"]},{"damage_healed":0.0,"max_hp_gain":0.0,"max_hp_loss":0.0,"gold_gain":50.0,"event_name":"Golden Shrine","player_choice":"Pray","floor":22.0,"gold_loss":0.0,"damage_taken":0.0},{"damage_healed":0.0,"max_hp_gain":0.0,"max_hp_loss":0.0,"gold_gain":0.0,"event_name":"Mysterious Sphere","player_choice":"Fight","floor":36.0,"gold_loss":0.0,"damage_taken":0.0},{"damage_healed":0.0,"max_hp_gain":0.0,"max_hp_loss":0.0,"gold_gain":0.0,"event_name":"Tomb of Lord Red Mask","player_choice":"Ignored","floor":38.0,"gold_loss":0.0,"damage_taken":0.0},{"cards_removed":["Neutralize"],"damage_healed":0.0,"max_hp_gain":0.0,"max_hp_loss":0.0,"gold_gain":0.0,"event_name":"Falling","player_choice":"Removed Attack","floor":48.0,"gold_loss":0.0,"damage_taken":0.0}],"is_beta":false,"boss_relics":[{"not_picked":["Tiny House","Runic Dome"],"picked":"Snecko Eye"},{"not_picked":["Astrolabe","Cursed Key"],"picked":"Sozu"}],"items_purged_floors":[14,41,54],"is_endless":false,"potions_floor_spawned":[1,7,10,18,20,23,33,36,39,45,55],"ascension_level":20}}