{"host":"80x1ozqd5wpd4nvo","time":1613664369,"event":{"mods":["2.2 Compatiblity","Act Like it!","Aspiration","BaseMod","Better Altar","Better Match","Better Note","Better Sensory Stone","Better Skull","Better Third Choice","BetterRewards","Card Forge","Custom Start","DNKmod","Defuse TimeMaze Blight","Dota2Spire","Energized Spire","Friendly Minions","GifTheSpireLib","Hubris","Infinite Spire","Jedi Mod","Lobotomy","LobotomyExtend","Minty Spire (QoL Compilation)","MostiFishMod","Permanent Neow","Poor People Problems","Ruina","Shop Mod","Spicy Shops","StSLib","The Blue Laboratory","??????REMEMod"],"gold_per_floor":[1220,71,87,8,24,58,58,77,128,154,210,238,276,315,315,315,315],"floor_reached":16,"language":"ENG","playtime":772,"items_purged":[],"score":277,"play_id":"26a94f94-8254-4ebe-a99d-0befaf890efc","local_time":"20210218170609","is_ascension_mode":true,"campfire_choices":[],"circlet_count":0,"master_deck":["SpecialBullet","SpecialBullet","SpecialBullet","SpecialBullet","SpecialBullet","SpecialBullet","SpecialBullet","SpecialBullet","InformationCode","SecurityCode","TrainingCode","FeatherOfHonor","HappyTeddy","Harvest","Mimicry","REME_MawOfCthun","ScreamingWedge","Gaze","Hypocrisy","OSAHOGD","Wingbeat","WallGazer","CENSORED_ego+1","Ecstasy","Soda","Yin","SwordSharpenedByTears","WristCuter","UniverseFragment","Twilight+1","Regret_ego"],"relics":["CogitoBucket","Hammer of Thor","Seething Fire","Anvil of the Gods","REME_ComplimentaryCards","DaveBox","Orichalcum","DianDianMeat","LetterFromLob","SynthV:TestCard","Dota2Spire:MonkeyKingBar","BrkXgEgg","jedi:cryingmask","CeramicFish","ChangeAnything","Dota2Spire:EchoSabre"],"acts_visited":["Exordium"],"potions_floor_usage":[6,16],"damage_taken":[{"damage":0,"enemies":"Small Slimes","floor":1,"turns":1},{"damage":0,"enemies":"Cultist","floor":3,"turns":1},{"damage":0,"enemies":"Jaw Worm","floor":5,"turns":2},{"damage":0,"enemies":"Lagavulin","floor":6,"turns":3},{"damage":2,"enemies":"Looter","floor":8,"turns":2},{"damage":3,"enemies":"Large Slime","floor":10,"turns":5},{"damage":1,"enemies":"Gremlin Nob","floor":11,"turns":2},{"damage":0,"enemies":"Lots of Slimes","floor":12,"turns":2},{"damage":2,"enemies":"Looter","floor":13,"turns":2},{"damage":3,"enemies":"Blue Slaver","floor":14,"turns":2},{"damage":2,"enemies":"The Guardian","floor":16,"turns":5}],"seed_played":"7740429272954218953","potions_obtained":[{"floor":5,"key":"DistilledChaos"},{"floor":6,"key":"FearPotion"},{"floor":10,"key":"blueLaboratory:PyrophylliteBrew"},{"floor":13,"key":"blueLaboratory:StoneskinPotion"},{"floor":14,"key":"GamblersBrew"}],"is_trial":false,"path_per_floor":["M","$","M","$","M","E","R","M","T","M","E","M","M","M","R","B"],"character_chosen":"Angela","items_purchased":["Orichalcum","FeatherOfHonor","Mimicry","REME_MawOfCthun","Dota2Spire:MonkeyKingBar","BrkXgEgg","ScreamingWedge","Hypocrisy"],"campfire_rested":0,"item_purchase_floors":[0,0,2,2,2,2,2,4],"current_hp_per_floor":[106,121,128,136,155,178,178,191,191,205,236,253,290,310,310,0,0],"gold":315,"neow_bonus":"","is_daily":false,"chose_seed":false,"campfire_upgraded":0,"win_rate":0.0,"timestamp":1613664369,"path_taken":["M","$","M","$","M","E","R","M","T","M","E","M","M","M","R","BOSS"],"items_purchased_type":["Relic","Card","Card","Card","Relic","Relic","Card","Card"],"build_version":"2020-12-22","purchased_purges":0,"victory":false,"max_hp_per_floor":[106,121,128,136,155,178,178,191,191,205,236,253,290,310,310,310,310],"card_choices":[{"not_picked":["BeautyBeast","CrumblingArmor"],"picked":"HappyTeddy","floor":1},{"not_picked":["Diffraction"],"picked":"Harvest","floor":1},{"not_picked":["Beak","Justitia+1","WristCuter"],"picked":"Gaze","floor":3},{"not_picked":["ShyLook","Murderer"],"picked":"OSAHOGD","floor":5},{"not_picked":["Noise","Reverberation","Christmas"],"picked":"Wingbeat","floor":5},{"not_picked":["LittlePrince","Porccubus"],"picked":"WallGazer","floor":6},{"not_picked":["SomewhereSpear","Soda","Horn"],"picked":"CENSORED_ego+1","floor":6},{"not_picked":["Pleasure","Wingbeat","Tough"],"picked":"Ecstasy","floor":8},{"not_picked":["Harmony","SomewhereSpear","Diffraction"],"picked":"Soda","floor":10},{"not_picked":["FairyFestival","BeautyBeast"],"picked":"Yin","floor":11},{"not_picked":["RapturousDream","Harmony","CUTE"],"picked":"SwordSharpenedByTears","floor":11},{"not_picked":["BlackSwan_ego","Noise","BloodyDesire"],"picked":"WristCuter","floor":12},{"not_picked":["Wellcheers","SpiderBud"],"picked":"UniverseFragment","floor":13},{"not_picked":["Hypocrisy","Beak","CherryBlossom"],"picked":"Twilight+1","floor":13},{"not_picked":["Lantern","RapturousDream","TodaysExpression"],"picked":"Regret_ego","floor":14}],"player_experience":283777,"relics_obtained":[{"floor":1,"key":"LetterFromLob"},{"floor":1,"key":"SynthV:TestCard"},{"floor":6,"key":"jedi:cryingmask"},{"floor":9,"key":"CeramicFish"},{"floor":11,"key":"Dota2Spire:EchoSabre"}],"event_choices":[],"is_beta":false,"boss_relics":[],"items_purged_floors":[],"is_endless":false,"potions_floor_spawned":[5,6,10,13,14],"killed_by":"The Guardian","ascension_level":1}}