{"host":"jrtaucq9moweewpn","time":1613667103,"event":{"mods":["BaseMod","Better Third Choice","Colored Map","Downfall","GifTheSpireLib","Infinite Spire","Minty Spire (QoL Compilation)","Replay The Spire","Shade Mod","StSLib","The Cursed"],"gold_per_floor":[99,110,110,125,139,167,198,230,256,256,31,51,51,61,61,162,162,180,180,180,191,191,220,249,282,308,308,308,308,308,341,353,401,413,417,417,417],"floor_reached":36,"language":"ENG","playtime":3535,"items_purged":[],"score":606,"play_id":"a1cf71fc-8531-46b0-b572-1e518a2a4250","local_time":"20210218105143","daily_mods":["Heirloom","Time Dilation","Flight","DeadlyEvents"],"is_ascension_mode":false,"campfire_choices":[{"floor":15.0,"key":"REST"},{"floor":27.0,"key":"REST"},{"data":"Scrape","floor":28.0,"key":"SMITH"},{"data":"Gash","floor":28.0,"key":"SMITH"},{"data":"ReplayGash","floor":29.0,"key":"SMITH"},{"data":"Self Repair","floor":29.0,"key":"SMITH"},{"data":"Self Repair","floor":32.0,"key":"SMITH"},{"data":"Strike_B","floor":32.0,"key":"SMITH"}],"circlet_count":0,"master_deck":["Strike_B","Strike_B","Strike_B+1","Defend_B","Defend_B","Defend_B+1","Defend_B+1","Zap","Dualcast","Beam Cell","ReplayTheSpireMod:Repulse","Electrodynamics","Gash+1","Self Repair+1","ReplayGash+1","Stack+1","Machine Learning","Beam Cell+1","Beam Cell","Beam Cell","Self Repair+1","Scrape+1","Hallucinations","Rainbow","ReplayTheSpireMod:Faulty Equipment","CommonCold","TheCursedMod:Dregs","Self Repair+1"],"relics":["Cracked Core","Replay:Towering Pillar of Hats","Ice Cream","NeowsBlessing","infinitespire:Bottled Soul","bronze:BronzeIdol","Bag of Preparation","Happy Flower","NeowsBlessing","Omamori","Replay:Grab Bag","Cursed Key","Abe\u0027s Treasure","Calling Bell","ReplayTheSpireMod:TigerMarble","Solar Panel","Incense Burner","NeowsBlessing","Black Star","NeowsBlessing","infinitespire:Joker Card","Slimebound:PreparedRelic","Replay:Arrowhead","Simple Rune","Replay:Rubber Ducky","Replay:WaspNest","DataDisk","Bag of Marbles","MawBank","Replay:Ancient Bell","Blood Vial","infinitespire:WardingShard","infinitespire:Golems Mask"],"acts_visited":["Exordium","TheCity","TheBeyond"],"potions_floor_usage":[33,33],"damage_taken":[{"damage":5.0,"enemies":"Small Slimes","floor":2.0,"turns":2.0},{"damage":0.0,"enemies":"Cultist","floor":4.0,"turns":1.0},{"damage":0.0,"enemies":"2 Louse","floor":5.0,"turns":1.0},{"damage":0.0,"enemies":"Replay:BlueRogue","floor":6.0,"turns":1.0},{"damage":27.0,"enemies":"Gremlin Nob","floor":7.0,"turns":4.0},{"damage":17.0,"enemies":"3 Sentries","floor":8.0,"turns":3.0},{"damage":0.0,"enemies":"Exordium Wildlife","floor":12.0,"turns":1.0},{"damage":0.0,"enemies":"Exordium Thugs","floor":14.0,"turns":1.0},{"damage":0.0,"enemies":"Fading Forest","floor":16.0,"turns":1.0},{"damage":43.0,"enemies":"Shell Parasite","floor":18.0,"turns":5.0},{"damage":0.0,"enemies":"2 Thieves","floor":21.0,"turns":1.0},{"damage":0.0,"enemies":"Nightmare","floor":23.0,"turns":1.0},{"damage":0.0,"enemies":"Gremlin Leader","floor":24.0,"turns":1.0},{"damage":0.0,"enemies":"Book of Stabbing","floor":25.0,"turns":1.0},{"damage":0.0,"enemies":"Gremlin Leader","floor":31.0,"turns":1.0},{"damage":94,"enemies":"Automaton","floor":33,"turns":10},{"damage":0,"enemies":"3 Shapes","floor":35,"turns":4},{"damage":75,"enemies":"Mind Bloom Boss Battle","floor":36,"turns":2}],"seed_played":"-4683196269979655700","potions_obtained":[{"floor":6.0,"key":"LiquidMemories"},{"floor":7.0,"key":"Adrenaline Potion"},{"floor":14.0,"key":"FairyPotion"},{"floor":18.0,"key":"Block Potion"},{"floor":21.0,"key":"Regen Potion"}],"is_trial":true,"path_per_floor":["WH","M","WH","M","M","E","E","E","T","WH","$","M","?","M","R","B",null,"M","WH","AVR","M","WH","NM","E","E","T","R","R","R","WH","E","R","B",null,"M","?"],"character_chosen":"DEFECT","items_purchased":["ReplayGash","Omamori"],"campfire_rested":2,"item_purchase_floors":[11,11],"current_hp_per_floor":[75,70,70,70,70,70,43,26,26,26,26,26,26,26,48,48,75,43,43,43,45,45,47,49,58,58,75,75,75,75,75,75,55,75,75,0,0],"gold":417,"neow_bonus":"THREE_ENEMY_KILL","is_daily":false,"chose_seed":false,"campfire_upgraded":6,"win_rate":0.0,"timestamp":1613667103,"path_taken":["WH","M","WH","M","M","E","E","E","T","WH","$","M","?","M","R","BOSS","M","WH","AVR","M","WH","NM","E","E","T","R","R","R","WH","E","R","BOSS","M","?"],"items_purchased_type":["Card","Relic"],"build_version":"2020-12-22","purchased_purges":0,"victory":false,"max_hp_per_floor":[75,75,75,75,75,75,75,75,75,75,75,75,75,75,75,75,75,75,75,75,75,75,75,75,75,75,75,75,75,75,75,75,75,75,75,75,75],"card_choices":[{"not_picked":["BootSequence","Rebound"],"picked":"Beam Cell","floor":2.0},{"not_picked":["Rebound","Coolheaded","Hologram"],"picked":"SKIP","floor":4.0},{"not_picked":["Rebound","Doom and Gloom"],"picked":"ReplayTheSpireMod:Repulse","floor":5.0},{"not_picked":["Coolheaded","Hyperbeam"],"picked":"Electrodynamics","floor":6.0},{"not_picked":["Steam","Melter"],"picked":"Gash","floor":7.0},{"not_picked":["Coolheaded","Sweeping Beam"],"picked":"Self Repair","floor":8.0},{"not_picked":["Defragment","Steam Power","Redo"],"picked":"SKIP","floor":12.0},{"not_picked":["Leap","Sunder","Redo"],"picked":"SKIP","floor":14.0},{"not_picked":["Biased Cognition","Creative AI"],"picked":"Machine Learning","floor":16.0},{"not_picked":["Go for the Eyes","Hyperbeam"],"picked":"Beam Cell+1","floor":18.0},{"not_picked":["Melter","Compile Driver"],"picked":"Beam Cell","floor":21.0},{"not_picked":["Echo Form","Doom and Gloom"],"picked":"Beam Cell","floor":23.0},{"not_picked":["Stack","Heatsinks"],"picked":"Self Repair","floor":24.0},{"not_picked":["Panic Button+1","Melter"],"picked":"Scrape","floor":25.0},{"not_picked":["Streamline","Panic Button","Stack"],"picked":"SKIP","floor":31.0},{"not_picked":["ReplayRNGCard","Seek"],"picked":"Rainbow","floor":33},{"not_picked":["ReplayTheSpireMod:Doomed","AbeCurse"],"picked":"ReplayTheSpireMod:Faulty Equipment","floor":34},{"not_picked":["Overencumbered","Looming Evil"],"picked":"CommonCold","floor":34},{"not_picked":["infinitespire:Pacifist","Pain"],"picked":"TheCursedMod:Dregs","floor":34},{"not_picked":["Rebound+1","ReplayTheSpireMod:Calculation Training+1"],"picked":"Self Repair+1","floor":35}],"player_experience":539667,"relics_obtained":[{"floor":6.0,"key":"infinitespire:Bottled Soul"},{"floor":7.0,"key":"bronze:BronzeIdol"},{"floor":8.0,"key":"Bag of Preparation"},{"floor":9.0,"key":"Happy Flower"},{"floor":17.0,"key":"ReplayTheSpireMod:TigerMarble"},{"floor":17.0,"key":"Solar Panel"},{"floor":17.0,"key":"Incense Burner"},{"floor":23.0,"key":"infinitespire:Joker Card"},{"floor":23.0,"key":"Slimebound:PreparedRelic"},{"floor":24.0,"key":"Replay:Arrowhead"},{"floor":24.0,"key":"Simple Rune"},{"floor":25.0,"key":"Replay:Rubber Ducky"},{"floor":25.0,"key":"Replay:WaspNest"},{"floor":26.0,"key":"DataDisk"},{"floor":31.0,"key":"Bag of Marbles"},{"floor":31.0,"key":"MawBank"}],"event_choices":[{"damage_healed":0,"gold_gain":0,"player_choice":"Fight","damage_taken":0,"max_hp_gain":0,"max_hp_loss":0,"event_name":"MindBloom","floor":36,"gold_loss":0}],"is_beta":false,"boss_relics":[{"not_picked":["Inserter","SacredBark"],"picked":"Replay:Grab Bag"},{"not_picked":["Velvet Choker","ReplayTheSpireMod:DimensionalGlitch"],"picked":"Cursed Key"},{"not_picked":["infinitespire:Cupcake","Coffee Dripper"],"picked":"Abe\u0027s Treasure"},{"not_picked":["Nuclear Battery","Snecko Eye"],"picked":"Calling Bell"},{"not_picked":["FrozenCore","Philosopher\u0027s Stone"],"picked":"Replay:Ancient Bell"},{"not_picked":["MealTicket","Orichalcum"],"picked":"Blood Vial"},{"not_picked":["Letter Opener","Mercury Hourglass"],"picked":"infinitespire:WardingShard"},{"not_picked":["Emotion Chip","Replay:Kaleidoscope"],"picked":"infinitespire:Golems Mask"}],"items_purged_floors":[],"is_endless":true,"potions_floor_spawned":[6,7,14,18,21,24],"killed_by":"Mind Bloom Boss Battle","ascension_level":0}}