{"host":"iodn1af76021fjto","time":1613641569,"event":{"mods":["AchievementEnabler","BaseMod","BetterRewards","Colored Map","Downfall","Hermit","Jorbs\u0027s Wanderer Trilogy","Minty Spire (QoL Compilation)","Quick Restart","StSLib","SuperFastMode","The Cursed","The Hierophant","The Jungle","The Runesmith","The Servant 0.9.4"],"gold_per_floor":[110,125,200,200,200,234,234,269,324,284,301,301,314,314,314,314,314],"floor_reached":16,"language":"ENG","playtime":302,"items_purged":[],"score":146,"play_id":"ae3f1013-86fe-434a-80a7-9a683fe2d707","local_time":"20210218044609","is_ascension_mode":true,"campfire_choices":[{"data":"Accuracy","floor":7,"key":"SMITH"},{"data":"After Image","floor":15,"key":"SMITH"}],"circlet_count":0,"master_deck":["Strike_G","Strike_G","Strike_G","Strike_G","Strike_G","Defend_G","Defend_G","Defend_G","Defend_G","Defend_G","Survivor","Neutralize","Cloak And Dagger","Cloak And Dagger","Accuracy+1","After Image+1","Terror","Dagger Spray","Dagger Spray"],"relics":["Ring of the Snake","NeowsBlessing","Blue Candle","Omamori","Centennial Puzzle","InkBottle","Vajra","Golden Idol","Pantograph"],"acts_visited":["Exordium"],"potions_floor_usage":[],"damage_taken":[{"damage":0,"enemies":"2 Louse","floor":1,"turns":1},{"damage":0,"enemies":"Small Slimes","floor":2,"turns":1},{"damage":0,"enemies":"Gremlin Nob","floor":6,"turns":1},{"damage":12,"enemies":"3 Sentries","floor":8,"turns":10},{"damage":4,"enemies":"Jaw Worm","floor":11,"turns":4},{"damage":9,"enemies":"2 Fungi Beasts","floor":13,"turns":3},{"damage":39,"enemies":"Slime Boss","floor":16,"turns":7}],"seed_played":"6340831821207888620","potions_obtained":[{"floor":13,"key":"LiquidBronze"}],"is_trial":false,"path_per_floor":["M","M","?","?","?","E","R","E","T","$","M","?","M","T","R","B"],"character_chosen":"THE_SILENT","items_purchased":["Terror"],"campfire_rested":0,"item_purchase_floors":[10],"current_hp_per_floor":[70,70,59,54,36,36,36,24,24,24,20,20,11,11,11,0,0],"gold":314,"neow_bonus":"THREE_ENEMY_KILL","is_daily":false,"chose_seed":false,"campfire_upgraded":2,"win_rate":0.0,"timestamp":1613641569,"path_taken":["M","M","?","?","?","E","R","E","T","$","M","?","M","?","R","BOSS"],"items_purchased_type":["Card"],"build_version":"2020-12-22","purchased_purges":0,"victory":false,"max_hp_per_floor":[70,70,70,70,70,70,70,70,70,70,70,65,65,65,65,65,65],"card_choices":[{"not_picked":["Dodge and Roll","Quick Slash"],"picked":"Cloak And Dagger","floor":1},{"not_picked":["Dagger Throw","Bane"],"picked":"Cloak And Dagger","floor":2},{"not_picked":["Blade Dance","Tactician"],"picked":"Accuracy","floor":6},{"not_picked":["Adrenaline","Crippling Poison"],"picked":"After Image","floor":8},{"not_picked":["Deadly Poison","Flying Knee"],"picked":"Dagger Spray","floor":11},{"not_picked":["Tactician","Poisoned Stab"],"picked":"Dagger Spray","floor":13}],"player_experience":263869,"relics_obtained":[{"floor":6,"key":"Centennial Puzzle"},{"floor":8,"key":"InkBottle"},{"floor":9,"key":"Vajra"},{"floor":14,"key":"Pantograph"}],"event_choices":[{"damage_healed":0,"gold_gain":75,"player_choice":"Gather Gold","damage_taken":11,"max_hp_gain":0,"max_hp_loss":0,"event_name":"World of Goop","floor":3,"gold_loss":0},{"damage_healed":0,"gold_gain":0,"player_choice":"Success","damage_taken":18,"relics_obtained":["Omamori"],"max_hp_gain":0,"max_hp_loss":0,"event_name":"Scrap Ooze","floor":5,"gold_loss":0},{"damage_healed":0,"gold_gain":0,"player_choice":"Lose Max HP","damage_taken":0,"relics_obtained":["Golden Idol"],"max_hp_gain":0,"max_hp_loss":5,"event_name":"Golden Idol","floor":12,"gold_loss":0}],"is_beta":false,"boss_relics":[],"items_purged_floors":[],"is_endless":false,"potions_floor_spawned":[13],"killed_by":"Slime Boss","ascension_level":2}}