{"host":"r40cn8c2kv7g6k3i","time":1613661239,"event":{"mods":["ATMod(∞¢Ë™Mod)","Act Like it!","BaseMod","Colored Powertips","Downfall","Gensokyo","Hallownest","KinomotoSakuraMod(ƒæ÷Æ±æ”£)","KomeijiMod","Marisa£®ÏF”Í°°ƒß¿Ì…≥£©","Minty Spire (QoL Compilation)","Onozuka Komachi Mod","Prisma Mod","Reimu£®≤©¿ˆ¡È√Œ£©","Remilia£®¿Ÿ√◊¿Ú—«£©","Replay The Spire","Shop Mod","Spicy Shops","StSLib","The Alterego","The Bug Knight","The Servant 0.9.4","UnlockEverythingMod","WarShipGirlsR/’ΩΩ¢…Ÿ≈ÆR mod","Youmu£®ªÍ∆«—˝√Œ£©","Yuri Mod"],"gold_per_floor":[109,109,121,140,41,41,55,67,67,15,15,15,0,11,11,111,111,631,142,142,142,142,142,168,168,168,168,168],"floor_reached":27,"language":"ZHS","playtime":2982,"items_purged":[],"score":219,"play_id":"55498434-cbbb-44af-bf74-65bdef8173aa","local_time":"20210218231359","is_ascension_mode":false,"campfire_choices":[{"data":"PrismaMod:IllyaPoisonTippedWeapons","floor":6,"key":"SMITH"},{"data":"PrismaMod:IllyaSaphire","floor":12,"key":"SMITH"},{"floor":15,"key":"REST"},{"data":"PrismaMod:IllyaZwei","floor":23,"key":"SMITH"},{"floor":25,"key":"REST"}],"circlet_count":0,"master_deck":["PrismaMod:IllyaCommonAttack","PrismaMod:IllyaCommonDefend","PrismaMod:IllyaCommonAttack","PrismaMod:IllyaCommonDefend","PrismaMod:IllyaCommonAttack","PrismaMod:IllyaCommonDefend","PrismaMod:IllyaCommonAttack","PrismaMod:IllyaCommonDefend","PrismaMod:IllyaCommonAttack","PrismaMod:IllyaCommonDefend","PrismaMod:IllyaUncommonDefend","AT_StudyProgram","PrismaMod:IllyaCheapChannelPoison","PrismaMod:IllyaCheapChannelAttack","PrismaMod:IllyaStunPoison","PrismaMod:IllyaFeed","PrismaMod:IllyaPoisonTippedWeapons+1","PrismaMod:IllyaDetonatingBlow","PrismaMod:IllyaSaphire+1","PrismaMod:IllyaInstallRuler","PrismaMod:IllyaUberDefendChannel","PrismaMod:IllyaZwei+1","PrismaMod:IllyaRussianRoulette","Gensokyo:TarnishedGold","Gensokyo:BlemishedSteel","Gensokyo:DepletedGenerator","Gensokyo:ScrapIron","Gensokyo:ManorOfTheDishes","Gensokyo:ReactiveArmor","PrismaMod:IllyaAlice"],"relics":["PrismaMod:PrismaRuby","AT_ATBox","NeowsBlessing","Strawberry","Omamori","Happy Flower","bronze:MakeshiftBattery","Frozen Egg 2","Gensokyo:ChorusOfJoy","Centennial Puzzle"],"acts_visited":["Gensokyo:Gensokyo","Gensokyo:Gensokyoer"],"potions_floor_usage":[18,24,24,24],"damage_taken":[{"damage":0,"enemies":"Gensokyo:Python","floor":1,"turns":1},{"damage":0,"enemies":"Gensokyo:2_Kodama","floor":3,"turns":1},{"damage":0,"enemies":"Gensokyo:3_Fairies","floor":4,"turns":2},{"damage":2,"enemies":"Gensokyo:Kitsune","floor":7,"turns":5},{"damage":27,"enemies":"Gensokyo:2_Rabbits","floor":8,"turns":4},{"damage":18,"enemies":"Gensokyo:3_Kodama","floor":14,"turns":7},{"damage":8,"enemies":"Gensokyo:Kokoro","floor":16,"turns":12},{"damage":30,"enemies":"Gensokyo:2_Gloops","floor":18,"turns":8},{"damage":42,"enemies":"Gensokyo:Reisen","floor":24,"turns":11},{"damage":54,"enemies":"Gensokyo:3_Dogs","floor":27,"turns":6}],"seed_played":"-4410834165280479600","potions_obtained":[{"floor":1,"key":"DuplicationPotion"},{"floor":3,"key":"Fire Potion"},{"floor":16,"key":"Regen Potion"},{"floor":18,"key":"BlessingOfTheForge"}],"is_trial":false,"path_per_floor":["M","?","M","M","$","R","M","M","T","COS","?","R","$","M","R","B",null,"M","COS","?","?","?","R","E","R","T","M"],"character_chosen":"ILLYA","items_purchased":["PrismaMod:IllyaFeed","PrismaMod:IllyaPoisonTippedWeapons","PrismaMod:IllyaInstallRuler"],"campfire_rested":2,"item_purchase_floors":[5,5,13],"current_hp_per_floor":[75,72,72,72,72,72,74,50,50,50,50,50,50,32,56,59,82,64,64,64,64,64,64,27,49,49,0,0],"gold":168,"neow_bonus":"THREE_ENEMY_KILL","is_daily":false,"chose_seed":false,"campfire_upgraded":3,"win_rate":0.0,"timestamp":1613661239,"path_taken":["M","?","M","M","?","R","?","M","T","COS","?","R","?","?","R","BOSS","M","COS","?","?","?","R","E","R","T","M"],"items_purchased_type":["Card","Card","Card"],"build_version":"2020-12-22","purchased_purges":0,"victory":false,"max_hp_per_floor":[75,82,82,82,82,82,82,82,82,82,82,82,82,82,82,82,82,82,82,76,76,76,76,76,76,76,76,76],"card_choices":[{"not_picked":["PrismaMod:IllyaGun","PrismaMod:IllyaRubysPotion"],"picked":"PrismaMod:IllyaCheapChannelPoison","floor":1},{"not_picked":["PrismaMod:IllyaBlindPoisonToss","PrismaMod:IllyaRussianRoulette"],"picked":"PrismaMod:IllyaCheapChannelAttack","floor":3},{"not_picked":["PrismaMod:IllyaUberPoisonBlock","PrismaMod:IllyaGrailKun"],"picked":"PrismaMod:IllyaStunPoison","floor":4},{"not_picked":["PrismaMod:IllyaUpgradeOrbs","PrismaMod:IllyaPoisonTippedWeapons"],"picked":"PrismaMod:IllyaDetonatingBlow","floor":7},{"not_picked":["PrismaMod:IllyaDetonatingBlow","PrismaMod:IllyaAOECommonAttack"],"picked":"PrismaMod:IllyaSaphire","floor":8},{"not_picked":["PrismaMod:IllyaEvokeAll","PrismaMod:IllyaCheapAttack"],"picked":"PrismaMod:IllyaUberDefendChannel","floor":14},{"not_picked":["PrismaMod:IllyaCarnivalDefend","PrismaMod:IllyaUberAttackChannel"],"picked":"PrismaMod:IllyaZwei","floor":16},{"not_picked":["PrismaMod:IllyaPoisonTippedWeapons+1","PrismaMod:IllyaSaphire"],"picked":"PrismaMod:IllyaRussianRoulette","floor":18},{"not_picked":["PrismaMod:IllyaRussianRoulette","PrismaMod:IllyaGun"],"picked":"PrismaMod:IllyaAlice","floor":24}],"player_experience":188833,"relics_obtained":[{"floor":9,"key":"Omamori"},{"floor":24,"key":"Centennial Puzzle"}],"event_choices":[],"is_beta":false,"boss_relics":[{"not_picked":["Sozu","Replay:Bronze Core"],"picked":"bronze:MakeshiftBattery"}],"items_purged_floors":[],"is_endless":false,"potions_floor_spawned":[1,3,16,18],"killed_by":"Gensokyo:3_Dogs","ascension_level":0}}