{"host":"sc0o2qwpf9j16a4i","time":1613650690,"event":{"mods":["AchievementEnabler","BaseMod","BetterRewards","Block Reminder","Colored Map","Colored Powertips","Custom Start","Highlight Path","Minty Spire (QoL Compilation)","Relic Stats"],"gold_per_floor":[132,132,165,165,210,210,258,306,306,351,441,453,561,606,618,924,936,978,16,16,100,142,229,229,4,4,4,82,133,64,97,97,409,409,448,490,541,541,589,664,706,760,760,817,850,231,321,231,231,231],"floor_reached":51,"language":"ENG","playtime":2644,"items_purged":["Strike_R","Strike_R+1"],"score":988,"play_id":"757c75bc-b38a-4275-8ccc-bebfa426ed33","local_time":"20210218141810","daily_mods":["Allstar","Green Cards","Midas"],"is_ascension_mode":false,"campfire_choices":[{"floor":6,"key":"REST"},{"floor":12,"key":"REST"},{"floor":15,"key":"DIG"},{"floor":24,"key":"DIG"},{"floor":32,"key":"DIG"},{"floor":49,"key":"DIG"}],"circlet_count":0,"master_deck":["Strike_R+1","Strike_R+1","Defend_R+1","Defend_R+1","Defend_R+1","Defend_R+1","Bash+1","Chrysalis","Apotheosis+1","Secret Technique","Secret Weapon+1","The Bomb","Metallicize","Iron Wave","Pommel Strike","Dodge and Roll","Envenom","Shrug It Off","Ghostly Armor","Twin Strike","Noxious Fumes","Demon Form","Crippling Poison+1","Well Laid Plans","Secret Technique","Backflip","Inflame+1","Battle Trance+1","Burning Pact","Seeing Red+1","Headbutt","Spot Weakness","Dual Wield+1","After Image","CurseOfTheBell","Bane+1","Uppercut","Sentinel","Footwork","Crippling Poison+1","Crippling Poison+1","Disarm","Acrobatics+1","Crippling Poison","Dagger Spray","Spot Weakness+1"],"relics":["Burning Blood","Mummified Hand","MawBank","Shovel","Dream Catcher","Velvet Choker","Medical Kit","War Paint","Thread and Needle","Red Mask","Dead Branch","Oddly Smooth Stone","Anchor","Question Card","Akabeko","Orichalcum","Calling Bell","Red Skull","Mercury Hourglass","TungstenRod","Du-Vu Doll","Lizard Tail","Bag of Marbles","Strange Spoon","Smiling Mask","Lantern"],"acts_visited":["Exordium","TheCity","TheBeyond"],"potions_floor_usage":[4,13,16,21,28,33,37,39,50,50,50],"damage_taken":[{"damage":3,"enemies":"Jaw Worm","floor":1,"turns":3},{"damage":0,"enemies":"Small Slimes","floor":3,"turns":4},{"damage":1,"enemies":"Cultist","floor":5,"turns":4},{"damage":8,"enemies":"Blue Slaver","floor":7,"turns":4},{"damage":8,"enemies":"Red Slaver","floor":8,"turns":5},{"damage":12,"enemies":"2 Fungi Beasts","floor":10,"turns":3},{"damage":16,"enemies":"Lagavulin","floor":11,"turns":7},{"damage":6,"enemies":"Gremlin Nob","floor":13,"turns":4},{"damage":0,"enemies":"Exordium Wildlife","floor":14,"turns":5},{"damage":30,"enemies":"Hexaghost","floor":16,"turns":8},{"damage":14,"enemies":"2 Thieves","floor":18,"turns":5},{"damage":0,"enemies":"Masked Bandits","floor":21,"turns":5},{"damage":0,"enemies":"Spheric Guardian","floor":22,"turns":6},{"damage":0,"enemies":"Book of Stabbing","floor":23,"turns":5},{"damage":10,"enemies":"Slavers","floor":28,"turns":5},{"damage":0,"enemies":"Centurion and Healer","floor":29,"turns":4},{"damage":0,"enemies":"Snecko","floor":31,"turns":4},{"damage":20,"enemies":"Automaton","floor":33,"turns":9},{"damage":3,"enemies":"Orb Walker","floor":35,"turns":4},{"damage":6,"enemies":"3 Darklings","floor":36,"turns":4},{"damage":0,"enemies":"4 Shapes","floor":37,"turns":6},{"damage":0,"enemies":"Spire Growth","floor":39,"turns":5},{"damage":13,"enemies":"Nemesis","floor":40,"turns":7},{"damage":5,"enemies":"Sphere and 2 Shapes","floor":41,"turns":7},{"damage":0,"enemies":"4 Shapes","floor":42,"turns":5},{"damage":14,"enemies":"Transient","floor":44,"turns":5},{"damage":14,"enemies":"Maw","floor":45,"turns":8},{"damage":5,"enemies":"Giant Head","floor":47,"turns":9},{"damage":0,"enemies":"Awakened One","floor":50,"turns":13}],"seed_played":"6009439835481407746","potions_obtained":[{"floor":1,"key":"SteroidPotion"},{"floor":4,"key":"Fruit Juice"},{"floor":4,"key":"FairyPotion"},{"floor":4,"key":"Energy Potion"},{"floor":13,"key":"Fire Potion"},{"floor":21,"key":"SkillPotion"},{"floor":23,"key":"Strength Potion"},{"floor":29,"key":"Swift Potion"},{"floor":33,"key":"Fruit Juice"},{"floor":37,"key":"Ancient Potion"},{"floor":42,"key":"FearPotion"},{"floor":44,"key":"GamblersBrew"}],"is_trial":true,"path_per_floor":["M","?","M","?","M","R","M","M","T","M","E","R","E","M","R","B",null,"M","$","?","?","M","E","R","$","T","?","E","M","$","M","R","B",null,"M","M","M","?","M","E","M","M","T","M","M","$","E","?","R","B",null],"character_chosen":"IRONCLAD","items_purchased":["Medical Kit","War Paint","Thread and Needle","Well Laid Plans","Secret Technique","Backflip","Anchor","Seeing Red","Spot Weakness","Bag of Marbles","Crippling Poison","Dagger Spray","Strength Potion","Strange Spoon","Swift Potion"],"campfire_rested":2,"item_purchase_floors":[19,19,19,19,19,19,25,25,30,46,46,46,46,46,46],"current_hp_per_floor":[80,64,70,75,80,85,83,81,81,75,65,85,85,85,85,61,85,77,77,77,83,85,85,85,85,85,85,81,85,85,85,85,71,85,85,85,90,90,90,83,84,90,90,82,74,74,75,75,75,81],"gold":231,"neow_bonus":"","is_daily":false,"chose_seed":false,"campfire_upgraded":0,"win_rate":0.0,"timestamp":1613650690,"path_taken":["M","?","M","?","M","R","M","?","T","M","E","R","E","M","R","BOSS","M","$","?","?","M","E","R","$","T","?","E","M","?","M","R","BOSS","M","?","M","?","M","E","M","?","T","M","M","$","E","?","R","BOSS"],"items_purchased_type":["Relic","Relic","Relic","Card","Card","Card","Relic","Card","Card","Relic","Card","Card","Potion","Relic","Potion"],"build_version":"2020-12-22","purchased_purges":2,"victory":true,"max_hp_per_floor":[80,80,80,85,85,85,85,85,85,85,85,85,85,85,85,85,85,85,85,85,85,85,85,85,85,85,85,85,85,85,85,85,85,85,85,85,90,90,90,90,90,90,90,90,90,90,90,90,90,90],"relic_stats":{"counters":[29,162],"Dead Branch":[83],"War Paint":["Crippling Poison","Defend_R"],"Orichalcum":[54],"MawBank":96,"Medical Kit":[7],"Question Card":15,"Smiling Mask":0,"Burning Blood":132,"Mercury Hourglass":[275],"Strange Spoon":[13],"Dream Catcher":0,"Lizard Tail":0,"Shovel":4,"Mummified Hand":[154],"obtain_stats":[{"Lantern":49,"Smiling Mask":47,"Burning Blood":0,"Dream Catcher":15,"Lizard Tail":43,"Shovel":13,"Mummified Hand":9,"Red Mask":21,"Red Skull":34,"Dead Branch":23,"Velvet Choker":17,"Oddly Smooth Stone":24,"Thread and Needle":19,"War Paint":19,"Orichalcum":32,"MawBank":11,"Medical Kit":19,"Question Card":26,"Akabeko":28,"Mercury Hourglass":34,"Calling Bell":34,"Du-Vu Doll":40,"Strange Spoon":46,"Anchor":25,"Bag of Marbles":46,"TungstenRod":34},{"Lantern":28,"Smiling Mask":28,"Burning Blood":0,"Dream Catcher":9,"Lizard Tail":25,"Shovel":8,"Mummified Hand":5,"Red Mask":12,"Red Skull":18,"Dead Branch":14,"Velvet Choker":10,"Oddly Smooth Stone":14,"Thread and Needle":11,"War Paint":11,"Orichalcum":17,"MawBank":7,"Medical Kit":11,"Question Card":14,"Akabeko":15,"Mercury Hourglass":18,"Calling Bell":18,"Du-Vu Doll":23,"Strange Spoon":27,"Anchor":14,"Bag of Marbles":27,"TungstenRod":18},{"Lantern":149,"Smiling Mask":149,"Burning Blood":0,"Dream Catcher":39,"Lizard Tail":127,"Shovel":34,"Mummified Hand":20,"Red Mask":57,"Red Skull":90,"Dead Branch":68,"Velvet Choker":47,"Oddly Smooth Stone":68,"Thread and Needle":52,"War Paint":52,"Orichalcum":81,"MawBank":30,"Medical Kit":52,"Question Card":68,"Akabeko":73,"Mercury Hourglass":90,"Calling Bell":90,"Du-Vu Doll":116,"Strange Spoon":140,"Anchor":68,"Bag of Marbles":140,"TungstenRod":90}],"TungstenRod":10},"card_choices":[{"not_picked":["Prepared","Terror"],"picked":"Metallicize","floor":1},{"not_picked":["Heel Hook","Anger"],"picked":"Iron Wave","floor":3},{"not_picked":["Bane","Cleave"],"picked":"Pommel Strike","floor":5},{"not_picked":["Clash","Slice"],"picked":"Dodge and Roll","floor":7},{"not_picked":["Blood for Blood","Cleave"],"picked":"Envenom","floor":8},{"not_picked":["Body Slam","Accuracy"],"picked":"Shrug It Off","floor":10},{"not_picked":["Anger","Bloodletting"],"picked":"Ghostly Armor","floor":11},{"not_picked":["Choke","Bloodletting"],"picked":"Twin Strike","floor":13},{"not_picked":["Flex","Dagger Throw"],"picked":"Noxious Fumes","floor":14},{"not_picked":["Venomology","After Image"],"picked":"Demon Form","floor":16},{"not_picked":["Armaments","Dodge and Roll+1"],"picked":"Crippling Poison","floor":18},{"not_picked":["Poisoned Stab","Perfected Strike"],"picked":"Inflame+1","floor":21},{"not_picked":["Inflame","Infinite Blades"],"picked":"Battle Trance+1","floor":22},{"not_picked":["Wild Strike","Reckless Charge+1"],"picked":"Burning Pact","floor":23},{"not_picked":["Grand Finale","Wild Strike","Quick Slash+1","Combust"],"picked":"SKIP","floor":28},{"not_picked":["Acrobatics+1","Bloodletting+1","Whirlwind"],"picked":"Headbutt","floor":29},{"not_picked":["Bouncing Flask","All Out Attack","Sucker Punch+1"],"picked":"Dual Wield+1","floor":31},{"not_picked":["Storm of Steel","Offering","Venomology"],"picked":"After Image","floor":33},{"not_picked":["Flying Knee","Prepared","Deadly Poison"],"picked":"Bane+1","floor":35},{"not_picked":["Deadly Poison+1","Bane","Clothesline"],"picked":"Uppercut","floor":36},{"not_picked":["Wild Strike","Spot Weakness","Carnage"],"picked":"Sentinel","floor":37},{"not_picked":["Concentrate","PiercingWail","Sword Boomerang"],"picked":"Footwork","floor":39},{"not_picked":["Double Tap","Setup","Endless Agony+1"],"picked":"Crippling Poison+1","floor":40},{"not_picked":["Tactician","Sever Soul+1","Intimidate"],"picked":"Crippling Poison+1","floor":41},{"not_picked":["Prepared","Dash+1","Skewer+1"],"picked":"Disarm","floor":42},{"not_picked":["Underhanded Strike","Anger+1","Finisher+1"],"picked":"Acrobatics+1","floor":44},{"not_picked":["Flying Knee+1","Uppercut","Deadly Poison","Warcry"],"picked":"SKIP","floor":45},{"not_picked":["Evolve+1","Distraction+1","Perfected Strike"],"picked":"Spot Weakness+1","floor":47}],"player_experience":1451694,"relics_obtained":[{"floor":9,"key":"Mummified Hand"},{"floor":11,"key":"MawBank"},{"floor":13,"key":"Shovel"},{"floor":15,"key":"Dream Catcher"},{"floor":21,"key":"Red Mask"},{"floor":23,"key":"Dead Branch"},{"floor":24,"key":"Oddly Smooth Stone"},{"floor":26,"key":"Question Card"},{"floor":28,"key":"Akabeko"},{"floor":32,"key":"Orichalcum"},{"floor":34,"key":"Red Skull"},{"floor":34,"key":"Mercury Hourglass"},{"floor":34,"key":"TungstenRod"},{"floor":40,"key":"Du-Vu Doll"},{"floor":43,"key":"Lizard Tail"},{"floor":47,"key":"Smiling Mask"},{"floor":49,"key":"Lantern"}],"event_choices":[{"damage_healed":0,"gold_gain":0,"player_choice":"Entered Light","damage_taken":16,"max_hp_gain":0,"max_hp_loss":0,"event_name":"Shining Light","floor":2,"gold_loss":0,"cards_upgraded":["Secret Weapon","Bash"]},{"damage_healed":0,"gold_gain":0,"player_choice":"Got Potions","damage_taken":0,"max_hp_gain":0,"max_hp_loss":0,"event_name":"Lab","floor":4,"gold_loss":0},{"damage_healed":0,"gold_gain":0,"player_choice":"Simplicity","damage_taken":0,"max_hp_gain":0,"max_hp_loss":0,"event_name":"Back to Basics","floor":20,"gold_loss":0,"cards_upgraded":["Strike_R","Strike_R","Strike_R","Strike_R","Defend_R","Defend_R","Defend_R"]},{"damage_healed":0,"gold_gain":0,"player_choice":"Fought Bandits","damage_taken":0,"max_hp_gain":0,"max_hp_loss":0,"event_name":"Masked Bandits","floor":21,"gold_loss":0},{"damage_healed":0,"gold_gain":0,"player_choice":"Ignored","damage_taken":0,"max_hp_gain":0,"max_hp_loss":0,"event_name":"Vampires","floor":27,"gold_loss":0},{"damage_healed":0,"gold_gain":0,"player_choice":"Forge","damage_taken":0,"max_hp_gain":0,"max_hp_loss":0,"event_name":"Accursed Blacksmith","floor":38,"gold_loss":0,"cards_upgraded":["Apotheosis"]},{"cards_removed":["Strike_R"],"damage_healed":0,"gold_gain":0,"player_choice":"Upgrade and Remove","damage_taken":0,"max_hp_gain":0,"max_hp_loss":0,"event_name":"Designer","floor":48,"gold_loss":90,"cards_upgraded":["Seeing Red"]}],"is_beta":false,"boss_relics":[{"not_picked":["SlaversCollar","Coffee Dripper"],"picked":"Velvet Choker"},{"not_picked":["Empty Cage","Sozu"],"picked":"Calling Bell"}],"items_purged_floors":[19,46],"is_endless":false,"potions_floor_spawned":[1,5,7,13,14,21,23,29,31,33,37,42,44],"ascension_level":0}}