{"host":"iodn1af76021fjto","time":1613643269,"event":{"mods":["AchievementEnabler","BaseMod","BetterRewards","Colored Map","Downfall","Hermit","Jorbs\u0027s Wanderer Trilogy","Minty Spire (QoL Compilation)","Quick Restart","StSLib","SuperFastMode","The Cursed","The Hierophant","The Jungle","The Runesmith","The Servant 0.9.4"],"gold_per_floor":[118,118,118,118,131,169,169,202,202,240,253,279,28,46,46,175,175,195,195,195,219,149,187,201,201,246,270,270,304,357,391,391,520,520,540,563,584,100,100,135,468,468,492,492,492,492,503,503,503],"floor_reached":48,"language":"ENG","playtime":1472,"items_purged":["Defend_G"],"score":695,"play_id":"6cd17609-29ac-4c7f-86c8-40ff94d4a954","local_time":"20210218051429","is_ascension_mode":true,"campfire_choices":[{"data":"Flechettes","floor":7,"key":"SMITH"},{"data":"Outmaneuver","floor":15,"key":"SMITH"},{"data":"Phantasmal Killer","floor":25,"key":"SMITH"},{"data":"Terror","floor":28,"key":"SMITH"},{"data":"Doppelganger","floor":32,"key":"SMITH"},{"data":"Phantasmal Killer","floor":42,"key":"SMITH"},{"data":"Acrobatics","floor":44,"key":"SMITH"},{"floor":46,"key":"REST"}],"circlet_count":0,"master_deck":["Strike_G","Strike_G","Strike_G","Strike_G","Strike_G","Defend_G","Defend_G","Defend_G","Defend_G","Survivor","Neutralize+1","Flechettes+1","Flying Knee","Flying Knee+1","Backstab+1","Quick Slash","Acrobatics+1","Outmaneuver+1","Die Die Die","Terror+1","Phantasmal Killer+1","Doppelganger+1","Phantasmal Killer+1"],"relics":["Ring of the Snake","NeowsBlessing","Bottled Flame","HornCleat","Whetstone","The Specimen","Potion Belt","Shuriken","SacredBark","Nunchaku","Lantern","MealTicket","Orichalcum","SlaversCollar","White Beast Statue","Oddly Smooth Stone","Runesmith:Locket","Happy Flower"],"acts_visited":["Exordium","TheCity","TheBeyond"],"potions_floor_usage":[23,31,33,37,48,48],"damage_taken":[{"damage":0,"enemies":"Jaw Worm","floor":1,"turns":1},{"damage":0,"enemies":"2 Louse","floor":5,"turns":1},{"damage":0,"enemies":"3 Sentries","floor":6,"turns":1},{"damage":15,"enemies":"Lagavulin","floor":8,"turns":7},{"damage":19,"enemies":"Gremlin Nob","floor":10,"turns":4},{"damage":0,"enemies":"Cultist","floor":11,"turns":2},{"damage":4,"enemies":"Large Slime","floor":14,"turns":3},{"damage":17,"enemies":"Hexaghost","floor":16,"turns":9},{"damage":10,"enemies":"Chosen","floor":18,"turns":4},{"damage":19,"enemies":"2 Thieves","floor":21,"turns":4},{"damage":11,"enemies":"Slavers","floor":23,"turns":5},{"damage":0,"enemies":"3 Cultists","floor":24,"turns":3},{"damage":2,"enemies":"Centurion and Healer","floor":27,"turns":5},{"damage":0,"enemies":"Gremlin Leader","floor":29,"turns":5},{"damage":0,"enemies":"Slavers","floor":31,"turns":3},{"damage":31,"enemies":"Champ","floor":33,"turns":8},{"damage":0,"enemies":"Orb Walker","floor":35,"turns":3},{"damage":25,"enemies":"3 Darklings","floor":36,"turns":8},{"damage":1,"enemies":"Transient","floor":37,"turns":5},{"damage":30,"enemies":"Nemesis","floor":40,"turns":7},{"damage":16,"enemies":"Maw","floor":47,"turns":5},{"damage":30,"enemies":"Reptomancer","floor":48,"turns":3}],"seed_played":"6234357706036070460","potions_obtained":[{"floor":1,"key":"AttackPotion"},{"floor":5,"key":"FairyPotion"},{"floor":8,"key":"Energy Potion"},{"floor":16,"key":"DuplicationPotion"},{"floor":18,"key":"BlessingOfTheForge"},{"floor":20,"key":"PowerPotion"},{"floor":27,"key":"FearPotion"},{"floor":29,"key":"Explosive Potion"},{"floor":35,"key":"champ:CounterPotion"},{"floor":40,"key":"AttackPotion"},{"floor":47,"key":"sneckomod:MuddlingPotion"}],"is_trial":false,"path_per_floor":["M","$","?","?","M","E","R","E","T","E","M","T","$","M","R","B",null,"M","?","?","M","$","E","M","R","T","M","R","E","T","E","R","B",null,"M","M","M","$","?","E","?","R","T","R","?","R","M","E"],"character_chosen":"THE_SILENT","items_purchased":["Shuriken","Terror","White Beast Statue","Oddly Smooth Stone"],"campfire_rested":1,"item_purchase_floors":[13,22,38,38],"current_hp_per_floor":[70,70,65,65,65,65,65,50,50,31,31,31,31,27,27,10,65,55,55,55,36,36,25,25,25,25,23,23,23,23,23,23,34,65,65,40,39,54,54,24,24,24,24,24,24,42,26,0,0],"gold":503,"neow_bonus":"THREE_ENEMY_KILL","is_daily":false,"chose_seed":false,"campfire_upgraded":7,"win_rate":0.0,"timestamp":1613643269,"path_taken":["M","$","?","?","M","E","R","E","T","E","M","?","$","?","R","BOSS","M","?","?","M","$","E","?","R","T","M","R","E","?","E","R","BOSS","M","M","M","$","?","E","?","R","T","R","?","R","M","E"],"items_purchased_type":["Relic","Card","Relic","Relic"],"build_version":"2020-12-22","purchased_purges":1,"victory":false,"max_hp_per_floor":[70,70,65,65,65,65,65,65,65,65,65,65,65,65,65,65,65,65,65,65,65,65,65,65,65,65,65,65,65,65,65,65,65,65,65,65,65,65,62,62,62,62,62,62,62,62,62,62,62],"card_choices":[{"not_picked":["Endless Agony","Predator"],"picked":"Flechettes","floor":1},{"not_picked":["Quick Slash","Acrobatics"],"picked":"Flying Knee","floor":5},{"not_picked":["Skewer","Quick Slash"],"picked":"Flying Knee","floor":6},{"not_picked":["All Out Attack","Night Terror"],"picked":"Backstab","floor":8},{"not_picked":["Catalyst","Flying Knee"],"picked":"Quick Slash","floor":10},{"not_picked":["Accuracy","Quick Slash"],"picked":"Acrobatics","floor":11},{"not_picked":["Choke","Backflip"],"picked":"Outmaneuver","floor":14},{"not_picked":["Adrenaline","Unload"],"picked":"Die Die Die","floor":16},{"not_picked":["Slice+1","Outmaneuver","Acrobatics"],"picked":"SKIP","floor":18},{"not_picked":["Distraction","Flying Knee","Burst"],"picked":"SKIP","floor":21},{"not_picked":["Acrobatics","Cloak And Dagger"],"picked":"Phantasmal Killer","floor":23},{"not_picked":["Caltrops","Sucker Punch","Deflect+1"],"picked":"SKIP","floor":24},{"not_picked":["Cloak And Dagger","Choke","Dodge and Roll+1"],"picked":"SKIP","floor":27},{"not_picked":["Concentrate","Accuracy+1","Tools of the Trade"],"picked":"SKIP","floor":29},{"not_picked":["Underhanded Strike+1","Bouncing Flask"],"picked":"Doppelganger","floor":31},{"not_picked":["Blade Dance","Underhanded Strike","Outmaneuver+1"],"picked":"SKIP","floor":35},{"not_picked":["Dash+1","Dodge and Roll","Noxious Fumes"],"picked":"SKIP","floor":36},{"not_picked":["Well Laid Plans","Catalyst+1","Deadly Poison+1"],"picked":"SKIP","floor":37},{"not_picked":["Calculated Gamble+1","Dagger Throw"],"picked":"Phantasmal Killer","floor":40},{"not_picked":["Sucker Punch+1","Cloak And Dagger+1","Underhanded Strike"],"picked":"SKIP","floor":47}],"player_experience":263869,"relics_obtained":[{"floor":6,"key":"Bottled Flame"},{"floor":8,"key":"HornCleat"},{"floor":9,"key":"Whetstone"},{"floor":10,"key":"The Specimen"},{"floor":12,"key":"Potion Belt"},{"floor":23,"key":"Nunchaku"},{"floor":29,"key":"Lantern"},{"floor":30,"key":"MealTicket"},{"floor":31,"key":"Orichalcum"},{"floor":40,"key":"Runesmith:Locket"},{"floor":43,"key":"Happy Flower"}],"event_choices":[{"damage_healed":0,"gold_gain":0,"player_choice":"Lose Max HP","damage_taken":0,"relics_obtained":["Golden Idol"],"max_hp_gain":0,"max_hp_loss":5,"event_name":"Golden Idol","floor":3,"gold_loss":0},{"damage_healed":0,"gold_gain":0,"player_choice":"Grow","damage_taken":0,"max_hp_gain":0,"max_hp_loss":0,"event_name":"Living Wall","floor":4,"gold_loss":0,"cards_upgraded":["Neutralize"]},{"damage_healed":0,"gold_gain":0,"player_choice":"Ignored","damage_taken":0,"max_hp_gain":0,"max_hp_loss":0,"event_name":"Ghosts","floor":19,"gold_loss":0},{"damage_healed":0,"gold_gain":0,"player_choice":"Got Potions","damage_taken":0,"max_hp_gain":0,"max_hp_loss":0,"event_name":"Lab","floor":20,"gold_loss":0},{"damage_healed":0,"gold_gain":0,"player_choice":"Max HP","damage_taken":0,"max_hp_gain":0,"max_hp_loss":3,"event_name":"Winding Halls","floor":39,"gold_loss":0},{"damage_healed":0,"gold_gain":333,"player_choice":"Gave Idol","damage_taken":0,"max_hp_gain":0,"max_hp_loss":0,"event_name":"The Moai Head","floor":41,"relics_lost":["Golden Idol"],"gold_loss":0},{"damage_healed":0,"gold_gain":0,"player_choice":"Ignored","damage_taken":0,"max_hp_gain":0,"max_hp_loss":0,"event_name":"Tomb of Lord Red Mask","floor":45,"gold_loss":0}],"is_beta":false,"boss_relics":[{"not_picked":["Pandora\u0027s Box","Tiny House"],"picked":"SacredBark"},{"not_picked":["Velvet Choker","Empty Cage"],"picked":"SlaversCollar"}],"items_purged_floors":[38],"is_endless":false,"potions_floor_spawned":[1,5,8,16,18,27,29,35,40,47],"killed_by":"Reptomancer","ascension_level":2}}