{"host":"y6zg4wwu39otf01a","time":1613662620,"event":{"mods":["Act Like it!","Aspiration","BaseMod","Better Altar","Better Match","Better Note","Better Sensory Stone","Better Skull","Better Third Choice","Challenge The Spire","Colored Map","Colored Powertips","Conspire","GifTheSpireLib","Glutton Mod","Halation","Hermit","Highlight Path","Hubris","Infinite Spire","Mimic Mod","Minty Spire (QoL Compilation)","Quick Restart","Random Character Button","Rare Cards Sparkle","Reliquary","Replay The Spire","Retaliation","Ruina","Spicy Shops","StSLib","Stuff the Spire","The Blue Laboratory","The Construct","The Jungle"],"gold_per_floor":[109,122,122,122,140,140,150,150,150,185,199,199,69,88,88,189,189,207,207,33,51,51,51,51,51],"floor_reached":24,"language":"ENG","playtime":1791,"items_purged":[],"score":196,"play_id":"0c672208-73a5-4895-b987-8cba94283188","local_time":"20210218093700","is_ascension_mode":false,"campfire_choices":[{"data":"construct:ModeShift","floor":6,"key":"SMITH"},{"data":"construct:GuardCore","floor":8,"key":"SMITH"},{"data":"Undo","floor":12,"key":"SMITH"},{"data":"construct:PanicFire","floor":15,"key":"SMITH"},{"data":"ReplayTheSpireMod:Private Reserves","floor":23,"key":"SMITH"}],"circlet_count":0,"master_deck":["construct:Strike_Gold","construct:Strike_Gold","construct:Strike_Gold","construct:Strike_Gold","construct:Strike_Gold","construct:Defend_Gold","construct:Defend_Gold","construct:Defend_Gold","construct:Defend_Gold","construct:Defend_Gold","construct:AttackMode","construct:DefenseMode","construct:GuardCore+1","construct:SuppressiveFire","Undo+1","construct:ModeShift+1","construct:PanicFire+1","construct:ForceCore","construct:ForceCore","ReplayTheSpireMod:Private Reserves+1","construct:ChargeShot","construct:ClockworkEgg","ruina:CrimsonScar","construct:Forcefield+1"],"relics":["construct:Cogwheel","NeowsBlessing","StuffTheSpire:Experiment12","ReplayTheSpireMod:Lightbulb","infinitespire:Eraser","conspire:SpecialSausage","hubris:MysteriousPyramids"],"acts_visited":["Exordium","Exordium"],"potions_floor_usage":[7,10,11,16],"damage_taken":[{"damage":0,"enemies":"Cultist","floor":1,"turns":1},{"damage":0,"enemies":"2 Louse","floor":2,"turns":1},{"damage":0,"enemies":"Small Slimes","floor":5,"turns":1},{"damage":1,"enemies":"Blue Slaver","floor":7,"turns":5},{"damage":5,"enemies":"Lagavulin","floor":10,"turns":5},{"damage":0,"enemies":"Large Slime","floor":11,"turns":5},{"damage":8,"enemies":"Looter","floor":14,"turns":4},{"damage":12,"enemies":"Fading Forest","floor":16,"turns":11},{"damage":9,"enemies":"ruina:BadWolf","floor":18,"turns":2},{"damage":61,"enemies":"ruina:3_Bats","floor":21,"turns":6},{"damage":22,"enemies":"conspire:MimicChest","floor":24,"turns":5}],"seed_played":"3513798372276676304","potions_obtained":[{"floor":2,"key":"PowerPotion"},{"floor":5,"key":"Languid Potion"},{"floor":10,"key":"blueLaboratory:FruitPunch"},{"floor":14,"key":"blueLaboratory:PolymorphPotion"}],"is_trial":false,"path_per_floor":["M","M","?","?","M","R","M","R","T","E","M","R","$","M","R","B",null,"M","?","$","M","$","R","?"],"character_chosen":"THE_CONSTRUCT_MOD","items_purchased":["ReplayTheSpireMod:Private Reserves","ruina:CrimsonScar"],"campfire_rested":0,"item_purchase_floors":[13,20],"current_hp_per_floor":[85,85,71,71,71,71,70,70,70,65,67,67,67,59,59,67,87,78,78,78,17,17,17,0,0],"gold":51,"neow_bonus":"THREE_ENEMY_KILL","is_daily":false,"chose_seed":false,"campfire_upgraded":5,"win_rate":0.0,"timestamp":1613662620,"path_taken":["M","?","?","?","?","R","M","R","T","E","M","R","$","M","R","BOSS","M","?","$","M","$","R","?"],"items_purchased_type":["Card","Card"],"build_version":"2020-12-22","purchased_purges":0,"victory":false,"max_hp_per_floor":[85,85,85,85,85,85,85,85,85,85,87,87,87,87,87,87,87,87,87,87,87,87,87,87,87],"card_choices":[{"not_picked":["construct:Accumulate","construct:FocusedBeam"],"picked":"construct:GuardCore","floor":1},{"not_picked":["construct:SyphonStrike","construct:VentSteam"],"picked":"construct:SuppressiveFire","floor":2},{"not_picked":["construct:FocusedBeam","construct:FierceBash"],"picked":"construct:ModeShift","floor":5},{"not_picked":["construct:Hazardproof","construct:FocusedBeam"],"picked":"construct:PanicFire","floor":7},{"not_picked":["construct:HardReboot","construct:Backfire"],"picked":"construct:ForceCore","floor":10},{"not_picked":["construct:Autoturret","construct:ClusterMines"],"picked":"construct:ForceCore","floor":11},{"not_picked":["construct:SyphonStrike","construct:Electrocute"],"picked":"construct:ChargeShot","floor":14},{"not_picked":["construct:BatteryCore","construct:GatlingGun"],"picked":"construct:ClockworkEgg","floor":16},{"not_picked":["construct:FierceBash","construct:Versatility+1","construct:PointDefense"],"picked":"SKIP","floor":18},{"not_picked":["construct:FocusedBeam","construct:SaveState"],"picked":"construct:Forcefield+1","floor":21}],"player_experience":891022,"relics_obtained":[{"floor":9,"key":"ReplayTheSpireMod:Lightbulb"},{"floor":10,"key":"infinitespire:Eraser"}],"event_choices":[{"cards_removed":["construct:AttackMode"],"damage_healed":0,"gold_gain":0,"player_choice":"Give","damage_taken":0,"max_hp_gain":0,"max_hp_loss":0,"event_name":"betterNote:BetterNote","floor":4,"gold_loss":0,"cards_obtained":["None"]}],"is_beta":false,"boss_relics":[{"not_picked":["ChewingGum","Replay:Cursed D8"],"picked":"conspire:SpecialSausage"}],"items_purged_floors":[],"is_endless":false,"potions_floor_spawned":[2,5,10,14],"killed_by":"conspire:MimicChest","ascension_level":0}}