{"host":"v8w6asmmk749zsdc","time":1613634992,"event":{"mods":["AchievementEnabler","BaseMod","Minty Spire (QoL Compilation)","Replay The Spire","StSLib"],"gold_per_floor":[116,116,127,77,95,95,126,87,87,87,98,98,98,98,98,201,201,216,156,75,87,107,107,107],"floor_reached":23,"language":"ENG","playtime":922,"items_purged":[],"score":246,"play_id":"98d4c205-dea8-41aa-a9f3-bead4629754a","local_time":"20210217235632","is_ascension_mode":true,"campfire_choices":[{"data":"Neutralize","floor":6,"key":"SMITH"},{"floor":15,"key":"REST"}],"circlet_count":0,"master_deck":["Strike_G","Strike_G","Strike_G","Strike_G","Defend_G","Defend_G","Defend_G","Defend_G","Defend_G","Survivor","Neutralize+1","PiercingWail","Backstab","Deflect+1","Choke+1","Hidden Blade+1","Adrenaline+1","Sucker Punch","Infinite Blades","Backflip+1","Glass Knife"],"relics":["Ring of the Serpent","Toxic Egg 2","Question Card","Ice Cream"],"acts_visited":["Exordium","TheCity"],"potions_floor_usage":[16],"damage_taken":[{"damage":2,"enemies":"Small Slimes","floor":1,"turns":3},{"damage":1,"enemies":"Jaw Worm","floor":3,"turns":5},{"damage":10,"enemies":"2 Louse","floor":5,"turns":3},{"damage":38,"enemies":"Replay:BlueRogue","floor":7,"turns":16},{"damage":0,"enemies":"Large Slime","floor":11,"turns":4},{"damage":23,"enemies":"The Guardian","floor":16,"turns":18},{"damage":11,"enemies":"3 Byrds","floor":18,"turns":5},{"damage":2,"enemies":"Chosen","floor":21,"turns":4},{"damage":0,"enemies":"Snake Plant","floor":22,"turns":3},{"damage":52,"enemies":"Book of Stabbing","floor":23,"turns":5}],"seed_played":"8758236017746275821","potions_obtained":[{"floor":3,"key":"Elixir"},{"floor":11,"key":"EssenceOfSteel"}],"is_trial":false,"path_per_floor":["M","?","M","?","M","R","E","$","T","$","M","?","$","T","R","B",null,"M","?","$","M","M","E"],"character_chosen":"THE_SILENT","items_purchased":["Choke","Infinite Blades"],"campfire_rested":1,"item_purchase_floors":[8,20],"current_hp_per_floor":[68,68,67,67,57,57,19,19,19,19,19,19,19,19,42,19,63,52,52,52,50,50,0,0],"gold":107,"neow_bonus":"TEN_PERCENT_HP_BONUS","is_daily":false,"chose_seed":false,"campfire_upgraded":1,"win_rate":0.0,"timestamp":1613634992,"path_taken":["M","?","M","?","M","R","E","$","T","$","M","?","?","?","R","BOSS","M","?","$","M","M","E"],"items_purchased_type":["Card","Card"],"build_version":"2020-12-22","purchased_purges":0,"victory":false,"max_hp_per_floor":[77,77,77,77,77,77,77,77,77,77,77,77,77,77,77,77,77,77,77,77,77,77,77,77],"card_choices":[{"not_picked":["All Out Attack","Prepared"],"picked":"PiercingWail","floor":1},{"not_picked":["ReplayTheSpireMod:Tripwire","Underhanded Strike","Outmaneuver"],"picked":"SKIP","floor":3},{"not_picked":["Deflect","Quick Slash"],"picked":"Backstab","floor":5},{"not_picked":["PiercingWail+1","Escape Plan+1"],"picked":"Deflect+1","floor":7},{"not_picked":["Bane","Sucker Punch","Tactician+1"],"picked":"Hidden Blade+1","floor":11},{"not_picked":["Replay:Bag of Tricks+1","Phantasmal Killer+1","Glass Knife"],"picked":"Adrenaline+1","floor":16},{"not_picked":["Outmaneuver+1","ReplayTheSpireMod:Speed Training+1","Toxin Wave+1"],"picked":"Sucker Punch","floor":18},{"not_picked":["Predator","PiercingWail+1","Dagger Throw+1"],"picked":"Backflip+1","floor":21},{"not_picked":["Deadly Poison+1","Caltrops+1","Bane"],"picked":"Glass Knife","floor":22}],"player_experience":46267,"relics_obtained":[{"floor":7,"key":"Toxic Egg 2"},{"floor":9,"key":"Question Card"},{"floor":14,"key":"Ice Cream"}],"event_choices":[{"cards_removed":["Strike_G"],"damage_healed":0,"gold_gain":0,"player_choice":"Card Removal","damage_taken":0,"max_hp_gain":0,"max_hp_loss":0,"event_name":"The Cleric","floor":4,"gold_loss":50},{"damage_healed":0,"gold_gain":0,"player_choice":"Grow","damage_taken":0,"max_hp_gain":0,"max_hp_loss":0,"event_name":"Living Wall","floor":12,"gold_loss":0,"cards_upgraded":["Choke"]}],"is_beta":false,"boss_relics":[{"not_picked":["Philosopher\u0027s Stone","HoveringKite"],"picked":"Ring of the Serpent"}],"items_purged_floors":[],"is_endless":false,"potions_floor_spawned":[3,11],"killed_by":"Book of Stabbing","ascension_level":6}}