{"host":"rs956zbefct9hzhl","time":1613636697,"event":{"mods":["BaseMod","BetterRewards","Downfall","Minty Spire (QoL Compilation)","Replay The Spire","Shop Mod","Spicy Shops","Spikes Relics","StSLib"],"gold_per_floor":[99,119,119,119,56,88,88,98,127,145,160,194,194,294,309,407,407,307,322,337,7,23,48,73,73,73,58,58,58,158,158,170,274,274,247,15,15,70,70,70,147,147,147,147,147,157,157,157,188,213,232,232],"floor_reached":53,"language":"ENG","playtime":3158,"items_purged":["Voices"],"score":872,"play_id":"64a8cd6f-26e1-41f7-bf9c-a78564f46113","local_time":"20210218092457","is_ascension_mode":false,"campfire_choices":[{"floor":18.0,"key":"RECALL"},{"data":"bronze:SpaghettiCode","floor":26.0,"key":"SMITH"},{"data":"bronze:SpaghettiCode","floor":28.0,"key":"SMITH"},{"data":"bronze:Goto","floor":43,"key":"SMITH"},{"data":"bronze:InfiniteBeams","floor":47,"key":"SMITH"}],"circlet_count":0,"master_deck":["bronze:Strike+1","bronze:Strike","bronze:Strike+1","bronze:Defend","bronze:Defend","bronze:Defend","bronze:Replicate","bronze:Goto+1","bronze:Terminator","bronze:InfiniteBeams+1","bronze:Invalidate","bronze:DigitalCarnage","bronze:AlphaBuild+1","bronze:DelayedSlice","bronze:Iterate","bronze:DelayedSlice","bronze:FineTuning","bronze:SpaghettiCode+1","bronze:Repair","bronze:BuggyMess+1","bronze:SpaghettiCode+1","bronze:Branch+1","Enlightenment","Writhe","bronze:Optimize+1","bronze:FindAndReplace","Looming Evil","bronze:AlphaBuild+1","bronze:CloningBeam+1","Replay:SS_forest_2","Replay:SS_hec_1","bronze:MaxOutput+1","Pot Of Greed","Pot Of Greed","Pot Of Greed"],"relics":["bronze:BronzeCore","BrokenLever","Meat on the Bone","SlaversCollar","downfall:HeartBlessingGreen","ReplayTheSpireMod:CursedCoin","MerchantsRug","WingedGreaves","Anchor","Juzu Bracelet","Replay:Rubber Ducky","Onion Ring","Sozu","downfall:HeartBlessingRed","Gremlin Horn","Ring of Searing","Ring of Panic","StoneCalendar","Mummified Hand","bronze:BottledCode","Sundial","Grinning Jar"],"acts_visited":["Exordium","TheCity","TheBeyond"],"potions_floor_usage":[],"damage_taken":[{"damage":0.0,"enemies":"Cultist","floor":2.0,"turns":3.0},{"damage":10.0,"enemies":"downfall:FleeingMerchant","floor":5.0,"turns":4.0},{"damage":32.0,"enemies":"Gremlin Nob","floor":6.0,"turns":4.0},{"damage":8.0,"enemies":"Small Slimes","floor":8.0,"turns":2.0},{"damage":26.0,"enemies":"Lagavulin","floor":9.0,"turns":5.0},{"damage":0.0,"enemies":"2 Louse","floor":10.0,"turns":2.0},{"damage":12.0,"enemies":"Blue Slaver","floor":11.0,"turns":2.0},{"damage":9.0,"enemies":"3 Sentries","floor":12.0,"turns":3.0},{"damage":31.0,"enemies":"downfall:Heads","floor":14.0,"turns":7.0},{"damage":0.0,"enemies":"Gremlin Gang","floor":15.0,"turns":3.0},{"damage":25.0,"enemies":"WA_ARCHETYPE_RETAIN","floor":16.0,"turns":6.0},{"damage":14.0,"enemies":"Shell Parasite","floor":19.0,"turns":2.0},{"damage":0.0,"enemies":"3 Byrds","floor":20.0,"turns":3.0},{"damage":0.0,"enemies":"downfall:FleeingMerchant","floor":21.0,"turns":4.0},{"damage":53.0,"enemies":"Sentry and Sphere","floor":22.0,"turns":8.0},{"damage":18.0,"enemies":"Book of Stabbing","floor":23.0,"turns":6.0},{"damage":0.0,"enemies":"downfall:FleeingMerchant","floor":27.0,"turns":4.0},{"damage":30.0,"enemies":"3 Cultists","floor":32.0,"turns":6.0},{"damage":30.0,"enemies":"IC_MUSHROOM_ARCHETYPE","floor":33.0,"turns":6.0},{"damage":14.0,"enemies":"downfall:FleeingMerchant","floor":36.0,"turns":3.0},{"damage":10.0,"enemies":"2 Orb Walkers","floor":38.0,"turns":3.0},{"damage":0,"enemies":"Orb Walker","floor":46,"turns":1},{"damage":5,"enemies":"Reptomancer","floor":49,"turns":3},{"damage":35,"enemies":"Giant Head","floor":50,"turns":10},{"damage":0,"enemies":"3 Darklings","floor":51,"turns":2},{"damage":6,"enemies":"SI_POISON_ARCHETYPE","floor":52,"turns":7}],"seed_played":"-2998306837339191191","potions_obtained":[{"floor":6.0,"key":"FearPotion"},{"floor":8.0,"key":"Dexterity Potion"},{"floor":11.0,"key":"AttackPotion"},{"floor":16.0,"key":"Explosive Potion"},{"floor":19.0,"key":"AttackPotion"},{"floor":32.0,"key":"PowerPotion"}],"is_trial":false,"path_per_floor":["R","M","T","?","$","E","T","M","E","M","M","E","?","?","M","B",null,"R","M","M","$","M","E","T","?","R","$","R","?","?","?","M","B",null,"R","$","?","?","?","?","T","?","R","PTL","PTL","M","R","?","E","E","M","B",null],"character_chosen":"THE_AUTOMATON","items_purchased":["bronze:Invalidate","ReplayTheSpireMod:CursedCoin","MerchantsRug","WingedGreaves","Anchor","bronze:FindAndReplace","Gremlin Horn"],"campfire_rested":0,"item_purchase_floors":[5,21,21,21,21,36,36],"current_hp_per_floor":[84,84,84,84,74,42,42,46,32,44,44,47,52,33,45,32,89,89,75,75,82,48,49,49,49,49,56,56,56,56,56,45,34,89,89,75,75,65,65,65,65,65,65,65,65,65,65,60,55,39,51,52],"gold":232,"neow_bonus":"TWENTY_PERCENT_HP_BONUS","is_daily":false,"chose_seed":false,"campfire_upgraded":4,"win_rate":0.0,"timestamp":1613636697,"path_taken":["R","M","?","?","$","E","T","M","E","?","M","E","?","?","M","BOSS","R","M","M","$","M","E","T","?","R","$","R","?","?","?","M","BOSS","R","$","?","?","?","?","T","?","R","PTL","PTL","M","R","?","E","E","M","BOSS"],"items_purchased_type":["Card","Relic","Relic","Relic","Relic","Card","Relic"],"build_version":"2020-12-22","purchased_purges":1,"victory":true,"max_hp_per_floor":[84,84,84,84,84,84,84,84,84,84,84,84,89,89,89,89,89,89,89,89,89,89,89,89,89,89,89,89,89,89,89,89,89,89,89,89,89,89,89,89,89,79,79,79,79,79,79,79,79,79,79,79],"card_choices":[{"not_picked":["bronze:CutThrough","bronze:FineTuning"],"picked":"bronze:Terminator","floor":2.0},{"not_picked":["bronze:BronzeArmor","bronze:Shield"],"picked":"bronze:InfiniteBeams","floor":5.0},{"not_picked":["bronze:Invalidate","bronze:WhirlingStrike"],"picked":"bronze:DigitalCarnage","floor":6.0},{"not_picked":["bronze:Fortify","bronze:Separator"],"picked":"bronze:AlphaBuild","floor":8.0},{"not_picked":["bronze:BugBarrage","bronze:Invalidate","bronze:Overload"],"picked":"SKIP","floor":9.0},{"not_picked":["bronze:OilSpill","bronze:BitShift"],"picked":"bronze:DelayedSlice","floor":10.0},{"not_picked":["bronze:FollowUp","bronze:CutThrough","bronze:Frontload"],"picked":"SKIP","floor":11.0},{"not_picked":["bronze:Invalidate","bronze:Constructor","bronze:Overheat"],"picked":"SKIP","floor":12.0},{"not_picked":["bronze:Branch","bronze:BugBarrage"],"picked":"bronze:DelayedSlice","floor":14.0},{"not_picked":["bronze:Boost","bronze:DelayedSlice"],"picked":"bronze:FineTuning","floor":15.0},{"not_picked":["bronze:ThunderWave","bronze:HyperBeam"],"picked":"bronze:SpaghettiCode","floor":16.0},{"not_picked":["bronze:Constructor","bronze:BuggyMess","bronze:CutThrough"],"picked":"SKIP","floor":19.0},{"not_picked":["bronze:Turbo+1","bronze:Overheat+1"],"picked":"bronze:Repair","floor":20.0},{"not_picked":["bronze:BitShift","bronze:Iterate+1"],"picked":"bronze:BuggyMess+1","floor":21.0},{"not_picked":["bronze:Repulsor","bronze:Overheat+1","bronze:BitShift"],"picked":"SKIP","floor":22.0},{"not_picked":["bronze:Repair","bronze:BitShift"],"picked":"bronze:SpaghettiCode","floor":23.0},{"not_picked":["bronze:Shield+1","bronze:Philosophize"],"picked":"bronze:Branch+1","floor":27.0},{"not_picked":["bronze:BuggyMess+1","bronze:FineTuning","bronze:ForLoop"],"picked":"SKIP","floor":32.0},{"not_picked":["bronze:Overload+1","bronze:NullPointer"],"picked":"bronze:Optimize+1","floor":36.0},{"not_picked":["bronze:WhirlingStrike","bronze:Return+1"],"picked":"bronze:CloningBeam+1","floor":46},{"not_picked":["expansioncontent:PolyBeam","expansioncontent:GuardianWhirl"],"picked":"Replay:SS_forest_2","floor":48},{"not_picked":["expansioncontent:PolyBeam","expansioncontent:LastStand"],"picked":"Replay:SS_hec_1","floor":48},{"not_picked":["bronze:Return","bronze:Fortify+1"],"picked":"bronze:MaxOutput+1","floor":49},{"not_picked":["bronze:BitShift","bronze:CleanCode","bronze:CutThrough"],"picked":"SKIP","floor":50},{"not_picked":["bronze:Frontload","bronze:Separator+1","bronze:WhirlingStrike"],"picked":"SKIP","floor":51}],"player_experience":526590,"relics_obtained":[{"floor":3.0,"key":"BrokenLever"},{"floor":6.0,"key":"Peace Pipe"},{"floor":7.0,"key":"Meat on the Bone"},{"floor":9.0,"key":"Whetstone"},{"floor":12.0,"key":"bronze:ProtectiveGoggles"},{"floor":23.0,"key":"Juzu Bracelet"},{"floor":24.0,"key":"Replay:Rubber Ducky"},{"floor":37.0,"key":"Ring of Searing"},{"floor":37.0,"key":"Ring of Panic"},{"floor":38.0,"key":"StoneCalendar"},{"floor":41.0,"key":"Mummified Hand"},{"floor":49,"key":"Sundial"},{"floor":50,"key":"Grinning Jar"}],"event_choices":[{"damage_healed":0.0,"max_hp_gain":0.0,"max_hp_loss":0.0,"gold_gain":0.0,"event_name":"NoteForYourself","player_choice":"Ignored","floor":4.0,"gold_loss":0.0,"damage_taken":0.0},{"damage_healed":0.0,"max_hp_gain":5.0,"max_hp_loss":0.0,"gold_gain":0.0,"event_name":"Big Fish","player_choice":"Donut","floor":13.0,"gold_loss":0.0,"damage_taken":0.0},{"damage_healed":0.0,"max_hp_gain":0.0,"max_hp_loss":0.0,"gold_gain":0.0,"event_name":"Mysterious Sphere","player_choice":"Fight","floor":38.0,"gold_loss":0.0,"damage_taken":0.0}],"is_beta":false,"boss_relics":[{"not_picked":["SacredBark","Black Star"],"picked":"SlaversCollar"},{"not_picked":["Kintsugi","Honey Jar"],"picked":"Sozu"}],"items_purged_floors":[21],"is_endless":false,"potions_floor_spawned":[6,8,11,16,19,32,49,51],"ascension_level":0}}