{"host":"4kmvpqjeiacgn1pr","time":1613684394,"event":{"mods":["A Penny For Your Troubles","AchievementEnabler","AlwaysNeverKeys","Aspiration","BaseMod","Bestiary","Better Altar","Better Match","Better Note","Better Sensory Stone","Better Skull","Better Third Choice","Better Vampires","BetterRewards","Colored Map","Colored Powertips","Conspire","Curses Come First","Downfall","Halation","Highlight Path","Infinite Spire","Minty Spire (QoL Compilation)","Permanent Neow","Quick Restart","Rare Cards Sparkle","Relic Sorter","Relic Stats","Replay The Spire","Reworked Bosses","Shop Mod","Smile Girya","Spicy Shops","Spikes Relics","StSLib","Waifu the Spire"],"gold_per_floor":[115,115,67,83,92,136,136,136,136],"floor_reached":8,"language":"ENG","playtime":343,"items_purged":[],"score":70,"play_id":"c8db0de6-02d5-4575-9417-53f4b5e5bd50","local_time":"20210218163954","is_ascension_mode":true,"campfire_choices":[{"floor":7,"key":"REST"}],"circlet_count":0,"master_deck":["Strike_R","Strike_R","Strike_R","Strike_R","Strike_R","Defend_R","Defend_R","Defend_R","Defend_R","Bash","Amnesia","Transmutation","Reckless Charge","Replay:Undeath\u0027s Touch","Regret","Clothesline"],"relics":["Burning Blood","Golden Idol","halation:Diary","CeramicFish","Self Forming Clay"],"acts_visited":["Exordium"],"potions_floor_usage":[],"damage_taken":[{"damage":16,"enemies":"2 Louse","floor":1,"turns":4},{"damage":3,"enemies":"Jaw Worm","floor":4,"turns":4},{"damage":44,"enemies":"3 Sentries","floor":6,"turns":9},{"damage":28,"enemies":"Gremlin Nob","floor":8,"turns":5}],"seed_played":"-2877893037114163113","potions_obtained":[],"is_trial":false,"path_per_floor":["M","?","$","M","?","E","R","E"],"character_chosen":"IRONCLAD","items_purchased":["halation:Diary"],"campfire_rested":1,"item_purchase_floors":[3],"current_hp_per_floor":[62,42,42,45,45,7,31,3,3],"gold":136,"neow_bonus":"RANDOM_COLORLESS_2","is_daily":false,"chose_seed":false,"campfire_upgraded":0,"win_rate":0.0,"timestamp":1613684394,"path_taken":["M","?","$","M","?","E","R","E"],"items_purchased_type":["Relic"],"build_version":"2020-12-22","purchased_purges":0,"victory":false,"max_hp_per_floor":[80,80,80,80,80,80,80,80,80],"relic_stats":{"counters":[4,22],"Golden Idol":10,"Self Forming Clay":[9],"CeramicFish":18,"obtain_stats":[{"halation:Diary":3,"Golden Idol":2,"Self Forming Clay":6,"CeramicFish":5,"Burning Blood":0},{"halation:Diary":1,"Golden Idol":1,"Self Forming Clay":3,"CeramicFish":2,"Burning Blood":0},{"halation:Diary":4,"Golden Idol":4,"Self Forming Clay":17,"CeramicFish":8,"Burning Blood":0}],"Burning Blood":18},"card_choices":[{"not_picked":["ReplayTheSpireMod:Brewmster","Chrysalis"],"picked":"Transmutation","floor":0},{"not_picked":["Clothesline","Second Wind"],"picked":"Reckless Charge","floor":1},{"not_picked":["Heavy Blade","Warcry"],"picked":"Replay:Undeath\u0027s Touch","floor":4},{"not_picked":["Thunderclap","Body Slam"],"picked":"Clothesline","floor":6}],"player_experience":494885,"relics_obtained":[{"floor":6,"key":"Self Forming Clay"}],"event_choices":[{"damage_healed":0,"gold_gain":0,"player_choice":"Take Damage","damage_taken":20,"relics_obtained":["Golden Idol"],"max_hp_gain":0,"max_hp_loss":0,"event_name":"Golden Idol","floor":2,"gold_loss":0},{"damage_healed":0,"gold_gain":0,"player_choice":"Box","damage_taken":0,"relics_obtained":["CeramicFish"],"max_hp_gain":0,"max_hp_loss":0,"event_name":"Big Fish","floor":5,"gold_loss":0,"cards_obtained":["Regret"]}],"is_beta":false,"boss_relics":[],"items_purged_floors":[],"is_endless":false,"potions_floor_spawned":[],"killed_by":"Gremlin Nob","ascension_level":6}}