{"host":"4qp30tywltrhkmjj","time":1613687425,"event":{"mods":["2.2 Compatiblity","AchievementEnabler","Act Like it!","Ascension Unlocker","Aspiration","BaseMod","Bestiary","Better Altar","Better Match","Better Note","Better Skull","Better Third Choice","BetterRewards","CCEM2","CapriCore","Challenge The Spire","Colored Map","Colored Powertips","Conjunction","Conspire","Defuse TimeMaze Blight","Displayed Cursed Tome","Downfall","EXCEPTION","Emptier Cage","Energized Spire","Exacting","Gold Saver","Halation","Highlight Path","Hubris","Infinite Spire","Jedi Mod","Lobotomy","LobotomyExtend","Minty Spire (QoL Compilation)","Poor People Problems","Replay The Spire","Ruina","SacredBarkPlus","Shop Mod","Spicy Shops","Spire Arcade","StSLib","The Blue Laboratory","Transform Curses","Uncapped","Unceasing Turn Reminder","Wandering Minibosses","Yuri Mod"],"gold_per_floor":[455,475,475,495,495,507,507,527,577,611,644,656,568,580,624,714,726,638,661,673,673,673],"floor_reached":20,"language":"ENG","playtime":1046,"items_purged":["bronze:Strike"],"score":368,"play_id":"7a837598-4e5f-48a3-ab32-3f6e3cb2748a","local_time":"20210218233025","is_ascension_mode":true,"campfire_choices":[{"floor":13,"key":"RECALL"},{"data":"bronze:SpaghettiCode","floor":18,"key":"SMITH"}],"circlet_count":0,"master_deck":["AscendersBane","bronze:Strike","bronze:Strike","bronze:Strike","bronze:Defend","bronze:Defend","bronze:Defend","bronze:Replicate","bronze:Goto","Magnetism+1","bronze:Constructor","GoldRush","Replay:Fractal Strike","bronze:Separator","bronze:Return","bronze:Repair","bronze:SpaghettiCode+1","bronze:Terminator","bronze:RecursiveStrike"],"relics":["bronze:BronzeCore","LetterFromLob","hubris:FruitBowl","hubris:KleinBottle","hubris:SphereOfDissonance","Oddly Smooth Stone","MawBank","downfall:HeartBlessingGreen","energizedSpire:MagnifyingGlass","downfall:HeartBlessingRed"],"acts_visited":["Exordium","ruina:Briah"],"potions_floor_usage":[6,6,9,11,15,16],"damage_taken":[{"damage":0,"enemies":"conspire:RoseBush","floor":2,"turns":6},{"damage":0,"enemies":"Cultist","floor":4,"turns":3},{"damage":0,"enemies":"infinitespire:Voidling","floor":6,"turns":3},{"damage":0,"enemies":"downfall:LooterAlt","floor":8,"turns":2},{"damage":5,"enemies":"3 Sentries","floor":9,"turns":7},{"damage":4,"enemies":"3 Louse","floor":10,"turns":3},{"damage":15,"enemies":"Lagavulin","floor":11,"turns":4},{"damage":11,"enemies":"Lots of Slimes","floor":15,"turns":3},{"damage":13,"enemies":"IC_STATUS_ARCHETYPE","floor":16,"turns":5},{"damage":29,"enemies":"ruina:3_Bats","floor":19,"turns":6}],"seed_played":"-9143089587747728694","potions_obtained":[{"floor":8,"key":"SteroidPotion"},{"floor":9,"key":"hexamod:SoulburnPotion"},{"floor":11,"key":"champ:CounterPotion"},{"floor":15,"key":"Conjunction:LightningMarble"}],"is_trial":false,"path_per_floor":["R_BF","M","?","M","$","M","T","M","E","M","E","?","R","?","M","B",null,"R","M","?"],"character_chosen":"THE_AUTOMATON","items_purchased":["hubris:FruitBowl","blueLaboratory:FruitPreserves","hubris:KleinBottle","infinitespire:BlackPotion"],"campfire_rested":0,"item_purchase_floors":[5,5,5,5],"current_hp_per_floor":[60,60,60,60,1,31,31,31,37,40,32,44,44,44,40,27,54,54,32,0,0,0],"gold":673,"neow_bonus":"RANDOM_COLORLESS_2","is_daily":false,"chose_seed":false,"campfire_upgraded":1,"win_rate":0.0,"timestamp":1613687425,"path_taken":["R_BF","M","?","?","?","M","T","M","E","M","E","?","R","?","M","BOSS","R","?","?"],"items_purchased_type":["Relic","Potion","Relic","Potion"],"build_version":"2020-12-22","purchased_purges":1,"victory":false,"max_hp_per_floor":[63,63,63,63,63,63,63,63,63,63,63,63,63,63,63,63,63,63,63,63,63,63],"card_choices":[{"not_picked":["Apotheosis","Replay:Dark Deal"],"picked":"Magnetism","floor":0},{"not_picked":["bronze:Frontload","bronze:Iterate"],"picked":"bronze:Constructor","floor":2},{"not_picked":["bronze:Frontload","bronze:WhirlingStrike","bronze:Deprecate"],"picked":"SKIP","floor":4},{"not_picked":["ReplayTheSpireMod:Black Plague","ReplayTheSpireMod:Chaos Vortex"],"picked":"Replay:Fractal Strike","floor":5},{"not_picked":["bronze:WildBeam","bronze:Overheat"],"picked":"bronze:Separator","floor":6},{"not_picked":["bronze:ForLoop","bronze:DelayedSlice"],"picked":"bronze:Return","floor":8},{"not_picked":["bronze:DelayedGuard","bronze:Fortify"],"picked":"bronze:Repair","floor":9},{"not_picked":["bronze:BugBarrage","bronze:Overheat","bronze:WhirlingStrike"],"picked":"SKIP","floor":10},{"not_picked":["bronze:Constructor","bronze:Turbo"],"picked":"bronze:SpaghettiCode","floor":11},{"not_picked":["bronze:FollowUp","bronze:Frontload"],"picked":"bronze:Terminator","floor":15},{"not_picked":["bronze:ShipIt","bronze:FindAndReplace"],"picked":"bronze:RecursiveStrike","floor":16},{"not_picked":["bronze:Allocate","bronze:Deprecate+1","bronze:Constructor"],"picked":"SKIP","floor":19}],"player_experience":482836,"relics_obtained":[{"floor":2,"key":"LetterFromLob"},{"floor":7,"key":"hubris:SphereOfDissonance"},{"floor":9,"key":"Oddly Smooth Stone"},{"floor":11,"key":"MawBank"}],"event_choices":[{"cards_removed":["GoldRush"],"damage_healed":0,"gold_gain":0,"player_choice":"Take \u0026 Give","damage_taken":0,"max_hp_gain":0,"max_hp_loss":0,"event_name":"betterNote:BetterNote","floor":3,"gold_loss":0,"cards_obtained":["GoldRush"]}],"is_beta":false,"boss_relics":[{"not_picked":["conspire:RunicOctahedron","hubris:Backtick"],"picked":"energizedSpire:MagnifyingGlass"}],"items_purged_floors":[5],"is_endless":false,"potions_floor_spawned":[8,9,11,15],"ascension_level":20}}