{"host":"6406jj8da6015sxr","time":1613631554,"event":{"mods":["AchievementEnabler","BaseMod","Colored Map","DeckTracker","Keyboard Shortcuts","Minty Spire (QoL Compilation)","Permanent Neow","Relic Stats","SuperFastMode","everything is the same but u backflip on backflip"],"gold_per_floor":[119,119,1,14,24,24,54,66,66,79,93,113,113,63,63,162,162,162,162,162,19,19,19,19,19,19,19,19,19,19,19,19,19,19,19,19,19,19,19,19,19,19,19,19,19,19,19,19,19,19],"floor_reached":51,"language":"KOR","playtime":2276,"items_purged":[],"score":1102,"play_id":"73016852-310e-4610-ac12-f00c078e2d09","local_time":"20210218155914","is_ascension_mode":true,"campfire_choices":[{"data":"Poisoned Stab","floor":6.0,"key":"SMITH"},{"floor":15.0,"key":"REST"},{"floor":23.0,"key":"REST"},{"floor":25.0,"key":"REST"},{"data":"Cloak And Dagger","floor":30.0,"key":"SMITH"},{"data":"Backflip","floor":32.0,"key":"SMITH"},{"data":"After Image","floor":40,"key":"SMITH"},{"data":"Accuracy","floor":47,"key":"SMITH"},{"data":"Infinite Blades","floor":49,"key":"SMITH"}],"circlet_count":0,"master_deck":["AscendersBane","Survivor","Neutralize+1","Poisoned Stab+1","Masterful Stab","Poisoned Stab","Dagger Throw","Reflex","Caltrops","PiercingWail","Bane","Quick Slash","Doppelganger","Tactician","Dash","Backflip+1","Accuracy+1","Blade Dance","Cloak And Dagger+1","Footwork","Die Die Die","Crippling Poison+1","After Image+1","Venomology","Infinite Blades","Backflip","Terror","Infinite Blades+1","Footwork","Malaise","Flash of Steel","Crippling Poison+1","Backflip+1","Calculated Gamble+1"],"relics":["Ring of the Snake","Bird Faced Urn","Ancient Tea Set","Bag of Marbles","Ectoplasm","Enchiridion","Ornamental Fan","Shuriken","Pantograph","Pandora\u0027s Box","Darkstone Periapt","Kunai","MawBank"],"acts_visited":["Exordium","TheCity","TheBeyond"],"potions_floor_usage":[36,39,45,50,50],"damage_taken":[{"damage":7.0,"enemies":"Small Slimes","floor":1.0,"turns":4.0},{"damage":0.0,"enemies":"Cultist","floor":4.0,"turns":2.0},{"damage":4.0,"enemies":"Jaw Worm","floor":5.0,"turns":4.0},{"damage":25.0,"enemies":"3 Sentries","floor":7.0,"turns":11.0},{"damage":3.0,"enemies":"2 Fungi Beasts","floor":8.0,"turns":3.0},{"damage":3.0,"enemies":"Looter","floor":10.0,"turns":2.0},{"damage":0.0,"enemies":"3 Louse","floor":11.0,"turns":2.0},{"damage":1.0,"enemies":"Exordium Thugs","floor":12.0,"turns":5.0},{"damage":14.0,"enemies":"Hexaghost","floor":16.0,"turns":10.0},{"damage":14.0,"enemies":"3 Byrds","floor":18.0,"turns":4.0},{"damage":33.0,"enemies":"Slavers","floor":24.0,"turns":5.0},{"damage":0.0,"enemies":"Shell Parasite","floor":28.0,"turns":2.0},{"damage":2.0,"enemies":"Centurion and Healer","floor":29.0,"turns":3.0},{"damage":21.0,"enemies":"Collector","floor":33.0,"turns":8.0},{"damage":8,"enemies":"3 Darklings","floor":35,"turns":6},{"damage":17,"enemies":"3 Shapes","floor":36,"turns":5},{"damage":5,"enemies":"3 Darklings","floor":37,"turns":4},{"damage":35,"enemies":"Spire Growth","floor":39,"turns":4},{"damage":17,"enemies":"Giant Head","floor":41,"turns":7},{"damage":15,"enemies":"Jaw Worm Horde","floor":42,"turns":5},{"damage":0,"enemies":"Reptomancer","floor":45,"turns":2},{"damage":6,"enemies":"Sphere and 2 Shapes","floor":46,"turns":6},{"damage":0,"enemies":"Transient","floor":48,"turns":5},{"damage":21,"enemies":"Donu and Deca","floor":50,"turns":8}],"seed_played":"4738822288152883544","potions_obtained":[{"floor":4.0,"key":"SpeedPotion"},{"floor":8.0,"key":"Dexterity Potion"},{"floor":24.0,"key":"LiquidMemories"},{"floor":28.0,"key":"Fire Potion"},{"floor":35,"key":"SmokeBomb"},{"floor":42,"key":"GamblersBrew"},{"floor":48,"key":"BlessingOfTheForge"}],"is_trial":false,"path_per_floor":["M","?","$","M","M","R","E","M","T","M","M","M","?","?","R","B",null,"M","?","?","$","?","R","E","R","T","T","M","M","R","?","R","B",null,"M","M","M","?","M","R","E","M","T","?","E","M","R","M","R","B",null],"character_chosen":"THE_SILENT","items_purchased":["Masterful Stab","ColorlessPotion","Accuracy","Blade Dance","Cloak And Dagger"],"campfire_rested":3,"item_purchase_floors":[3,3,21,21,21],"current_hp_per_floor":[56,56,56,56,52,52,27,24,24,21,21,20,20,20,38,26,54,42,26,26,26,26,44,17,35,35,35,37,39,39,28,28,38,61,68,57,65,55,30,30,27,26,26,26,32,42,42,58,58,55],"gold":19,"neow_bonus":"ONE_RARE_RELIC","is_daily":false,"chose_seed":false,"campfire_upgraded":6,"win_rate":0.0,"timestamp":1613631554,"path_taken":["M","?","$","M","M","R","E","M","T","M","M","?","?","?","R","BOSS","M","?","?","$","?","R","E","R","T","?","M","M","R","?","R","BOSS","M","M","M","?","M","R","E","M","T","?","E","M","R","?","R","BOSS"],"items_purchased_type":["Card","Potion","Card","Card","Card"],"build_version":"2020-12-22","purchased_purges":0,"victory":true,"max_hp_per_floor":[63,63,63,63,63,63,63,63,63,63,63,63,63,63,63,63,63,63,63,63,63,63,63,63,63,63,63,63,63,63,68,68,68,68,68,68,68,68,68,68,68,68,68,68,68,68,68,68,68,68],"relic_stats":{"Darkstone Periapt":0,"counters":[24,117],"Ornamental Fan":[216],"Shuriken":[54],"Bird Faced Urn":[140],"Pantograph":35,"Pandora\u0027s Box":["Venomology","Infinite Blades","Backflip","Terror","Infinite Blades","Footwork","Malaise"],"Ectoplasm":391,"Kunai":[18],"MawBank":0,"obtain_stats":[{"Darkstone Periapt":41,"Enchiridion":19,"Ancient Tea Set":7,"MawBank":44,"Ornamental Fan":24,"Shuriken":26,"Bird Faced Urn":0,"Pantograph":27,"Pandora\u0027s Box":34,"Ectoplasm":17,"Bag of Marbles":9,"Kunai":43,"Ring of the Snake":0},{"Darkstone Periapt":19,"Enchiridion":10,"Ancient Tea Set":4,"MawBank":20,"Ornamental Fan":11,"Shuriken":11,"Bird Faced Urn":0,"Pantograph":11,"Pandora\u0027s Box":14,"Ectoplasm":9,"Bag of Marbles":5,"Kunai":20,"Ring of the Snake":0},{"Darkstone Periapt":91,"Enchiridion":47,"Ancient Tea Set":21,"MawBank":96,"Ornamental Fan":52,"Shuriken":52,"Bird Faced Urn":0,"Pantograph":52,"Pandora\u0027s Box":65,"Ectoplasm":43,"Bag of Marbles":24,"Kunai":96,"Ring of the Snake":0}],"Ring of the Snake":[48]},"card_choices":[{"not_picked":["Outmaneuver","Backflip"],"picked":"Poisoned Stab","floor":1.0},{"not_picked":["Prepared","Deadly Poison"],"picked":"Poisoned Stab","floor":4.0},{"not_picked":["Dodge and Roll","Prepared"],"picked":"Dagger Throw","floor":5.0},{"not_picked":["Skewer","Escape Plan"],"picked":"Reflex","floor":7.0},{"not_picked":["Dodge and Roll","Deflect"],"picked":"Caltrops","floor":8.0},{"not_picked":["Die Die Die","Outmaneuver"],"picked":"PiercingWail","floor":10.0},{"not_picked":["Riddle With Holes","Dodge and Roll"],"picked":"Bane","floor":11.0},{"not_picked":["Accuracy","Concentrate"],"picked":"Quick Slash","floor":12.0},{"not_picked":["Wraith Form v2","Burst"],"picked":"Doppelganger","floor":16.0},{"not_picked":["Deadly Poison","Dodge and Roll"],"picked":"Tactician","floor":18.0},{"not_picked":["Tactician","Quick Slash"],"picked":"Die Die Die","floor":24.0},{"not_picked":["Noxious Fumes","Masterful Stab"],"picked":"Crippling Poison+1","floor":28.0},{"not_picked":["Eviscerate","Dagger Spray","Deadly Poison+1"],"picked":"SKIP","floor":29.0},{"not_picked":["Glass Knife","Venomology"],"picked":"After Image","floor":33.0},{"not_picked":["Tactician+1","Choke+1","Flechettes"],"picked":"SKIP","floor":35},{"not_picked":["Dagger Throw+1","Sucker Punch+1","Underhanded Strike+1"],"picked":"SKIP","floor":36},{"not_picked":["Bane","Dagger Throw+1","Deflect"],"picked":"SKIP","floor":37},{"not_picked":["Mind Blast","Dark Shackles"],"picked":"Flash of Steel","floor":38},{"not_picked":["Predator","Flying Knee+1","Quick Slash"],"picked":"SKIP","floor":39},{"not_picked":["Heel Hook","Eviscerate+1"],"picked":"Crippling Poison+1","floor":41},{"not_picked":["PiercingWail+1","Heel Hook+1"],"picked":"Backflip+1","floor":42},{"not_picked":["Slice+1","Backstab"],"picked":"Calculated Gamble+1","floor":46},{"not_picked":["PiercingWail+1","Distraction","Dodge and Roll"],"picked":"SKIP","floor":48}],"player_experience":45999,"relics_obtained":[{"floor":7.0,"key":"Ancient Tea Set"},{"floor":9.0,"key":"Bag of Marbles"},{"floor":19.0,"key":"Enchiridion"},{"floor":24.0,"key":"Ornamental Fan"},{"floor":26.0,"key":"Shuriken"},{"floor":27.0,"key":"Pantograph"},{"floor":41,"key":"Darkstone Periapt"},{"floor":43,"key":"Kunai"}],"event_choices":[{"damage_healed":0.0,"max_hp_gain":0.0,"max_hp_loss":0.0,"gold_gain":0.0,"event_name":"Upgrade Shrine","player_choice":"Upgraded","floor":2.0,"gold_loss":0.0,"damage_taken":0.0,"cards_upgraded":["Neutralize"]},{"damage_healed":0.0,"max_hp_gain":0.0,"max_hp_loss":0.0,"gold_gain":0.0,"event_name":"Dead Adventurer","player_choice":"Searched \u00270\u0027 times","floor":13.0,"gold_loss":0.0,"damage_taken":0.0},{"cards_removed":["Strike_G"],"damage_healed":0.0,"max_hp_gain":0.0,"max_hp_loss":0.0,"gold_gain":0.0,"event_name":"The Cleric","player_choice":"Card Removal","floor":14.0,"gold_loss":50.0,"damage_taken":0.0},{"damage_healed":0.0,"max_hp_gain":0.0,"max_hp_loss":0.0,"gold_gain":0.0,"event_name":"Cursed Tome","player_choice":"Obtained Book","floor":19.0,"gold_loss":0.0,"damage_taken":16.0},{"damage_healed":0.0,"max_hp_gain":0.0,"max_hp_loss":0.0,"gold_gain":0.0,"cards_transformed":["Strike_G","Strike_G"],"event_name":"Drug Dealer","player_choice":"Became Test Subject","floor":20.0,"gold_loss":0.0,"damage_taken":0.0,"cards_obtained":["Dash","Backflip"]},{"damage_healed":0.0,"max_hp_gain":0.0,"max_hp_loss":0.0,"gold_gain":0.0,"event_name":"The Library","player_choice":"Read","floor":22.0,"gold_loss":0.0,"damage_taken":0.0,"cards_obtained":["Footwork"]},{"damage_healed":0.0,"max_hp_gain":5.0,"max_hp_loss":0.0,"gold_gain":0.0,"event_name":"Forgotten Altar","player_choice":"Shed Blood","floor":31.0,"gold_loss":0.0,"damage_taken":16.0},{"damage_healed":0,"gold_gain":0,"player_choice":"Memory 3","damage_taken":10,"max_hp_gain":0,"max_hp_loss":0,"event_name":"SensoryStone","floor":38,"gold_loss":0},{"damage_healed":0,"gold_gain":0,"player_choice":"Gave Potion","damage_taken":0,"relics_obtained":["MawBank"],"max_hp_gain":0,"max_hp_loss":0,"event_name":"WeMeetAgain","floor":44,"gold_loss":0}],"is_beta":false,"boss_relics":[{"not_picked":["Velvet Choker","SlaversCollar"],"picked":"Ectoplasm"},{"not_picked":["Black Star","HoveringKite"],"picked":"Pandora\u0027s Box"}],"items_purged_floors":[],"is_endless":false,"potions_floor_spawned":[4,8,12,24,28,35,37,42,45,48],"ascension_level":11}}