{"host":"u4hhjc8c2w7dbcnr","time":1613613887,"event":{"mods":["BaseMod","Colored Map","Colored Powertips","Highlight Path","Minty Spire (QoL Compilation)","StSLib"],"gold_per_floor":[109,123,136,148,160,160,85,85,85,95,95,107,120,154,154,251,251,251,251],"floor_reached":18,"language":"ENG","playtime":853,"items_purged":["Strike_B"],"score":208,"play_id":"ec114445-262f-417c-8fbe-d2a54672a325","local_time":"20210218100447","is_ascension_mode":true,"campfire_choices":[{"data":"Zap","floor":6,"key":"SMITH"},{"data":"Dualcast","floor":8,"key":"SMITH"},{"data":"Multi-Cast","floor":15,"key":"SMITH"}],"circlet_count":0,"master_deck":["Strike_B","Defend_B","Defend_B","Defend_B","Defend_B","Zap+1","Dualcast+1","Conserve Battery+1","Leap","Cold Snap","Self Repair","Sunder","Multi-Cast+1","Echo Form"],"relics":["Cracked Core","DataDisk","Bottled Lightning","Vajra","Empty Cage"],"acts_visited":["Exordium","TheCity"],"potions_floor_usage":[14,14,16],"damage_taken":[{"damage":0,"enemies":"Cultist","floor":1,"turns":2},{"damage":2,"enemies":"2 Louse","floor":2,"turns":2},{"damage":0,"enemies":"Jaw Worm","floor":3,"turns":3},{"damage":8,"enemies":"Gremlin Gang","floor":4,"turns":5},{"damage":9,"enemies":"2 Fungi Beasts","floor":5,"turns":3},{"damage":0,"enemies":"Red Slaver","floor":10,"turns":3},{"damage":3,"enemies":"Blue Slaver","floor":12,"turns":2},{"damage":3,"enemies":"Exordium Thugs","floor":13,"turns":4},{"damage":9,"enemies":"Lagavulin","floor":14,"turns":7},{"damage":36,"enemies":"The Guardian","floor":16,"turns":15},{"damage":26,"enemies":"3 Byrds","floor":18,"turns":4}],"seed_played":"-7431305113894560713","potions_obtained":[{"floor":1,"key":"PowerPotion"},{"floor":2,"key":"GamblersBrew"},{"floor":4,"key":"PowerPotion"}],"is_trial":false,"path_per_floor":["M","M","M","M","M","R","$","R","T","M","?","M","M","E","R","B",null,"M"],"character_chosen":"DEFECT","items_purchased":[],"campfire_rested":0,"item_purchase_floors":[],"current_hp_per_floor":[75,73,73,65,56,56,56,56,56,56,56,60,64,62,62,33,65,39,39],"gold":251,"neow_bonus":"RANDOM_COMMON_RELIC","is_daily":false,"chose_seed":false,"campfire_upgraded":3,"win_rate":0.0,"timestamp":1613613887,"path_taken":["M","M","M","M","?","R","$","R","T","M","?","M","M","E","R","BOSS","M"],"items_purchased_type":[],"build_version":"2020-12-22","purchased_purges":1,"victory":false,"max_hp_per_floor":[75,75,75,75,75,75,75,75,75,75,75,75,75,75,75,75,75,75,75],"card_choices":[{"not_picked":["Undo","Redo"],"picked":"Conserve Battery","floor":1},{"not_picked":["Consume","Sweeping Beam","FTL"],"picked":"SKIP","floor":2},{"not_picked":["Hologram","BootSequence","Barrage"],"picked":"SKIP","floor":3},{"not_picked":["Redo","Double Energy"],"picked":"Leap","floor":4},{"not_picked":["Conserve Battery","Gash"],"picked":"Cold Snap","floor":5},{"not_picked":["Coolheaded","Streamline"],"picked":"Self Repair","floor":10},{"not_picked":["Stack","Hologram"],"picked":"Sunder","floor":12},{"not_picked":["Barrage","Coolheaded"],"picked":"Multi-Cast","floor":13},{"not_picked":["Rebound","Barrage","Lockon"],"picked":"SKIP","floor":14},{"not_picked":["Thunder Strike","Core Surge"],"picked":"Echo Form","floor":16}],"player_experience":126476,"relics_obtained":[{"floor":9,"key":"Bottled Lightning"},{"floor":14,"key":"Vajra"}],"event_choices":[{"damage_healed":0,"gold_gain":0,"player_choice":"Forge","damage_taken":0,"max_hp_gain":0,"max_hp_loss":0,"event_name":"Accursed Blacksmith","floor":11,"gold_loss":0,"cards_upgraded":["Conserve Battery"]}],"is_beta":false,"boss_relics":[{"not_picked":["SlaversCollar","Ectoplasm"],"picked":"Empty Cage"}],"items_purged_floors":[7],"is_endless":false,"potions_floor_spawned":[1,2,4],"killed_by":"3 Byrds","ascension_level":5}}