{"host":"g3js2eermvvpeiqn","time":1613674382,"event":{"mods":["BaseMod","DeckTracker","Downfall","Minty Spire (QoL Compilation)","Quick Restart","StSLib"],"gold_per_floor":[116,191,63,79,22,22,55,55,55,205,234,234,269,279,279,353,353,373,22,72,51,67,67,67],"floor_reached":23,"language":"ENG","playtime":627,"items_purged":["Strike_G","Strike_G"],"score":444,"play_id":"ee71e235-4cbe-4d18-97d9-9370d2c0adb3","local_time":"20210218125302","is_ascension_mode":true,"campfire_choices":[{"data":"Poisoned Stab","floor":6.0,"key":"SMITH"},{"data":"Deadly Poison","floor":8.0,"key":"SMITH"},{"data":"Poisoned Stab","floor":15.0,"key":"SMITH"}],"circlet_count":0,"master_deck":["AscendersBane","Strike_G","Strike_G","Defend_G","Defend_G","Defend_G","Defend_G","Defend_G","Survivor","Neutralize","Poisoned Stab+1","Poisoned Stab+1","Burst","Poisoned Stab","Deadly Poison+1","Dagger Spray","Burst+1","Corpse Explosion+1","Noxious Fumes","PiercingWail+1","Backstab"],"relics":["Ring of the Snake","NeowsBlessing","Bag of Marbles","InkBottle","Odd Mushroom","Tiny Chest","Toxic Egg 2","Empty Cage","ClockworkSouvenir"],"acts_visited":["Exordium","TheCity"],"potions_floor_usage":[23],"damage_taken":[{"damage":0.0,"enemies":"Jaw Worm","floor":1.0,"turns":1.0},{"damage":0.0,"enemies":"Small Slimes","floor":4.0,"turns":1.0},{"damage":0.0,"enemies":"Gremlin Nob","floor":7.0,"turns":1.0},{"damage":14.0,"enemies":"The Mushroom Lair","floor":11.0,"turns":4.0},{"damage":25.0,"enemies":"Lagavulin","floor":13.0,"turns":5.0},{"damage":0.0,"enemies":"2 Louse","floor":14.0,"turns":3.0},{"damage":5.0,"enemies":"Hexaghost","floor":16.0,"turns":8.0},{"damage":24.0,"enemies":"Chosen","floor":18.0,"turns":5.0},{"damage":16.0,"enemies":"2 Thieves","floor":21.0,"turns":4.0},{"damage":0.0,"enemies":"Centurion and Healer","floor":22.0,"turns":4.0},{"damage":19,"enemies":"Slavers","floor":23,"turns":2}],"seed_played":"6933346872731521938","potions_obtained":[{"floor":1.0,"key":"Fruit Juice"},{"floor":7.0,"key":"GhostInAJar"},{"floor":14.0,"key":"DuplicationPotion"},{"floor":22.0,"key":"Fruit Juice"}],"is_trial":false,"path_per_floor":["M","?","$","M","$","R","E","R","T","?","?","?","E","M","R","B",null,"M","$","?","M","M","E"],"character_chosen":"THE_SILENT","items_purchased":["Poisoned Stab","Poisoned Stab","ClockworkSouvenir","Noxious Fumes","Explosive Potion"],"campfire_rested":0,"item_purchase_floors":[3,5,19,19,19],"current_hp_per_floor":[64,53,53,53,53,53,53,53,53,53,39,34,9,9,9,4,54,30,30,30,14,19,0,0],"gold":67,"neow_bonus":"THREE_ENEMY_KILL","is_daily":false,"chose_seed":false,"campfire_upgraded":3,"win_rate":0.0,"timestamp":1613674382,"path_taken":["M","?","$","M","$","R","E","R","T","?","?","?","E","M","R","BOSS","M","$","?","M","?","E"],"items_purchased_type":["Card","Card","Relic","Card","Potion"],"build_version":"2020-12-22","purchased_purges":2,"victory":false,"max_hp_per_floor":[71,71,71,71,71,71,71,71,71,71,71,71,71,71,71,71,71,71,71,71,71,76,76,76],"card_choices":[{"not_picked":["Prepared","Sucker Punch"],"picked":"Poisoned Stab","floor":1.0},{"not_picked":["Deflect","Prepared"],"picked":"Burst","floor":4.0},{"not_picked":["Acrobatics","Cloak And Dagger"],"picked":"Deadly Poison","floor":7.0},{"not_picked":["Poisoned Stab","Cloak And Dagger"],"picked":"Dagger Spray","floor":11.0},{"not_picked":["Bullet Time+1","Flying Knee"],"picked":"Burst+1","floor":13.0},{"not_picked":["Masterful Stab","Distraction+1","Heel Hook"],"picked":"SKIP","floor":14.0},{"not_picked":["Masterful Stab","Distraction+1","Heel Hook"],"picked":"SKIP","floor":14.0},{"not_picked":["Adrenaline+1","Burst+1"],"picked":"Corpse Explosion+1","floor":16.0},{"not_picked":["Poisoned Stab+1","Flying Knee","Dagger Throw"],"picked":"SKIP","floor":18.0},{"not_picked":["Underhanded Strike","Bane"],"picked":"PiercingWail+1","floor":21.0},{"not_picked":["Eviscerate","Underhanded Strike"],"picked":"Backstab","floor":22.0}],"player_experience":1488151,"relics_obtained":[{"floor":7.0,"key":"Bag of Marbles"},{"floor":9.0,"key":"InkBottle"},{"floor":11.0,"key":"Odd Mushroom"},{"floor":13.0,"key":"Toxic Egg 2"}],"event_choices":[{"damage_healed":0.0,"max_hp_gain":0.0,"max_hp_loss":0.0,"gold_gain":75.0,"event_name":"World of Goop","player_choice":"Gather Gold","floor":2.0,"gold_loss":0.0,"damage_taken":11.0},{"damage_healed":0.0,"max_hp_gain":0.0,"max_hp_loss":0.0,"gold_gain":150.0,"event_name":"Liars Game","player_choice":"AGREE","floor":10.0,"gold_loss":0.0,"damage_taken":0.0,"cards_obtained":["Doubt"]},{"damage_healed":0.0,"max_hp_gain":0.0,"max_hp_loss":0.0,"gold_gain":0.0,"event_name":"Mushrooms","player_choice":"Fought Mushrooms","floor":11.0,"gold_loss":0.0,"damage_taken":0.0},{"damage_healed":0.0,"max_hp_gain":0.0,"max_hp_loss":0.0,"gold_gain":0.0,"event_name":"Scrap Ooze","player_choice":"Success","floor":12.0,"gold_loss":0.0,"damage_taken":5.0,"relics_obtained":["Tiny Chest"]},{"damage_healed":0.0,"max_hp_gain":0.0,"max_hp_loss":0.0,"gold_gain":50.0,"event_name":"Golden Shrine","player_choice":"Pray","floor":20.0,"gold_loss":0.0,"damage_taken":0.0}],"is_beta":false,"boss_relics":[{"not_picked":["Ring of the Serpent","Fusion Hammer"],"picked":"Empty Cage"}],"items_purged_floors":[3,19],"is_endless":false,"potions_floor_spawned":[1,7,14,22],"killed_by":"Slavers","ascension_level":20}}