{"host":"prxrhpgaxnj4om9r","time":1613624134,"event":{"mods":["AchievementEnabler","BaseMod","Colored Map","DeckTracker","Minty Spire (QoL Compilation)"],"gold_per_floor":[111,111,122,122,193,221,221,262,262,262,285,385,410,435,435,546,546,570,267,276,285,142,171,44,44,44,87,112,112,112,446,446,446,446],"floor_reached":33,"language":"KOR","playtime":1014,"items_purged":[],"score":316,"play_id":"13d5c171-05d4-40b6-af98-42844236895a","local_time":"20210218135534","is_ascension_mode":false,"campfire_choices":[{"data":"Eruption","floor":7,"key":"SMITH"},{"floor":10,"key":"REST"},{"data":"ForeignInfluence","floor":15,"key":"SMITH"},{"floor":25,"key":"RECALL"},{"floor":29,"key":"REST"},{"floor":32,"key":"REST"}],"circlet_count":0,"master_deck":["Strike_P","Strike_P","Strike_P","Strike_P","Defend_P","Defend_P","Defend_P","Eruption+1","Vigilance","FlyingSleeves","ThirdEye","Alpha","SandsOfTime","CutThroughFate+1","Prostrate","ForeignInfluence+1","DevaForm+1","WreathOfFlame+1","Consecrate+1","SignatureMove+1","RitualDagger+1","BowlingBash+1","Ragnarok+1","DeusExMachina","Indignation+1"],"relics":["PureWater","NeowsBlessing","Frozen Egg 2","Bird Faced Urn","CeramicFish","Molten Egg 2","Black Star","White Beast Statue","Nunchaku","Bronze Scales","Singing Bowl","Mercury Hourglass","Old Coin","Ornamental Fan"],"acts_visited":["Exordium","TheCity"],"potions_floor_usage":[8,8,14,18,27,27,27,31,31,33,33],"damage_taken":[{"damage":0,"enemies":"2 Louse","floor":1,"turns":1},{"damage":0,"enemies":"Small Slimes","floor":3,"turns":1},{"damage":0,"enemies":"Gremlin Nob","floor":6,"turns":1},{"damage":36,"enemies":"Lagavulin","floor":8,"turns":3},{"damage":3,"enemies":"Jaw Worm","floor":11,"turns":3},{"damage":0,"enemies":"Looter","floor":13,"turns":2},{"damage":0,"enemies":"Exordium Thugs","floor":14,"turns":3},{"damage":44,"enemies":"The Guardian","floor":16,"turns":6},{"damage":11,"enemies":"Spheric Guardian","floor":18,"turns":4},{"damage":0,"enemies":"Shell Parasite","floor":23,"turns":2},{"damage":24,"enemies":"Book of Stabbing","floor":27,"turns":2},{"damage":30,"enemies":"Snake Plant","floor":28,"turns":5},{"damage":14,"enemies":"Gremlin Leader","floor":31,"turns":6},{"damage":67,"enemies":"Collector","floor":33,"turns":6}],"seed_played":"2370781898177804762","potions_obtained":[{"floor":1,"key":"DuplicationPotion"},{"floor":6,"key":"Swift Potion"},{"floor":8,"key":"FearPotion"},{"floor":16,"key":"ColorlessPotion"},{"floor":18,"key":"Strength Potion"},{"floor":23,"key":"FearPotion"},{"floor":27,"key":"Fruit Juice"},{"floor":28,"key":"BottledMiracle"},{"floor":31,"key":"EntropicBrew"}],"is_trial":false,"path_per_floor":["M","?","M","?","T","E","R","E","T","R","M","?","M","M","R","B",null,"M","$","?","?","$","M","$","R","T","E","M","R","T","E","R","B"],"character_chosen":"WATCHER","items_purchased":["White Beast Statue","Consecrate+1","Nunchaku","Ragnarok+1"],"campfire_rested":3,"item_purchase_floors":[19,19,22,24],"current_hp_per_floor":[72,65,65,70,70,70,70,34,34,57,54,54,54,54,54,12,77,66,66,66,60,60,60,60,60,60,41,13,37,37,27,52,0,0],"gold":446,"neow_bonus":"THREE_ENEMY_KILL","is_daily":false,"chose_seed":false,"campfire_upgraded":2,"win_rate":0.0,"timestamp":1613624134,"path_taken":["M","?","M","?","?","E","R","E","T","R","M","?","M","M","R","BOSS","M","$","?","?","$","M","?","R","T","E","M","R","?","E","R","BOSS"],"items_purchased_type":["Relic","Card","Relic","Card"],"build_version":"2020-12-22","purchased_purges":0,"victory":false,"max_hp_per_floor":[72,72,72,77,77,77,77,77,77,77,77,77,77,77,77,77,77,77,77,77,77,77,77,77,77,77,82,82,82,82,84,84,84,84],"card_choices":[{"not_picked":["Nirvana","PathToVictory"],"picked":"FlyingSleeves","floor":1},{"not_picked":["FollowUp","EmptyBody"],"picked":"ThirdEye","floor":3},{"not_picked":["FollowUp","Protect"],"picked":"Alpha","floor":6},{"not_picked":["DeceiveReality","Evaluate"],"picked":"SandsOfTime","floor":8},{"not_picked":["WaveOfTheHand","EmptyMind"],"picked":"CutThroughFate+1","floor":11},{"not_picked":["Swivel","EmptyBody"],"picked":"Prostrate","floor":13},{"not_picked":["FlyingSleeves+1","FollowUp+1"],"picked":"ForeignInfluence","floor":14},{"not_picked":["Wish","Alpha"],"picked":"DevaForm+1","floor":16},{"not_picked":["Crescendo","CutThroughFate+1"],"picked":"WreathOfFlame+1","floor":18},{"not_picked":["FlurryOfBlows+1","EmptyFist+1"],"picked":"BowlingBash+1","floor":23},{"not_picked":["ThirdEye","WreathOfFlame"],"picked":"DeusExMachina","floor":27},{"not_picked":["FlyingSleeves+1","Consecrate+1"],"picked":"Indignation+1","floor":28},{"not_picked":["FlyingSleeves+1","CutThroughFate+1","Weave+1"],"picked":"Singing Bowl","floor":31}],"player_experience":512233,"relics_obtained":[{"floor":5,"key":"Frozen Egg 2"},{"floor":6,"key":"Bird Faced Urn"},{"floor":8,"key":"CeramicFish"},{"floor":9,"key":"Molten Egg 2"},{"floor":27,"key":"Bronze Scales"},{"floor":27,"key":"Singing Bowl"},{"floor":30,"key":"Mercury Hourglass"},{"floor":31,"key":"Old Coin"},{"floor":31,"key":"Ornamental Fan"}],"event_choices":[{"cards_removed":["Defend_P"],"damage_healed":0,"gold_gain":0,"player_choice":"Card Removal","damage_taken":7,"max_hp_gain":0,"max_hp_loss":0,"event_name":"Golden Wing","floor":2,"gold_loss":0},{"damage_healed":0,"gold_gain":0,"player_choice":"Donut","damage_taken":0,"max_hp_gain":5,"max_hp_loss":0,"event_name":"Big Fish","floor":4,"gold_loss":0},{"damage_healed":0,"gold_gain":100,"player_choice":"Pray","damage_taken":0,"max_hp_gain":0,"max_hp_loss":0,"event_name":"Golden Shrine","floor":12,"gold_loss":0},{"damage_healed":0,"gold_gain":0,"player_choice":"Read","damage_taken":0,"max_hp_gain":0,"max_hp_loss":0,"event_name":"The Library","floor":20,"gold_loss":0,"cards_obtained":["SignatureMove"]},{"damage_healed":0,"gold_gain":0,"player_choice":"Joined the Cult","damage_taken":6,"max_hp_gain":0,"max_hp_loss":0,"event_name":"Nest","floor":21,"gold_loss":0,"cards_obtained":["RitualDagger"]}],"is_beta":false,"boss_relics":[{"not_picked":["Sozu","Fusion Hammer"],"picked":"Black Star"}],"items_purged_floors":[],"is_endless":false,"potions_floor_spawned":[1,6,8,16,18,23,27,28,31],"killed_by":"Collector","ascension_level":0}}