{"host":"aapp7ew3jk5k1bvd","time":1613655053,"event":{"mods":["AchievementEnabler","BaseMod","Colored Map","Custom Start","Keyboard Shortcuts","Minty Spire (QoL Compilation)","Permanent Neow","Quick Restart","StSLib","SuperFastMode"],"gold_per_floor":[217,217,90,90,103,103,103,103,103,3,3,17,31,50,50,149,149,166,166,14,113,130,130,164,179,205,9,21,40,56,69,69,69,69],"floor_reached":33,"language":"KOR","playtime":769,"items_purged":["Strike_G","Strike_G","Strike_G"],"score":408,"play_id":"c52a8076-e289-4d03-bb02-d2264b52e35f","local_time":"20210218223053","is_ascension_mode":true,"campfire_choices":[{"data":"Deadly Poison","floor":6.0,"key":"SMITH"},{"data":"Adrenaline","floor":8.0,"key":"SMITH"},{"data":"Bane","floor":11.0,"key":"SMITH"},{"data":"Dodge and Roll","floor":15.0,"key":"SMITH"},{"floor":32.0,"key":"REST"}],"circlet_count":0,"master_deck":["Strike_G","Defend_G","Defend_G","Defend_G","Defend_G","Defend_G","Survivor","Neutralize","Deadly Poison+1","Bane+1","Adrenaline+1","Noxious Fumes","Dodge and Roll+1","Corpse Explosion","Well Laid Plans","Adrenaline+1","Bouncing Flask","Adrenaline+1","Adrenaline","Adrenaline","Noxious Fumes","Catalyst","Deflect+1","Deflect","Dodge and Roll+1"],"relics":["Ring of the Snake","HornCleat","Nloth\u0027s Gift","DollysMirror","Happy Flower","Dream Catcher"],"acts_visited":["Exordium","TheCity"],"potions_floor_usage":[33,33],"damage_taken":[{"damage":2.0,"enemies":"Small Slimes","floor":1.0,"turns":5.0},{"damage":0.0,"enemies":"Cultist","floor":5.0,"turns":3.0},{"damage":0.0,"enemies":"2 Louse","floor":12.0,"turns":3.0},{"damage":4.0,"enemies":"Exordium Thugs","floor":13.0,"turns":5.0},{"damage":0.0,"enemies":"3 Louse","floor":14.0,"turns":3.0},{"damage":10.0,"enemies":"Hexaghost","floor":16.0,"turns":9.0},{"damage":14.0,"enemies":"2 Thieves","floor":18.0,"turns":2.0},{"damage":2.0,"enemies":"Chosen","floor":22.0,"turns":6.0},{"damage":29.0,"enemies":"Slavers","floor":24.0,"turns":2.0},{"damage":0.0,"enemies":"Centurion and Healer","floor":25.0,"turns":3.0},{"damage":5.0,"enemies":"Snecko","floor":28.0,"turns":4.0},{"damage":6.0,"enemies":"Chosen and Byrds","floor":29.0,"turns":4.0},{"damage":9.0,"enemies":"Shelled Parasite and Fungi","floor":30.0,"turns":4.0},{"damage":0.0,"enemies":"3 Cultists","floor":31.0,"turns":2.0},{"damage":21,"enemies":"Champ","floor":33,"turns":12}],"seed_played":"7599003488806741346","potions_obtained":[{"floor":13.0,"key":"Poison Potion"},{"floor":16.0,"key":"Strength Potion"},{"floor":22.0,"key":"Strength Potion"},{"floor":24.0,"key":"SpeedPotion"},{"floor":30.0,"key":"Dexterity Potion"}],"is_trial":false,"path_per_floor":["M","?","$","?","M","R","?","R","T","$","R","M","M","M","R","B",null,"M","?","$","?","M","?","E","M","T","$","M","M","M","M","R","B"],"character_chosen":"THE_SILENT","items_purchased":["Bane","DollysMirror","Noxious Fumes"],"campfire_rested":1,"item_purchase_floors":[3,20,27],"current_hp_per_floor":[61,54,54,59,59,59,59,59,59,59,59,59,55,55,55,45,68,54,54,54,54,52,52,23,23,23,23,18,12,3,3,25,4,4],"gold":69,"neow_bonus":"HUNDRED_GOLD","is_daily":false,"chose_seed":false,"campfire_upgraded":4,"win_rate":0.0,"timestamp":1613655053,"path_taken":["M","?","$","?","M","R","?","R","T","$","R","M","?","M","R","BOSS","M","?","$","?","M","?","E","M","T","$","M","?","M","M","R","BOSS"],"items_purchased_type":["Card","Relic","Card"],"build_version":"2020-12-22","purchased_purges":3,"victory":false,"max_hp_per_floor":[70,70,70,75,75,75,75,75,75,75,75,75,75,75,75,75,75,75,75,75,75,75,75,75,75,75,75,75,75,75,75,75,75,75],"card_choices":[{"not_picked":["Acrobatics","Bane"],"picked":"Deadly Poison","floor":1.0},{"not_picked":["Underhanded Strike","Blade Dance","Outmaneuver"],"picked":"SKIP","floor":5.0},{"not_picked":["Concentrate","Acrobatics"],"picked":"Noxious Fumes","floor":12.0},{"not_picked":["Blade Dance","Caltrops","Sucker Punch"],"picked":"SKIP","floor":13.0},{"not_picked":["Acrobatics","Cloak And Dagger"],"picked":"Dodge and Roll","floor":14.0},{"not_picked":["Phantasmal Killer","A Thousand Cuts"],"picked":"Corpse Explosion","floor":16.0},{"not_picked":["Blade Dance+1","Underhanded Strike"],"picked":"Well Laid Plans","floor":18.0},{"not_picked":["Sucker Punch+1","Riddle With Holes"],"picked":"Bouncing Flask","floor":22.0},{"not_picked":["All Out Attack","Flying Knee"],"picked":"Adrenaline","floor":24.0},{"not_picked":["Flying Knee+1","Dodge and Roll"],"picked":"Adrenaline","floor":25.0},{"not_picked":["Backstab","Outmaneuver+1","Deadly Poison"],"picked":"SKIP","floor":28.0},{"not_picked":["Deadly Poison","Sucker Punch+1"],"picked":"Catalyst","floor":29.0},{"not_picked":["A Thousand Cuts","PiercingWail"],"picked":"Deflect+1","floor":30.0},{"not_picked":["Backflip","Infinite Blades"],"picked":"Deflect","floor":31.0},{"not_picked":["Underhanded Strike","Blade Dance"],"picked":"Dodge and Roll+1","floor":32.0}],"player_experience":1032914,"relics_obtained":[{"floor":9.0,"key":"HornCleat"},{"floor":24.0,"key":"Happy Flower"},{"floor":26.0,"key":"Dream Catcher"}],"event_choices":[{"cards_removed":["Strike_G"],"damage_healed":0.0,"max_hp_gain":0.0,"max_hp_loss":0.0,"gold_gain":0.0,"event_name":"Golden Wing","player_choice":"Card Removal","floor":2.0,"gold_loss":0.0,"damage_taken":7.0},{"damage_healed":0.0,"max_hp_gain":5.0,"max_hp_loss":0.0,"gold_gain":0.0,"event_name":"Big Fish","player_choice":"Donut","floor":4.0,"gold_loss":0.0,"damage_taken":0.0},{"damage_healed":0.0,"max_hp_gain":0.0,"max_hp_loss":0.0,"gold_gain":0.0,"event_name":"Match and Keep!","player_choice":"1 cards matched","floor":7.0,"gold_loss":0.0,"damage_taken":0.0,"cards_obtained":["Adrenaline"]},{"damage_healed":0.0,"max_hp_gain":0.0,"max_hp_loss":0.0,"gold_gain":0.0,"event_name":"N\u0027loth","player_choice":"Traded Relic","floor":19.0,"relics_lost":["Velvet Choker"],"gold_loss":0.0,"damage_taken":0.0,"relics_obtained":["Nloth\u0027s Gift"]},{"damage_healed":0.0,"max_hp_gain":0.0,"max_hp_loss":0.0,"gold_gain":99.0,"event_name":"Nest","player_choice":"Stole From Cult","floor":21.0,"gold_loss":0.0,"damage_taken":0.0},{"damage_healed":0.0,"max_hp_gain":0.0,"max_hp_loss":0.0,"gold_gain":0.0,"event_name":"Duplicator","player_choice":"Copied","floor":23.0,"gold_loss":0.0,"damage_taken":0.0,"cards_obtained":["Adrenaline"]}],"is_beta":false,"boss_relics":[{"not_picked":["SacredBark","Coffee Dripper"],"picked":"Velvet Choker"}],"items_purged_floors":[3,10,27],"is_endless":false,"potions_floor_spawned":[13,16,22,24,30],"killed_by":"Champ","ascension_level":7}}