{"host":"soyfmymeou4emntr","time":1613622805,"event":{"mods":["BaseMod","Minty Spire (QoL Compilation)","Permanent Neow","Relic Sorter","Relic Stats","StSLib"],"gold_per_floor":[114,126,12,12,28,28,28,28,28,55,72,72,72],"floor_reached":12,"language":"ENG","playtime":691,"items_purged":["Strike_R"],"score":156,"play_id":"e5aa5b1f-290f-4a43-a98c-cd1c2181fa27","local_time":"20210217213325","is_ascension_mode":true,"campfire_choices":[{"data":"Bash","floor":6.0,"key":"SMITH"},{"data":"Rampage","floor":8.0,"key":"SMITH"}],"circlet_count":0,"master_deck":["AscendersBane","Strike_R","Strike_R","Strike_R","Defend_R","Defend_R","Defend_R","Defend_R","Bash+1","Pommel Strike","Rampage+1","Combust","Seeing Red","Fire Breathing","Flame Barrier"],"relics":["Burning Blood","Pantograph","The Courier"],"acts_visited":["Exordium"],"potions_floor_usage":[],"damage_taken":[{"damage":4.0,"enemies":"Small Slimes","floor":1.0,"turns":4.0},{"damage":4.0,"enemies":"Jaw Worm","floor":2.0,"turns":5.0},{"damage":7.0,"enemies":"2 Louse","floor":5.0,"turns":4.0},{"damage":26.0,"enemies":"3 Sentries","floor":10.0,"turns":7.0},{"damage":18.0,"enemies":"Exordium Thugs","floor":11.0,"turns":4.0},{"damage":59,"enemies":"Gremlin Nob","floor":12,"turns":4}],"seed_played":"4493860915252663680","potions_obtained":[{"floor":1.0,"key":"SpeedPotion"},{"floor":5.0,"key":"SpeedPotion"}],"is_trial":false,"path_per_floor":["M","M","$","?","M","R","?","R","T","E","M","E"],"character_chosen":"IRONCLAD","items_purchased":["Combust"],"campfire_rested":0,"item_purchase_floors":[3],"current_hp_per_floor":[70,72,72,72,71,71,64,64,64,44,32,0,0],"gold":72,"neow_bonus":"THREE_CARDS","is_daily":false,"chose_seed":false,"campfire_upgraded":2,"win_rate":0.0,"timestamp":1613622805,"path_taken":["M","M","$","?","M","R","?","R","T","E","M","E"],"items_purchased_type":["Card"],"build_version":"2020-12-22","purchased_purges":1,"victory":false,"max_hp_per_floor":[75,75,75,75,75,75,75,75,75,75,75,75,75],"relic_stats":{"counters":[6,28],"Pantograph":0,"obtain_stats":[{"Pantograph":9,"The Courier":10,"Burning Blood":0},{"Pantograph":3,"The Courier":4,"Burning Blood":0},{"Pantograph":13,"The Courier":20,"Burning Blood":0}],"Burning Blood":30},"card_choices":[{"not_picked":["Iron Wave","Bloodletting"],"picked":"Pommel Strike","floor":0.0},{"not_picked":["Wild Strike","Flex"],"picked":"Pommel Strike","floor":1.0},{"not_picked":["Pommel Strike","Reckless Charge"],"picked":"Rampage","floor":2.0},{"not_picked":["Heavy Blade","Sentinel"],"picked":"Seeing Red","floor":5.0},{"not_picked":["Cleave","Intimidate"],"picked":"Fire Breathing","floor":10.0},{"not_picked":["Wild Strike","Pummel"],"picked":"Flame Barrier","floor":11.0}],"player_experience":3389051,"relics_obtained":[{"floor":9.0,"key":"Pantograph"},{"floor":10.0,"key":"The Courier"}],"event_choices":[{"damage_healed":0.0,"max_hp_gain":0.0,"max_hp_loss":0.0,"gold_gain":0.0,"event_name":"Liars Game","player_choice":"Ignored","floor":4.0,"gold_loss":0.0,"damage_taken":0.0},{"cards_removed":["Strike_R"],"damage_healed":0.0,"max_hp_gain":0.0,"max_hp_loss":0.0,"gold_gain":0.0,"event_name":"Golden Wing","player_choice":"Card Removal","floor":7.0,"gold_loss":0.0,"damage_taken":7.0}],"is_beta":false,"boss_relics":[],"items_purged_floors":[3],"is_endless":false,"potions_floor_spawned":[1,5],"killed_by":"Gremlin Nob","ascension_level":20}}