{"host":"72n3jwtrlpjobydj","time":1613657216,"event":{"mods":["AchievementEnabler","BaseMod","CapriCore","DeckTracker","Hermit","Koishi","KomeijiMod","Lobotomy","Marisa£¨Ùöéë¡¡Øª×âÞÞ£©","Minty Spire (QoL Compilation)","Permanent Neow","StSLib","SuperFastMode","The Cursed","The Hierophant","The Immortal"],"gold_per_floor":[113,68,85,97,97,97,108,108,131,145,160,160,178,178,178,274,274,286,286,303,320,31,31,43,69,119,119,130,142,142,142,142,142,142],"floor_reached":33,"language":"KOR","playtime":727,"items_purged":[],"score":261,"play_id":"be237515-186a-41bc-99b7-46b76b815019","local_time":"20210218230656","is_ascension_mode":false,"campfire_choices":[{"data":"Perfected Strike","floor":6,"key":"SMITH"},{"floor":8,"key":"REST"},{"floor":15,"key":"REST"},{"floor":23,"key":"REST"},{"floor":27,"key":"REST"},{"floor":30,"key":"REST"},{"floor":32,"key":"REST"}],"circlet_count":0,"master_deck":["Strike_R","Strike_R","Strike_R","Strike_R","Defend_R","Defend_R","Defend_R","Defend_R","Bash","Wild Strike","Perfected Strike+1","Intimidate","Purity","Perfected Strike","Pommel Strike","Pommel Strike","Twin Strike"],"relics":["Burning Blood","Omamori","Bronze Scales","Velvet Choker","ShirouKen","Blood Vial"],"acts_visited":["Exordium","TheCity"],"potions_floor_usage":[16,21,28,29],"damage_taken":[{"damage":5,"enemies":"Cultist","floor":1,"turns":4},{"damage":6,"enemies":"2 Louse","floor":3,"turns":2},{"damage":1,"enemies":"Jaw Worm","floor":4,"turns":3},{"damage":22,"enemies":"Lots of Slimes","floor":7,"turns":5},{"damage":15,"enemies":"Gremlin Gang","floor":10,"turns":4},{"damage":7,"enemies":"Blue Slaver","floor":11,"turns":2},{"damage":11,"enemies":"Exordium Wildlife","floor":13,"turns":4},{"damage":65,"enemies":"The Guardian","floor":16,"turns":11},{"damage":27,"enemies":"Shell Parasite","floor":18,"turns":6},{"damage":0,"enemies":"Chosen","floor":20,"turns":3},{"damage":25,"enemies":"Sentry and Sphere","floor":21,"turns":4},{"damage":9,"enemies":"Snecko","floor":24,"turns":4},{"damage":54,"enemies":"Gremlin Leader","floor":25,"turns":4},{"damage":10,"enemies":"Snake Plant","floor":28,"turns":2},{"damage":14,"enemies":"3 Cultists","floor":29,"turns":4},{"damage":12,"enemies":"Colosseum Slavers","floor":31,"turns":3},{"damage":105,"enemies":"Automaton","floor":33,"turns":6}],"seed_played":"7699251504197896961","potions_obtained":[{"floor":11,"key":"ElixirPotion"},{"floor":13,"key":"BlessingOfTheForge"},{"floor":16,"key":"SmokeBomb"},{"floor":18,"key":"Swift Potion"},{"floor":20,"key":"Fire Potion"},{"floor":28,"key":"Block Potion"}],"is_trial":false,"path_per_floor":["M","$","M","M","?","R","M","R","T","M","M","?","M","?","R","B",null,"M","?","M","M","$","R","M","E","T","R","M","M","R","?","R","B"],"character_chosen":"IRONCLAD","items_purchased":["Perfected Strike","ShirouKen"],"campfire_rested":6,"item_purchase_floors":[2,22],"current_hp_per_floor":[80,80,80,80,80,80,64,80,80,71,70,70,65,65,80,21,80,59,59,65,46,46,70,67,19,19,43,41,35,59,55,79,0,0],"gold":142,"neow_bonus":"RANDOM_COMMON_RELIC","is_daily":false,"chose_seed":false,"campfire_upgraded":1,"win_rate":0.0,"timestamp":1613657216,"path_taken":["M","$","M","M","?","R","?","R","T","M","M","?","?","?","R","BOSS","M","?","?","?","$","R","M","E","T","R","M","M","R","?","R","BOSS"],"items_purchased_type":["Card","Relic"],"build_version":"2020-12-22","purchased_purges":0,"victory":false,"max_hp_per_floor":[80,80,80,80,80,80,80,80,80,80,80,80,80,80,80,80,80,80,80,80,80,80,80,80,80,80,80,80,80,80,80,80,80,80],"card_choices":[{"not_picked":["Clothesline","Armaments"],"picked":"Wild Strike","floor":1},{"not_picked":["Power Through","Spot Weakness"],"picked":"Intimidate","floor":3},{"not_picked":["Flex","Iron Wave","True Grit"],"picked":"SKIP","floor":4},{"not_picked":["Anger","Inflame","Clash"],"picked":"SKIP","floor":7},{"not_picked":["Impervious","Heavy Blade","Power Through"],"picked":"SKIP","floor":10},{"not_picked":["Seeing Red","Clash","Battle Trance"],"picked":"SKIP","floor":11},{"not_picked":["Havoc","Anger","Thunderclap"],"picked":"SKIP","floor":13},{"not_picked":["Headbutt","Twin Strike"],"picked":"Perfected Strike","floor":18},{"not_picked":["Spot Weakness","Heavy Blade"],"picked":"Pommel Strike","floor":20},{"not_picked":["Shockwave","Sword Boomerang+1"],"picked":"Pommel Strike","floor":21},{"not_picked":["Body Slam+1","Anger+1","Warcry"],"picked":"SKIP","floor":24},{"not_picked":["Juggernaut","Iron Wave","Searing Blow"],"picked":"SKIP","floor":25},{"not_picked":["Shrug It Off","Whirlwind+1","Headbutt+1"],"picked":"SKIP","floor":28},{"not_picked":["Armaments","Ghostly Armor+1"],"picked":"Twin Strike","floor":29}],"player_experience":74968,"relics_obtained":[{"floor":9,"key":"Bronze Scales"},{"floor":26,"key":"Blood Vial"}],"event_choices":[{"damage_healed":0,"gold_gain":0,"player_choice":"1 cards matched","damage_taken":0,"max_hp_gain":0,"max_hp_loss":0,"event_name":"Match and Keep!","floor":5,"gold_loss":0,"cards_obtained":["Purity"]},{"damage_healed":0,"gold_gain":0,"player_choice":"1 cards matched","damage_taken":0,"max_hp_gain":0,"max_hp_loss":0,"event_name":"Match and Keep!","floor":5,"gold_loss":0,"cards_obtained":["Purity"]},{"cards_removed":["Strike_R"],"damage_healed":0,"gold_gain":0,"player_choice":"Offered Basic","damage_taken":0,"max_hp_gain":0,"max_hp_loss":0,"event_name":"Bonfire Elementals","floor":12,"gold_loss":0},{"damage_healed":0,"gold_gain":0,"player_choice":"Searched \u00270\u0027 times","damage_taken":0,"max_hp_gain":0,"max_hp_loss":0,"event_name":"Dead Adventurer","floor":14,"gold_loss":0},{"damage_healed":0,"gold_gain":0,"player_choice":"Ignored","damage_taken":0,"max_hp_gain":0,"max_hp_loss":0,"event_name":"NoteForYourself","floor":19,"gold_loss":0},{"damage_healed":0,"gold_gain":0,"player_choice":"Fight","damage_taken":0,"max_hp_gain":0,"max_hp_loss":0,"event_name":"Colosseum","floor":31,"gold_loss":0},{"damage_healed":0,"gold_gain":0,"player_choice":"Fled From Nobs","damage_taken":0,"max_hp_gain":0,"max_hp_loss":0,"event_name":"Colosseum","floor":31,"gold_loss":0}],"is_beta":false,"boss_relics":[{"not_picked":["Runic Dome","Fusion Hammer"],"picked":"Velvet Choker"}],"items_purged_floors":[],"is_endless":false,"potions_floor_spawned":[11,13,16,18,20,28,31],"killed_by":"Automaton","ascension_level":0}}