{"host":"pvi1ua0l3an81qfu","time":1613666993,"event":{"mods":["AchievementEnabler","BaseMod","Curses Come First","Highlight Path","Infinite Spire","Minty Spire (QoL Compilation)","Quick Restart","Replay The Spire","Shop Mod","StSLib"],"gold_per_floor":[118,118,133,148,148,178,188,203,203,230,230,11,11,40,40,138,138,151,169,169,183,193,193,210,210,280,280,311,311,336,361,361,462,462,476,476,491,538,548,548,582,582,582,612,631,631,643,253,253,253,253],"floor_reached":50,"language":"ENG","playtime":3083,"items_purged":["Strike_G","Defend_G"],"score":691,"play_id":"beec23e9-8067-4d63-8026-00e4b855cac1","local_time":"20210218184953","is_ascension_mode":true,"campfire_choices":[{"floor":11,"key":"REST"},{"floor":13,"key":"REST"},{"floor":15,"key":"REST"},{"floor":23,"key":"REST"},{"floor":25,"key":"REST"},{"floor":32,"key":"REST"},{"floor":40,"key":"REST"},{"data":"After Image","floor":42,"key":"SMITH"},{"data":"Night Terror","floor":49,"key":"SMITH"}],"circlet_count":0,"master_deck":["Strike_G+1","Strike_G+1","Defend_G","Defend_G+1","Defend_G","Survivor+1","Neutralize","Caltrops+1","Infinite Blades+1","Cloak And Dagger","Adrenaline+1","Footwork","Accuracy+1","Footwork+1","Blade Dance","Fluid Movement","Dash","After Image+1","Cloak And Dagger","Noxious Fumes","Night Terror+1","PiercingWail+1"],"relics":["Ring of the Snake","Mango","Onion Ring","Lizard Tail","Gremlin Food","Guide Book","Replay:Accelerometer","WristBlade","infinitespire:EmpoweringShard","Durian","Omamori","Blood Vial","Sozu","infinitespire:PuzzleCube","Replay:Bottled Flurry","Garlic","Replay:Baseball","BargainBundle","Pen Nib"],"acts_visited":["Exordium","TheCity","TheBeyond"],"potions_floor_usage":[6,10,14],"damage_taken":[{"damage":3,"enemies":"Cultist","floor":1,"turns":5},{"damage":6,"enemies":"2 Louse","floor":3,"turns":3},{"damage":1,"enemies":"Jaw Worm","floor":4,"turns":4},{"damage":28,"enemies":"Gremlin Nob","floor":6,"turns":5},{"damage":6,"enemies":"Red Slaver","floor":7,"turns":3},{"damage":5,"enemies":"Gremlin Gang","floor":8,"turns":4},{"damage":34,"enemies":"Lagavulin","floor":10,"turns":13},{"damage":31,"enemies":"Gremlin Nob","floor":14,"turns":5},{"damage":32,"enemies":"Slime Boss","floor":16,"turns":13},{"damage":11,"enemies":"2 Thieves","floor":18,"turns":4},{"damage":0,"enemies":"Spheric Guardian","floor":19,"turns":3},{"damage":5,"enemies":"Chosen and Byrds","floor":21,"turns":4},{"damage":14,"enemies":"Snake Plant","floor":22,"turns":3},{"damage":14,"enemies":"Sentry and Sphere","floor":24,"turns":6},{"damage":45,"enemies":"Gremlin Leader","floor":28,"turns":6},{"damage":0,"enemies":"Replay:Snechameleon","floor":31,"turns":4},{"damage":14,"enemies":"Collector","floor":33,"turns":9},{"damage":22,"enemies":"3 Shapes","floor":35,"turns":3},{"damage":6,"enemies":"3 Darklings","floor":37,"turns":4},{"damage":0,"enemies":"Sphere and 2 Shapes","floor":39,"turns":3},{"damage":0,"enemies":"R_Hoarder","floor":41,"turns":5},{"damage":6,"enemies":"Reptomancer","floor":44,"turns":6},{"damage":0,"enemies":"Maw","floor":45,"turns":6},{"damage":0,"enemies":"Transient","floor":47,"turns":5},{"damage":18,"enemies":"Awakened One","floor":50,"turns":2}],"seed_played":"-394293165614595095","potions_obtained":[{"floor":1,"key":"GhostInAJar"},{"floor":5,"key":"CunningPotion"},{"floor":5,"key":"Regen Potion"},{"floor":6,"key":"Languid Potion"},{"floor":14,"key":"infinitespire:BlackPotion"},{"floor":21,"key":"Ancient Potion"},{"floor":22,"key":"Reflective Coating"}],"is_trial":false,"path_per_floor":["M","T","M","M","?","E","M","M","T","E","R","$","R","E","R","B",null,"M","M","?","M","M","R","M","R","T","?","E","?","T","E","R","B",null,"M","?","M","T","M","R","E","R","T","E","M","?","M","$","R","B"],"character_chosen":"THE_SILENT","items_purchased":["Guide Book","BargainBundle","Night Terror","PiercingWail+1","Pen Nib"],"campfire_rested":7,"item_purchase_floors":[12,48,48,48,48],"current_hp_per_floor":[67,81,75,74,74,46,40,35,35,1,26,26,51,29,54,22,84,73,73,73,68,54,79,65,84,84,84,44,44,44,44,70,58,89,67,67,63,63,65,89,89,89,89,83,85,85,85,85,85,67,67],"gold":253,"neow_bonus":"REMOVE_CARD","is_daily":false,"chose_seed":false,"campfire_upgraded":2,"win_rate":0.0,"timestamp":1613666993,"path_taken":["M","?","?","M","?","E","?","M","T","E","R","?","R","E","R","BOSS","M","M","?","?","?","R","M","R","T","?","E","?","?","E","R","BOSS","M","?","?","?","?","R","E","R","T","E","M","?","M","$","R","BOSS"],"items_purchased_type":["Relic","Relic","Card","Card","Relic"],"build_version":"2020-12-22","purchased_purges":2,"victory":false,"max_hp_per_floor":[70,84,84,84,84,84,84,84,84,84,84,84,84,84,84,84,84,84,84,84,84,84,84,84,84,84,84,89,89,89,89,89,89,89,89,89,89,89,89,89,89,89,89,89,89,85,85,85,85,85,85],"card_choices":[{"not_picked":["Quick Slash","PiercingWail"],"picked":"Caltrops","floor":1},{"not_picked":["Eviscerate","Underhanded Strike","Outmaneuver"],"picked":"SKIP","floor":3},{"not_picked":["Phantasmal Killer","Underhanded Strike","Quick Slash"],"picked":"SKIP","floor":4},{"not_picked":["Tactician","Dodge and Roll"],"picked":"Infinite Blades","floor":6},{"not_picked":["Poisoned Stab","Crippling Poison","Slice"],"picked":"SKIP","floor":7},{"not_picked":["Quick Slash","Underhanded Strike","Dagger Spray"],"picked":"SKIP","floor":8},{"not_picked":["Malaise","Poisoned Stab","All Out Attack"],"picked":"SKIP","floor":10},{"not_picked":["Outmaneuver","Hidden Blade"],"picked":"Cloak And Dagger","floor":14},{"not_picked":["Wraith Form v2","Unload"],"picked":"Adrenaline","floor":16},{"not_picked":["All Out Attack","Prepared","Slice"],"picked":"SKIP","floor":18},{"not_picked":["Setup","Catalyst+1"],"picked":"Footwork","floor":19},{"not_picked":["Hidden Blade","Calculated Gamble"],"picked":"Accuracy","floor":21},{"not_picked":["Dagger Spray","Underhanded Strike"],"picked":"Footwork","floor":22},{"not_picked":["Bane","Expertise"],"picked":"Blade Dance","floor":24},{"not_picked":["Hidden Blade","Dagger Spray","Poisoned Stab+1"],"picked":"SKIP","floor":28},{"not_picked":["Flechettes","PiercingWail"],"picked":"Fluid Movement","floor":31},{"not_picked":["Quick Slash","Bane+1","Riddle With Holes+1"],"picked":"SKIP","floor":35},{"not_picked":["Quick Slash","Flying Knee+1","All Out Attack"],"picked":"SKIP","floor":37},{"not_picked":["ReplayTheSpireMod:The Works+1","Reflex+1","Dagger Spray+1"],"picked":"SKIP","floor":39},{"not_picked":["ReplayTheSpireMod:Tripwire","Footwork+1"],"picked":"After Image","floor":41},{"not_picked":["Distraction+1","PiercingWail"],"picked":"Cloak And Dagger","floor":44},{"not_picked":["Outmaneuver+1","Quick Slash+1"],"picked":"Noxious Fumes","floor":45},{"not_picked":["Dagger Throw+1","Underhanded Strike+1","Deadly Poison+1"],"picked":"SKIP","floor":47}],"player_experience":189856,"relics_obtained":[{"floor":2,"key":"Mango"},{"floor":6,"key":"Onion Ring"},{"floor":9,"key":"Lizard Tail"},{"floor":10,"key":"Gremlin Food"},{"floor":14,"key":"Replay:Accelerometer"},{"floor":26,"key":"infinitespire:EmpoweringShard"},{"floor":28,"key":"Durian"},{"floor":30,"key":"Omamori"},{"floor":31,"key":"Blood Vial"},{"floor":38,"key":"infinitespire:PuzzleCube"},{"floor":41,"key":"Replay:Bottled Flurry"},{"floor":43,"key":"Garlic"},{"floor":44,"key":"Replay:Baseball"}],"event_choices":[{"damage_healed":0,"gold_gain":0,"player_choice":"Got Potions","damage_taken":0,"max_hp_gain":0,"max_hp_loss":0,"event_name":"Lab","floor":5,"gold_loss":0},{"damage_healed":0,"gold_gain":0,"player_choice":"Ignored","damage_taken":0,"max_hp_gain":0,"max_hp_loss":0,"event_name":"NoteForYourself","floor":20,"gold_loss":0},{"cards_removed":["Strike_G"],"damage_healed":0,"gold_gain":0,"player_choice":"Elegance","damage_taken":0,"max_hp_gain":0,"max_hp_loss":0,"event_name":"Back to Basics","floor":27,"gold_loss":0},{"damage_healed":0,"gold_gain":0,"player_choice":"Ignored","damage_taken":0,"max_hp_gain":0,"max_hp_loss":0,"event_name":"Vampires","floor":29,"gold_loss":0},{"damage_healed":0,"gold_gain":0,"cards_transformed":["Defend_G"],"player_choice":"Transformed","damage_taken":0,"max_hp_gain":0,"max_hp_loss":0,"event_name":"Transmorgrifier","floor":36,"gold_loss":0,"cards_obtained":["Dash"]},{"damage_healed":0,"gold_gain":0,"player_choice":"Max HP","damage_taken":0,"max_hp_gain":0,"max_hp_loss":4,"event_name":"Winding Halls","floor":46,"gold_loss":0}],"is_beta":false,"boss_relics":[{"not_picked":["Snecko Eye","ChewingGum"],"picked":"WristBlade"},{"not_picked":["Philosopher\u0027s Stone","Runic Dome"],"picked":"Sozu"}],"items_purged_floors":[12,48],"is_endless":false,"potions_floor_spawned":[1,6,14,21,22,24,37,44],"killed_by":"Awakened One","ascension_level":1}}