{"host":"1avr1135to2copjv","time":1613667637,"event":{"mods":["BaseMod","Colored Map","Colored Powertips","Filter the Spire","Minty Spire (QoL Compilation)","Relic Stats","StSLib","The Servant 0.9.4"],"gold_per_floor":[109,121,140,155,169,169,183,183,183,218,231,231,306,109,109,212,212,228,228,245,52,62,95,111,111,137,153,168,202,301,321,321,426,426,445,463,463,483,494,494,526,526,595,610,625,636,661,330,330,330,330,330,44,73,73],"floor_reached":56,"language":"ENG","playtime":4558,"items_purged":["Strike_B","Pain","Parasite"],"score":1307,"play_id":"792f1447-2d3f-473c-ba09-f75214c371aa","local_time":"20210218200037","is_ascension_mode":true,"campfire_choices":[{"data":"Ball Lightning","floor":6,"key":"SMITH"},{"data":"Force Field","floor":8,"key":"SMITH"},{"data":"Glacier","floor":12,"key":"SMITH"},{"data":"Genetic Algorithm","floor":15,"key":"SMITH"},{"data":"Multi-Cast","floor":25,"key":"SMITH"},{"data":"Biased Cognition","floor":32,"key":"SMITH"},{"floor":40,"key":"RECALL"},{"data":"Hologram","floor":42,"key":"SMITH"},{"data":"Turbo","floor":49,"key":"SMITH"},{"data":"Glacier","floor":52,"key":"SMITH"}],"circlet_count":0,"master_deck":["Defend_B","Defend_B","Defend_B","Defend_B","Zap","Dualcast+1","Genetic Algorithm+1","Ball Lightning+1","Conserve Battery","Force Field+1","Double Energy+1","Core Surge","Glacier+1","Multi-Cast+1","Auto Shields+1","Meteor Strike+1","Multi-Cast+1","Glacier+1","Tempest+1","Hologram+1","Turbo+1","Biased Cognition+1","Creative AI","Hologram+1","Reinforced Body+1","Recycle","All For One","Reinforced Body"],"relics":["Snecko Eye","Pocketwatch","Smiling Mask","MealTicket","Astrolabe","WarpedTongs","ClockworkSouvenir","Mummified Hand","War Paint","Bird Faced Urn","Busted Crown","Bag of Preparation","Regal Pillow","Runic Capacitor","Orrery","Oddly Smooth Stone","Art of War"],"acts_visited":["Exordium","TheCity","TheBeyond","TheEnding"],"potions_floor_usage":[29,55],"damage_taken":[{"damage":4,"enemies":"Cultist","floor":1,"turns":4},{"damage":5,"enemies":"Jaw Worm","floor":2,"turns":4},{"damage":1,"enemies":"2 Louse","floor":3,"turns":3},{"damage":6,"enemies":"Red Slaver","floor":4,"turns":4},{"damage":0,"enemies":"Large Slime","floor":5,"turns":5},{"damage":0,"enemies":"Blue Slaver","floor":7,"turns":3},{"damage":2,"enemies":"3 Sentries","floor":10,"turns":8},{"damage":0,"enemies":"Lots of Slimes","floor":11,"turns":5},{"damage":19,"enemies":"Slime Boss","floor":16,"turns":10},{"damage":0,"enemies":"3 Byrds","floor":18,"turns":8},{"damage":4,"enemies":"Spheric Guardian","floor":20,"turns":4},{"damage":0,"enemies":"Snecko","floor":22,"turns":5},{"damage":10,"enemies":"Slavers","floor":23,"turns":4},{"damage":0,"enemies":"Snake Plant","floor":24,"turns":2},{"damage":20,"enemies":"Sentry and Sphere","floor":27,"turns":4},{"damage":0,"enemies":"Chosen and Byrds","floor":28,"turns":3},{"damage":7,"enemies":"Book of Stabbing","floor":29,"turns":5},{"damage":0,"enemies":"Snake Plant","floor":31,"turns":2},{"damage":0,"enemies":"Collector","floor":33,"turns":2},{"damage":0,"enemies":"Orb Walker","floor":35,"turns":3},{"damage":0,"enemies":"3 Darklings","floor":36,"turns":3},{"damage":7,"enemies":"Sphere and 2 Shapes","floor":38,"turns":7},{"damage":0,"enemies":"Maw","floor":39,"turns":8},{"damage":8,"enemies":"Giant Head","floor":41,"turns":6},{"damage":0,"enemies":"Writhing Mass","floor":44,"turns":3},{"damage":4,"enemies":"Sphere and 2 Shapes","floor":45,"turns":3},{"damage":0,"enemies":"4 Shapes","floor":46,"turns":4},{"damage":30,"enemies":"Reptomancer","floor":47,"turns":9},{"damage":21,"enemies":"Time Eater","floor":50,"turns":11},{"damage":0,"enemies":"Shield and Spear","floor":54,"turns":8},{"damage":7,"enemies":"The Heart","floor":55,"turns":13}],"seed_played":"-2409178435655431673","potions_obtained":[{"floor":1,"key":"SteroidPotion"},{"floor":2,"key":"Swift Potion"},{"floor":5,"key":"FearPotion"},{"floor":16,"key":"Fruit Juice"},{"floor":29,"key":"FocusPotion"},{"floor":35,"key":"FairyPotion"}],"is_trial":false,"path_per_floor":["M","M","M","M","M","R","M","R","T","E","M","R","?","$","R","B",null,"M","?","M","$","M","E","M","R","T","M","M","E","?","M","R","B",null,"M","M","?","M","M","R","E","R","T","M","M","M","E","$","R","B",null,"R","$","E","B",null],"character_chosen":"DEFECT","items_purchased":["MealTicket","ClockworkSouvenir","Runic Capacitor","All For One","Orrery","Oddly Smooth Stone"],"campfire_rested":0,"item_purchase_floors":[14,21,48,48,53,53],"current_hp_per_floor":[71,66,65,59,59,59,59,59,59,57,57,57,46,46,46,27,75,75,75,71,75,75,65,65,65,65,45,45,43,43,43,43,43,80,80,80,80,79,80,80,80,80,80,80,80,80,68,77,77,72,77,77,77,77,75],"gold":73,"neow_bonus":"BOSS_RELIC","is_daily":false,"chose_seed":false,"campfire_upgraded":9,"win_rate":0.0,"timestamp":1613667637,"path_taken":["M","M","M","?","M","R","M","R","T","E","M","R","?","$","R","BOSS","M","?","M","$","M","E","M","R","T","?","M","E","?","M","R","BOSS","M","M","?","?","M","R","E","R","T","M","M","M","E","$","R","BOSS","R","$","E","BOSS"],"items_purchased_type":["Relic","Relic","Relic","Card","Relic","Relic"],"build_version":"2020-12-22","purchased_purges":3,"victory":true,"max_hp_per_floor":[75,75,75,75,75,75,75,75,75,75,75,75,75,75,75,75,75,75,75,75,75,75,75,75,75,75,75,75,80,80,80,80,80,80,80,80,80,80,80,80,80,80,80,80,80,80,80,77,77,77,77,77,77,77,77],"relic_stats":{"Regal Pillow":0,"counters":[31,163],"Astrolabe":["Auto Shields","Meteor Strike","Multi-Cast"],"Bag of Preparation":[14],"War Paint":["Dualcast","Double Energy"],"Smiling Mask":150,"WarpedTongs":[109],"Busted Crown":30,"Mummified Hand":[156],"Bird Faced Urn":[58],"Snecko Eye":[279,267,300,279],"MealTicket":16,"Art of War":[4],"obtain_stats":[{"Regal Pillow":47,"Astrolabe":17,"Oddly Smooth Stone":53,"Bag of Preparation":41,"Runic Capacitor":48,"War Paint":26,"Smiling Mask":10,"WarpedTongs":19,"ClockworkSouvenir":21,"Busted Crown":34,"Mummified Hand":23,"Bird Faced Urn":29,"Snecko Eye":0,"Orrery":53,"MealTicket":14,"Art of War":54,"Cracked Core":0,"Pocketwatch":9},{"Regal Pillow":28,"Astrolabe":9,"Oddly Smooth Stone":29,"Bag of Preparation":24,"Runic Capacitor":28,"War Paint":14,"Smiling Mask":7,"WarpedTongs":10,"ClockworkSouvenir":11,"Busted Crown":19,"Mummified Hand":13,"Bird Faced Urn":17,"Snecko Eye":0,"Orrery":29,"MealTicket":8,"Art of War":30,"Cracked Core":0,"Pocketwatch":6},{"Regal Pillow":131,"Astrolabe":46,"Oddly Smooth Stone":142,"Bag of Preparation":112,"Runic Capacitor":131,"War Paint":69,"Smiling Mask":31,"WarpedTongs":54,"ClockworkSouvenir":58,"Busted Crown":85,"Mummified Hand":67,"Bird Faced Urn":81,"Snecko Eye":0,"Orrery":142,"MealTicket":36,"Art of War":150,"Cracked Core":0,"Pocketwatch":23}],"Pocketwatch":[146]},"card_choices":[{"not_picked":["Rebound","BootSequence"],"picked":"Genetic Algorithm","floor":1},{"not_picked":["Self Repair","Gash"],"picked":"Ball Lightning","floor":2},{"not_picked":["Barrage","Chaos","Go for the Eyes"],"picked":"SKIP","floor":3},{"not_picked":["Streamline","Double Energy"],"picked":"Conserve Battery","floor":4},{"not_picked":["Ball Lightning","Rebound"],"picked":"Force Field","floor":5},{"not_picked":["Rebound","Scrape"],"picked":"Double Energy","floor":7},{"not_picked":["Gash","Amplify"],"picked":"Core Surge","floor":10},{"not_picked":["Coolheaded","Conserve Battery"],"picked":"Glacier","floor":11},{"not_picked":["Reboot","Machine Learning"],"picked":"Multi-Cast","floor":16},{"not_picked":["Go for the Eyes","Auto Shields"],"picked":"Glacier","floor":18},{"not_picked":["Heatsinks","Rip and Tear","Skim"],"picked":"SKIP","floor":20},{"not_picked":["Leap","Ball Lightning"],"picked":"Tempest+1","floor":22},{"not_picked":["Doom and Gloom","Steam Power","Chill"],"picked":"SKIP","floor":23},{"not_picked":["Stack","Go for the Eyes","Steam Power"],"picked":"SKIP","floor":24},{"not_picked":["Ball Lightning+1","Beam Cell"],"picked":"Hologram","floor":27},{"not_picked":["Fusion+1","Storm"],"picked":"Turbo","floor":28},{"not_picked":["Compile Driver","Darkness"],"picked":"Biased Cognition","floor":29},{"not_picked":["Beam Cell","Ball Lightning","Coolheaded"],"picked":"SKIP","floor":31},{"not_picked":["Seek","Echo Form"],"picked":"Creative AI","floor":33},{"not_picked":["Streamline+1"],"picked":"SKIP","floor":35},{"not_picked":["Leap"],"picked":"SKIP","floor":36},{"not_picked":["Barrage+1"],"picked":"SKIP","floor":38},{"not_picked":[],"picked":"Hologram+1","floor":39},{"not_picked":[],"picked":"Reinforced Body+1","floor":41},{"not_picked":["Turbo+1"],"picked":"SKIP","floor":44},{"not_picked":["Sweeping Beam"],"picked":"SKIP","floor":45},{"not_picked":["Redo+1"],"picked":"SKIP","floor":46},{"not_picked":[],"picked":"Recycle","floor":47},{"not_picked":[],"picked":"Reinforced Body","floor":53},{"not_picked":["Sweeping Beam+1"],"picked":"SKIP","floor":54}],"player_experience":1055474,"relics_obtained":[{"floor":9,"key":"Pocketwatch"},{"floor":10,"key":"Smiling Mask"},{"floor":23,"key":"Mummified Hand"},{"floor":26,"key":"War Paint"},{"floor":29,"key":"Bird Faced Urn"},{"floor":41,"key":"Bag of Preparation"},{"floor":47,"key":"Regal Pillow"},{"floor":54,"key":"Art of War"}],"event_choices":[{"damage_healed":0,"gold_gain":75,"player_choice":"Gather Gold","damage_taken":11,"max_hp_gain":0,"max_hp_loss":0,"event_name":"World of Goop","floor":13,"gold_loss":0},{"damage_healed":0,"gold_gain":0,"player_choice":"Rummage","damage_taken":0,"relics_obtained":["WarpedTongs"],"max_hp_gain":0,"max_hp_loss":0,"event_name":"Accursed Blacksmith","floor":19,"gold_loss":0,"cards_obtained":["Pain"]},{"damage_healed":0,"gold_gain":99,"player_choice":"Stole From Cult","damage_taken":0,"max_hp_gain":0,"max_hp_loss":0,"event_name":"Nest","floor":30,"gold_loss":0},{"damage_healed":0,"gold_gain":0,"player_choice":"Ignored","damage_taken":0,"max_hp_gain":0,"max_hp_loss":0,"event_name":"NoteForYourself","floor":37,"gold_loss":0}],"is_beta":false,"boss_relics":[{"not_picked":["Runic Dome","Calling Bell"],"picked":"Astrolabe"},{"not_picked":["Fusion Hammer","Empty Cage"],"picked":"Busted Crown"}],"items_purged_floors":[14,21,48],"is_endless":false,"potions_floor_spawned":[1,2,5,11,16,27,28,29,31,33,35,38,41,44],"ascension_level":1}}