{"host":"6aycdg1azw3gf4o9","time":1613647944,"event":{"mods":["Act Like it!","Arknights","BaseMod","CapriCore","Friendly Minions","Koishi","Marisa£®ÏF”Í°°ƒß¿Ì…≥£©","Minty Spire (QoL Compilation)","READ ME - Guardian Mod","Remilia£®¿Ÿ√◊¿Ú—«£©","StSLib"],"gold_per_floor":[109,38,38,86,112,112,137,152,200,200,200,227,253,253,253,354,354,374,374,85,101,118,118,193,193,193,193,193,62,80,94,94,190,190,208,60,113,133,146,146,173,173,173,206,279,299,332,332,332,332,332],"floor_reached":50,"language":"ZHS","playtime":2478,"items_purged":[],"score":723,"play_id":"67c11c94-a687-400e-bcc7-52a24802b459","local_time":"20210218193224","is_ascension_mode":true,"campfire_choices":[{"data":"MasterSpark","floor":6.0,"key":"SMITH"},{"data":"GrandCross","floor":11.0,"key":"SMITH"},{"data":"MysteriousBeam","floor":15.0,"key":"SMITH"},{"data":"TreasureHunter","floor":23.0,"key":"SMITH"},{"data":"DeepEcoloBomb","floor":28,"key":"SMITH"},{"floor":32,"key":"REST"},{"data":"PropBag","floor":40,"key":"SMITH"},{"floor":49,"key":"REST"}],"circlet_count":0,"master_deck":["Strike_MRS+1","Strike_MRS+1","Defend_MRS+1","Defend_MRS+1","Defend_MRS+1","Defend_MRS+1","MasterSpark+1","UpSweep","ShootTheMoon","GrandCross+1","AsteroidBelt","PropBag+1","EarthLightRay","MysteriousBeam+1","TreasureHunter+1","DC+1","DeepEcoloBomb+1","SprinkleStarSeal","Acceleration","ManaConvection","MysteriousBeam","GrandCross","OpenUniverse+1","GasGiant+1","MysteriousBeam+1","OortCloud+1","GrandCross+1","CollectingQuirk","Bandage Up","EnergyFlow+1"],"relics":["MiniHakkero","NeowsBlessing","Tiny Chest","Bronze Scales","Happy Flower","Dream Catcher","MealTicket","Regal Pillow","Sozu","HandDrill","Omamori","Prayer Wheel","RampagingMagicTools","PreservedInsect","TungstenRod","ScarletDevilRocket","Mummified Hand","Ancient Tea Set","Question Card","Bird Faced Urn","Gremlin Horn"],"acts_visited":["Exordium","TheCity","TheBeyond"],"potions_floor_usage":[],"damage_taken":[{"damage":0.0,"enemies":"Cultist","floor":1.0,"turns":1.0},{"damage":0.0,"enemies":"Lagavulin","floor":7.0,"turns":1.0},{"damage":0.0,"enemies":"Jaw Worm","floor":8.0,"turns":1.0},{"damage":13.0,"enemies":"3 Sentries","floor":13.0,"turns":5.0},{"damage":29.0,"enemies":"Hexaghost","floor":16.0,"turns":8.0},{"damage":0.0,"enemies":"Chosen","floor":18.0,"turns":2.0},{"damage":0.0,"enemies":"Spheric Guardian","floor":21.0,"turns":3.0},{"damage":19.0,"enemies":"Snake Plant","floor":22.0,"turns":2.0},{"damage":10,"enemies":"Shelled Parasite and Fungi","floor":30,"turns":3},{"damage":27,"enemies":"Centurion and Healer","floor":31,"turns":3},{"damage":50,"enemies":"Champ","floor":33,"turns":9},{"damage":25,"enemies":"3 Shapes","floor":35,"turns":2},{"damage":11,"enemies":"2 Orb Walkers","floor":37,"turns":4},{"damage":10,"enemies":"3 Darklings","floor":38,"turns":3},{"damage":11,"enemies":"Jaw Worm Horde","floor":39,"turns":2},{"damage":35,"enemies":"Giant Head","floor":41,"turns":6},{"damage":22,"enemies":"Reptomancer","floor":44,"turns":5},{"damage":4,"enemies":"Transient","floor":46,"turns":5},{"damage":0,"enemies":"Nemesis","floor":47,"turns":3},{"damage":69,"enemies":"Awakened One","floor":50,"turns":11}],"seed_played":"-3241261514784380084","potions_obtained":[{"floor":7.0,"key":"Dexterity Potion"},{"floor":16.0,"key":"Fire Potion"}],"is_trial":false,"path_per_floor":["M","$","?","T","T","R","E","M","T","?","R","T","E","?","R","B",null,"M","?","$","M","M","R","?","T","T","?","R","$","M","M","R","B",null,"M","$","?","M","M","R","E","?","T","E","T","M","E","?","R","B"],"character_chosen":"MARISA","items_purchased":["GrandCross","AsteroidBelt","HandDrill","Omamori","Acceleration","ManaConvection","MysteriousBeam","PreservedInsect"],"campfire_rested":2,"item_purchase_floors":[2,2,20,20,29,29,29,36],"current_hp_per_floor":[75,75,60,60,60,60,60,60,60,60,60,60,51,56,56,31,80,80,80,80,80,61,61,53,53,53,53,53,68,62,39,78,28,80,59,74,67,61,50,50,27,27,27,9,9,9,13,13,52,0,0],"gold":332,"neow_bonus":"THREE_ENEMY_KILL","is_daily":false,"chose_seed":false,"campfire_upgraded":6,"win_rate":0.0,"timestamp":1613647944,"path_taken":["M","$","?","?","?","R","E","?","T","?","R","?","E","?","R","BOSS","M","?","$","M","M","R","?","?","T","?","R","$","M","M","R","BOSS","M","$","?","M","M","R","E","?","T","E","?","M","E","?","R","BOSS"],"items_purchased_type":["Card","Card","Relic","Relic","Card","Card","Card","Relic"],"build_version":"2020-12-22","purchased_purges":0,"victory":false,"max_hp_per_floor":[75,75,75,75,75,75,75,75,75,75,75,75,75,80,80,80,80,80,80,80,80,80,80,80,80,80,80,80,80,80,80,80,80,80,80,80,80,80,80,80,80,80,80,80,80,80,80,80,80,80,80],"card_choices":[{"not_picked":["WitchLeyline","Acceleration"],"picked":"ShootTheMoon","floor":1.0},{"not_picked":["GravityBeat","BlazeAway"],"picked":"PropBag","floor":7.0},{"not_picked":["AsteroidBelt","MilkyWay"],"picked":"EarthLightRay","floor":8.0},{"not_picked":["Orbital","GasGiant","ManaConvection"],"picked":"SKIP","floor":13.0},{"not_picked":["SatelliteIllusion","BinaryStars"],"picked":"TreasureHunter","floor":16.0},{"not_picked":["Acceleration","GasGiant"],"picked":"DC+1","floor":18.0},{"not_picked":["SporeBomb+1","RefractionSpark+1","AsteroidBelt"],"picked":"SKIP","floor":21.0},{"not_picked":["GalacticHalo","LuminesStrike"],"picked":"SprinkleStarSeal","floor":22.0},{"not_picked":["MachineGunSpark","StarlightTyphoon+1","GravityBeat+1"],"picked":"SKIP","floor":30},{"not_picked":["IllusionStar","CasketOfStar","OpenUniverse"],"picked":"SKIP","floor":30},{"not_picked":["WitchOfGreed","OpenUniverse"],"picked":"GrandCross","floor":31},{"not_picked":["IllusionStar","UnstableBomb","EnergyRecoil"],"picked":"SKIP","floor":31},{"not_picked":["GalacticHalo+1","AlicesGift"],"picked":"OpenUniverse+1","floor":32},{"not_picked":["WitchOfGreed","OrrerysSun+1","AsteroidBelt"],"picked":"SKIP","floor":35},{"not_picked":["6A+1","MilkyWay+1","AlicesGift"],"picked":"SKIP","floor":35},{"not_picked":["PowerUp","MachineGunSpark"],"picked":"GasGiant+1","floor":37},{"not_picked":["WitchLeyline+1","PowerUp+1"],"picked":"MysteriousBeam+1","floor":38},{"not_picked":["Singularity","RefractionSpark","StarlightTyphoon"],"picked":"SKIP","floor":38},{"not_picked":["GravityBeat+1","ChargeUpSpray","DC"],"picked":"SKIP","floor":39},{"not_picked":["AsteroidBelt","JA","DoubleSpark"],"picked":"SKIP","floor":39},{"not_picked":["SuperPerseids+1","SatelliteIllusion"],"picked":"OortCloud+1","floor":41},{"not_picked":["PowerUp+1","GalacticHalo"],"picked":"GrandCross+1","floor":44},{"not_picked":["PowerUp+1","ShootTheMoon","EventHorizon","Robbery"],"picked":"SKIP","floor":46},{"not_picked":["UnstableBomb","GravityBeat+1","Acceleration+1","StarBarrage+1"],"picked":"SKIP","floor":46},{"not_picked":["BlazeAway","OpenUniverse","EscapeVelocity"],"picked":"CollectingQuirk","floor":47},{"not_picked":["PanicButton","HandOfGreed","The Bomb"],"picked":"Bandage Up","floor":48},{"not_picked":["OrrerysSun","PropBag","IllusionStar+1"],"picked":"EnergyFlow+1","floor":49}],"player_experience":525258,"relics_obtained":[{"floor":4.0,"key":"Tiny Chest"},{"floor":5.0,"key":"Bronze Scales"},{"floor":7.0,"key":"Happy Flower"},{"floor":9.0,"key":"Dream Catcher"},{"floor":12.0,"key":"MealTicket"},{"floor":13.0,"key":"Regal Pillow"},{"floor":25,"key":"Prayer Wheel"},{"floor":37,"key":"TungstenRod"},{"floor":41,"key":"ScarletDevilRocket"},{"floor":43,"key":"Mummified Hand"},{"floor":44,"key":"Ancient Tea Set"},{"floor":45,"key":"Question Card"},{"floor":47,"key":"Bird Faced Urn"}],"event_choices":[{"damage_healed":0.0,"max_hp_gain":0.0,"max_hp_loss":0.0,"gold_gain":0.0,"event_name":"Shining Light","player_choice":"Entered Light","floor":3.0,"gold_loss":0.0,"damage_taken":15.0,"cards_upgraded":["Strike_MRS","Defend_MRS"]},{"damage_healed":0.0,"max_hp_gain":0.0,"max_hp_loss":0.0,"gold_gain":0.0,"cards_transformed":["Strike_MRS"],"event_name":"Transmorgrifier","player_choice":"Transformed","floor":10.0,"gold_loss":0.0,"damage_taken":0.0,"cards_obtained":["MysteriousBeam"]},{"damage_healed":0.0,"max_hp_gain":5.0,"max_hp_loss":0.0,"gold_gain":0.0,"event_name":"Big Fish","player_choice":"Donut","floor":14.0,"gold_loss":0.0,"damage_taken":0.0},{"damage_healed":0.0,"max_hp_gain":0.0,"max_hp_loss":0.0,"gold_gain":0.0,"event_name":"The Library","player_choice":"Read","floor":19.0,"gold_loss":0.0,"damage_taken":0.0,"cards_obtained":["DeepEcoloBomb"]},{"damage_healed":0,"gold_gain":75,"player_choice":"Touch","damage_taken":8,"max_hp_gain":0,"max_hp_loss":0,"event_name":"FaceTrader","floor":24,"gold_loss":0},{"damage_healed":0,"gold_gain":0,"player_choice":"Simplicity","damage_taken":0,"max_hp_gain":0,"max_hp_loss":0,"event_name":"Back to Basics","floor":27,"gold_loss":0,"cards_upgraded":["Strike_MRS","Strike_MRS","Defend_MRS","Defend_MRS","Defend_MRS"]},{"damage_healed":0,"gold_gain":0,"player_choice":"Fight","damage_taken":0,"max_hp_gain":0,"max_hp_loss":0,"event_name":"Mysterious Sphere","floor":37,"gold_loss":0},{"cards_removed":["Strike_MRS"],"damage_healed":0,"gold_gain":0,"player_choice":"Removed Attack","damage_taken":0,"max_hp_gain":0,"max_hp_loss":0,"event_name":"Falling","floor":42,"gold_loss":0},{"damage_healed":0,"gold_gain":0,"player_choice":"Memory 1","damage_taken":0,"max_hp_gain":0,"max_hp_loss":0,"event_name":"SensoryStone","floor":48,"gold_loss":0}],"is_beta":false,"boss_relics":[{"not_picked":["Ectoplasm","Fusion Hammer"],"picked":"Sozu"},{"not_picked":["ExperimentalFamiliar","Astrolabe"],"picked":"RampagingMagicTools"}],"items_purged_floors":[],"is_endless":false,"potions_floor_spawned":[7,16,18,31,37,38,44,47],"killed_by":"Awakened One","ascension_level":4}}