{"host":"21o28mgl9u9ntir2","time":1613628314,"event":{"mods":["BaseMod","BetterRewards","Colored Powertips","Minty Spire (QoL Compilation)","Quick Restart","Remove Card Discount Mod","SOS（斯巴达之子）","Spicy Shops","StSLib","SuperFastMode","[IsaacMod]以撒尖塔","【遗物卡牌】REMEMod","残留之物"],"gold_per_floor":[363,23,23,50,81,145,145,54,54,120,120,154,187,204,204,343,343,397,441,441,441,38,38,38,56,56,56,56,56,132,186,186,359,359,390,390,411,469,469,531,531,590,668,668,446,446,535,564,564,530,530,530,530,565,595],"floor_reached":56,"language":"ZHS","playtime":1519,"items_purged":["Decay","Shoot","Shoot","Doubt","Redorb+1"],"score":1531,"play_id":"2fcd02db-5a6b-46b2-9089-ecddc0cf0ba0","local_time":"20210218140514","is_ascension_mode":false,"campfire_choices":[{"data":"Darkslayer","floor":7.0,"key":"SMITH"},{"data":"Swordmaster","floor":11.0,"key":"SMITH"},{"data":"Provocation","floor":15.0,"key":"SMITH"},{"data":"Enemystep","floor":23.0,"key":"SMITH"},{"data":"Attack_b","floor":27.0,"key":"SMITH"},{"floor":32.0,"key":"REST"},{"data":"Madness","floor":41.0,"key":"SMITH"},{"data":"Madness","floor":44.0,"key":"SMITH"},{"data":"Enemystep","floor":46.0,"key":"SMITH"},{"floor":49.0,"key":"RECALL"},{"data":"Defend_Dante","floor":52.0,"key":"SMITH"}],"circlet_count":0,"master_deck":["Attack_a","Attack_b+1","Provocation+1","Defend_Dante+1","Defend_Dante+1","Defend_Dante","Defend_Dante","Darkslayer+1","Swordmaster+1","Enemystep+1","Enemystep+1","Madness+1","Madness+1","Sadistic Nature"],"relics":["SSS","Combocheck","HushsDoor","REME_ComplimentaryCards","DoctorsRemote","PillsDrop","Mummified Hand","Lizard Tail","Dream Catcher","GuppysTail","Philosopher\u0027s Stone","BelialBook","PlaceholderMod:DaolothFragment","War Paint","Ornamental Fan","Letter Opener","Blue Candle","Cursed Key","PreservedInsect","REME_ArchaeologicalTools","SteamSale","Membership Card","REME_PuzzleBoxRelic","BookOfRevelations","Question Card","Happy Flower","Mango","Incense Burner","Lee\u0027s Waffle","Nunchaku","White Beast Statue","Centennial Puzzle","TuHaoJin"],"acts_visited":["Exordium","TheCity","TheBeyond","TheEnding"],"potions_floor_usage":[55,55],"damage_taken":[{"damage":0.0,"enemies":"Jaw Worm","floor":1.0,"turns":1.0},{"damage":2.0,"enemies":"2 Louse","floor":4.0,"turns":3.0},{"damage":0.0,"enemies":"Small Slimes","floor":5.0,"turns":1.0},{"damage":26.0,"enemies":"3 Sentries","floor":6.0,"turns":5.0},{"damage":0.0,"enemies":"Gremlin Nob","floor":10.0,"turns":2.0},{"damage":14.0,"enemies":"Gremlin Nob","floor":12.0,"turns":3.0},{"damage":0.0,"enemies":"3 Louse","floor":13.0,"turns":1.0},{"damage":0.0,"enemies":"Exordium Wildlife","floor":14.0,"turns":3.0},{"damage":0.0,"enemies":"Hexaghost","floor":16.0,"turns":5.0},{"damage":0.0,"enemies":"Spheric Guardian","floor":18.0,"turns":3.0},{"damage":5.0,"enemies":"3 Byrds","floor":19.0,"turns":3.0},{"damage":11.0,"enemies":"Snake Plant","floor":25.0,"turns":4.0},{"damage":26.0,"enemies":"REME_1_Revenger","floor":31.0,"turns":3.0},{"damage":0.0,"enemies":"Collector","floor":33.0,"turns":4.0},{"damage":0.0,"enemies":"3 Shapes","floor":35.0,"turns":1.0},{"damage":0.0,"enemies":"3 Darklings","floor":37.0,"turns":2.0},{"damage":0.0,"enemies":"Jaw Worm Horde","floor":38.0,"turns":3.0},{"damage":8.0,"enemies":"Nemesis","floor":40.0,"turns":7.0},{"damage":0.0,"enemies":"Sphere and 2 Shapes","floor":42.0,"turns":2.0},{"damage":4.0,"enemies":"Transient","floor":47.0,"turns":5.0},{"damage":0.0,"enemies":"Reptomancer","floor":48.0,"turns":2.0},{"damage":12.0,"enemies":"Donu and Deca","floor":50.0,"turns":3.0},{"damage":5.0,"enemies":"Shield and Spear","floor":54.0,"turns":2.0},{"damage":1,"enemies":"The Heart","floor":55,"turns":6}],"seed_played":"-4789388679225338267","potions_obtained":[{"floor":6.0,"key":"FearPotion"},{"floor":12.0,"key":"PlaceholderMod:PlaceholderPotion"},{"floor":37.0,"key":"Block Potion"},{"floor":47.0,"key":"Strength Potion"}],"is_trial":false,"path_per_floor":["M","$","?","M","M","E","R","$","T","?","R","E","M","M","R","B",null,"M","M","?","?","$","R","$","M","T","R","?","$","T","E","R","B",null,"M","?","M","M","?","E","R","M","T","R","$","R","M","E","R","B",null,"R","$","E","B",null],"character_chosen":"DANTE","items_purchased":["Swordmaster","PillsDrop","Lizard Tail","BelialBook","PlaceholderMod:DaolothFragment","War Paint","SteamSale","Membership Card","REME_PuzzleBoxRelic","BookOfRevelations","Question Card","Happy Flower","Sadistic Nature","Incense Burner","Lee\u0027s Waffle","Nunchaku","White Beast Statue","Centennial Puzzle"],"campfire_rested":1,"item_purchase_floors":[2,2,8,17,22,22,45,45,45,45,45,45,53,53,53,53,53,53],"current_hp_per_floor":[80,80,80,78,81,55,55,55,55,55,55,41,41,41,41,41,68,63,58,58,58,58,58,58,47,47,47,47,47,47,21,39,39,63,66,58,58,58,58,53,53,53,53,53,53,53,49,63,63,51,83,83,90,85,84],"gold":595,"neow_bonus":"TWO_FIFTY_GOLD","is_daily":false,"chose_seed":false,"campfire_upgraded":9,"win_rate":0.0,"timestamp":1613628314,"path_taken":["M","$","?","M","M","E","R","$","T","?","R","E","M","M","R","BOSS","M","M","?","?","$","R","$","M","T","R","?","$","?","E","R","BOSS","M","?","?","M","?","E","R","M","T","R","$","R","M","E","R","BOSS","R","$","E","BOSS"],"items_purchased_type":["Card","Relic","Relic","Relic","Relic","Relic","Relic","Relic","Relic","Relic","Relic","Relic","Card","Relic","Relic","Relic","Relic","Relic"],"build_version":"2020-12-22","purchased_purges":5,"victory":true,"max_hp_per_floor":[80,80,80,80,83,83,83,83,83,83,83,83,78,78,78,78,68,63,63,63,63,63,63,63,63,63,63,63,63,63,63,63,63,63,66,66,66,66,66,69,69,69,69,69,69,69,69,83,83,83,83,83,90,90,90],"card_choices":[{"not_picked":["Lucifer","LucifercomboA","LucifercomboB"],"picked":"SKIP","floor":1.0},{"not_picked":["EbonyIvory","VitalstarS","Weaponchange"],"picked":"SKIP","floor":4.0},{"not_picked":["LucifercomboD","EbonyIvory","Lucifer"],"picked":"SKIP","floor":5.0},{"not_picked":["Fullhouse","Stinger","Weaponchange"],"picked":"SKIP","floor":6.0},{"not_picked":["Gunslinger","Shock"],"picked":"Enemystep","floor":12.0},{"not_picked":["Doubleshoot","BeastUppercut","Pandora"],"picked":"SKIP","floor":13.0},{"not_picked":["VitalstarS","Gunstinger","Rebellion"],"picked":"SKIP","floor":14.0},{"not_picked":["Kick13","Stinger+1","Shock"],"picked":"SKIP","floor":18.0},{"not_picked":["Unrisingdragon","Dash1","Weaponupgrade"],"picked":"SKIP","floor":19.0},{"not_picked":["Whiteorb","Gunslinger","Weaponchange"],"picked":"SKIP","floor":25.0},{"not_picked":["Shock","LucifercomboD","Gunslinger"],"picked":"SKIP","floor":31.0},{"not_picked":["Blueorb","VitalstarL"],"picked":"Enemystep","floor":33.0},{"not_picked":["Chargeshoot2+1","Millionstab","LucifercomboD"],"picked":"SKIP","floor":35.0},{"not_picked":["BeastUppercut+1","Weaponupgrade+1","Dash2"],"picked":"SKIP","floor":37.0},{"not_picked":["Gunslinger+1","Weaponupgrade","Demonreform"],"picked":"SKIP","floor":38.0},{"not_picked":["BeastUppercut+1","Doubleshoot+1","Weaponchange+1"],"picked":"SKIP","floor":40.0},{"not_picked":["Weaponchange","Gunstinger+1","Swordmaster+1"],"picked":"SKIP","floor":42.0},{"not_picked":["Weaponupgrade+1","Dash1+1","Shock","Chargeshoot2"],"picked":"SKIP","floor":47.0},{"not_picked":["Weaponreturn","Millionstab","EbonyIvory","DevilstarS"],"picked":"SKIP","floor":48.0},{"not_picked":["CoyoteA","LucifercomboD+1","Pandora+1","Whiteorb"],"picked":"SKIP","floor":54.0}],"player_experience":736497,"relics_obtained":[{"floor":6.0,"key":"Mummified Hand"},{"floor":10.0,"key":"Dream Catcher"},{"floor":12.0,"key":"GuppysTail"},{"floor":26.0,"key":"Ornamental Fan"},{"floor":30.0,"key":"Letter Opener"},{"floor":31.0,"key":"Blue Candle"},{"floor":40.0,"key":"PreservedInsect"},{"floor":43.0,"key":"REME_ArchaeologicalTools"},{"floor":48.0,"key":"Mango"},{"floor":54.0,"key":"TuHaoJin"}],"event_choices":[{"damage_healed":0.0,"max_hp_gain":0.0,"max_hp_loss":0.0,"gold_gain":0.0,"event_name":"Golden Wing","player_choice":"Ignored","floor":3.0,"gold_loss":0.0,"damage_taken":0.0},{"damage_healed":0.0,"max_hp_gain":0.0,"max_hp_loss":0.0,"gold_gain":0.0,"event_name":"Dead Adventurer","player_choice":"Searched \u00272\u0027 times","floor":10.0,"gold_loss":0.0,"damage_taken":0.0},{"damage_healed":0.0,"max_hp_gain":0.0,"max_hp_loss":0.0,"gold_gain":0.0,"event_name":"Beggar","player_choice":"Ignored","floor":20.0,"gold_loss":0.0,"damage_taken":0.0},{"damage_healed":0.0,"max_hp_gain":0.0,"max_hp_loss":0.0,"gold_gain":0.0,"event_name":"Back to Basics","player_choice":"Simplicity","floor":21.0,"gold_loss":0.0,"damage_taken":0.0,"cards_upgraded":[]},{"damage_healed":0.0,"max_hp_gain":0.0,"max_hp_loss":0.0,"gold_gain":0.0,"event_name":"Ghosts","player_choice":"Ignored","floor":28.0,"gold_loss":0.0,"damage_taken":0.0},{"damage_healed":0.0,"max_hp_gain":0.0,"max_hp_loss":0.0,"gold_gain":0.0,"event_name":"Winding Halls","player_choice":"Embrace Madness","floor":36.0,"gold_loss":0.0,"damage_taken":8.0,"cards_obtained":["Madness","Madness"]},{"cards_removed":["Attack_a"],"damage_healed":0.0,"max_hp_gain":0.0,"max_hp_loss":0.0,"gold_gain":0.0,"event_name":"Falling","player_choice":"Removed Attack","floor":39.0,"gold_loss":0.0,"damage_taken":0.0}],"is_beta":false,"boss_relics":[{"not_picked":["Astrolabe","Fusion Hammer"],"picked":"Philosopher\u0027s Stone"},{"not_picked":[]},{"not_picked":["Calling Bell","Coffee Dripper"],"picked":"Cursed Key"},{"not_picked":[]}],"items_purged_floors":[2,2,2,45,45],"is_endless":false,"potions_floor_spawned":[6,12,14,16,31,33,37,40,42,47,54],"ascension_level":0}}