{"host":"sup1rd0ujr5jgopq","time":1613630588,"event":{"mods":["BaseMod","Colored Map","Minty Spire (QoL Compilation)","StSLib"],"gold_per_floor":[115,129,140,140,39,71,71,71,71,89,89,89,107,7,7,102,102,117,297,311,311,329,329,360,360,360,285,285,315,315,63,63,168,168,188,200,200,200,200,200,215,232,232,232,262,33,80,96,96,96],"floor_reached":51,"playtime":2901,"items_purged":["Strike_B","Strike_B","Defend_B"],"score":719,"play_id":"c7e33d65-35c2-407c-a043-4121cb1091e4","local_time":"20210218014308","is_ascension_mode":true,"campfire_choices":[{"data":"Zap","floor":7,"key":"SMITH"},{"floor":11,"key":"REST"},{"data":"Redo","floor":15,"key":"SMITH"},{"data":"Double Energy","floor":23,"key":"SMITH"},{"floor":25,"key":"REST"},{"data":"Hologram","floor":30,"key":"SMITH"},{"data":"Defragment","floor":32,"key":"SMITH"},{"data":"Seek","floor":40,"key":"SMITH"},{"data":"Defragment","floor":44,"key":"SMITH"},{"data":"Amplify","floor":49,"key":"SMITH"}],"circlet_count":0,"master_deck":["Defend_B","Zap+1","Dualcast+1","Doom and Gloom","Ball Lightning+1","Coolheaded+1","Redo+1","Double Energy+1","Compile Driver","Seek+1","Scrape+1","Necronomicurse","Hologram+1","Rebound","Defragment+1","Amplify+1","Defragment+1","Master of Strategy","Loop","Seek","Lockon","Mayhem","Chaos","Leap+1"],"relics":["Cracked Core","Kunai","Question Card","Philosopher\u0027s Stone","Necronomicon","Ornamental Fan","Gremlin Horn","StoneCalendar","Membership Card","Sozu","Eternal Feather","Orichalcum","Happy Flower","Ginger"],"acts_visited":["Exordium","TheCity","TheBeyond"],"potions_floor_usage":[6,20,24,24,47,50],"damage_taken":[{"damage":12,"enemies":"Jaw Worm","floor":1,"turns":4},{"damage":6,"enemies":"2 Louse","floor":2,"turns":2},{"damage":3,"enemies":"Small Slimes","floor":3,"turns":3},{"damage":10,"enemies":"3 Sentries","floor":6,"turns":4},{"damage":7,"enemies":"Blue Slaver","floor":10,"turns":2},{"damage":0,"enemies":"2 Fungi Beasts","floor":13,"turns":2},{"damage":14,"enemies":"Hexaghost","floor":16,"turns":5},{"damage":0,"enemies":"3 Byrds","floor":18,"turns":2},{"damage":2,"enemies":"Chosen","floor":20,"turns":2},{"damage":3,"enemies":"Centurion and Healer","floor":22,"turns":2},{"damage":3,"enemies":"Book of Stabbing","floor":24,"turns":3},{"damage":5,"enemies":"Gremlin Leader","floor":29,"turns":3},{"damage":11,"enemies":"Automaton","floor":33,"turns":6},{"damage":0,"enemies":"3 Darklings","floor":35,"turns":3},{"damage":16,"enemies":"Orb Walker","floor":36,"turns":3},{"damage":0,"enemies":"Transient","floor":41,"turns":5},{"damage":0,"enemies":"3 Darklings","floor":42,"turns":2},{"damage":3,"enemies":"Giant Head","floor":45,"turns":6},{"damage":10,"enemies":"2 Orb Walkers","floor":47,"turns":3},{"damage":12,"enemies":"Spire Growth","floor":48,"turns":3},{"damage":21,"enemies":"Donu and Deca","floor":50,"turns":7}],"seed_played":"-1558569788472086166","potions_obtained":[{"floor":2,"key":"Fire Potion"},{"floor":6,"key":"SkillPotion"},{"floor":10,"key":"Dexterity Potion"},{"floor":20,"key":"Swift Potion"},{"floor":24,"key":"GamblersBrew"}],"is_trial":false,"path_per_floor":["M","M","M","?","$","E","R","?","T","M","R","?","M","$","R","B",null,"M","?","M","?","M","R","E","R","T","?","?","E","R","$","R","B",null,"M","M","?","?","?","R","M","M","T","R","E","$","?","M","R","B",null],"character_chosen":"DEFECT","items_purchased":["Coolheaded","Membership Card","Defragment","Happy Flower","Lockon","Mayhem","Chaos"],"campfire_rested":2,"item_purchase_floors":[5,31,31,46,46,46,46],"current_hp_per_floor":[56,50,47,40,40,30,30,16,16,9,29,29,29,29,29,15,68,68,43,41,25,22,22,19,39,39,39,27,22,22,22,22,11,73,73,57,57,57,57,57,57,57,57,66,63,63,53,41,53,32],"gold":96,"neow_bonus":"REMOVE_TWO","is_daily":false,"chose_seed":false,"campfire_upgraded":8,"win_rate":0.0,"timestamp":1613630588,"path_taken":["M","M","M","?","$","E","R","?","T","M","R","?","M","$","R","BOSS","M","?","?","?","M","R","E","R","T","?","?","E","R","$","R","BOSS","M","M","?","?","?","R","M","M","T","R","E","$","?","?","R","BOSS"],"items_purchased_type":["Card","Relic","Card","Relic","Card","Card","Card"],"build_version":"2020-12-13","purchased_purges":3,"victory":true,"max_hp_per_floor":[68,68,68,68,68,68,68,68,68,68,68,68,68,68,68,68,68,68,68,68,68,68,68,68,68,68,68,73,73,73,73,73,73,73,73,73,69,69,69,69,69,69,69,69,69,69,69,69,69,69],"card_choices":[{"not_picked":["Go for the Eyes","Leap"],"picked":"Doom and Gloom","floor":1},{"not_picked":["Doom and Gloom","Streamline"],"picked":"Ball Lightning","floor":2},{"not_picked":["Steam Power","Scrape","Go for the Eyes"],"picked":"SKIP","floor":3},{"not_picked":["FTL","Hologram"],"picked":"Redo","floor":6},{"not_picked":["Go for the Eyes","Auto Shields","Cold Snap"],"picked":"Double Energy","floor":10},{"not_picked":["Sweeping Beam","Genetic Algorithm","Redo"],"picked":"Compile Driver","floor":13},{"not_picked":["Meteor Strike","Echo Form","Electrodynamics"],"picked":"Seek","floor":16},{"not_picked":["Coolheaded","Hologram","Redo+1"],"picked":"Scrape+1","floor":18},{"not_picked":["Go for the Eyes+1","Redo","Melter+1","Beam Cell"],"picked":"SKIP","floor":20},{"not_picked":["Static Discharge","Steam Power","Turbo"],"picked":"Hologram","floor":22},{"not_picked":["Streamline","Compile Driver","Gash"],"picked":"Rebound","floor":24},{"not_picked":["Cold Snap+1","Amplify","Hello World","Gash"],"picked":"SKIP","floor":29},{"not_picked":["Multi-Cast","Echo Form","All For One"],"picked":"Amplify","floor":33},{"not_picked":["Compile Driver","Cold Snap","Gash+1"],"picked":"Defragment","floor":35},{"not_picked":["Heatsinks","Barrage+1","Reprogram+1","Go for the Eyes"],"picked":"SKIP","floor":36},{"not_picked":["The Bomb","Madness","Jack Of All Trades"],"picked":"Master of Strategy","floor":39},{"not_picked":["Reprogram+1","Streamline+1","Barrage+1","Blizzard+1"],"picked":"SKIP","floor":41},{"not_picked":["Sweeping Beam+1","Steam","Redo+1"],"picked":"Loop","floor":42},{"not_picked":["Hello World","Heatsinks+1","Beam Cell+1"],"picked":"Seek","floor":45},{"not_picked":["Rebound","Compile Driver","Gash+1"],"picked":"Leap+1","floor":47},{"not_picked":["Turbo","Conserve Battery+1","Hologram+1","Redo+1"],"picked":"SKIP","floor":48}],"player_experience":31552,"relics_obtained":[{"floor":6,"key":"Kunai"},{"floor":9,"key":"Question Card"},{"floor":21,"key":"Necronomicon"},{"floor":24,"key":"Ornamental Fan"},{"floor":26,"key":"Gremlin Horn"},{"floor":29,"key":"StoneCalendar"},{"floor":43,"key":"Eternal Feather"},{"floor":45,"key":"Orichalcum"},{"floor":47,"key":"Ginger"}],"event_choices":[{"cards_removed":["Defend_B"],"damage_healed":0,"gold_gain":0,"player_choice":"Card Removal","damage_taken":7,"max_hp_gain":0,"max_hp_loss":0,"event_name":"Golden Wing","floor":4,"gold_loss":0},{"damage_healed":0,"gold_gain":0,"player_choice":"Entered Light","damage_taken":14,"max_hp_gain":0,"max_hp_loss":0,"event_name":"Shining Light","floor":8,"gold_loss":0,"cards_upgraded":["Dualcast","Ball Lightning"]},{"damage_healed":0,"gold_gain":0,"player_choice":"Grow","damage_taken":0,"max_hp_gain":0,"max_hp_loss":0,"event_name":"Living Wall","floor":12,"gold_loss":0,"cards_upgraded":["Coolheaded"]},{"damage_healed":0,"gold_gain":180,"player_choice":"GOLD POTION GOLD ","damage_taken":25,"max_hp_gain":0,"max_hp_loss":0,"event_name":"Knowing Skull","floor":19,"potions_obtained":["Regen Potion"],"gold_loss":0,"cards_obtained":[]},{"damage_healed":0,"gold_gain":0,"player_choice":"Obtained Book","damage_taken":16,"max_hp_gain":0,"max_hp_loss":0,"event_name":"Cursed Tome","floor":21,"gold_loss":0},{"cards_removed":["Defend_B"],"damage_healed":0,"gold_gain":0,"player_choice":"Gave Gold","damage_taken":0,"max_hp_gain":0,"max_hp_loss":0,"event_name":"Beggar","floor":27,"gold_loss":75},{"damage_healed":0,"gold_gain":0,"player_choice":"Shed Blood","damage_taken":17,"max_hp_gain":5,"max_hp_loss":0,"event_name":"Forgotten Altar","floor":28,"gold_loss":0},{"damage_healed":0,"gold_gain":0,"player_choice":"Max HP","damage_taken":0,"max_hp_gain":0,"max_hp_loss":4,"event_name":"Winding Halls","floor":37,"gold_loss":0},{"damage_healed":0,"gold_gain":0,"player_choice":"Ignored","damage_taken":0,"max_hp_gain":0,"max_hp_loss":0,"event_name":"Tomb of Lord Red Mask","floor":38,"gold_loss":0},{"damage_healed":0,"gold_gain":0,"player_choice":"Memory 1","damage_taken":0,"max_hp_gain":0,"max_hp_loss":0,"event_name":"SensoryStone","floor":39,"gold_loss":0},{"damage_healed":0,"gold_gain":0,"player_choice":"Fight","damage_taken":0,"max_hp_gain":0,"max_hp_loss":0,"event_name":"Mysterious Sphere","floor":47,"gold_loss":0}],"is_beta":false,"boss_relics":[{"not_picked":["Fusion Hammer","Cursed Key"],"picked":"Philosopher\u0027s Stone"},{"not_picked":["Coffee Dripper","Calling Bell"],"picked":"Sozu"}],"items_purged_floors":[5,14,31],"is_endless":false,"potions_floor_spawned":[2,6,10,20,24,36,41,45],"ascension_level":1}}