{"host":"dcj2yvrgcvh5dl2s","time":1613632417,"event":{"mods":["BaseMod","Bestiary","Better Note","Block Reminder","Colored Powertips","Curses Come First","DeckTracker","Displayed Cursed Tome","Minty Spire (QoL Compilation)","Quick Restart","Rare Cards Sparkle","Relic Stats","StSLib"],"gold_per_floor":[14,27,27,47,47,47,103,103,103,134,134,150,184,73,73,169,169,181,181,181,193,227,262,262,262,285,285,313,313,10,30,30,128,128,147,20,20,40,53,80,97,130,130,130,30,40,67,67,67,67],"floor_reached":51,"language":"ENG","playtime":12559,"items_purged":["Strike_G","Injury"],"score":1030,"play_id":"068fd788-b95c-4664-9907-4ef909e85f26","local_time":"20210218171337","is_ascension_mode":true,"campfire_choices":[{"data":"Bouncing Flask","floor":6,"key":"SMITH"},{"floor":8,"key":"REST"},{"data":"Blade Dance","floor":11,"key":"SMITH"},{"floor":15,"key":"REST"},{"floor":24,"key":"REST"},{"data":"After Image","floor":25,"key":"SMITH"},{"floor":27,"key":"REST"},{"data":"Leg Sweep","floor":29,"key":"SMITH"},{"floor":32,"key":"REST"},{"floor":44,"key":"REST"},{"floor":49,"key":"REST"}],"circlet_count":0,"master_deck":["Strike_G+1","Defend_G+1","Defend_G+1","Defend_G+1","Defend_G+1","Defend_G+1","Survivor","Neutralize+1","Blade Dance+1","Riddle With Holes","Bouncing Flask+1","Backflip","Backflip","Backstab+1","Slice+1","Footwork","After Image+1","Poisoned Stab+1","Predator+1","Heel Hook+1","Infinite Blades+1","Leg Sweep+1","Bouncing Flask+1","Cloak And Dagger","Backflip","Burst","Backflip+1","Well Laid Plans","Backflip","Backflip","Slice+1","Cloak And Dagger+1","Terror","PiercingWail+1","Accuracy+1","Chrysalis","Master of Strategy","Blind"],"relics":["Ring of the Snake","Ninja Scroll","Pantograph","InkBottle","Molten Egg 2","StoneCalendar","Astrolabe","Red Mask","WingedGreaves","Lantern","Blood Vial","Gremlin Horn","Cursed Key","Bag of Preparation","Toy Ornithopter","Mercury Hourglass","Meat on the Bone"],"acts_visited":["Exordium","TheCity","TheBeyond"],"potions_floor_usage":[10,33,40,41,50],"damage_taken":[{"damage":3,"enemies":"2 Louse","floor":1,"turns":3},{"damage":0,"enemies":"Jaw Worm","floor":2,"turns":4},{"damage":4,"enemies":"Small Slimes","floor":4,"turns":2},{"damage":16,"enemies":"Lagavulin Event","floor":7,"turns":5},{"damage":17,"enemies":"Lagavulin","floor":10,"turns":4},{"damage":4,"enemies":"Exordium Wildlife","floor":12,"turns":2},{"damage":10,"enemies":"3 Sentries","floor":13,"turns":7},{"damage":32,"enemies":"The Guardian","floor":16,"turns":8},{"damage":12,"enemies":"Chosen","floor":18,"turns":3},{"damage":0,"enemies":"Spheric Guardian","floor":21,"turns":1},{"damage":21,"enemies":"Masked Bandits","floor":22,"turns":4},{"damage":33,"enemies":"Slavers","floor":23,"turns":7},{"damage":10,"enemies":"Book of Stabbing","floor":28,"turns":6},{"damage":9,"enemies":"Snake Plant","floor":31,"turns":4},{"damage":59,"enemies":"Champ","floor":33,"turns":9},{"damage":0,"enemies":"3 Shapes","floor":35,"turns":4},{"damage":5,"enemies":"3 Darklings","floor":38,"turns":5},{"damage":1,"enemies":"Maw","floor":39,"turns":7},{"damage":35,"enemies":"Giant Head","floor":40,"turns":8},{"damage":0,"enemies":"4 Shapes","floor":41,"turns":4},{"damage":28,"enemies":"Reptomancer","floor":42,"turns":7},{"damage":0,"enemies":"Transient","floor":46,"turns":5},{"damage":0,"enemies":"Nemesis","floor":47,"turns":5},{"damage":51,"enemies":"Awakened One","floor":50,"turns":16}],"seed_played":"-5635263176641199305","potions_obtained":[{"floor":1,"key":"SkillPotion"},{"floor":10,"key":"Weak Potion"},{"floor":12,"key":"Swift Potion"},{"floor":18,"key":"SpeedPotion"},{"floor":22,"key":"Poison Potion"},{"floor":39,"key":"Ancient Potion"},{"floor":40,"key":"Regen Potion"},{"floor":46,"key":"LiquidMemories"}],"is_trial":false,"path_per_floor":["M","M","?","M","T","R","?","R","T","E","R","M","E","$","R","B",null,"M","?","?","M","?","E","R","R","T","R","E","R","$","M","R","B",null,"M","$","?","M","M","E","M","E","T","R","$","M","E","?","R","B",null],"character_chosen":"THE_SILENT","items_purchased":["Footwork","Gremlin Horn","Cloak And Dagger","Well Laid Plans","Backflip"],"campfire_rested":7,"item_purchase_floors":[14,30,30,36,36],"current_hp_per_floor":[74,74,74,70,70,70,54,79,79,62,62,58,48,48,73,52,76,64,64,84,84,63,30,55,55,55,80,70,70,70,63,84,25,69,71,71,71,68,69,36,52,26,26,51,51,53,55,45,70,45],"gold":67,"neow_bonus":"TWENTY_PERCENT_HP_BONUS","is_daily":false,"chose_seed":false,"campfire_upgraded":4,"win_rate":0.0,"timestamp":1613632417,"path_taken":["M","M","?","M","?","R","?","R","T","E","R","M","E","$","R","BOSS","M","?","?","?","?","E","R","R","T","R","E","R","$","M","R","BOSS","M","$","?","M","M","E","M","E","T","R","$","?","E","?","R","BOSS"],"items_purchased_type":["Card","Relic","Card","Card","Card"],"build_version":"2020-12-22","purchased_purges":2,"victory":true,"max_hp_per_floor":[84,84,84,84,84,84,84,84,84,84,84,84,84,84,84,84,84,84,84,84,84,84,84,84,84,84,84,84,84,84,84,84,84,84,84,84,84,84,84,84,84,84,84,84,84,84,84,84,84,84],"relic_stats":{"Gremlin Horn":[16,16],"counters":[24,130],"Astrolabe":["Poisoned Stab","Predator","Heel Hook"],"StoneCalendar":[199],"Bag of Preparation":[0],"Cursed Key":1,"Mercury Hourglass":[89],"Blood Vial":20,"Pantograph":23,"obtain_stats":[{"Lantern":26,"Gremlin Horn":30,"Astrolabe":17,"StoneCalendar":13,"Bag of Preparation":40,"Cursed Key":34,"Mercury Hourglass":43,"Blood Vial":28,"Ninja Scroll":5,"Pantograph":7,"Molten Egg 2":10,"WingedGreaves":23,"Red Mask":22,"InkBottle":9,"Toy Ornithopter":42,"Ring of the Snake":0,"Meat on the Bone":47},{"Lantern":12,"Gremlin Horn":13,"Astrolabe":8,"StoneCalendar":7,"Bag of Preparation":19,"Cursed Key":15,"Mercury Hourglass":21,"Blood Vial":13,"Ninja Scroll":3,"Pantograph":3,"Molten Egg 2":5,"WingedGreaves":12,"Red Mask":11,"InkBottle":4,"Toy Ornithopter":21,"Ring of the Snake":0,"Meat on the Bone":23},{"Lantern":50,"Gremlin Horn":56,"Astrolabe":35,"StoneCalendar":27,"Bag of Preparation":93,"Cursed Key":69,"Mercury Hourglass":104,"Blood Vial":56,"Ninja Scroll":9,"Pantograph":9,"Molten Egg 2":18,"WingedGreaves":50,"Red Mask":43,"InkBottle":14,"Toy Ornithopter":104,"Ring of the Snake":0,"Meat on the Bone":114}],"InkBottle":[75],"Toy Ornithopter":0,"Ring of the Snake":[48],"Meat on the Bone":12},"card_choices":[{"not_picked":["Finisher","Flechettes"],"picked":"Blade Dance","floor":1},{"not_picked":["Prepared","PiercingWail"],"picked":"Riddle With Holes","floor":2},{"not_picked":["Riddle With Holes","Bane"],"picked":"Bouncing Flask","floor":4},{"not_picked":["Heel Hook","Night Terror"],"picked":"Backflip","floor":7},{"not_picked":["Cloak And Dagger","Deadly Poison"],"picked":"Backflip","floor":10},{"not_picked":["Eviscerate+1","Reflex"],"picked":"Backstab+1","floor":12},{"not_picked":["Poisoned Stab+1","Backflip"],"picked":"Slice+1","floor":13},{"not_picked":["Grand Finale+1","Bullet Time"],"picked":"After Image","floor":16},{"not_picked":["Underhanded Strike+1","Quick Slash+1","Prepared"],"picked":"SKIP","floor":18},{"not_picked":["Tactician","Distraction"],"picked":"Infinite Blades+1","floor":21},{"not_picked":["Outmaneuver+1","Slice+1"],"picked":"Leg Sweep","floor":22},{"not_picked":["Slice+1","Masterful Stab+1"],"picked":"Bouncing Flask+1","floor":23},{"not_picked":["Endless Agony+1","Tactician","All Out Attack+1"],"picked":"SKIP","floor":28},{"not_picked":["Infinite Blades+1","Bane+1"],"picked":"Backflip","floor":31},{"not_picked":["Venomology","Phantasmal Killer"],"picked":"Burst","floor":33},{"not_picked":["Dodge and Roll+1","Bane+1"],"picked":"Backflip+1","floor":35},{"not_picked":["Bane+1","Finisher+1"],"picked":"Backflip","floor":38},{"not_picked":["Heel Hook+1","Flying Knee+1"],"picked":"Slice+1","floor":39},{"not_picked":["PiercingWail+1","Outmaneuver"],"picked":"Cloak And Dagger+1","floor":40},{"not_picked":["Dash+1","Reflex+1"],"picked":"Terror","floor":41},{"not_picked":["Dagger Spray+1","Endless Agony+1","Leg Sweep"],"picked":"SKIP","floor":42},{"not_picked":["Masterful Stab+1","Expertise+1"],"picked":"PiercingWail+1","floor":46},{"not_picked":["Terror+1","Cloak And Dagger"],"picked":"Accuracy+1","floor":47},{"not_picked":["Forethought","Impatience"],"picked":"Chrysalis","floor":48},{"not_picked":["Blind","Chrysalis"],"picked":"Master of Strategy","floor":48},{"not_picked":["Purity","Forethought"],"picked":"Blind","floor":48}],"player_experience":2424001,"relics_obtained":[{"floor":5,"key":"Ninja Scroll"},{"floor":9,"key":"InkBottle"},{"floor":10,"key":"Molten Egg 2"},{"floor":13,"key":"StoneCalendar"},{"floor":22,"key":"Red Mask"},{"floor":23,"key":"WingedGreaves"},{"floor":26,"key":"Lantern"},{"floor":28,"key":"Blood Vial"},{"floor":40,"key":"Bag of Preparation"},{"floor":42,"key":"Toy Ornithopter"},{"floor":43,"key":"Mercury Hourglass"},{"floor":47,"key":"Meat on the Bone"}],"event_choices":[{"damage_healed":0,"gold_gain":0,"player_choice":"Grow","damage_taken":0,"max_hp_gain":0,"max_hp_loss":0,"event_name":"Living Wall","floor":3,"gold_loss":0,"cards_upgraded":["Neutralize"]},{"damage_healed":0,"gold_gain":30,"player_choice":"Searched \u00273\u0027 times","damage_taken":0,"relics_obtained":["Pantograph"],"max_hp_gain":0,"max_hp_loss":0,"event_name":"Dead Adventurer","floor":7,"gold_loss":0},{"damage_healed":0,"gold_gain":0,"player_choice":"Simplicity","damage_taken":0,"max_hp_gain":0,"max_hp_loss":0,"event_name":"Back to Basics","floor":19,"gold_loss":0,"cards_upgraded":["Strike_G","Defend_G","Defend_G","Defend_G","Defend_G","Defend_G"]},{"damage_healed":20,"gold_gain":0,"player_choice":"Full Heal","damage_taken":0,"max_hp_gain":0,"max_hp_loss":0,"event_name":"Wheel of Change","floor":20,"gold_loss":0},{"damage_healed":0,"gold_gain":0,"player_choice":"Fought Bandits","damage_taken":0,"max_hp_gain":0,"max_hp_loss":0,"event_name":"Masked Bandits","floor":22,"gold_loss":0},{"damage_healed":0,"gold_gain":0,"player_choice":"Ignored","damage_taken":0,"max_hp_gain":0,"max_hp_loss":0,"event_name":"SecretPortal","floor":37,"gold_loss":0},{"damage_healed":0,"gold_gain":0,"player_choice":"Memory 3","damage_taken":10,"max_hp_gain":0,"max_hp_loss":0,"event_name":"SensoryStone","floor":48,"gold_loss":0}],"is_beta":false,"boss_relics":[{"not_picked":["HoveringKite","Philosopher\u0027s Stone"],"picked":"Astrolabe"},{"not_picked":["Black Star","Tiny House"],"picked":"Cursed Key"}],"items_purged_floors":[14,45],"is_endless":false,"potions_floor_spawned":[1,10,12,18,22,39,40,46],"ascension_level":6}}