{"host":"xf2qgw60ouc7kuj7","time":1613615185,"event":{"mods":["100% Spire Juice","Act Like it!","BaseMod","Bestiary","Better Altar","Better Match","Better Note","Better Sensory Stone","Better Skull","Better Third Choice","Curses Come First","Dark Map","Friendly Minions","Gensokyo","Hallownest","HololiveMod","Marisa????????","Marked Mod","Minty Spire (QoL Compilation)","Quick Restart","Rare Cards Sparkle","Relic Stats","Reliquary","Ruina","StSLib","The Bug Knight","Waifu the Spire","everything is the same but u backflip on backflip"],"gold_per_floor":[113,130,130,110,120,120,147,43,70,135,15,32,58,78,78,178,58,73,89,14,14,14,14],"floor_reached":22,"language":"ENG","playtime":680,"items_purged":[],"score":221,"play_id":"c509cb5a-f8ac-483a-a72a-5fb336de8669","local_time":"20210217182625","is_ascension_mode":false,"campfire_choices":[{"data":"Moonworks:Ambush","floor":6,"key":"SMITH"},{"floor":15,"key":"REST"}],"circlet_count":0,"master_deck":["Moonworks:Strike","Moonworks:Strike","Moonworks:Strike","Moonworks:Strike","Moonworks:Defend","Moonworks:Defend","Moonworks:Defend","Moonworks:Defend","Moonworks:Ambush+1","Moonworks:LongDistanceShot","Moonworks:JonathanRush","Moonworks:EvilSpyWorkPreparation","Moonworks:JonathanRush","Moonworks:CloudOfSeagulls","Moonworks:EvilSpyWorkPreparation+1","Moonworks:Encore","Moonworks:NicePresent+1","Moonworks:MiracleRedBeanIceCream+1","Moonworks:MiracleRedBeanIceCream+1"],"relics":["Moonworks:BrokenBomb","Moonworks:Homemark","NeowsBlessing","Vajra","Smiling Mask","Tiny Chest","Toxic Egg 2","reliquary:ThirdArm"],"acts_visited":["Exordium","ruina:Briah"],"potions_floor_usage":[7,13,13,13,13,13,22],"damage_taken":[{"damage":0,"enemies":"Cultist","floor":1,"turns":1},{"damage":0,"enemies":"Small Slimes","floor":2,"turns":1},{"damage":0,"enemies":"Jaw Worm","floor":5,"turns":1},{"damage":6,"enemies":"Gremlin Nob","floor":7,"turns":3},{"damage":11,"enemies":"2 Fungi Beasts","floor":8,"turns":4},{"damage":30,"enemies":"Lagavulin Event","floor":10,"turns":6},{"damage":1,"enemies":"Blue Slaver","floor":12,"turns":3},{"damage":0,"enemies":"Lagavulin","floor":13,"turns":2},{"damage":15,"enemies":"Exordium Wildlife","floor":14,"turns":3},{"damage":4,"enemies":"Slime Boss","floor":16,"turns":6},{"damage":25,"enemies":"ruina:Nosferatu","floor":18,"turns":4},{"damage":28,"enemies":"ruina:BadWolf","floor":19,"turns":3},{"damage":999,"enemies":"ruina:Woodsman","floor":22,"turns":1}],"seed_played":"5973760379159313007","potions_obtained":[{"floor":2,"key":"LiquidMemories"},{"floor":4,"key":"Fire Potion"},{"floor":5,"key":"Swift Potion"},{"floor":8,"key":"EntropicBrew"},{"floor":18,"key":"Swift Potion"},{"floor":19,"key":"AttackPotion"}],"is_trial":false,"path_per_floor":["M","M","?","?","M","R","E","M","T","?","$","M","E","M","R","B",null,"M","M","?","?","M"],"character_chosen":"THE_STARBREAKER","items_purchased":[],"campfire_rested":1,"item_purchase_floors":[],"current_hp_per_floor":[60,60,65,65,65,65,59,48,48,18,18,17,17,2,21,17,65,40,12,12,12,0,0],"gold":14,"neow_bonus":"THREE_ENEMY_KILL","is_daily":false,"chose_seed":false,"campfire_upgraded":1,"win_rate":0.0,"timestamp":1613615185,"path_taken":["M","M","?","?","?","R","E","M","T","?","$","M","E","M","R","BOSS","M","M","?","?","M"],"items_purchased_type":[],"build_version":"2020-12-22","purchased_purges":0,"victory":false,"max_hp_per_floor":[60,60,65,65,65,65,65,65,65,65,65,65,65,65,65,65,65,65,65,65,65,65,65],"relic_stats":{"counters":[13,38],"Tiny Chest":0,"Smiling Mask":0,"obtain_stats":[{"NeowsBlessing":0,"Moonworks:Homemark":0,"Vajra":7,"Tiny Chest":10,"Toxic Egg 2":13,"Smiling Mask":9,"reliquary:ThirdArm":17,"Moonworks:BrokenBomb":0},{"NeowsBlessing":0,"Moonworks:Homemark":0,"Vajra":4,"Tiny Chest":6,"Toxic Egg 2":8,"Smiling Mask":5,"reliquary:ThirdArm":10,"Moonworks:BrokenBomb":0},{"NeowsBlessing":0,"Moonworks:Homemark":0,"Vajra":6,"Tiny Chest":16,"Toxic Egg 2":21,"Smiling Mask":10,"reliquary:ThirdArm":30,"Moonworks:BrokenBomb":0}]},"card_choices":[{"not_picked":["Moonworks:Assault","Moonworks:LulusLuckyEgg","Moonworks:ReproductionOfRecords"],"picked":"SKIP","floor":1},{"not_picked":["Moonworks:SakisCookie","Moonworks:ImOnFire","Moonworks:IndiscriminateFireSupport"],"picked":"SKIP","floor":2},{"not_picked":["Moonworks:RagingMadness","Moonworks:ImOnFire","Moonworks:SakisCookie"],"picked":"SKIP","floor":5},{"not_picked":["Moonworks:ImOnFire","Moonworks:FinalBattle"],"picked":"Moonworks:JonathanRush","floor":7},{"not_picked":["Moonworks:ForcedRevival","Moonworks:Dinner"],"picked":"Moonworks:EvilSpyWorkPreparation","floor":8},{"not_picked":["Moonworks:CastOff","Moonworks:BigMagnum"],"picked":"Moonworks:JonathanRush","floor":12},{"not_picked":["Moonworks:DeployBits+1","Moonworks:NicePresent+1"],"picked":"Moonworks:CloudOfSeagulls","floor":13},{"not_picked":["Moonworks:ReproductionOfRecords+1","Moonworks:Assault"],"picked":"Moonworks:EvilSpyWorkPreparation+1","floor":14},{"not_picked":["Moonworks:Gamble","Moonworks:CrystalBarrier"],"picked":"Moonworks:Encore","floor":16},{"not_picked":["Moonworks:IndiscriminateFireSupport","Moonworks:TacticalRetreat+1"],"picked":"Moonworks:NicePresent+1","floor":18},{"not_picked":["Moonworks:BigMagnum+1","Moonworks:IndiscriminateFireSupport"],"picked":"Moonworks:MiracleRedBeanIceCream+1","floor":19},{"not_picked":["Moonworks:MiracleWalker+1","Moonworks:ForcedRevival+1"],"picked":"Moonworks:MiracleRedBeanIceCream+1","floor":20}],"player_experience":290977,"relics_obtained":[{"floor":7,"key":"Vajra"},{"floor":9,"key":"Smiling Mask"},{"floor":10,"key":"Tiny Chest"},{"floor":13,"key":"Toxic Egg 2"}],"event_choices":[{"damage_healed":0,"gold_gain":0,"player_choice":"Donut","damage_taken":0,"max_hp_gain":5,"max_hp_loss":0,"event_name":"Big Fish","floor":3,"gold_loss":0},{"damage_healed":0,"gold_gain":0,"player_choice":"Bought 1 Potion","damage_taken":0,"max_hp_gain":0,"max_hp_loss":0,"event_name":"The Woman in Blue","floor":4,"gold_loss":0},{"damage_healed":0,"gold_gain":30,"player_choice":"Searched \u00272\u0027 times","damage_taken":0,"max_hp_gain":0,"max_hp_loss":0,"event_name":"Dead Adventurer","floor":10,"gold_loss":0},{"damage_healed":0,"gold_gain":0,"player_choice":"2","damage_taken":0,"max_hp_gain":0,"max_hp_loss":0,"event_name":"betterMatch:BetterMatch","floor":20,"gold_loss":0,"cards_obtained":["betterMatch:UncommonCard"]}],"is_beta":false,"boss_relics":[{"not_picked":["Sozu","reliquary:Ember"],"picked":"reliquary:ThirdArm"}],"items_purged_floors":[],"is_endless":false,"potions_floor_spawned":[2,5,8,12,18,19],"killed_by":"ruina:Woodsman","ascension_level":0}}