{"host":"yassvrowvc2yfwp2","time":1613623872,"event":{"mods":["2.2 Compatiblity","Act Like it!","BaseMod","Better Note","Curses Come First","Dota2Spire","Downfall","HololiveMod","Jorbs\u0027s Wanderer Trilogy","Minty Spire (QoL Compilation)","Prisma Mod","Rare Cards Sparkle","Reimu£®≤©¿ˆ¡È√Œ£©","Replay The Spire","Say the Spire","Spicy Shops","StSLib","The Bug Knight","The Cursed","The Servant 0.9.4"],"gold_per_floor":[116,178,178,198,221,252,252,285,285,285,303,335,346,379,379,478,478,490,505,517,529,541,571,571,7,7,42,57,57,101,128,128,128,128],"floor_reached":33,"language":"ZHS","playtime":1010,"items_purged":[],"score":768,"play_id":"7718aae6-fee0-4656-92f7-8b4f6eb003b9","local_time":"20210218125112","daily_mods":["Heirloom","Cursed Run","Elite Swarm"],"is_ascension_mode":true,"campfire_choices":[{"data":"TheCursedMod:ShockAndAwe","floor":7.0,"key":"SMITH"},{"data":"TheCursedMod:CursedRelics","floor":10.0,"key":"SMITH"},{"floor":24.0,"key":"REST"},{"floor":32,"key":"REST"}],"circlet_count":1,"master_deck":["AscendersBane","TheCursedMod:Strike_TheCursed","TheCursedMod:Strike_TheCursed","TheCursedMod:Strike_TheCursed","TheCursedMod:Strike_TheCursed","TheCursedMod:Defend_TheCursed","TheCursedMod:Defend_TheCursed","TheCursedMod:CursedWand","TheCursedMod:CleanUpWorkshop","TheCursedMod:Dregs","TheCursedMod:SoulCrush","TheCursedMod:VitalStrike","TheCursedMod:ManaBullet","TheCursedMod:UltimatePain","Pain","TheCursedMod:ShockAndAwe+1","TheCursedMod:CursedRelics+1","Parasite","TheCursedMod:CircleOfCorruption","TheCursedMod:ParallelWorld","TheCursedMod:CircleOfFocus","TheCursedMod:HellsGateOpen","TheCursedMod:NeowsMight","TheCursedMod:SmokeScreen","downfall:Malfunctioning","TheCursedMod:OutForBlood","TheCursedMod:FleshFromBone+1","TheCursedMod:CursedMace","TheCursedMod:CircleOfAbyss","TheCursedMod:HellfireBreathing","TheCursedMod:Hemoplague","TheCursedMod:SpitefulPray","TheCursedMod:AbyssShockwave","TheCursedMod:CursedRelics","TheCursedMod:VoidForm","TheCursedMod:ReleasedStrength","Sadistic Nature","Pain","TheCursedMod:CursedRelics","TheCursedMod:AntiAging","TheCursedMod:HellfireBreathing"],"relics":["Cursed Key","Darkstone Periapt","Du-Vu Doll","Prayer Wheel","Vajra","sneckomod:BlankCard","Dota2Spire:LinkenSphere","Pantograph","ReplayTheSpireMod:Shallot","Circlet","Sozu","Replay:Multitool","Membership Card","Dota2Spire:OctarineCore","Dota2Spire:AghanimScepter","Replay:Bottled Steam","hexamod:Sixitude","CeramicFish"],"acts_visited":["Exordium","TheCity"],"potions_floor_usage":[],"damage_taken":[{"damage":0.0,"enemies":"2 Louse","floor":1.0,"turns":4.0},{"damage":2.0,"enemies":"Jaw Worm","floor":4.0,"turns":2.0},{"damage":22.0,"enemies":"3 Sentries","floor":6.0,"turns":7.0},{"damage":0.0,"enemies":"Gremlin Nob","floor":8.0,"turns":2.0},{"damage":0.0,"enemies":"Cultist","floor":11.0,"turns":2.0},{"damage":2.0,"enemies":"3 Sentries","floor":12.0,"turns":2.0},{"damage":0.0,"enemies":"Red Slaver","floor":13.0,"turns":1.0},{"damage":13.0,"enemies":"Lagavulin","floor":14.0,"turns":5.0},{"damage":36.0,"enemies":"Hexaghost","floor":16.0,"turns":6.0},{"damage":0.0,"enemies":"Spheric Guardian","floor":18.0,"turns":2.0},{"damage":3.0,"enemies":"Chosen","floor":19.0,"turns":2.0},{"damage":5.0,"enemies":"Centurion and Healer","floor":20.0,"turns":3.0},{"damage":0.0,"enemies":"Snake Plant","floor":21.0,"turns":3.0},{"damage":16.0,"enemies":"3 Cultists","floor":22.0,"turns":5.0},{"damage":25.0,"enemies":"Gremlin Leader","floor":23.0,"turns":5.0},{"damage":0,"enemies":"Book of Stabbing","floor":27,"turns":1},{"damage":29,"enemies":"Chosen and Byrds","floor":28,"turns":5},{"damage":27,"enemies":"Gremlin Leader","floor":30,"turns":4},{"damage":19,"enemies":"Snake Plant","floor":31,"turns":3},{"damage":111,"enemies":"Champ","floor":33,"turns":6}],"seed_played":"6033336822199775259","potions_obtained":[{"floor":1.0,"key":"SpeedPotion"},{"floor":4.0,"key":"Dota2Spire:HealingSalve"},{"floor":11.0,"key":"Reflective Coating"}],"is_trial":true,"path_per_floor":["M","?","?","M","T","E","R","E","T","R","M","E","M","E","R","B",null,"M","M","M","M","M","E","R","$","T","E","M","?","E","M","R","B"],"character_chosen":"THE_CURSED","items_purchased":["Membership Card","Dota2Spire:OctarineCore","Dota2Spire:AghanimScepter","TheCursedMod:ReleasedStrength","Sadistic Nature"],"campfire_rested":2,"item_purchase_floors":[25,25,25,25,25],"current_hp_per_floor":[68,68,68,66,72,50,50,50,56,56,56,54,54,41,41,51,83,83,80,75,75,59,46,73,73,79,79,50,99,72,53,82,0,0],"gold":128,"neow_bonus":"","is_daily":false,"chose_seed":false,"campfire_upgraded":2,"win_rate":0.0,"timestamp":1613623872,"path_taken":["M","?","?","M","?","E","R","E","T","R","M","E","M","E","R","BOSS","M","M","M","M","M","E","R","$","T","E","M","?","E","M","R","BOSS"],"items_purchased_type":["Relic","Relic","Relic","Card","Card"],"build_version":"2020-12-22","purchased_purges":0,"victory":false,"max_hp_per_floor":[75,75,75,75,81,81,81,81,87,87,87,87,87,87,87,93,93,93,93,93,93,93,93,93,93,99,99,99,99,99,99,99,101,101],"card_choices":[{"not_picked":["TheCursedMod:BlessingInDisguise","TheCursedMod:EmpowerCircles"],"picked":"TheCursedMod:SoulCrush","floor":1.0},{"not_picked":["TheCursedMod:EmpowerCircles","TheCursedMod:Stretching"],"picked":"TheCursedMod:VitalStrike","floor":1.0},{"not_picked":["TheCursedMod:CircleOfFlame","TheCursedMod:Evocation"],"picked":"TheCursedMod:ManaBullet","floor":4.0},{"not_picked":["TheCursedMod:Stretching","TheCursedMod:BloodBarrier"],"picked":"TheCursedMod:UltimatePain","floor":4.0},{"not_picked":["TheCursedMod:DemonicPact","TheCursedMod:CollectTribute"],"picked":"TheCursedMod:ShockAndAwe","floor":6.0},{"not_picked":["TheCursedMod:AntiAging","TheCursedMod:Neurasthenia"],"picked":"TheCursedMod:CursedRelics","floor":8.0},{"not_picked":["TheCursedMod:CursedAmulet","TheCursedMod:SpitefulStrike"],"picked":"TheCursedMod:SaltUponWound","floor":11.0},{"not_picked":["TheCursedMod:EmpowerCircles","TheCursedMod:Wield"],"picked":"TheCursedMod:CircleOfCorruption","floor":11.0},{"not_picked":["TheCursedMod:DarkBarrier","TheCursedMod:CollectTribute"],"picked":"TheCursedMod:ParallelWorld","floor":12.0},{"not_picked":["TheCursedMod:Stigma","TheCursedMod:Stretching"],"picked":"TheCursedMod:CircleOfFocus","floor":13.0},{"not_picked":["TheCursedMod:Torture","TheCursedMod:SmokeScreen"],"picked":"TheCursedMod:HellsGateOpen","floor":13.0},{"not_picked":["TheCursedMod:ForbiddenAlchemy","TheCursedMod:Neurasthenia"],"picked":"TheCursedMod:NeowsMight","floor":14.0},{"not_picked":["TheCursedMod:ParallelWorld","TheCursedMod:Neurasthenia"],"picked":"TheCursedMod:OutForBlood","floor":16.0},{"not_picked":["TheCursedMod:Stigma","TheCursedMod:Stretching+1"],"picked":"TheCursedMod:FleshFromBone+1","floor":18.0},{"not_picked":["TheCursedMod:TacticalStrike","TheCursedMod:RavingStaff"],"picked":"TheCursedMod:CursedMace","floor":18.0},{"not_picked":["TheCursedMod:HellsGateOpen+1","TheCursedMod:CircleOfFlame"],"picked":"TheCursedMod:CircleOfAbyss","floor":19.0},{"not_picked":["TheCursedMod:Stretching+1","TheCursedMod:HellsGateOpen+1","TheCursedMod:RapidMovement+1"],"picked":"SKIP","floor":19.0},{"not_picked":["TheCursedMod:WearCloak","TheCursedMod:CircleOfWindfury"],"picked":"TheCursedMod:HellfireBreathing","floor":20.0},{"not_picked":["TheCursedMod:Wield+1","TheCursedMod:CursedStaff"],"picked":"TheCursedMod:Hemoplague","floor":20.0},{"not_picked":["TheCursedMod:CursedBlade+1","TheCursedMod:Evocation+1"],"picked":"TheCursedMod:SpitefulPray","floor":21.0},{"not_picked":["TheCursedMod:SpitefulStrike","TheCursedMod:VitalStrike","TheCursedMod:TacticalStrike"],"picked":"SKIP","floor":21.0},{"not_picked":["TheCursedMod:CursedAmulet","TheCursedMod:ManaBullet"],"picked":"TheCursedMod:AbyssShockwave","floor":22.0},{"not_picked":["TheCursedMod:Stigma","TheCursedMod:VitalStrike"],"picked":"TheCursedMod:CursedRelics","floor":22.0},{"not_picked":["TheCursedMod:ShockAndAwe","TheCursedMod:ParallelWorld"],"picked":"TheCursedMod:VoidForm","floor":23.0},{"not_picked":["TheCursedMod:NeowsMight","TheCursedMod:ParallelWorld"],"picked":"TheCursedMod:CursedRelics","floor":27},{"not_picked":["TheCursedMod:Torture","TheCursedMod:Stigma","TheCursedMod:RavingStaff"],"picked":"SKIP","floor":28},{"not_picked":["TheCursedMod:WearCloak+1","TheCursedMod:Wield","TheCursedMod:CursedSpellbook"],"picked":"SKIP","floor":28},{"not_picked":["TheCursedMod:StunningStrike","TheCursedMod:ForbiddenAlchemy"],"picked":"TheCursedMod:AntiAging","floor":30},{"not_picked":["TheCursedMod:TroublousMinions","TheCursedMod:StingEye"],"picked":"TheCursedMod:HellfireBreathing","floor":31},{"not_picked":["TheCursedMod:Stretching+1","TheCursedMod:ReleasedKnowledge","TheCursedMod:Stigma"],"picked":"SKIP","floor":31}],"player_experience":2165952,"relics_obtained":[{"floor":5.0,"key":"Vajra"},{"floor":6.0,"key":"sneckomod:BlankCard"},{"floor":8.0,"key":"Dota2Spire:LinkenSphere"},{"floor":9.0,"key":"Pantograph"},{"floor":12.0,"key":"ReplayTheSpireMod:Shallot"},{"floor":14.0,"key":"Dead Branch"},{"floor":23.0,"key":"Replay:Multitool"},{"floor":26,"key":"Replay:Bottled Steam"},{"floor":27,"key":"hexamod:Sixitude"},{"floor":30,"key":"CeramicFish"}],"event_choices":[{"damage_healed":0.0,"max_hp_gain":0.0,"max_hp_loss":0.0,"gold_gain":62.0,"event_name":"Golden Wing","player_choice":"Gained Gold","floor":2.0,"gold_loss":0.0,"damage_taken":0.0},{"cards_removed":["TheCursedMod:SaltUponWound"],"damage_healed":49,"gold_gain":0,"player_choice":"Offered Uncommon","damage_taken":0,"max_hp_gain":0,"max_hp_loss":0,"event_name":"Bonfire Elementals","floor":29,"gold_loss":0}],"is_beta":false,"boss_relics":[{"not_picked":["Honey Jar","Tiny House"],"picked":"Sozu"}],"items_purged_floors":[],"is_endless":false,"potions_floor_spawned":[1,4,11,13,14,18,21,27,30,31],"killed_by":"Champ","ascension_level":10}}