{"host":"zk2wr01vh49shv6l","time":1613690062,"event":{"mods":["BaseMod","Hermit","Minty Spire (QoL Compilation)","Replay The Spire","StSLib","The Bug Knight"],"gold_per_floor":[117,117,137,137,147,175,250,220,265,337,337,13,48,67,67,171,171,182,194,213,226,226,226,257,271,271,271,300,300,148,163,163,266,266,284,334,361,374,385,385,403,413,413,413,7,7,7,17,17,17,17],"floor_reached":50,"language":"PTB","playtime":4925,"items_purged":["Languid"],"score":567,"play_id":"59fac970-f0c7-41b1-bee1-f3d4535ae090","local_time":"20210218211422","is_ascension_mode":false,"campfire_choices":[{"floor":11,"key":"REST"},{"data":"Sweeping Beam","floor":23,"key":"SMITH"},{"floor":27,"key":"REST"},{"floor":29,"key":"REST"},{"floor":32,"key":"DIG"},{"floor":40,"key":"REST"},{"floor":47,"key":"REST"},{"floor":49,"key":"REST"}],"circlet_count":0,"master_deck":["Strike_B","Strike_B","Strike_B","Strike_B","Defend_B+1","Defend_B","Defend_B","Defend_B","Zap","Dualcast","Sunder+1","Stack","Melter+1","Defragment","Redo","Coolheaded","Loop","Sweeping Beam","Sweeping Beam+1","Core Surge","Undo+1","Ball Lightning","FIFO Queue","Darkness","Defragment","Panic Button","Skim","Shame","Darkness+1","Overencumbered","Swift Strike","Sunder","Panic Button","Defragment","Fusion","Stack+1","Shame","Skim+1","Sunder+1","Stack+1","Shame","Defragment","Rainbow"],"relics":["Cracked Core","Ring of Peace","Ancient Tea Set","DataDisk","Letter Opener","Guide Book","Replay:Antivirus Software","Cursed Key","Replay:Towering Pillar of Hats","Carrot","PreservedInsect","ReplayTheSpireMod:CursedCoin","HollowMod:PaleOreRelic","ChewingGum","Incense Burner","Geode","Replay:Arrowhead","Bottled Flame","DollysMirror"],"acts_visited":["Exordium","TheCity","TheBeyond"],"potions_floor_usage":[6,13,16,16,20,28,33,41,42,50],"damage_taken":[{"damage":1,"enemies":"Jaw Worm","floor":1,"turns":3},{"damage":0,"enemies":"2 Louse","floor":3,"turns":2},{"damage":0,"enemies":"Small Slimes","floor":5,"turns":3},{"damage":27,"enemies":"3 Sentries","floor":6,"turns":7},{"damage":0,"enemies":"Looter","floor":8,"turns":4},{"damage":6,"enemies":"Lagavulin","floor":13,"turns":6},{"damage":0,"enemies":"Exordium Wildlife","floor":14,"turns":3},{"damage":25,"enemies":"Hexaghost","floor":16,"turns":9},{"damage":0,"enemies":"Chosen","floor":18,"turns":5},{"damage":0,"enemies":"Spheric Guardian","floor":19,"turns":3},{"damage":0,"enemies":"Centurion and Healer","floor":20,"turns":8},{"damage":0,"enemies":"Chosen and Byrds","floor":21,"turns":4},{"damage":29,"enemies":"Book of Stabbing","floor":24,"turns":6},{"damage":0,"enemies":"Cultist and Chosen","floor":25,"turns":6},{"damage":1,"enemies":"HollowMod:Nosk","floor":28,"turns":6},{"damage":0,"enemies":"Snecko","floor":31,"turns":3},{"damage":22,"enemies":"Champ","floor":33,"turns":9},{"damage":0,"enemies":"Orb Walker","floor":35,"turns":3},{"damage":3,"enemies":"Mind Bloom Boss Battle","floor":36,"turns":6},{"damage":30,"enemies":"3 Shapes","floor":38,"turns":4},{"damage":0,"enemies":"Sphere and 2 Shapes","floor":39,"turns":4},{"damage":31,"enemies":"Spire Growth","floor":41,"turns":4},{"damage":30,"enemies":"Transient","floor":42,"turns":5},{"damage":6,"enemies":"Writhing Mass","floor":48,"turns":3},{"damage":69,"enemies":"Replay:Hell Engine","floor":50,"turns":8}],"seed_played":"3819470395543630422","potions_obtained":[{"floor":3,"key":"FearPotion"},{"floor":5,"key":"Elixir"},{"floor":14,"key":"CultistPotion"},{"floor":19,"key":"SpeedPotion"},{"floor":24,"key":"EssenceOfSteel"},{"floor":31,"key":"SteroidPotion"},{"floor":38,"key":"FearPotion"},{"floor":39,"key":"SpeedPotion"},{"floor":41,"key":"Swift Potion"}],"is_trial":false,"path_per_floor":["M","?","M","?","M","E","?","M","T","T","R","$","E","M","R","B",null,"M","M","M","M","?","R","E","M","T","R","E","R","$","M","R","B",null,"M","?","T","M","M","R","M","M","T","?","$","?","R","M","R","B"],"character_chosen":"DEFECT","items_purchased":["Guide Book","Coolheaded","Loop","BlessingOfTheForge","ReplayTheSpireMod:CursedCoin","Swift Strike","Sunder","Panic Button","Bottled Flame","DollysMirror"],"campfire_rested":6,"item_purchase_floors":[12,12,12,12,30,30,30,30,45,45],"current_hp_per_floor":[81,81,81,81,81,54,43,43,43,43,67,67,61,61,82,57,82,82,82,82,82,82,82,53,53,53,77,76,82,82,82,82,60,82,82,79,79,49,49,73,42,12,12,12,12,12,36,30,54,0,0],"gold":17,"neow_bonus":"TEN_PERCENT_HP_BONUS","is_daily":false,"chose_seed":false,"campfire_upgraded":1,"win_rate":0.0,"timestamp":1613690062,"path_taken":["M","?","M","?","M","E","?","M","T","?","R","$","E","M","R","BOSS","M","?","M","M","?","R","E","M","T","R","E","R","$","M","R","BOSS","M","?","?","M","?","R","M","M","T","?","$","?","R","M","R","BOSS"],"items_purchased_type":["Relic","Card","Card","Potion","Relic","Card","Card","Card","Relic","Relic"],"build_version":"2020-12-22","purchased_purges":1,"victory":false,"max_hp_per_floor":[82,82,82,82,82,82,82,82,82,82,82,82,82,82,82,82,82,82,82,82,82,82,82,82,82,82,82,82,82,82,82,82,82,82,82,82,82,82,82,82,82,82,82,82,82,82,82,82,82,82,82],"card_choices":[{"not_picked":["Gash","Coolheaded"],"picked":"Sunder","floor":1},{"not_picked":["Streamline","Go for the Eyes"],"picked":"Stack","floor":3},{"not_picked":["BasicCrystalCard","Leap"],"picked":"Melter","floor":5},{"not_picked":["Force Field","Capacitor"],"picked":"Defragment","floor":6},{"not_picked":["Rebound","Echo Form"],"picked":"Redo","floor":8},{"not_picked":["Ball Lightning","Leap"],"picked":"Sweeping Beam","floor":13},{"not_picked":["Barrage","Capacitor"],"picked":"Sweeping Beam","floor":14},{"not_picked":["Rainbow","Meteor Strike"],"picked":"Core Surge","floor":16},{"not_picked":["Time Bomb+1","Hologram"],"picked":"Undo+1","floor":18},{"not_picked":["Chaos","ReplayTheSpireMod:Reroute Power"],"picked":"Ball Lightning","floor":19},{"not_picked":["Sunder","BasicCrystalCard"],"picked":"FIFO Queue","floor":20},{"not_picked":["Conserve Battery+1","Go for the Eyes+1"],"picked":"Darkness","floor":21},{"not_picked":["FTL","White Noise"],"picked":"Panic Button","floor":24},{"not_picked":["Static Discharge","Aggregate"],"picked":"Skim","floor":25},{"not_picked":["Aggregate","Redo"],"picked":"Darkness+1","floor":28},{"not_picked":["Glacier","Stack+1"],"picked":"Defragment","floor":31},{"not_picked":["Biased Cognition","Meteor Strike"],"picked":"All For One","floor":33},{"not_picked":["BasicCrystalCard+1","Sweeping Beam"],"picked":"Fusion","floor":35},{"not_picked":["Double Energy+1","Lockon+1"],"picked":"Stack+1","floor":36},{"not_picked":["BasicCrystalCard+1","Gash+1"],"picked":"Skim+1","floor":38},{"not_picked":["Ball Lightning","Skim+1"],"picked":"Sunder+1","floor":39},{"not_picked":["ReplayTheSpireMod:System Scan","Force Field+1","Go for the Eyes+1"],"picked":"SKIP","floor":41},{"not_picked":["Rebound+1","BasicCrystalCard"],"picked":"Stack+1","floor":42},{"not_picked":["Steam","Hologram+1"],"picked":"Rainbow","floor":48}],"player_experience":215964,"relics_obtained":[{"floor":4,"key":"Ring of Peace"},{"floor":6,"key":"Ancient Tea Set"},{"floor":9,"key":"DataDisk"},{"floor":10,"key":"Letter Opener"},{"floor":13,"key":"Replay:Antivirus Software"},{"floor":24,"key":"Replay:Towering Pillar of Hats"},{"floor":26,"key":"Carrot"},{"floor":28,"key":"PreservedInsect"},{"floor":32,"key":"HollowMod:PaleOreRelic"},{"floor":36,"key":"Incense Burner"},{"floor":37,"key":"Geode"},{"floor":43,"key":"Replay:Arrowhead"}],"event_choices":[{"damage_healed":0,"gold_gain":75,"player_choice":"Gather Gold","damage_taken":11,"max_hp_gain":0,"max_hp_loss":0,"event_name":"World of Goop","floor":7,"gold_loss":0},{"damage_healed":27,"gold_gain":0,"player_choice":"Banana","damage_taken":0,"max_hp_gain":0,"max_hp_loss":0,"event_name":"Big Fish","floor":15,"gold_loss":0},{"damage_healed":0,"gold_gain":0,"player_choice":"Read","damage_taken":0,"max_hp_gain":0,"max_hp_loss":0,"event_name":"The Library","floor":22,"gold_loss":0,"cards_obtained":["Defragment"]},{"damage_healed":0,"gold_gain":0,"player_choice":"Fight","damage_taken":0,"max_hp_gain":0,"max_hp_loss":0,"event_name":"MindBloom","floor":36,"gold_loss":0},{"damage_healed":0,"gold_gain":0,"player_choice":"Ignored","damage_taken":0,"max_hp_gain":0,"max_hp_loss":0,"event_name":"Tomb of Lord Red Mask","floor":44,"gold_loss":0},{"cards_removed":["All For One"],"damage_healed":0,"gold_gain":0,"player_choice":"Removed Attack","damage_taken":0,"max_hp_gain":0,"max_hp_loss":0,"event_name":"Falling","floor":46,"gold_loss":0}],"is_beta":false,"boss_relics":[{"not_picked":["SlaversCollar","Busted Crown"],"picked":"Cursed Key"},{"not_picked":["Calling Bell","Ring of Chaos"],"picked":"ChewingGum"}],"items_purged_floors":[30],"is_endless":false,"potions_floor_spawned":[3,5,14,19,24,31,38,39,41],"killed_by":"Replay:Hell Engine","ascension_level":0}}