{"host":"dqv8oo4v229c1o2l","time":1613666271,"event":{"mods":["AchievementEnabler","BaseMod","Colored Map","Colored Powertips","Minty Spire (QoL Compilation)","Quick Restart","Rare Cards Sparkle","StSLib","Synergy Search"],"gold_per_floor":[116,131,148,148,79,79,92,92,139,181,193,205,217,242,254,366,378,410,438,461,327,327,327,33,67,67,67,87,87,100,118,118,221,221,241,241,261,277,277,277,290,290,290,329,34,34,34,48,48,48,48],"floor_reached":50,"language":"ENG","playtime":1762,"items_purged":[],"score":713,"play_id":"bbd2e450-567c-42d4-8f2e-a6c652a5816d","local_time":"20210218083751","is_ascension_mode":true,"campfire_choices":[{"data":"Zap","floor":6.0,"key":"SMITH"},{"floor":8.0,"key":"REST"},{"data":"Dualcast","floor":13.0,"key":"SMITH"},{"data":"Self Repair","floor":15.0,"key":"SMITH"},{"data":"Sunder","floor":23.0,"key":"SMITH"},{"floor":27.0,"key":"RECALL"},{"data":"Defragment","floor":32.0,"key":"SMITH"},{"data":"Storm","floor":40.0,"key":"SMITH"},{"floor":42.0,"key":"REST"},{"floor":46.0,"key":"REST"},{"floor":49.0,"key":"REST"}],"circlet_count":0,"master_deck":["Strike_B","Defend_B+1","Defend_B","Defend_B","Zap+1","Dualcast+1","Rebound","Melter","Ball Lightning","Sunder+1","Self Repair+1","Leap","Electrodynamics","Core Surge","CurseOfTheBell","Ball Lightning+1","Self Repair+1","Defragment+1","Skim+1","Storm+1","Recycle","Static Discharge","Core Surge+1","Decay","Hologram+1","Loop+1"],"relics":["Cracked Core","Regal Pillow","MawBank","Vajra","Calling Bell","Akabeko","Molten Egg 2","Bird Faced Urn","War Paint","Cables","Ancient Tea Set","Symbiotic Virus","Nuclear Battery","Bottled Flame","CeramicFish","FossilizedHelix"],"acts_visited":["Exordium","TheCity","TheBeyond"],"potions_floor_usage":[50,50,50,50,50,50],"damage_taken":[{"damage":5.0,"enemies":"Small Slimes","floor":1.0,"turns":2.0},{"damage":2.0,"enemies":"Jaw Worm","floor":2.0,"turns":3.0},{"damage":0.0,"enemies":"Cultist","floor":3.0,"turns":3.0},{"damage":16.0,"enemies":"Blue Slaver","floor":7.0,"turns":4.0},{"damage":18.0,"enemies":"Gremlin Nob","floor":10.0,"turns":3.0},{"damage":4.0,"enemies":"Red Slaver","floor":14.0,"turns":3.0},{"damage":36.0,"enemies":"Hexaghost","floor":16.0,"turns":9.0},{"damage":24.0,"enemies":"Shell Parasite","floor":18.0,"turns":6.0},{"damage":17.0,"enemies":"Spheric Guardian","floor":19.0,"turns":4.0},{"damage":18.0,"enemies":"Snecko","floor":20.0,"turns":4.0},{"damage":27.0,"enemies":"Gremlin Leader","floor":25.0,"turns":6.0},{"damage":12.0,"enemies":"3 Cultists","floor":28.0,"turns":3.0},{"damage":24.0,"enemies":"Cultist and Chosen","floor":30.0,"turns":6.0},{"damage":10.0,"enemies":"Snecko","floor":31.0,"turns":3.0},{"damage":52.0,"enemies":"Automaton","floor":33.0,"turns":8.0},{"damage":25.0,"enemies":"3 Darklings","floor":35.0,"turns":3.0},{"damage":3.0,"enemies":"Orb Walker","floor":37.0,"turns":3.0},{"damage":5.0,"enemies":"4 Shapes","floor":38.0,"turns":4.0},{"damage":62.0,"enemies":"Spire Growth","floor":41.0,"turns":4.0},{"damage":69.0,"enemies":"Reptomancer","floor":44.0,"turns":5.0},{"damage":24.0,"enemies":"3 Darklings","floor":48.0,"turns":4.0},{"damage":88,"enemies":"Time Eater","floor":50,"turns":7}],"seed_played":"-6493867297233083784","potions_obtained":[{"floor":1.0,"key":"Fire Potion"},{"floor":7.0,"key":"Ancient Potion"},{"floor":10.0,"key":"ColorlessPotion"},{"floor":18.0,"key":"LiquidMemories"},{"floor":28.0,"key":"SkillPotion"},{"floor":31.0,"key":"Fire Potion"},{"floor":33.0,"key":"Energy Potion"},{"floor":37.0,"key":"Swift Potion"},{"floor":48.0,"key":"EntropicBrew"}],"is_trial":false,"path_per_floor":["M","M","M","?","$","R","M","R","T","E","T","$","R","M","R","B",null,"M","M","M","$","?","R","$","E","T","R","M","?","M","M","R","B",null,"M","?","M","M","?","R","M","R","T","E","$","R","$","M","R","B"],"character_chosen":"DEFECT","items_purchased":["Self Repair","War Paint","Cables","Defragment","FossilizedHelix"],"campfire_rested":4,"item_purchase_floors":[5,21,24,24,45],"current_hp_per_floor":[45,43,43,31,31,31,22,59,59,48,48,48,48,44,44,18,61,51,46,42,42,42,42,42,43,43,43,57,57,59,69,69,47,68,59,59,70,75,75,75,37,74,74,28,28,65,65,59,75,0,0],"gold":48,"neow_bonus":"TRANSFORM_TWO_CARDS","is_daily":false,"chose_seed":false,"campfire_upgraded":6,"win_rate":0.0,"timestamp":1613666271,"path_taken":["M","M","M","?","$","R","M","R","T","E","?","?","R","M","R","BOSS","M","M","M","$","?","R","$","E","T","R","?","?","M","?","R","BOSS","M","?","?","M","?","R","M","R","T","E","$","R","$","M","R","BOSS"],"items_purchased_type":["Card","Relic","Relic","Card","Relic"],"build_version":"2020-12-22","purchased_purges":0,"victory":false,"max_hp_per_floor":[75,75,75,75,75,75,75,75,75,75,75,75,75,75,75,75,75,75,75,75,75,75,75,75,75,75,75,75,75,75,75,75,75,75,75,75,75,75,75,75,75,75,75,75,75,75,75,75,75,75,75],"card_choices":[{"not_picked":["Aggregate","Conserve Battery"],"picked":"Ball Lightning","floor":1.0},{"not_picked":["Cold Snap","Turbo"],"picked":"Sunder","floor":2.0},{"not_picked":["Rebound","Streamline","Aggregate"],"picked":"SKIP","floor":3.0},{"not_picked":["Force Field","Go for the Eyes","Streamline"],"picked":"SKIP","floor":7.0},{"not_picked":["Compile Driver","Streamline"],"picked":"Leap","floor":10.0},{"not_picked":["Lockon","Turbo"],"picked":"Electrodynamics","floor":14.0},{"not_picked":["Echo Form","Meteor Strike"],"picked":"Core Surge","floor":16.0},{"not_picked":["Heatsinks","Chaos"],"picked":"Ball Lightning+1","floor":18.0},{"not_picked":["Blizzard+1","Streamline+1","Stack+1"],"picked":"SKIP","floor":19.0},{"not_picked":["Rebound+1","Beam Cell+1","Turbo"],"picked":"SKIP","floor":20.0},{"not_picked":["Cold Snap+1","Tempest"],"picked":"Skim+1","floor":25.0},{"not_picked":["Coolheaded","Lockon+1"],"picked":"Storm","floor":28.0},{"not_picked":["Streamline+1","Scrape+1"],"picked":"Static Discharge","floor":30.0},{"not_picked":["Ball Lightning+1","Auto Shields+1","Rebound+1"],"picked":"SKIP","floor":31.0},{"not_picked":["Amplify","Hyperbeam+1"],"picked":"Core Surge+1","floor":33.0},{"not_picked":["Heatsinks","Turbo+1","Steam+1"],"picked":"SKIP","floor":35.0},{"not_picked":["Stack+1","Go for the Eyes+1","Double Energy"],"picked":"SKIP","floor":37.0},{"not_picked":["Rebound+1","Redo+1","Beam Cell+1"],"picked":"SKIP","floor":38.0},{"not_picked":["Amplify","Redo"],"picked":"Hologram+1","floor":41.0},{"not_picked":["Sunder+1","Skim"],"picked":"Loop+1","floor":44.0},{"not_picked":["Self Repair+1","Streamline+1","Darkness+1"],"picked":"SKIP","floor":48.0}],"player_experience":327844,"relics_obtained":[{"floor":9.0,"key":"MawBank"},{"floor":10.0,"key":"Vajra"},{"floor":17.0,"key":"Akabeko"},{"floor":17.0,"key":"Molten Egg 2"},{"floor":17.0,"key":"Bird Faced Urn"},{"floor":25.0,"key":"Ancient Tea Set"},{"floor":26.0,"key":"Symbiotic Virus"},{"floor":43.0,"key":"Bottled Flame"},{"floor":44.0,"key":"CeramicFish"}],"event_choices":[{"damage_healed":0.0,"max_hp_gain":0.0,"max_hp_loss":0.0,"gold_gain":0.0,"event_name":"Scrap Ooze","player_choice":"Success","floor":4.0,"gold_loss":0.0,"damage_taken":12.0,"relics_obtained":["Regal Pillow"]},{"damage_healed":0.0,"max_hp_gain":0.0,"max_hp_loss":0.0,"gold_gain":0.0,"event_name":"Duplicator","player_choice":"Copied","floor":22.0,"gold_loss":0.0,"damage_taken":0.0,"cards_obtained":["Self Repair"]},{"damage_healed":0.0,"max_hp_gain":0.0,"max_hp_loss":0.0,"gold_gain":0.0,"cards_transformed":["Strike_B"],"event_name":"Transmorgrifier","player_choice":"Transformed","floor":29.0,"gold_loss":0.0,"damage_taken":0.0,"cards_obtained":["Recycle"]},{"damage_healed":0.0,"max_hp_gain":0.0,"max_hp_loss":0.0,"gold_gain":0.0,"event_name":"Wheel of Change","player_choice":"Cursed","floor":36.0,"gold_loss":0.0,"damage_taken":0.0,"cards_obtained":["Decay"]},{"cards_removed":["Defend_B"],"damage_healed":0.0,"max_hp_gain":0.0,"max_hp_loss":0.0,"gold_gain":0.0,"event_name":"Falling","player_choice":"Removed Skill","floor":39.0,"gold_loss":0.0,"damage_taken":0.0}],"is_beta":false,"boss_relics":[{"not_picked":["SacredBark","Busted Crown"],"picked":"Calling Bell"},{"not_picked":["Empty Cage","Runic Pyramid"],"picked":"Nuclear Battery"}],"items_purged_floors":[],"is_endless":false,"potions_floor_spawned":[1,7,10,14,18,28,31,33,37,48],"killed_by":"Time Eater","ascension_level":9}}