{"host":"2l3i55whvwk76mom","time":1613610327,"event":{"mods":["BaseMod","Googly Eyes","Hubris","Minty Spire (QoL Compilation)","Replay The Spire","StSLib"],"gold_per_floor":[117,127,127,141,107,139,152,152,179,206,236,258,303,315,327,436,448,480,492,518,530,552,564,591,591],"floor_reached":24,"language":"ENG","playtime":1354,"items_purged":[],"score":299,"play_id":"2e80de7f-bcd4-4945-82fa-d1791b43aa91","local_time":"20210217170527","is_ascension_mode":true,"campfire_choices":[{"floor":8,"key":"REST"},{"floor":15,"key":"REST"},{"floor":23,"key":"REST"}],"circlet_count":0,"master_deck":["Strike_P","Strike_P","Strike_P","Strike_P","Defend_P","Defend_P","Defend_P","Defend_P","Eruption+1","Vigilance","Consecrate","Tantrum","FollowUp","Prostrate","Prostrate","Prostrate","SashWhip","Scrawl","FearNoEvil","EmptyBody","FlurryOfBlows","Devotion+1","ThirdEye","Delirium","EmptyFist","LikeWater"],"relics":["PureWater","Sundial","MawBank","Simple Rune","hubris:Backtick","Yang","ReplayTheSpireMod:Ring of Challenge","Ring of Hypnosis"],"acts_visited":["Exordium","TheCity"],"potions_floor_usage":[10,12,13,18,22],"damage_taken":[{"damage":0,"enemies":"Small Slimes","floor":1,"turns":2},{"damage":0,"enemies":"2 Louse","floor":2,"turns":2},{"damage":0,"enemies":"Cultist","floor":4,"turns":2},{"damage":30,"enemies":"3 Sentries","floor":6,"turns":5},{"damage":1,"enemies":"Red Slaver","floor":7,"turns":4},{"damage":0,"enemies":"Large Slime","floor":10,"turns":2},{"damage":0,"enemies":"Exordium Wildlife","floor":11,"turns":2},{"damage":0,"enemies":"2 Fungi Beasts","floor":12,"turns":2},{"damage":25,"enemies":"Lagavulin","floor":13,"turns":7},{"damage":0,"enemies":"Slime Boss","floor":16,"turns":6},{"damage":30,"enemies":"Shell Parasite","floor":18,"turns":5},{"damage":11,"enemies":"2 Thieves","floor":20,"turns":4},{"damage":5,"enemies":"Centurion and Healer","floor":22,"turns":6},{"damage":44,"enemies":"Slavers","floor":24,"turns":5}],"seed_played":"2575038882183390350","potions_obtained":[{"floor":6,"key":"Energy Potion"},{"floor":10,"key":"DistilledChaos"},{"floor":11,"key":"LiquidBronze"},{"floor":13,"key":"Toxic Potion"},{"floor":16,"key":"Fire Potion"},{"floor":18,"key":"SteroidPotion"},{"floor":20,"key":"PowerPotion"}],"is_trial":false,"path_per_floor":["M","M","?","M","$","E","M","R","T","M","M","M","E","$","R","B",null,"M","?","M","?","M","R","E"],"character_chosen":"WATCHER","items_purchased":["Prostrate"],"campfire_rested":3,"item_purchase_floors":[5],"current_hp_per_floor":[72,72,72,72,72,42,41,62,62,62,62,62,37,37,58,58,72,42,42,31,31,26,47,3,3],"gold":591,"neow_bonus":"RANDOM_EVENT","is_daily":false,"chose_seed":false,"campfire_upgraded":0,"win_rate":0.0,"timestamp":1613610327,"path_taken":["M","M","?","M","$","E","M","R","T","M","M","M","E","$","R","BOSS","M","?","M","?","?","R","E"],"items_purchased_type":["Card"],"build_version":"2020-12-22","purchased_purges":0,"victory":false,"max_hp_per_floor":[72,72,72,72,72,72,72,72,72,72,72,72,72,72,72,72,72,72,72,72,72,72,72,72,72],"card_choices":[{"not_picked":["JustLucky","PathToVictory"],"picked":"Consecrate","floor":1},{"not_picked":["JustLucky","SignatureMove"],"picked":"Tantrum","floor":2},{"not_picked":["Protect","ClearTheMind"],"picked":"FollowUp","floor":4},{"not_picked":["Replay:AtTheReady","FlurryOfBlows"],"picked":"Prostrate","floor":6},{"not_picked":["Prostrate","Replay:ManipulateFuture"],"picked":"SashWhip","floor":7},{"not_picked":["PathToVictory","FlyingSleeves"],"picked":"Scrawl","floor":10},{"not_picked":["ThirdEye","Consecrate"],"picked":"FearNoEvil","floor":11},{"not_picked":["WaveOfTheHand","FollowUp"],"picked":"EmptyBody","floor":12},{"not_picked":["Prostrate","Replay:Anticipation"],"picked":"FlurryOfBlows","floor":13},{"not_picked":["Wish","DeusExMachina"],"picked":"Devotion","floor":16},{"not_picked":["CrushJoints","Replay:ManipulateFuture"],"picked":"ThirdEye","floor":18},{"not_picked":["Replay:Battleflow","Fasting2"],"picked":"EmptyFist","floor":20},{"not_picked":["Collect","SashWhip"],"picked":"LikeWater","floor":22}],"player_experience":383424,"relics_obtained":[{"floor":6,"key":"Sundial"},{"floor":9,"key":"MawBank"},{"floor":13,"key":"Simple Rune"},{"floor":19,"key":"ReplayTheSpireMod:Ring of Challenge"},{"floor":19,"key":"Ring of Hypnosis"}],"event_choices":[{"damage_healed":0,"gold_gain":0,"player_choice":"Ignored","damage_taken":0,"max_hp_gain":0,"max_hp_loss":0,"event_name":"Golden Wing","floor":3,"gold_loss":0},{"damage_healed":0,"gold_gain":0,"player_choice":"Upgraded","damage_taken":0,"max_hp_gain":0,"max_hp_loss":0,"event_name":"Upgrade Shrine","floor":21,"gold_loss":0,"cards_upgraded":["Devotion"]}],"is_beta":false,"boss_relics":[{"not_picked":["ReplayTheSpireMod:DimensionalGlitch","Black Star"],"picked":"hubris:Backtick"}],"items_purged_floors":[],"is_endless":false,"potions_floor_spawned":[6,10,11,13,16,18,20],"killed_by":"Slavers","ascension_level":3}}