{"host":"s4ojoik2izpnmj7q","time":1613660887,"event":{"mods":["ATMod(°¢èªMod)","Act Like it!","BaseMod","Minty Spire (QoL Compilation)","MostiFishMod","StSLib"],"gold_per_floor":[118,128,128,153,173,206,206,241,241,241,241,279,279,294,294,390,390,403,416,431,431,449,449,490,490,517,536,341,375,500,518,518,612,612,632,645,664,1663,1482,1482,1526,1526,1551,1572,1532,1550,1588,1602,1602,1602,1602,1602,1602,1144,1177,1177],"floor_reached":57,"language":"ZHS","playtime":2194,"items_purged":["Defend_P","Defend_P","Defend_P"],"score":3773,"play_id":"80ca65c8-0813-48dd-b0f7-a8edc61cd9c9","local_time":"20210218230807","is_ascension_mode":true,"campfire_choices":[{"data":"Eruption","floor":7.0,"key":"SMITH"},{"data":"MostiFishMod:Speedup","floor":11.0,"key":"SMITH"},{"data":"MostiFishMod:DustFall","floor":15.0,"key":"SMITH"},{"data":"MostiFishMod:FlowState","floor":23.0,"key":"SMITH"},{"data":"TalkToTheHand","floor":32.0,"key":"SMITH"},{"floor":40.0,"key":"RECALL"},{"data":"CutThroughFate","floor":49.0,"key":"SMITH"},{"data":"FlurryOfBlows","floor":53.0,"key":"SMITH"}],"circlet_count":0,"master_deck":["AscendersBane","Strike_P","Strike_P","Strike_P","Strike_P","Eruption+1","Vigilance","Tantrum+1","CutThroughFate+1","BowlingBash","FlurryOfBlows+1","MostiFishMod:Speedup+1","FearNoEvil+1","MostiFishMod:DustFall+1","Scrawl+1","MostiFishMod:FlowState+1","MostiFishMod:PathToVictory+1","TalkToTheHand+1","ClearTheMind+1","Ragnarok+1","InnerPeace+1"],"relics":["DaveBox","AT_ATBox","FeatherPendant","AT_TrinityForce","SynthV:TestCard","Golden Idol","SynthV:C4","AT_SilvercatRing","Thread and Needle","DianDianMeat","GreenFoldingFan","Shuriken","Omamori","Nilry\u0027s Codex","Centennial Puzzle","Membership Card","GoldenEye","Pocketwatch","AT_TimeSand","JellyFishMachine","TeardropLocket","Orichalcum","FossilizedHelix","Medical Kit","Blue Candle","AT_RedNoBalance","AT_ChloranthyRing"],"acts_visited":["Exordium","TheCity","TheBeyond","TheEnding"],"potions_floor_usage":[],"damage_taken":[{"damage":0.0,"enemies":"2 Louse","floor":1.0,"turns":1.0},{"damage":0.0,"enemies":"Jaw Worm","floor":2.0,"turns":2.0},{"damage":0.0,"enemies":"Small Slimes","floor":4.0,"turns":1.0},{"damage":0.0,"enemies":"Gremlin Gang","floor":5.0,"turns":2.0},{"damage":0.0,"enemies":"Gremlin Nob","floor":6.0,"turns":2.0},{"damage":0.0,"enemies":"Lagavulin","floor":8.0,"turns":3.0},{"damage":0.0,"enemies":"3 Sentries","floor":12.0,"turns":1.0},{"damage":0.0,"enemies":"2 Fungi Beasts","floor":14.0,"turns":1.0},{"damage":0.0,"enemies":"Hexaghost","floor":16.0,"turns":2.0},{"damage":2.0,"enemies":"2 Thieves","floor":18.0,"turns":1.0},{"damage":2.0,"enemies":"Spheric Guardian","floor":19.0,"turns":1.0},{"damage":6.0,"enemies":"Snake Plant","floor":20.0,"turns":2.0},{"damage":2.0,"enemies":"Shelled Parasite and Fungi","floor":22.0,"turns":1.0},{"damage":2.0,"enemies":"Book of Stabbing","floor":24.0,"turns":1.0},{"damage":2.0,"enemies":"Snecko","floor":27.0,"turns":1.0},{"damage":2.0,"enemies":"Slavers","floor":29.0,"turns":1.0},{"damage":2.0,"enemies":"Colosseum Slavers","floor":30.0,"turns":1.0},{"damage":2.0,"enemies":"Colosseum Nobs","floor":30.0,"turns":1.0},{"damage":2.0,"enemies":"3 Cultists","floor":31.0,"turns":1.0},{"damage":2.0,"enemies":"Collector","floor":33.0,"turns":1.0},{"damage":2.0,"enemies":"Orb Walker","floor":35.0,"turns":1.0},{"damage":4.0,"enemies":"3 Shapes","floor":36.0,"turns":2.0},{"damage":4.0,"enemies":"Maw","floor":37.0,"turns":2.0},{"damage":2.0,"enemies":"Reptomancer","floor":41.0,"turns":1.0},{"damage":4.0,"enemies":"Transient","floor":44.0,"turns":2.0},{"damage":2.0,"enemies":"Jaw Worm Horde","floor":46.0,"turns":1.0},{"damage":2.0,"enemies":"Giant Head","floor":47.0,"turns":1.0},{"damage":0.0,"enemies":"3 Darklings","floor":48.0,"turns":1.0},{"damage":4.0,"enemies":"Awakened One","floor":50.0,"turns":3.0},{"damage":2.0,"enemies":"Time Eater","floor":51.0,"turns":2.0},{"damage":0,"enemies":"Shield and Spear","floor":55,"turns":1},{"damage":14,"enemies":"The Heart","floor":56,"turns":5}],"seed_played":"-4020339974205951370","potions_obtained":[{"floor":5.0,"key":"PowerPotion"},{"floor":12.0,"key":"SteroidPotion"},{"floor":27.0,"key":"SkillPotion"}],"is_trial":false,"path_per_floor":["M","M","?","M","M","E","R","E","T","?","R","E","?","M","R","B",null,"M","M","M","?","M","R","E","?","T","M","$","E","?","M","R","B",null,"M","M","M","?","$","R","E","?","T","M","?","M","E","M","R","B","B",null,"R","$","E","B",null],"character_chosen":"WATCHER","items_purchased":["Membership Card","TeardropLocket","Medical Kit","BottledMiracle","Blue Candle","AT_SilverBalance"],"campfire_rested":0,"item_purchase_floors":[28,39,54,54,54,54],"current_hp_per_floor":[61,61,61,61,61,61,61,61,61,61,61,61,64,64,64,67,68,72,72,72,72,77,77,83,62,62,70,70,78,90,90,90,98,98,107,107,107,107,107,107,107,107,107,107,107,107,107,107,107,107,107,107,107,107,63,59],"gold":1177,"neow_bonus":"BOSS_RELIC","is_daily":false,"chose_seed":false,"campfire_upgraded":7,"win_rate":0.0,"timestamp":1613660887,"path_taken":["M","M","?","M","M","E","R","E","T","?","R","E","?","M","R","BOSS","M","M","?","?","?","R","E","?","T","M","$","E","?","M","R","BOSS","M","M","M","?","$","R","E","?","T","M","?","?","E","M","R","BOSS","BOSS","R","$","E","BOSS"],"items_purchased_type":["Relic","Relic","Relic","Potion","Relic","Relic"],"build_version":"2020-12-22","purchased_purges":3,"victory":true,"max_hp_per_floor":[68,68,62,62,62,62,62,62,62,62,62,62,65,65,65,68,68,72,72,72,72,77,77,83,83,83,83,83,83,90,90,90,98,98,107,107,107,107,107,107,107,107,107,107,107,107,107,107,107,107,107,107,107,107,107,107],"card_choices":[{"not_picked":["ThirdEye","Evaluate","CrushJoints"],"picked":"SKIP","floor":1.0},{"not_picked":["MostiFishMod:Nomercy","MostiFishMod:LegendTransform","CrushJoints","MostiFishMod:ScryFuture"],"picked":"Tantrum","floor":2.0},{"not_picked":["Evaluate","ForeignInfluence","Protect","EmptyBody"],"picked":"CutThroughFate","floor":4.0},{"not_picked":["FollowUp","Halt","Consecrate","Conclude"],"picked":"BowlingBash","floor":5.0},{"not_picked":["MostiFishMod:Moonprays","SashWhip","Prostrate","CarveReality"],"picked":"FlurryOfBlows","floor":6.0},{"not_picked":["Collect","Evaluate","EmptyBody","FollowUp","ClearTheMind"],"picked":"SKIP","floor":8.0},{"not_picked":["Evaluate","DeceiveReality","Conclude","SashWhip","CutThroughFate"],"picked":"SKIP","floor":12.0},{"not_picked":["MostiFishMod:Clarity","SandsOfTime","WheelKick","SashWhip","Evaluate"],"picked":"SKIP","floor":14.0},{"not_picked":["MostiFishMod:Moonprays","Brilliance","MostiFishMod:DustFall","Ragnarok"],"picked":"Scrawl","floor":16.0},{"not_picked":["CutThroughFate","Consecrate","Sanctity","MostiFishMod:Speedup"],"picked":"MostiFishMod:FlowState","floor":18.0},{"not_picked":["SashWhip","Evaluate","EmptyBody","Protect","FlyingSleeves"],"picked":"SKIP","floor":19.0},{"not_picked":["MostiFishMod:LegendTransform","Evaluate+1","SashWhip","CrushJoints","MasterReality"],"picked":"SKIP","floor":20.0},{"not_picked":["WaveOfTheHand","Crescendo","FollowUp","WreathOfFlame+1"],"picked":"MostiFishMod:PathToVictory+1","floor":22.0},{"not_picked":["Crescendo","SashWhip","AT_SoftenMuscles","Perseverance"],"picked":"TalkToTheHand","floor":24.0},{"not_picked":["MostiFishMod:DisColor","Meditate","Tantrum","MostiFishMod:PathToVictory","EmptyBody"],"picked":"SKIP","floor":27.0},{"not_picked":["Prostrate","PathToVictory","Nirvana","LikeWater","Sanctity"],"picked":"SKIP","floor":29.0},{"not_picked":["Evaluate","DeceiveReality","WreathOfFlame","PathToVictory"],"picked":"ClearTheMind+1","floor":30.0},{"not_picked":["Halt","FollowUp","MostiFishMod:DisColor","CrushJoints","Crescendo"],"picked":"SKIP","floor":31.0},{"not_picked":["Establishment","AT_IrregularMenstruation","Wish","AT_ChampionKick"],"picked":"Ragnarok","floor":33.0},{"not_picked":["Crescendo","Protect","WaveOfTheHand+1","BowlingBash"],"picked":"InnerPeace+1","floor":35.0},{"not_picked":["SashWhip","Weave","JustLucky","Crescendo","Halt"],"picked":"SKIP","floor":36.0},{"not_picked":["FollowUp","WaveOfTheHand","Consecrate","CutThroughFate","Worship"],"picked":"SKIP","floor":37.0},{"not_picked":["Conclude","Crescendo","MostiFishMod:FlowState+1","Sanctity","Prostrate+1"],"picked":"SKIP","floor":41.0},{"not_picked":["MostiFishMod:PathToVictory+1","Meditate","MostiFishMod:Nomercy","WheelKick","ThirdEye+1"],"picked":"SKIP","floor":44.0},{"not_picked":["SpiritShield","MostiFishMod:Clarity","Conclude","Perseverance+1","Nirvana"],"picked":"SKIP","floor":46.0},{"not_picked":["CarveReality+1","SpiritShield","AT_DivineConfetti","Study","Halt"],"picked":"SKIP","floor":47.0},{"not_picked":["CarveReality+1","SpiritShield","AT_DivineConfetti","Study","Halt"],"picked":"SKIP","floor":47.0},{"not_picked":["BowlingBash+1","CutThroughFate","SashWhip","FlyingSleeves","Evaluate"],"picked":"SKIP","floor":48.0},{"not_picked":["Halt+1","MostiFishMod:FlowState","Consecrate","JustLucky+1","SashWhip"],"picked":"SKIP","floor":55}],"player_experience":609534,"relics_obtained":[{"floor":1.0,"key":"SynthV:TestCard"},{"floor":6.0,"key":"SynthV:C4"},{"floor":8.0,"key":"AT_SilvercatRing"},{"floor":9.0,"key":"Thread and Needle"},{"floor":12.0,"key":"DianDianMeat"},{"floor":24.0,"key":"Omamori"},{"floor":25.0,"key":"Nilry\u0027s Codex"},{"floor":26.0,"key":"Centennial Puzzle"},{"floor":29.0,"key":"GoldenEye"},{"floor":30.0,"key":"Pocketwatch"},{"floor":30.0,"key":"AT_TimeSand"},{"floor":41.0,"key":"Orichalcum"},{"floor":47.0,"key":"FossilizedHelix"},{"floor":55,"key":"AT_ChloranthyRing"}],"event_choices":[{"damage_healed":0.0,"max_hp_gain":0.0,"max_hp_loss":6.0,"gold_gain":0.0,"event_name":"Golden Idol","player_choice":"Lose Max HP","floor":3.0,"gold_loss":0.0,"damage_taken":0.0,"relics_obtained":["Golden Idol"]},{"damage_healed":0.0,"max_hp_gain":0.0,"max_hp_loss":0.0,"gold_gain":0.0,"cards_transformed":["Defend_P"],"event_name":"Living Wall","player_choice":"Change","floor":10.0,"gold_loss":0.0,"damage_taken":0.0,"cards_obtained":["MostiFishMod:Speedup"]},{"damage_healed":0.0,"max_hp_gain":0.0,"max_hp_loss":0.0,"gold_gain":0.0,"event_name":"Match and Keep!","player_choice":"2 cards matched","floor":13.0,"gold_loss":0.0,"damage_taken":0.0,"cards_obtained":["FearNoEvil","MostiFishMod:DustFall"]},{"damage_healed":0.0,"max_hp_gain":0.0,"max_hp_loss":0.0,"gold_gain":0.0,"event_name":"WeMeetAgain","player_choice":"Gave Potion","floor":21.0,"gold_loss":0.0,"damage_taken":0.0,"relics_obtained":["Shuriken"]},{"damage_healed":0.0,"max_hp_gain":0.0,"max_hp_loss":0.0,"gold_gain":0.0,"event_name":"Cursed Tome","player_choice":"Obtained Book","floor":25.0,"gold_loss":0.0,"damage_taken":21.0},{"damage_healed":0.0,"max_hp_gain":0.0,"max_hp_loss":0.0,"gold_gain":0.0,"event_name":"Colosseum","player_choice":"Fight","floor":30.0,"gold_loss":0.0,"damage_taken":0.0},{"damage_healed":0.0,"max_hp_gain":0.0,"max_hp_loss":0.0,"gold_gain":0.0,"event_name":"Colosseum","player_choice":"Fought Nobs","floor":30.0,"gold_loss":0.0,"damage_taken":0.0},{"damage_healed":0.0,"max_hp_gain":0.0,"max_hp_loss":0.0,"gold_gain":999.0,"event_name":"MindBloom","player_choice":"Gold","floor":38.0,"gold_loss":0.0,"damage_taken":0.0,"cards_obtained":["Normality","Normality"]},{"damage_healed":0.0,"max_hp_gain":0.0,"max_hp_loss":0.0,"gold_gain":0.0,"event_name":"Tomb of Lord Red Mask","player_choice":"Ignored","floor":42.0,"gold_loss":0.0,"damage_taken":0.0},{"damage_healed":0.0,"max_hp_gain":0.0,"max_hp_loss":0.0,"gold_gain":0.0,"event_name":"The Woman in Blue","player_choice":"Bought 3 Potions","floor":45.0,"gold_loss":0.0,"damage_taken":0.0}],"is_beta":false,"boss_relics":[{"not_picked":["HereWithMe","RhineCircuit"],"picked":"GreenFoldingFan"},{"not_picked":["RhineFirstAidKit","Pandora\u0027s Box"],"picked":"JellyFishMachine"}],"items_purged_floors":[28,39,54],"is_endless":false,"potions_floor_spawned":[5,12,14,16,18,27,30,30,36,37,41,47,55],"ascension_level":20}}