{"host":"tod","time":1613663238,"event":{"mods":["ATMod(∞¢Ë™Mod)","AchievementEnabler","Act Like it!","BaseMod","CapriCore","Energized Spire","Highlight Path","Lobotomy","Marisa£®ÏF”Í°°ƒß¿Ì…≥£©","Minty Spire (QoL Compilation)","Quick Restart","Reimu£®≤©¿ˆ¡È√Œ£©","Relic Filter Mod","Relic Stats","Remilia£®¿Ÿ√◊¿Ú—«£©","Replay The Spire","Shop Mod","StSLib","The Cursed","The Immortal","Yakumo Yukari mod","Youmu£®ªÍ∆«—˝√Œ£©"],"gold_per_floor":[112,128,148,68,85,85,99,99,99,430,430,588,275,347,347,518,468,482,482,495,251,365,498,513,640,666,666,677,288,421,433,433,610,610,629,649,649,703,716,716,111,160,183,126,142,276,292,302,302,502],"floor_reached":51,"language":"ZHS","playtime":2519,"items_purged":["Bludgeon","Strike_R","Whirlwind","Bash"],"score":1639,"play_id":"bb279684-458e-4118-87aa-e2eb5a15afe2","local_time":"20210218234718","is_ascension_mode":true,"campfire_choices":[{"floor":6.0,"key":"REST"},{"data":"AT_ShrugMaster","floor":8.0,"key":"SMITH"},{"data":"AT_CaressingTears","floor":11.0,"key":"SMITH"},{"floor":15.0,"key":"REST"},{"floor":32.0,"key":"REST"},{"data":"ReplayReversal","floor":40.0,"key":"SMITH"}],"circlet_count":0,"master_deck":["AscendersBane","AT_IchimonjiDouble","Uppercut","Burning Pact","Iron Wave","AT_BodySlamDance+1","Ghostly Armor","Demon Form","Cleave","AT_ShrugMaster+1","AT_CaressingTears+1","Armaments","AT_ShrugMaster+1","Berserk+1","Ghostly Armor+1","Hemogenesis","AT_ShrugMaster+1","Limit Break","ReplayReversal+1","ReplayUltimateDefense+1","ReplayTheSpireMod:Corrosion Curse+1"],"relics":["AT_ATBox","Pandora\u0027s Box","AT_TheCollector","Frozen Egg 2","AT_GoldPhoenixTree","Bag of Preparation","energizedSpire:HugeHouse","Pantograph","Boot","Omamori","Matryoshka","Blue Candle","SacredBark","CatCart","Counterbalance","Kunai","AT_SunfireAegis","Centennial Puzzle","War Paint"],"acts_visited":["Exordium","TheCity","TheBeyond"],"potions_floor_usage":[47,50,51],"damage_taken":[{"damage":6.0,"enemies":"Cultist","floor":1.0,"turns":3.0},{"damage":0.0,"enemies":"2 Louse","floor":2.0,"turns":1.0},{"damage":0.0,"enemies":"Small Slimes","floor":3.0,"turns":2.0},{"damage":28.0,"enemies":"Exordium Wildlife","floor":5.0,"turns":4.0},{"damage":0.0,"enemies":"Lots of Slimes","floor":7.0,"turns":1.0},{"damage":19.0,"enemies":"3 Sentries","floor":10.0,"turns":4.0},{"damage":18.0,"enemies":"Gremlin Nob","floor":12.0,"turns":4.0},{"damage":7.0,"enemies":"Slime Boss","floor":16.0,"turns":6.0},{"damage":15.0,"enemies":"Shell Parasite","floor":18.0,"turns":5.0},{"damage":18.0,"enemies":"2 Thieves","floor":20.0,"turns":3.0},{"damage":0.0,"enemies":"Sentry and Sphere","floor":22.0,"turns":3.0},{"damage":25.0,"enemies":"Slavers","floor":23.0,"turns":2.0},{"damage":0.0,"enemies":"3 Cultists","floor":24.0,"turns":4.0},{"damage":3.0,"enemies":"Replay:Snechameleon","floor":25.0,"turns":4.0},{"damage":0.0,"enemies":"Snake Plant","floor":28.0,"turns":3.0},{"damage":7.0,"enemies":"Gremlin Leader","floor":30.0,"turns":4.0},{"damage":0.0,"enemies":"Chosen and Byrds","floor":31.0,"turns":5.0},{"damage":15.0,"enemies":"Champ","floor":33.0,"turns":6.0},{"damage":0.0,"enemies":"3 Darklings","floor":35.0,"turns":4.0},{"damage":13.0,"enemies":"3 Shapes","floor":36.0,"turns":4.0},{"damage":0.0,"enemies":"Orin","floor":38.0,"turns":3.0},{"damage":20.0,"enemies":"Maw","floor":39.0,"turns":5.0},{"damage":4.0,"enemies":"4 Shapes","floor":45.0,"turns":4.0},{"damage":3,"enemies":"R_Hoarder","floor":46,"turns":4},{"damage":3,"enemies":"3 Darklings","floor":47,"turns":3},{"damage":0,"enemies":"Maw","floor":48,"turns":6},{"damage":0,"enemies":"Awakened One","floor":50,"turns":6},{"damage":30,"enemies":"Malkuth","floor":51,"turns":4},{"damage":10,"enemies":"Yesod","floor":51,"turns":6},{"damage":9,"enemies":"Geburah","floor":51,"turns":8},{"damage":8,"enemies":"Binah","floor":51,"turns":13},{"damage":70,"enemies":"Angela","floor":51,"turns":6}],"seed_played":"-819050173943102502","potions_obtained":[{"floor":2.0,"key":"GamblersBrew"},{"floor":5.0,"key":"Explosive Potion"},{"floor":7.0,"key":"SteroidPotion"},{"floor":12.0,"key":"PowerPotion"},{"floor":24.0,"key":"SkillPotion"},{"floor":25.0,"key":"AttackPotion"},{"floor":42.0,"key":"HeartOfIron"},{"floor":47,"key":"Toxic Potion"},{"floor":49,"key":"Block Potion"}],"is_trial":false,"path_per_floor":["M","M","M","$","M","R","M","R","T","E","R","?","$","?","R","B",null,"M","?","M","$","M","E","M","E","T","?","M","$","E","M","R","B",null,"M","M","?","?","M","R","$","?","T","$","M","E","M","M","R","B",null],"character_chosen":"IRONCLAD","items_purchased":["AT_ShrugMaster","AT_ShrugMaster+1","Bag of Preparation","AT_ShrugMaster+1","BloodPotion","Matryoshka","Counterbalance","Fruit Juice","Block Potion"],"campfire_rested":3,"item_purchase_floors":[4,13,13,21,21,29,41,41,44],"current_hp_per_floor":[62,62,62,62,34,56,56,56,56,37,37,19,19,19,41,54,66,51,51,33,33,39,28,28,32,32,46,46,46,39,44,65,55,66,66,53,53,53,33,33,43,15,15,15,15,12,9,9,9,34],"gold":902,"neow_bonus":"BOSS_RELIC","is_daily":false,"chose_seed":false,"campfire_upgraded":3,"win_rate":0.0,"timestamp":1613663238,"path_taken":["M","M","M","?","M","R","?","R","T","E","R","?","$","?","R","BOSS","M","?","M","$","?","E","M","E","T","?","M","?","E","M","R","BOSS","M","?","?","?","M","R","$","?","T","$","M","E","M","?","R","BOSS"],"items_purchased_type":["Card","Card","Relic","Card","Potion","Relic","Relic","Potion","Potion"],"build_version":"2020-12-18","purchased_purges":4,"victory":true,"max_hp_per_floor":[75,75,75,75,75,75,75,75,75,75,75,75,75,75,75,75,70,70,70,70,70,70,70,70,70,70,70,70,70,70,70,70,70,70,70,70,70,70,70,70,80,80,80,80,80,80,80,80,80,80],"relic_stats":{"Centennial Puzzle":[24],"counters":[32,140],"Pantograph":61,"Blue Candle":[0],"Pandora\u0027s Box":["Whirlwind","Uppercut","Burning Pact","Iron Wave","AT_BodySlamDance","Bludgeon","Ghostly Armor","AT_DrawKnifeCut","Demon Form"],"Bag of Preparation":[50],"Kunai":[14],"War Paint":["AT_BodySlamDance","Ghostly Armor"],"Boot":[4],"obtain_stats":[{"AT_ATBox":0,"Blue Candle":30,"SacredBark":34,"Counterbalance":41,"AT_GoldPhoenixTree":12,"Bag of Preparation":13,"Omamori":26,"Frozen Egg 2":10,"War Paint":46,"Boot":25,"Burning Blood":0,"Centennial Puzzle":43,"Matryoshka":29,"AT_TheCollector":9,"Pantograph":23,"Pandora\u0027s Box":0,"energizedSpire:HugeHouse":17,"Kunai":42,"CatCart":38,"AT_SunfireAegis":43},{"AT_ATBox":0,"Blue Candle":16,"SacredBark":18,"Counterbalance":22,"AT_GoldPhoenixTree":7,"Bag of Preparation":7,"Omamori":14,"Frozen Egg 2":6,"War Paint":24,"Boot":14,"Burning Blood":0,"Centennial Puzzle":22,"Matryoshka":15,"AT_TheCollector":5,"Pantograph":12,"Pandora\u0027s Box":0,"energizedSpire:HugeHouse":8,"Kunai":22,"CatCart":21,"AT_SunfireAegis":22},{"AT_ATBox":0,"Blue Candle":53,"SacredBark":64,"Counterbalance":80,"AT_GoldPhoenixTree":19,"Bag of Preparation":19,"Omamori":46,"Frozen Egg 2":15,"War Paint":88,"Boot":46,"Burning Blood":0,"Centennial Puzzle":80,"Matryoshka":49,"AT_TheCollector":11,"Pantograph":38,"Pandora\u0027s Box":0,"energizedSpire:HugeHouse":25,"Kunai":80,"CatCart":75,"AT_SunfireAegis":80}]},"card_choices":[{"not_picked":["Thunderclap","Shrug It Off"],"picked":"Cleave","floor":1.0},{"not_picked":["Cleave","Clash","Headbutt"],"picked":"SKIP","floor":2.0},{"not_picked":["Havoc","True Grit"],"picked":"AT_Dispersion","floor":3.0},{"not_picked":["Clothesline","Pommel Strike","Iron Wave"],"picked":"SKIP","floor":5.0},{"not_picked":["Heavy Blade","Abandon","Massacre"],"picked":"SKIP","floor":7.0},{"not_picked":["Twin Strike","ReplayReversal"],"picked":"AT_CaressingTears","floor":10.0},{"not_picked":["Searing Blow","Offering"],"picked":"Armaments","floor":12.0},{"not_picked":["Feed","Offering"],"picked":"Berserk+1","floor":16.0},{"not_picked":["Shrug It Off","ReplayTheSpireMod:Strike From Hell+1","Body Slam"],"picked":"SKIP","floor":18.0},{"not_picked":["Replay:Undeath\u0027s Touch","Pommel Strike","Inflame+1"],"picked":"SKIP","floor":20.0},{"not_picked":["Headbutt","Heavy Blade","Power Through"],"picked":"SKIP","floor":22.0},{"not_picked":["True Grit","ReplayTheSpireMod:Limb From Limb","Rage"],"picked":"SKIP","floor":23.0},{"not_picked":["Thunderclap","Warcry","Armaments"],"picked":"SKIP","floor":24.0},{"not_picked":["Bludgeon","Clothesline","Fire Breathing+1"],"picked":"SKIP","floor":25.0},{"not_picked":["Seeing Red","Headbutt","Shrug It Off"],"picked":"SKIP","floor":28.0},{"not_picked":["Double Tap","Wild Strike","Inflame+1"],"picked":"SKIP","floor":30.0},{"not_picked":["Clash","Intimidate","Anger"],"picked":"SKIP","floor":31.0},{"not_picked":["Brutality+1","Bludgeon"],"picked":"Limit Break","floor":33.0},{"not_picked":["Thunderclap","Armaments"],"picked":"ReplayReversal","floor":35.0},{"not_picked":["Cleave+1","AT_IchimonjiDouble","Pommel Strike+1"],"picked":"SKIP","floor":36.0},{"not_picked":["AT_CelerityRune+1","Blind"],"picked":"ReplayUltimateDefense+1","floor":37.0},{"not_picked":["Headbutt","Shrug It Off+1","Uppercut+1"],"picked":"SKIP","floor":39.0},{"not_picked":["True Grit","Cleave+1"],"picked":"ReplayTheSpireMod:Corrosion Curse+1","floor":42.0},{"not_picked":["Dual Wield+1","Fire Breathing+1","Clash"],"picked":"SKIP","floor":45},{"not_picked":["Flex","ReplayTheSpireMod:Stacked+1","AT_IchimonjiDouble+1"],"picked":"SKIP","floor":46},{"not_picked":["Twin Strike+1","Sword Boomerang","ReplayTheSpireMod:Strike From Hell+1"],"picked":"SKIP","floor":47},{"not_picked":["Body Slam","Flex+1","Feel No Pain+1"],"picked":"SKIP","floor":48}],"player_experience":398627,"relics_obtained":[{"floor":9.0,"key":"AT_TheCollector"},{"floor":10.0,"key":"Frozen Egg 2"},{"floor":12.0,"key":"AT_GoldPhoenixTree"},{"floor":23.0,"key":"Pantograph"},{"floor":25.0,"key":"Boot"},{"floor":26.0,"key":"Omamori"},{"floor":30.0,"key":"Blue Candle"},{"floor":38.0,"key":"CatCart"},{"floor":42.0,"key":"Kunai"},{"floor":43.0,"key":"AT_SunfireAegis"},{"floor":43.0,"key":"Centennial Puzzle"},{"floor":46,"key":"War Paint"}],"event_choices":[{"damage_healed":0.0,"max_hp_gain":0.0,"max_hp_loss":0.0,"gold_gain":0.0,"event_name":"Dead Adventurer","player_choice":"Searched \u00271\u0027 times","floor":12.0,"gold_loss":0.0,"damage_taken":0.0},{"damage_healed":0.0,"max_hp_gain":0.0,"max_hp_loss":0.0,"gold_gain":72.0,"event_name":"Golden Wing","player_choice":"Gained Gold","floor":14.0,"gold_loss":0.0,"damage_taken":0.0},{"damage_healed":0.0,"max_hp_gain":0.0,"max_hp_loss":0.0,"gold_gain":0.0,"cards_transformed":["AT_DrawKnifeCut"],"event_name":"Transmorgrifier","player_choice":"Transformed","floor":19.0,"gold_loss":0.0,"damage_taken":0.0,"cards_obtained":["Hemogenesis"]},{"damage_healed":14.0,"max_hp_gain":0.0,"max_hp_loss":0.0,"gold_gain":0.0,"event_name":"The Library","player_choice":"Heal","floor":27.0,"gold_loss":0.0,"damage_taken":0.0},{"damage_healed":0.0,"max_hp_gain":0.0,"max_hp_loss":0.0,"gold_gain":0.0,"event_name":"SensoryStone","player_choice":"Memory 1","floor":37.0,"gold_loss":0.0,"damage_taken":0.0},{"damage_healed":0.0,"max_hp_gain":0.0,"max_hp_loss":0.0,"gold_gain":0.0,"event_name":"OrinTheCat","player_choice":"Fight","floor":38.0,"gold_loss":0.0,"damage_taken":0.0}],"is_beta":true,"boss_relics":[{"not_picked":["Sozu","energizedSpire:DecayingSkull"],"picked":"energizedSpire:HugeHouse"},{"not_picked":["Electric Blood","energizedSpire:DeadBattery"],"picked":"SacredBark"}],"items_purged_floors":[13,21,29,41],"is_endless":false,"potions_floor_spawned":[2,5,7,12,22,24,25,36,38,47],"ascension_level":19}}