{"host":"ijtyqc57s6c9mbij","time":1613614465,"event":{"mods":["BaseMod","Colored Map","Downfall","Minty Spire (QoL Compilation)","StSLib"],"gold_per_floor":[99,99,99,117,1,1,1,21,51,62,73,73,93,107,126,225,225,225,237,249,184,184,184,184,209,309,309,52,68,103,1,13,115,115,15,65,82,182,196,96,145,179,79,99,112,112,112,124,134,134,134,167,11,11,11,11],"floor_reached":57,"language":"ENG","playtime":3993,"items_purged":["Pain"],"score":1614,"play_id":"c1164a09-8070-4f0a-8e5e-c58ddcb13b7b","local_time":"20210217181425","is_ascension_mode":true,"campfire_choices":[{"data":"champ:Taunt","floor":1.0,"key":"SMITH"},{"data":"champ:DeathBlow","floor":6.0,"key":"SMITH"},{"data":"champ:BerserkerStyle","floor":12.0,"key":"SMITH"},{"data":"champ:StrikeOfGenius","floor":18.0,"key":"SMITH"},{"floor":35.0,"key":"RECALL"},{"data":"champ:PerfectedStrike","floor":40,"key":"SMITH"},{"data":"champ:PerfectedStrike","floor":43,"key":"SMITH"},{"data":"champ:ShieldWall","floor":47,"key":"SMITH"},{"data":"champ:StrikeOfGenius","floor":54,"key":"SMITH"}],"circlet_count":0,"master_deck":["champ:Strike","champ:Strike+1","champ:Strike+1","champ:Strike","champ:Defend+1","champ:Defend","champ:Defend","champ:Execute","champ:Taunt+1","champ:PerfectedStrike+1","champ:DeathBlow+1","champ:PerfectedStrike+1","champ:BerserkerStyle+1","champ:VampiricStrike+1","champ:PerfectedStrike+1","champ:PerfectedStrike+1","champ:PerfectedStrike+1","champ:StrikeOfGenius+1","champ:FanOfKnives+1","champ:SwordThrow+1","champ:Haymaker+1","champ:PerfectedStrike+1","champ:TripleStrike+1","champ:ShieldWall+1","champ:TripleStrike+1","Necronomicurse","champ:DeathBlow+1","champ:Haymaker+1","champ:HeavySlash+1","champ:BerserkerStyle","champ:RecklessLeap+1","champ:CrookedStrike+1","champ:CrownThrow+1","champ:TornadoPunch+1","champ:BerserkersShout+1","champ:StrikeOfGenius+1","champ:ViciousMockery+1","champ:EndlessRage"],"relics":["Snecko Eye","WarpedTongs","Shuriken","Molten Egg 2","Empty Cage","DollysMirror","Necronomicon","HornCleat","sneckomod:SuperSneckoEye","Toxic Egg 2","Pantograph","Slimebound:StickyStick","bronze:MakeshiftBattery","downfall:HeartBlessingGreen","Calipers","White Beast Statue","downfall:HeartBlessingRed","Kunai","downfall:HeartBlessingBlue","Guardian:PocketSentry","Bronze Scales"],"acts_visited":["Exordium","TheCity","TheBeyond","TheEnding"],"potions_floor_usage":[38,42,45,50,55,55,56],"damage_taken":[{"damage":19.0,"enemies":"Small Slimes","floor":4.0,"turns":4.0},{"damage":24.0,"enemies":"downfall:FleeingMerchant","floor":5.0,"turns":4.0},{"damage":0.0,"enemies":"2 Louse","floor":8.0,"turns":1.0},{"damage":13.0,"enemies":"Gremlin Nob","floor":9.0,"turns":3.0},{"damage":0.0,"enemies":"Cultist","floor":10.0,"turns":2.0},{"damage":0.0,"enemies":"Exordium Wildlife","floor":11.0,"turns":2.0},{"damage":10.0,"enemies":"Blue Slaver","floor":13.0,"turns":1.0},{"damage":15.0,"enemies":"3 Louse","floor":14.0,"turns":2.0},{"damage":22.0,"enemies":"downfall:LooterAlt","floor":15.0,"turns":1.0},{"damage":15.0,"enemies":"SI_SHIV_ARCHETYPE","floor":16.0,"turns":4.0},{"damage":21.0,"enemies":"downfall:LooterAlt2","floor":19.0,"turns":2.0},{"damage":20.0,"enemies":"Shell Parasite","floor":20.0,"turns":3.0},{"damage":30.0,"enemies":"downfall:FleeingMerchant","floor":21.0,"turns":4.0},{"damage":22.0,"enemies":"Slavers","floor":25.0,"turns":2.0},{"damage":34.0,"enemies":"Cultist and Chosen","floor":29.0,"turns":3.0},{"damage":22.0,"enemies":"Book of Stabbing","floor":30.0,"turns":2.0},{"damage":15.0,"enemies":"Shelled Parasite and Fungi","floor":32.0,"turns":2.0},{"damage":66.0,"enemies":"DF_ARCHETYPE_CLAW","floor":33.0,"turns":3.0},{"damage":15.0,"enemies":"DF_ARCHETYPE_CLAW","floor":36.0,"turns":2.0},{"damage":15.0,"enemies":"3 Darklings","floor":37.0,"turns":1.0},{"damage":35,"enemies":"downfall:LadyInBlue","floor":38,"turns":3},{"damage":0,"enemies":"Orb Walker","floor":39,"turns":1},{"damage":80,"enemies":"Giant Head","floor":42,"turns":2},{"damage":0,"enemies":"Writhing Mass","floor":44,"turns":1},{"damage":87,"enemies":"Transient","floor":45,"turns":5},{"damage":15,"enemies":"Spire Growth","floor":48,"turns":1},{"damage":25,"enemies":"3 Darklings","floor":49,"turns":2},{"damage":20,"enemies":"WA_ARCHETYPE_DIVINITY","floor":50,"turns":3},{"damage":4,"enemies":"downfall:CharBossMerchant","floor":52,"turns":2},{"damage":48,"enemies":"downfall:NeowBoss","floor":55,"turns":6},{"damage":152,"enemies":"downfall:NeowBossFinal","floor":56,"turns":6}],"seed_played":"-6518792705458041127","potions_obtained":[{"floor":9.0,"key":"SkillPotion"},{"floor":10.0,"key":"ColorlessPotion"},{"floor":11.0,"key":"EssenceOfSteel"},{"floor":19.0,"key":"hexamod:SoulburnPotion"},{"floor":30.0,"key":"FearPotion"},{"floor":32.0,"key":"Fruit Juice"},{"floor":38,"key":"Regen Potion"},{"floor":38,"key":"sneckomod:MuddlingPotion"},{"floor":38,"key":"AttackPotion"},{"floor":39,"key":"Strength Potion"},{"floor":42,"key":"Dexterity Potion"},{"floor":45,"key":"DistilledChaos"},{"floor":48,"key":"sneckomod:MuddlingPotion"},{"floor":49,"key":"Block Potion"},{"floor":52,"key":"PowerPotion"}],"is_trial":false,"path_per_floor":["R","?","?","M","$","R","T","M","E","M","M","R","M","M","M","B",null,"R","M","M","$","?","?","T","E","?","T","$","M","E","$","M","B",null,"R","?","M","?","M","R","T","E","R","M","M","?","R","M","M","B",null,"E","$","R","B","B",null],"character_chosen":"THE_CHAMP","items_purchased":["champ:PerfectedStrike","Regen Potion","DuplicationPotion","champ:ShieldWall","DollysMirror","Pantograph","sneckomod:MuddlingPotion","sneckomod:MuddlingPotion","Bronze Scales"],"campfire_rested":0,"item_purchase_floors":[5,21,21,21,21,28,31,31,53],"current_hp_per_floor":[90,90,90,81,77,77,77,77,74,74,74,74,74,74,74,74,90,90,79,73,58,58,42,42,35,35,35,35,23,28,28,28,53,90,90,90,90,85,85,85,85,77,87,87,87,87,87,87,87,105,105,101,101,101,105,20],"gold":11,"neow_bonus":"BOSS_RELIC","is_daily":false,"chose_seed":false,"campfire_upgraded":8,"win_rate":0.0,"timestamp":1613614465,"path_taken":["R","?","?","M","$","R","T","M","E","M","M","R","?","M","M","BOSS","R","M","M","$","?","?","T","E","?","?","$","M","E","$","M","BOSS","R","?","M","?","?","R","T","E","R","M","M","?","R","M","M","BOSS","E","$","R","BOSS","BOSS"],"items_purchased_type":["Card","Potion","Potion","Card","Relic","Relic","Potion","Potion","Relic"],"build_version":"2020-12-22","purchased_purges":1,"victory":true,"max_hp_per_floor":[90,90,90,90,90,90,90,90,90,90,90,90,90,90,90,90,90,90,90,90,90,90,90,90,90,90,90,90,90,90,90,90,90,90,90,90,90,95,95,95,95,95,105,105,105,105,105,105,105,105,105,105,105,105,105,105],"card_choices":[{"not_picked":["champ:GutPunch","champ:EnGarde"],"picked":"champ:PerfectedStrike","floor":4.0},{"not_picked":["champ:FocusedBerserking","champ:CalledShot"],"picked":"champ:DeathBlow","floor":5.0},{"not_picked":["champ:Shatter","champ:GutPunch"],"picked":"champ:BerserkerStyle","floor":8.0},{"not_picked":["champ:ArenaPreparation","champ:Circumvent"],"picked":"champ:VampiricStrike+1","floor":9.0},{"not_picked":["champ:FlashCut+1","champ:EnGarde"],"picked":"champ:PerfectedStrike+1","floor":10.0},{"not_picked":["champ:CrownThrow+1","champ:ShieldSigil"],"picked":"champ:PerfectedStrike+1","floor":11.0},{"not_picked":["champ:Backstep","champ:DefensiveShout"],"picked":"champ:PerfectedStrike+1","floor":13.0},{"not_picked":["champ:EnragedBash+1","champ:CrookedStrike+1"],"picked":"champ:StrikeOfGenius","floor":14.0},{"not_picked":["champ:Shatter+1","champ:ArenaPreparation"],"picked":"champ:FanOfKnives+1","floor":15.0},{"not_picked":["champ:SteelEdge+1","champ:Improvising"],"picked":"champ:SwordThrow+1","floor":16.0},{"not_picked":["champ:Circumvent+1","champ:TornadoPunch+1"],"picked":"champ:Haymaker+1","floor":19.0},{"not_picked":["champ:StanceDance+1","champ:BladeFlurry+1"],"picked":"champ:PerfectedStrike+1","floor":20.0},{"not_picked":["champ:BladeFlurry+1","champ:GutPunch+1"],"picked":"champ:TripleStrike+1","floor":21.0},{"not_picked":["champ:ShieldThrow+1","champ:PreciseThrust+1"],"picked":"champ:DeathBlow+1","floor":25.0},{"not_picked":["champ:GutPunch+1","champ:PreciseThrust+1","champ:BerserkersShout+1"],"picked":"SKIP","floor":29.0},{"not_picked":["champ:ShieldWall+1","champ:GutPunch+1"],"picked":"champ:ShieldSlam+1","floor":30.0},{"not_picked":["champ:GutPunch+1","champ:BringItOn+1"],"picked":"champ:Haymaker+1","floor":32.0},{"not_picked":["champ:EnchantShield+1","champ:IgnorePain+1"],"picked":"champ:HeavySlash+1","floor":33.0},{"not_picked":["champ:Shatter+1","champ:DefensiveStyle"],"picked":"champ:BerserkerStyle","floor":36.0},{"not_picked":["champ:CrownThrow+1","champ:Haymaker+1"],"picked":"champ:RecklessLeap+1","floor":37.0},{"not_picked":["champ:DeathBlow+1","champ:FlashCut+1"],"picked":"champ:CrookedStrike+1","floor":39},{"not_picked":["champ:SkillfulDodge+1","champ:GladiatorStyle"],"picked":"champ:CrownThrow+1","floor":42},{"not_picked":["champ:ShieldWall+1","champ:IronFortress"],"picked":"champ:TornadoPunch+1","floor":44},{"not_picked":["champ:BladeFlurry+1","champ:DefensiveStyle"],"picked":"champ:BerserkersShout+1","floor":45},{"not_picked":["champ:PreemptiveStrike+1","champ:EnGarde+1"],"picked":"champ:StrikeOfGenius","floor":48},{"not_picked":["champ:AdrenalArmor+1","champ:SetATrap+1"],"picked":"champ:ViciousMockery+1","floor":49},{"not_picked":["champ:ShieldSlam+1","champ:ShieldSigil+1"],"picked":"champ:EndlessRage","floor":52}],"player_experience":1003033,"relics_obtained":[{"floor":7.0,"key":"Shuriken"},{"floor":9.0,"key":"Molten Egg 2"},{"floor":23.0,"key":"Necronomicon"},{"floor":24.0,"key":"HornCleat"},{"floor":25.0,"key":"sneckomod:SuperSneckoEye"},{"floor":27.0,"key":"Toxic Egg 2"},{"floor":30.0,"key":"Slimebound:StickyStick"},{"floor":36.0,"key":"Calipers"},{"floor":38,"key":"White Beast Statue"},{"floor":42,"key":"Kunai"},{"floor":52,"key":"Guardian:PocketSentry"}],"event_choices":[{"damage_healed":0.0,"max_hp_gain":0.0,"max_hp_loss":0.0,"gold_gain":0.0,"event_name":"Accursed Blacksmith","player_choice":"Rummage","floor":3.0,"gold_loss":0.0,"damage_taken":0.0,"relics_obtained":["WarpedTongs"],"cards_obtained":["Pain"]},{"damage_healed":0.0,"max_hp_gain":0.0,"max_hp_loss":0.0,"gold_gain":0.0,"event_name":"Ghosts","player_choice":"Ignored","floor":22.0,"gold_loss":0.0,"damage_taken":0.0}],"is_beta":false,"boss_relics":[{"not_picked":["Runic Dome","Fusion Hammer"],"picked":"Empty Cage"},{"not_picked":["Runic Pyramid","Sozu"],"picked":"bronze:MakeshiftBattery"}],"items_purged_floors":[5],"is_endless":false,"potions_floor_spawned":[9,10,11,15,19,30,32,39,42,44,45,48,49,52],"ascension_level":2}}