{"host":"3j2m8n0ywf988fwb","time":1613680162,"event":{"mods":["2.2 Compatiblity","AchievementEnabler","Act Like it!","BaseMod","Better Altar","Better Match","Better Note","Better Sensory Stone","Better Skull","Better Third Choice","Colored Map","Colored Powertips","Dark Map","Hallownest","HexUI Lib","Highlight Path","Marked Mod","Minty Spire (QoL Compilation)","Random Character Button","Relic Stats","Robot Space Explorer","Ruina","Shapeshifter Mod","Shop Mod","Somnambulant","StSLib","The Bug Knight","The Servant 0.9.4","Unceasing Turn Reminder","Weighted Paths","everything is the same but u backflip on backflip"],"gold_per_floor":[113,113,113,129,148,148,323,323,348,348,365,376,400,432,432,531,531,541,641,641,175,192,192,192,192,192,219,219,144,160,185,185,287,287,305,205,205,205,49,79,7,36,85,85,118,118,131,55,55,55],"floor_reached":51,"language":"ENG","playtime":2899,"items_purged":["somnambulantmod: SomnambulantStrike","Doubt"],"score":720,"play_id":"09facad8-bb9c-43b7-a7a3-55f25b37342d","local_time":"20210218142922","is_ascension_mode":true,"campfire_choices":[{"floor":6,"key":"REST"},{"floor":8,"key":"REST"},{"floor":10,"key":"REST"},{"floor":15,"key":"REST"},{"floor":23,"key":"REST"},{"floor":25,"key":"REST"},{"floor":28,"key":"REST"},{"floor":32,"key":"REST"},{"floor":44,"key":"REST"},{"floor":46,"key":"REST"},{"floor":49,"key":"REST"}],"circlet_count":0,"master_deck":["somnambulantmod: SomnambulantStrike+1","somnambulantmod: SomnambulantStrike+1","somnambulantmod: SomnambulantStrike+1","somnambulantmod: Defend_Somnambulant","somnambulantmod: Defend_Somnambulant+1","somnambulantmod: Defend_Somnambulant","somnambulantmod: Defend_Somnambulant+1","somnambulantmod: Defend_Somnambulant+1","somnambulantmod: QuickNap","somnambulantmod: PrimingPunch","somnambulantmod: Blink+1","somnambulantmod: DeeperSleep+1","somnambulantmod: SnuggleUp","somnambulantmod: TrepanningBlow+1","somnambulantmod: Sleepyhead+1","somnambulantmod: Lucidity+1","somnambulantmod: Reinterpret","Panache","somnambulantmod: MuscleMemory","somnambulantmod: RecurringDream+1","somnambulantmod: Narcolepsy+1","somnambulantmod: Pinch","somnambulantmod: UnthoughtKnown","somnambulantmod: Pinch+1","somnambulantmod: LightSleeper"],"relics":["somnambulantmod: DreamJournal","Ginger","Mango","Omamori","Strawberry","Ancient Tea Set","somnambulantmod: GluedMask","Shovel","Question Card","Lee\u0027s Waffle","Bottled Tornado","Blood Vial","Bird Faced Urn","SlaversCollar","Strange Spoon","White Beast Statue","Whetstone","PreservedInsect","Centennial Puzzle"],"acts_visited":["Exordium","ruina:Briah","TheBeyond"],"potions_floor_usage":[14,18,36,40,50],"damage_taken":[{"damage":9,"enemies":"Jaw Worm","floor":1,"turns":6},{"damage":1,"enemies":"Cultist","floor":4,"turns":4},{"damage":11,"enemies":"2 Louse","floor":5,"turns":4},{"damage":15,"enemies":"Exordium Wildlife","floor":11,"turns":7},{"damage":10,"enemies":"3 Louse","floor":12,"turns":4},{"damage":42,"enemies":"Lagavulin","floor":14,"turns":10},{"damage":30,"enemies":"Slime Boss","floor":16,"turns":9},{"damage":36,"enemies":"ruina:3_Bats","floor":18,"turns":5},{"damage":33,"enemies":"ruina:BadWolf","floor":22,"turns":6},{"damage":40,"enemies":"ruina:RoadHome","floor":27,"turns":8},{"damage":32,"enemies":"ruina:3_Scarecrows","floor":30,"turns":5},{"damage":49,"enemies":"ruina:Mountain","floor":31,"turns":6},{"damage":24,"enemies":"ruina:Ozma","floor":33,"turns":8},{"damage":20,"enemies":"3 Shapes","floor":35,"turns":7},{"damage":42,"enemies":"Reptomancer","floor":40,"turns":6},{"damage":16,"enemies":"Giant Head","floor":42,"turns":7},{"damage":37,"enemies":"Nemesis","floor":45,"turns":6},{"damage":9,"enemies":"Orb Walker","floor":47,"turns":3},{"damage":94,"enemies":"Time Eater","floor":50,"turns":11}],"seed_played":"476092344513497084","potions_obtained":[{"floor":11,"key":"somnambulantmod: BottledDream"},{"floor":16,"key":"AttackPotion"},{"floor":27,"key":"Fruit Juice"},{"floor":31,"key":"Weak Potion"},{"floor":33,"key":"SpeedPotion"},{"floor":42,"key":"FairyPotion"},{"floor":45,"key":"SkillPotion"}],"is_trial":false,"path_per_floor":["M","?","T","M","M","R","?","R","T","R","M","M","T","E","R","B",null,"M","?","?","$","M","R","?","R","T","E","R","?","M","E","R","B",null,"M","$","T","?","$","E","$","E","T","R","E","R","M","$","R","B",null],"character_chosen":"THE_SOMNAMBULANT","items_purchased":["Question Card","Lee\u0027s Waffle","Strange Spoon","somnambulantmod: UnthoughtKnown","somnambulantmod: LightSleeper"],"campfire_rested":11,"item_purchase_floors":[21,21,39,41,48],"current_hp_per_floor":[40,33,47,46,35,62,62,88,88,90,75,65,72,30,61,31,99,63,54,54,106,73,106,106,110,110,70,105,105,75,28,63,53,114,96,101,101,119,119,79,79,71,71,108,81,119,114,114,125,35],"gold":55,"neow_bonus":"ONE_RARE_RELIC","is_daily":false,"chose_seed":false,"campfire_upgraded":0,"win_rate":0.0,"timestamp":1613680162,"path_taken":["M","?","?","?","M","R","?","R","T","R","M","M","?","E","R","BOSS","M","?","?","$","M","R","?","R","T","E","R","?","M","E","R","BOSS","M","$","?","?","?","E","$","E","T","R","E","R","?","?","R","BOSS"],"items_purchased_type":["Relic","Relic","Relic","Card","Card"],"build_version":"2020-12-22","purchased_purges":2,"victory":true,"max_hp_per_floor":[70,70,84,84,84,86,86,88,88,90,90,90,97,97,99,99,99,99,99,99,106,106,108,108,110,110,110,112,112,112,112,114,114,114,114,119,119,119,119,119,119,119,119,121,121,123,123,123,125,125],"relic_stats":{"Blood Vial":12,"Strange Spoon":[74],"Lee\u0027s Waffle":52,"Centennial Puzzle":[6],"Shovel":0,"counters":[19,122],"Bird Faced Urn":[36],"PreservedInsect":47,"Ginger":[21],"Whetstone":["somnambulantmod: TrepanningBlow","somnambulantmod: RecurringDream"],"Question Card":13,"obtain_stats":[{"Lee\u0027s Waffle":21,"Mango":3,"PreservedInsect":43,"Omamori":9,"somnambulantmod: GluedMask":17,"Ginger":0,"Whetstone":42,"Bottled Tornado":26,"Ancient Tea Set":14,"Question Card":21,"White Beast Statue":40,"Blood Vial":27,"Frozen Eye":30,"SlaversCollar":34,"Strange Spoon":39,"Centennial Puzzle":45,"Shovel":20,"Strawberry":13,"Bird Faced Urn":31,"somnambulantmod: DreamJournal":0},{"Lee\u0027s Waffle":8,"Mango":1,"PreservedInsect":16,"Omamori":3,"somnambulantmod: GluedMask":7,"Ginger":0,"Whetstone":16,"Bottled Tornado":9,"Ancient Tea Set":6,"Question Card":8,"White Beast Statue":15,"Blood Vial":10,"Frozen Eye":10,"SlaversCollar":13,"Strange Spoon":14,"Centennial Puzzle":17,"Shovel":8,"Strawberry":5,"Bird Faced Urn":12,"somnambulantmod: DreamJournal":0},{"Lee\u0027s Waffle":49,"Mango":6,"PreservedInsect":102,"Omamori":14,"somnambulantmod: GluedMask":44,"Ginger":0,"Whetstone":102,"Bottled Tornado":55,"Ancient Tea Set":35,"Question Card":49,"White Beast Statue":95,"Blood Vial":63,"Frozen Eye":63,"SlaversCollar":82,"Strange Spoon":89,"Centennial Puzzle":108,"Shovel":49,"Strawberry":25,"Bird Faced Urn":74,"somnambulantmod: DreamJournal":0}]},"card_choices":[{"not_picked":["somnambulantmod: Nosebleed","somnambulantmod: Pinch"],"picked":"somnambulantmod: Blink","floor":1},{"not_picked":["somnambulantmod: Overshare","somnambulantmod: ShowerThought"],"picked":"somnambulantmod: DeeperSleep","floor":4},{"not_picked":["somnambulantmod: LeechFears","somnambulantmod: Trauma"],"picked":"somnambulantmod: SnuggleUp","floor":5},{"not_picked":["somnambulantmod: Bloom","somnambulantmod: HeavyLids"],"picked":"somnambulantmod: TrepanningBlow","floor":11},{"not_picked":["somnambulantmod: HeavyLids","somnambulantmod: BadIdea"],"picked":"somnambulantmod: Sleepyhead","floor":12},{"not_picked":["somnambulantmod: MuscleMemory","somnambulantmod: HappyThoughts"],"picked":"somnambulantmod: Lucidity","floor":14},{"not_picked":["somnambulantmod: LostMind","somnambulantmod: Amnausea"],"picked":"somnambulantmod: Reinterpret","floor":16},{"not_picked":["somnambulantmod: Trauma","somnambulantmod: Sleepyhead","somnambulantmod: PillowFort"],"picked":"SKIP","floor":18},{"not_picked":["somnambulantmod: SnuggleUp","somnambulantmod: Remember","somnambulantmod: PourItOut+1","somnambulantmod: HeadSmack"],"picked":"SKIP","floor":22},{"not_picked":["Swift Strike","The Bomb","Dark Shackles"],"picked":"Panache","floor":24},{"not_picked":["somnambulantmod: InLimbo","somnambulantmod: AllForNothing","somnambulantmod: Nosebleed"],"picked":"somnambulantmod: MuscleMemory","floor":27},{"not_picked":["somnambulantmod: PillowFort+1","somnambulantmod: HeavyLids","somnambulantmod: BadIdea","somnambulantmod: Blink+1"],"picked":"SKIP","floor":30},{"not_picked":["somnambulantmod: Blink","somnambulantmod: RecurringDream","somnambulantmod: Ignorance","somnambulantmod: SnuggleUp"],"picked":"SKIP","floor":31},{"not_picked":["somnambulantmod: Blink","somnambulantmod: Ignorance","somnambulantmod: SnuggleUp"],"picked":"somnambulantmod: RecurringDream","floor":31},{"not_picked":["somnambulantmod: Unburden","somnambulantmod: Amnausea","somnambulantmod: SleepParalysis"],"picked":"somnambulantmod: Narcolepsy","floor":33},{"not_picked":["somnambulantmod: Unmake+1","somnambulantmod: Nosebleed","somnambulantmod: Extract","somnambulantmod: MindWave+1"],"picked":"SKIP","floor":35},{"not_picked":["somnambulantmod: PourItOut","somnambulantmod: Relive+1","somnambulantmod: LostMind"],"picked":"somnambulantmod: Pinch","floor":40},{"not_picked":["somnambulantmod: Unknow","somnambulantmod: ViralIdea","somnambulantmod: RecurringDream+1","somnambulantmod: Harden+1"],"picked":"SKIP","floor":42},{"not_picked":["somnambulantmod: Unknow+1","somnambulantmod: Bruise","somnambulantmod: Repression+1"],"picked":"somnambulantmod: Pinch+1","floor":45},{"not_picked":["somnambulantmod: HorrificThought","somnambulantmod: Harden+1","somnambulantmod: Wake","somnambulantmod: Hush+1"],"picked":"SKIP","floor":47}],"player_experience":990313,"relics_obtained":[{"floor":3,"key":"Mango"},{"floor":9,"key":"Omamori"},{"floor":13,"key":"Strawberry"},{"floor":14,"key":"Ancient Tea Set"},{"floor":26,"key":"Bottled Tornado"},{"floor":27,"key":"Blood Vial"},{"floor":31,"key":"Bird Faced Urn"},{"floor":40,"key":"White Beast Statue"},{"floor":42,"key":"Whetstone"},{"floor":43,"key":"PreservedInsect"},{"floor":45,"key":"Centennial Puzzle"}],"event_choices":[{"cards_removed":["somnambulantmod: SomnambulantStrike"],"damage_healed":0,"gold_gain":0,"player_choice":"Card Removal","damage_taken":7,"max_hp_gain":0,"max_hp_loss":0,"event_name":"Golden Wing","floor":2,"gold_loss":0},{"damage_healed":0,"gold_gain":175,"player_choice":"AGREE","damage_taken":148,"max_hp_gain":0,"max_hp_loss":0,"event_name":"betterThird:BetterSerpent","floor":7,"gold_loss":0},{"damage_healed":0,"gold_gain":2,"player_choice":"1","damage_taken":0,"max_hp_gain":0,"max_hp_loss":0,"event_name":"betterStone:BetterStone","floor":24,"gold_loss":0},{"damage_healed":0,"gold_gain":0,"player_choice":"2","damage_taken":0,"max_hp_gain":0,"max_hp_loss":0,"event_name":"betterMatch:BetterMatch","floor":29,"gold_loss":0,"cards_obtained":[]},{"damage_healed":30,"gold_gain":0,"player_choice":"Writhe","damage_taken":0,"max_hp_gain":0,"max_hp_loss":0,"event_name":"Winding Halls","floor":38,"gold_loss":0,"cards_obtained":["Writhe"]}],"is_beta":false,"boss_relics":[{"not_picked":["Busted Crown","Black Star"],"picked":"somnambulantmod: GluedMask"},{"not_picked":["Runic Dome","Sozu"],"picked":"SlaversCollar"}],"items_purged_floors":[21,36],"is_endless":false,"potions_floor_spawned":[11,16,27,31,33,42,45,47],"ascension_level":2}}