{"host":"1183f001whnzd7mj","time":1613679180,"event":{"mods":["AchievementEnabler","BaseMod","Beaked The Cultist","BetterRewards","Conspire","Downfall","Friendly Minions","Highlight Path","Infinite Spire","Mimic Mod","Minty Spire (QoL Compilation)","Permanent Neow","Quick Restart","Replay The Spire","Shop Mod","StSLib","The Bug Knight","The Mystic"],"gold_per_floor":[109,109,124,139,159,159,159,159],"floor_reached":7,"language":"ENG","playtime":304,"items_purged":[],"score":43,"play_id":"dc41a9ba-7261-4955-a1ba-bbbc283ed08a","local_time":"20210218201300","is_ascension_mode":false,"campfire_choices":[{"data":"beaked:Ceremony","floor":6,"key":"SMITH"}],"circlet_count":0,"master_deck":["beaked:Strike_Y","beaked:Strike_Y","beaked:Strike_Y","beaked:Strike_Y","beaked:Strike_Y","beaked:Strike_Y","beaked:Defend_Y","beaked:Defend_Y","beaked:Defend_Y","beaked:Defend_Y","beaked:Ceremony","beaked:Ceremony+1","beaked:Ceremony","beaked:Insight","beaked:BloodRitual","ReplayTheSpireMod:Wings of Steel"],"relics":["beaked:MendingPlumage"],"acts_visited":["Exordium"],"potions_floor_usage":[7],"damage_taken":[{"damage":24,"enemies":"Jaw Worm","floor":1,"turns":8},{"damage":24,"enemies":"Cultist","floor":3,"turns":5},{"damage":17,"enemies":"Small Slimes","floor":4,"turns":5},{"damage":37,"enemies":"Red Slaver","floor":5,"turns":7},{"damage":18,"enemies":"3 Sentries","floor":7,"turns":2}],"seed_played":"8479190155163276151","potions_obtained":[{"floor":3,"key":"SpeedPotion"},{"floor":5,"key":"Explosive Potion"}],"is_trial":false,"path_per_floor":["M","?","M","M","M","R","E"],"character_chosen":"BEAKED_THE_CULTIST","items_purchased":[],"campfire_rested":0,"item_purchase_floors":[],"current_hp_per_floor":[45,45,33,29,10,10,0,0],"gold":159,"neow_bonus":"ONE_RANDOM_RARE_CARD","is_daily":false,"chose_seed":false,"campfire_upgraded":1,"win_rate":0.0,"timestamp":1613679180,"path_taken":["M","?","M","M","M","R","E"],"items_purchased_type":[],"build_version":"2020-12-22","purchased_purges":0,"victory":false,"max_hp_per_floor":[50,50,50,50,50,50,50,50],"card_choices":[{"not_picked":["beaked:CursingBlood","beaked:Foresight"],"picked":"beaked:Insight","floor":1},{"not_picked":["beaked:Mantra","beaked:Cower","beaked:StunningBlow"],"picked":"SKIP","floor":3},{"not_picked":["beaked:SurvivalInstinct","beaked:SacrificialAttack","beaked:Struggle"],"picked":"SKIP","floor":4},{"not_picked":["beaked:Cower","beaked:Mantra"],"picked":"ReplayTheSpireMod:Wings of Steel","floor":5}],"player_experience":106156,"relics_obtained":[],"event_choices":[{"damage_healed":0,"gold_gain":0,"cards_transformed":["beaked:VolatileMisfortune"],"player_choice":"Transformed","damage_taken":0,"max_hp_gain":0,"max_hp_loss":0,"event_name":"Transmorgrifier","floor":2,"gold_loss":0,"cards_obtained":["beaked:BloodRitual"]}],"is_beta":false,"boss_relics":[],"items_purged_floors":[],"is_endless":false,"potions_floor_spawned":[3,5],"killed_by":"3 Sentries","ascension_level":0}}