{"host":"i9o21tdcc8l3o4rw","time":1613668872,"event":{"mods":["2.2 Compatiblity","Act Like it!","BaseMod","BetterRewards","Colored Map","Colored Powertips","Hubris","Infinite Spire","Jorbs\u0027s Wanderer Trilogy","Marisa????????","Menagerie","Minty Spire (QoL Compilation)","Replay The Spire","Shop Mod","StSLib","The Bladedancer","The Exalted","The Servant 0.9.4","??????REMEMod"],"gold_per_floor":[111,128,128,3,15,50,69,69,69,84,95,114,139,156,156,251,251,219,319,336,351,351,351,351,381,381,114,114,124,142,161,161,257,257,277,289,307,307,307,307,338,338,338,350,350,370,370,389,389,389],"floor_reached":51,"playtime":9632,"items_purged":[],"score":690,"play_id":"41bc2510-e03a-408d-aa9c-57865c19c5b0","local_time":"20210218182112","is_ascension_mode":false,"campfire_choices":[{"floor":8.0,"key":"REST"},{"floor":15.0,"key":"REST"},{"floor":23.0,"key":"REST"},{"floor":28.0,"key":"REST"},{"data":"REME_Flogging","floor":32.0,"key":"SMITH"},{"floor":40.0,"key":"REST"},{"data":"Sweeping Beam","floor":42.0,"key":"SMITH"},{"data":"Force Field","floor":45.0,"key":"SMITH"},{"data":"Compile Driver","floor":47.0,"key":"SMITH"}],"circlet_count":0,"master_deck":["Strike_B","Strike_B","Strike_B","Strike_B","Defend_B","Defend_B","Defend_B","Defend_B","Zap","Dualcast+1","Compile Driver+1","Cold Snap","Leap","Conserve Battery","Streamline","Sweeping Beam+1","Go for the Eyes","Panic Button","Rebound","REME_DataAnalysis","Coolheaded","Steam","Ball Lightning","REME_ForAll","Scrape+1","infinitespire:SealOfDarkness+","Leap","Leap","Force Field+1","REME_Flogging+1","Streamline","Compile Driver","Streamline+1","Echo Form","Ball Lightning+1","Go for the Eyes+1","Darkness+1","Rebound+1","Panic Button+1","Steam+1"],"relics":["Cracked Core","REME_ComplimentaryCards","hubris:Towel","Pantograph","Solar Panel","Bromod:ArcaneConsequence","Pondfish Scales","Replay:Wanted Poster","Bromod:ArcanePistoleer","MutagenicStrength","ReplayTheSpireMod:TigerMarble","Counterbalance","Busted Crown","Bird Faced Urn","Lantern","Onion Ring"],"acts_visited":["Menagerie:Menagerie","TheCity","TheBeyond"],"potions_floor_usage":[50],"damage_taken":[{"damage":1.0,"enemies":"Menagerie:2_RABBITS","floor":1.0,"turns":4.0},{"damage":4.0,"enemies":"Menagerie:WhisperingWraith","floor":2.0,"turns":3.0},{"damage":2.0,"enemies":"Menagerie:MonstrousExperiment","floor":5.0,"turns":3.0},{"damage":20.0,"enemies":"Menagerie:Hydra","floor":6.0,"turns":5.0},{"damage":4.0,"enemies":"Menagerie:3_RABBITS","floor":7.0,"turns":5.0},{"damage":1.0,"enemies":"Menagerie:RedMage","floor":10.0,"turns":3.0},{"damage":1.0,"enemies":"Menagerie:STYGIAN_BOAR_AND_RABBIT","floor":11.0,"turns":4.0},{"damage":5.0,"enemies":"Menagerie:DREAD_MOTH_AND_GRAFTED_WORMS","floor":12.0,"turns":3.0},{"damage":28.0,"enemies":"Menagerie:VoidReaper","floor":13.0,"turns":7.0},{"damage":0.0,"enemies":"Menagerie:BEAST_MAGE_AND_PROWLING_AMALGAM","floor":14.0,"turns":5.0},{"damage":13.0,"enemies":"Menagerie:AVATARS","floor":16.0,"turns":13.0},{"damage":15.0,"enemies":"2 Thieves","floor":18.0,"turns":5.0},{"damage":14.0,"enemies":"Spheric Guardian","floor":20.0,"turns":4.0},{"damage":6.0,"enemies":"3 Cultists","floor":21.0,"turns":6.0},{"damage":5.0,"enemies":"Gremlin Leader","floor":25.0,"turns":8.0},{"damage":8.0,"enemies":"Cultist and Chosen","floor":29.0,"turns":5.0},{"damage":2.0,"enemies":"Centurion and Healer","floor":30.0,"turns":4.0},{"damage":4.0,"enemies":"Chosen and Byrds","floor":31.0,"turns":5.0},{"damage":34.0,"enemies":"Champ","floor":33.0,"turns":10.0},{"damage":1.0,"enemies":"Orb Walker","floor":35.0,"turns":3.0},{"damage":11.0,"enemies":"3 Darklings","floor":36.0,"turns":3.0},{"damage":23.0,"enemies":"4 Shapes","floor":37.0,"turns":6.0},{"damage":1.0,"enemies":"Nemesis","floor":41.0,"turns":2.0},{"damage":4.0,"enemies":"Spire Growth","floor":44.0,"turns":5.0},{"damage":0.0,"enemies":"3 Darklings","floor":46.0,"turns":3.0},{"damage":6.0,"enemies":"Transient","floor":48.0,"turns":5.0},{"damage":38,"enemies":"Awakened One","floor":50,"turns":8}],"seed_played":"-5499725946801729627","potions_obtained":[{"floor":0.0,"key":"Fire Potion"},{"floor":0.0,"key":"PowerPotion"},{"floor":0.0,"key":"Cursed Concoction"},{"floor":10.0,"key":"Energy Potion"},{"floor":11.0,"key":"SkillPotion"},{"floor":14.0,"key":"Milkshake"},{"floor":20.0,"key":"AttackPotion"},{"floor":21.0,"key":"EssenceOfDarkness"},{"floor":36.0,"key":"Swift Potion"},{"floor":41.0,"key":"BlessingOfTheForge"},{"floor":49.0,"key":"Fruit Juice"},{"floor":49.0,"key":"DuplicationPotion"}],"is_trial":false,"path_per_floor":["M","M","?","$","M","E","M","R","T","M","M","M","E","M","R","B",null,"M","AVR","M","M","T","R","?","E","T","$","R","M","M","M","R","B",null,"M","M","M","?","AVR","R","E","R","T","M","R","M","R","M","R_BF","B",null],"character_chosen":"DEFECT","items_purchased":["Leap","Conserve Battery","Streamline","REME_Flogging","SmokeBomb"],"campfire_rested":5,"item_purchase_floors":[4,4,4,27,27],"current_hp_per_floor":[74,70,70,70,68,48,44,66,66,65,68,65,39,39,61,62,75,60,60,46,40,40,62,62,59,59,59,75,67,67,65,65,45,75,75,66,43,43,43,65,70,70,70,74,74,75,75,71,76,46],"gold":389,"neow_bonus":"THREE_SMALL_POTIONS","is_daily":false,"chose_seed":false,"campfire_upgraded":4,"win_rate":0.0,"timestamp":1613668872,"path_taken":["M","M","?","$","M","E","M","R","T","M","M","M","E","M","R","BOSS","M","AVR","?","M","?","R","?","E","T","$","R","M","M","M","R","BOSS","M","M","M","?","AVR","R","E","R","T","M","R","M","R","?","R_BF","BOSS"],"items_purchased_type":["Card","Card","Card","Card","Potion"],"build_version":"2020-11-29","purchased_purges":0,"victory":true,"max_hp_per_floor":[75,75,75,75,75,75,75,75,75,75,75,75,75,75,75,75,75,75,75,75,75,75,75,75,75,75,75,75,75,75,75,75,75,75,75,75,75,75,75,75,75,75,75,75,75,75,75,75,80,80],"card_choices":[{"not_picked":["Sweeping Beam","ReplaySort"],"picked":"Compile Driver","floor":1.0},{"not_picked":["ReplaySolidLightProjector","Storm"],"picked":"Cold Snap","floor":2.0},{"not_picked":["Compile Driver","Fusion"],"picked":"Sweeping Beam","floor":5.0},{"not_picked":["ReplayTheSpireMod:Reroute Power","hubris:Prefetch"],"picked":"Go for the Eyes","floor":6.0},{"not_picked":["Gash","Compile Driver"],"picked":"Panic Button","floor":7.0},{"not_picked":["Reinforced Body","Scrape"],"picked":"Rebound","floor":10.0},{"not_picked":["Gash","Heatsinks"],"picked":"REME_DataAnalysis","floor":11.0},{"not_picked":["Stack","Scrape"],"picked":"Coolheaded","floor":12.0},{"not_picked":["Gash","Compile Driver"],"picked":"Steam","floor":13.0},{"not_picked":["Leap","Storm"],"picked":"Ball Lightning","floor":14.0},{"not_picked":["REME_Shoggoth","Echo Form"],"picked":"REME_ForAll","floor":16.0},{"not_picked":["hubris:PowerSurge+1","Cold Snap"],"picked":"Scrape+1","floor":18.0},{"not_picked":["Panic Button","Conserve Battery"],"picked":"Leap","floor":20.0},{"not_picked":["ReplayTheSpireMod:System Scan","ReplayTheSpireMod:Calculation Training+1"],"picked":"Leap","floor":21.0},{"not_picked":["hubris:Ukulele","Doom and Gloom"],"picked":"Force Field","floor":25.0},{"not_picked":["Echo Form","Coolheaded"],"picked":"Streamline","floor":29.0},{"not_picked":["Redo","Hologram"],"picked":"Compile Driver","floor":30.0},{"not_picked":["hubris:SpecializedCircuitry","Blizzard+1"],"picked":"Streamline+1","floor":31.0},{"not_picked":["Reboot","ReplayTheSpireMod:Fabricate Wheel"],"picked":"Echo Form","floor":33.0},{"not_picked":[],"picked":"Ball Lightning+1","floor":35.0},{"not_picked":[],"picked":"Go for the Eyes+1","floor":36.0},{"not_picked":[],"picked":"Darkness+1","floor":37.0},{"not_picked":[],"picked":"Rebound+1","floor":41.0},{"not_picked":["ReplayTheSpireMod:GoodbyeWorld+1"],"picked":"SKIP","floor":44.0},{"not_picked":[],"picked":"Panic Button+1","floor":46.0},{"not_picked":[],"picked":"Steam+1","floor":48.0}],"player_experience":146505,"relics_obtained":[{"floor":6.0,"key":"Pantograph"},{"floor":9.0,"key":"Solar Panel"},{"floor":13.0,"key":"Bromod:ArcaneConsequence"},{"floor":22.0,"key":"Bromod:ArcanePistoleer"},{"floor":25.0,"key":"ReplayTheSpireMod:TigerMarble"},{"floor":26.0,"key":"Counterbalance"},{"floor":41.0,"key":"Lantern"},{"floor":43.0,"key":"Onion Ring"}],"event_choices":[{"damage_healed":0.0,"max_hp_gain":0.0,"max_hp_loss":0.0,"gold_gain":0.0,"event_name":"Drug Dealer","player_choice":"Inject Mutagens","floor":24.0,"gold_loss":0.0,"damage_taken":0.0,"relics_obtained":["MutagenicStrength"]},{"damage_healed":0.0,"max_hp_gain":0.0,"max_hp_loss":0.0,"gold_gain":0.0,"event_name":"Upgrade Shrine","player_choice":"Upgraded","floor":38.0,"gold_loss":0.0,"damage_taken":0.0,"cards_upgraded":["Dualcast"]}],"is_beta":false,"boss_relics":[{"not_picked":["ReplayTheSpireMod:DimensionalGlitch","Abe\u0027s Treasure","Ring of Chaos"]},{"not_picked":["REME_DemonsWealth","Cursed Key"],"picked":"Busted Crown"}],"items_purged_floors":[],"is_endless":false,"potions_floor_spawned":[5,10,11,12,13,14,20,21,30,36,41,44],"ascension_level":0}}