{"host":"pdq28s6637cpsst2","time":1613680106,"event":{"mods":["BaseMod","Colored Map","Colored Powertips","Highlight Path","Minty Spire (QoL Compilation)","Permanent Neow","Quick Restart","StSLib"],"gold_per_floor":[117,68,78,91,109,139,153,164,211,225,225,255,273,198,198,303,303,318,334,352,352,352],"floor_reached":21,"language":"ENG","playtime":2426,"items_purged":["Strike_G"],"score":262,"play_id":"74acfde7-caca-4ec1-89a5-0214c0bb3a4b","local_time":"20210218152826","is_ascension_mode":true,"campfire_choices":[{"floor":11.0,"key":"REST"},{"floor":15.0,"key":"REST"}],"circlet_count":0,"master_deck":["Strike_G","Strike_G","Defend_G","Defend_G","Defend_G","Defend_G","Defend_G","Survivor","Neutralize","Venomology","Envenom","Blade Dance","Poisoned Stab","Quick Slash","Dash","Bane","Well Laid Plans","Catalyst","Adrenaline","Backstab","Footwork"],"relics":["Ring of the Serpent","Singing Bowl","Bag of Marbles","Odd Mushroom"],"acts_visited":["Exordium","TheCity"],"potions_floor_usage":[16,16,18,20,20],"damage_taken":[{"damage":5.0,"enemies":"Cultist","floor":1.0,"turns":6.0},{"damage":0.0,"enemies":"Small Slimes","floor":3.0,"turns":4.0},{"damage":1.0,"enemies":"2 Louse","floor":4.0,"turns":5.0},{"damage":4.0,"enemies":"Blue Slaver","floor":5.0,"turns":3.0},{"damage":19.0,"enemies":"3 Sentries","floor":6.0,"turns":8.0},{"damage":8.0,"enemies":"2 Fungi Beasts","floor":7.0,"turns":5.0},{"damage":8.0,"enemies":"Exordium Thugs","floor":8.0,"turns":5.0},{"damage":19.0,"enemies":"Gremlin Gang","floor":10.0,"turns":7.0},{"damage":29.0,"enemies":"The Mushroom Lair","floor":12.0,"turns":5.0},{"damage":5.0,"enemies":"Exordium Wildlife","floor":13.0,"turns":4.0},{"damage":40,"enemies":"Hexaghost","floor":16,"turns":10},{"damage":0,"enemies":"Chosen","floor":18,"turns":4},{"damage":27,"enemies":"Shell Parasite","floor":19,"turns":6},{"damage":10,"enemies":"Chosen and Byrds","floor":20,"turns":8},{"damage":9,"enemies":"Masked Bandits","floor":21,"turns":3}],"seed_played":"1916100667360272852","potions_obtained":[{"floor":3.0,"key":"EntropicBrew"},{"floor":4.0,"key":"DistilledChaos"},{"floor":7.0,"key":"EntropicBrew"}],"is_trial":false,"path_per_floor":["M","$","M","M","M","E","M","M","T","M","R","?","M","$","R","B",null,"M","M","M","?"],"character_chosen":"THE_SILENT","items_purchased":["Blade Dance"],"campfire_rested":2,"item_purchase_floors":[2],"current_hp_per_floor":[40,40,54,53,61,42,34,37,37,18,39,24,19,19,41,1,56,56,29,21,12,12],"gold":352,"neow_bonus":"TRANSFORM_TWO_CARDS","is_daily":false,"chose_seed":false,"campfire_upgraded":0,"win_rate":0.0,"timestamp":1613680106,"path_taken":["M","?","M","M","M","E","M","M","T","M","R","?","M","$","R","BOSS","M","M","M","?"],"items_purchased_type":["Card"],"build_version":"2020-12-22","purchased_purges":1,"victory":false,"max_hp_per_floor":[70,70,70,70,70,70,70,72,72,72,72,74,74,74,74,74,74,74,74,76,76,76],"card_choices":[{"not_picked":["Deadly Poison","Infinite Blades","Underhanded Strike"],"picked":"SKIP","floor":1.0},{"not_picked":["Underhanded Strike","Bane"],"picked":"Poisoned Stab","floor":3.0},{"not_picked":["Masterful Stab","Dagger Throw"],"picked":"Quick Slash","floor":4.0},{"not_picked":["Outmaneuver","Acrobatics","Distraction"],"picked":"SKIP","floor":5.0},{"not_picked":["Slice","Riddle With Holes"],"picked":"Dash","floor":6.0},{"not_picked":["Predator","Dodge and Roll"],"picked":"Bane","floor":7.0},{"not_picked":["Noxious Fumes","Distraction","Flying Knee"],"picked":"Singing Bowl","floor":8.0},{"not_picked":["Prepared","Skewer"],"picked":"Well Laid Plans","floor":10.0},{"not_picked":["Accuracy","Caltrops","Distraction"],"picked":"Singing Bowl","floor":12.0},{"not_picked":["Distraction","Sucker Punch"],"picked":"Catalyst","floor":13.0},{"not_picked":["Glass Knife","Tools of the Trade"],"picked":"Adrenaline","floor":16},{"not_picked":["Dodge and Roll","Deadly Poison"],"picked":"Backstab","floor":18},{"not_picked":["Distraction+1","Outmaneuver"],"picked":"Footwork","floor":19},{"not_picked":["Heel Hook","Deflect","Flying Knee"],"picked":"Singing Bowl","floor":20}],"player_experience":263793,"relics_obtained":[{"floor":6.0,"key":"Singing Bowl"},{"floor":9.0,"key":"Bag of Marbles"},{"floor":12.0,"key":"Odd Mushroom"}],"event_choices":[{"damage_healed":0.0,"max_hp_gain":0.0,"max_hp_loss":0.0,"gold_gain":0.0,"event_name":"Mushrooms","player_choice":"Fought Mushrooms","floor":12.0,"gold_loss":0.0,"damage_taken":0.0},{"damage_healed":0,"gold_gain":0,"player_choice":"Fought Bandits","damage_taken":0,"max_hp_gain":0,"max_hp_loss":0,"event_name":"Masked Bandits","floor":21,"gold_loss":0}],"is_beta":false,"boss_relics":[{"not_picked":["SlaversCollar","Runic Pyramid"],"picked":"Ring of the Serpent"}],"items_purged_floors":[14],"is_endless":false,"potions_floor_spawned":[3,4,5,7],"killed_by":"Masked Bandits","ascension_level":8}}