{"host":"08z5bj28eube4vug","time":1613630338,"event":{"mods":["100% Spire Juice","2.2 Compatiblity","Abigail Mod","Act Like it!","BaseMod","Beaked The Cultist","Bestiary","Friendly Minions","Gensokyo","GungeonMod","Hallownest","Kiyohime????","Koishi","Lobotomy","Marisa????????","Minty Spire (QoL Compilation)","Prisma Mod","Remilia??????","Replay The Spire","Spire Arcade","StSLib","Td1madao Mod","The Alterego","The Bug Knight","The Jungle","The Sage","The Senshi","The Servant 0.9.4","Waifu the Spire","WarShipGirlsR/????R mod","Yuri Mod"],"gold_per_floor":[12,12,37,57,77,117,129,176,188,236,248,275,287,299,311,448,460,497,509,521,551,587,599,642,668,680,692,742,754,780,325,325,444,444,467,1466,1466,1566,932,932,965,965,1012,111,127,460,475,495,495,495],"floor_reached":51,"language":"ENG","playtime":3412,"items_purged":["Injury","Normality","Normality"],"score":942,"play_id":"263667ec-d693-4bad-8c3c-fbd0f59ef291","local_time":"20210218093858","is_ascension_mode":true,"campfire_choices":[{"floor":7,"key":"REST"},{"floor":11,"key":"REST"},{"data":"AbbyMod:AdultWords","floor":13,"key":"SMITH"},{"data":"AbbyMod:ForeheadBeam","floor":15,"key":"SMITH"},{"data":"AbbyMod:SuperMuscular","floor":23,"key":"SMITH"},{"data":"AbbyMod:PantyShot","floor":27,"key":"SMITH"},{"data":"AbbyMod:Kuroboshi","floor":32,"key":"SMITH"},{"data":"AbbyMod:HeroCreationA","floor":40,"key":"SMITH"},{"data":"AbbyMod:WitchTrial","floor":42,"key":"SMITH"},{"data":"AbbyMod:DemonPancake","floor":49,"key":"SMITH"}],"circlet_count":0,"master_deck":["AbbyMod:Ab_Defend","AbbyMod:Ab_Defend","AbbyMod:Ab_Defend","AbbyMod:FleetingSanity","AbbyMod:ForeheadBeam+1","AbbyMod:Kuroboshi+1","AbbyMod:AdultWords+1","AbbyMod:PantyShot+1","AbbyMod:SuperMuscular+1","AbbyMod:MindCleanse","AbeCurse","AbbyMod:PowerGamer+1","Bite","Bite","Bite","Bite","Bite","AbbyMod:AlignStars+1","AbbyMod:ConsumeFlesh+1","AbbyMod:Keyblade+1","AbbyMod:SavingThrow","AbbyMod:SuperMuscular","AbbyMod:EyesOfMadness","AbbyMod:SuperMuscular+1","AbbyMod:HeroCreationA+1","AbbyMod:WitchTrial+1","AbbyMod:HolidayWishes+1","Pot Of Greed","Pot Of Greed","Pot Of Greed","AbbyMod:EyesOfMadness","AbbyMod:DemonPancake+1","Replay:BasicMightCard","AbbyMod:HeroCreationA+1"],"relics":["AbbyMod:Salem_Diary","DemoMod:AgedBell","Nunchaku","MawBank","HornCleat","Quantum Egg","Replay:Baseball","Abe\u0027s Treasure","ReplayTheSpireMod:TigerMarble","Ornamental Fan","Bottled Tornado","DemoMod:MonsterBlood","Bag of Marbles","Art of War","ChewingGum","Chemical X","Sundial","Centennial Puzzle","Grinning Jar","DemoMod:JetPack","DemoMod:ClearGuonStone","Frozen Eye"],"acts_visited":["Exordium","TheCity","TheBeyond"],"potions_floor_usage":[8,10,16,28,28,28,50,50,50],"damage_taken":[{"damage":0,"enemies":"2 Louse","floor":1,"turns":3},{"damage":0,"enemies":"Jaw Worm","floor":4,"turns":3},{"damage":0,"enemies":"Cultist","floor":5,"turns":4},{"damage":36,"enemies":"Replay:BlueRogue","floor":6,"turns":6},{"damage":6,"enemies":"Lagavulin","floor":8,"turns":13},{"damage":14,"enemies":"3 Sentries","floor":10,"turns":6},{"damage":0,"enemies":"Exordium Thugs","floor":12,"turns":5},{"damage":15,"enemies":"Fading Forest","floor":16,"turns":11},{"damage":9,"enemies":"2 Thieves","floor":18,"turns":4},{"damage":11,"enemies":"Chosen","floor":21,"turns":5},{"damage":23,"enemies":"Snake Plant","floor":22,"turns":4},{"damage":17,"enemies":"Gremlin Leader","floor":24,"turns":7},{"damage":8,"enemies":"Cultist and Chosen","floor":25,"turns":5},{"damage":11,"enemies":"Slavers","floor":28,"turns":5},{"damage":8,"enemies":"Centurion and Healer","floor":30,"turns":6},{"damage":0,"enemies":"Champ","floor":33,"turns":13},{"damage":0,"enemies":"3 Darklings","floor":35,"turns":4},{"damage":13,"enemies":"Giant Head","floor":41,"turns":7},{"damage":16,"enemies":"3 Shapes","floor":45,"turns":2},{"damage":3,"enemies":"Spire Growth","floor":47,"turns":5},{"damage":0,"enemies":"Transient","floor":48,"turns":5},{"damage":15,"enemies":"Replay:Hell Engine","floor":50,"turns":10}],"seed_played":"-8487517390055499579","potions_obtained":[{"floor":5,"key":"DemoMod:LeadSkinPotion"},{"floor":8,"key":"SteroidPotion"},{"floor":10,"key":"DistilledChaos"},{"floor":22,"key":"Dexterity Potion"},{"floor":24,"key":"Elixir"},{"floor":25,"key":"SpeedPotion"},{"floor":30,"key":"Energy Potion"},{"floor":41,"key":"Explosive Potion"}],"is_trial":false,"path_per_floor":["M","?","T","M","M","E","R","E","T","E","R","M","R","$","R","B",null,"M","?","T","M","M","R","E","M","T","R","E","?","M","$","R","B",null,"M","?","?","?","$","R","E","R","T","$","M","?","M","M","R","B",null],"character_chosen":"Ab_Foreigner","items_purchased":["Bag of Marbles","AbbyMod:SuperMuscular","AbbyMod:EyesOfMadness","Art of War","Chemical X","Sundial","AbbyMod:HeroCreationA","AbbyMod:WitchTrial","Dexterity Potion","DemoMod:JetPack","DemoMod:ClearGuonStone","Frozen Eye","AbbyMod:EyesOfMadness","AbbyMod:DemonPancake","Replay:BasicMightCard","AttackPotion"],"campfire_rested":2,"item_purchase_floors":[31,31,31,31,39,39,39,39,39,44,44,44,44,44,44,44],"current_hp_per_floor":[54,54,54,54,54,18,36,30,30,16,34,34,34,34,34,27,52,43,42,42,31,22,22,21,23,23,23,27,27,39,39,39,57,57,59,59,59,59,59,59,50,50,50,50,38,38,45,51,51,58],"gold":495,"neow_bonus":"ONE_RARE_RELIC","is_daily":false,"chose_seed":false,"campfire_upgraded":8,"win_rate":0.0,"timestamp":1613630338,"path_taken":["M","?","?","M","M","E","R","E","T","E","R","M","R","$","R","BOSS","M","?","?","M","M","R","E","M","T","R","E","?","M","?","R","BOSS","M","?","?","?","$","R","E","R","T","$","?","?","M","M","R","BOSS"],"items_purchased_type":["Relic","Card","Card","Relic","Relic","Relic","Card","Card","Potion","Relic","Relic","Relic","Card","Card","Card","Potion"],"build_version":"2020-12-22","purchased_purges":3,"victory":true,"max_hp_per_floor":[60,60,60,60,60,60,60,60,60,60,60,60,60,60,60,60,60,60,42,42,42,42,42,44,46,46,46,53,53,55,55,55,57,57,59,59,59,59,59,59,61,61,61,61,61,61,63,63,63,65],"card_choices":[{"not_picked":["AbbyMod:TentacleSwarm","AbbyMod:WormHole","AbbyMod:Thflth"],"picked":"SKIP","floor":1},{"not_picked":["AbbyMod:PreciousMemories","AbbyMod:Ab_SwirlOfMadness"],"picked":"AbbyMod:Kuroboshi","floor":4},{"not_picked":["AbbyMod:AbsoluteCorruption","AbbyMod:StarRadiance"],"picked":"AbbyMod:AdultWords","floor":5},{"not_picked":["AbbyMod:EyesOfMadness","AbbyMod:WorldStrongest"],"picked":"AbbyMod:PantyShot","floor":6},{"not_picked":["AbbyMod:FamiliarShield","AbbyMod:ConsumeFlesh"],"picked":"AbbyMod:SuperMuscular","floor":8},{"not_picked":["AbbyMod:AceInTheHole","AbbyMod:LargeTentacle","AbbyMod:VoidPriest"],"picked":"SKIP","floor":10},{"not_picked":["AbbyMod:CloneArmy","AbbyMod:Dabigail","AbbyMod:Memocide"],"picked":"SKIP","floor":12},{"not_picked":["AbbyMod:GudaGudaParticle","AbbyMod:Ab_OldOneTrigger"],"picked":"AbbyMod:MindCleanse","floor":16},{"not_picked":["AbbyMod:LossOfSanity+1","AbbyMod:Takeuchi"],"picked":"AbbyMod:PowerGamer+1","floor":18},{"not_picked":["AbbyMod:TeddyBear+1","AbbyMod:CloneArmy"],"picked":"AbbyMod:AlignStars+1","floor":21},{"not_picked":["AbbyMod:FatalEntropy","AbbyMod:CloneArmy"],"picked":"AbbyMod:ConsumeFlesh+1","floor":22},{"not_picked":["AbbyMod:LifeSentence","AbbyMod:FamiliarShield+1"],"picked":"AbbyMod:CommandSpell","floor":24},{"not_picked":["AbbyMod:Ab_SwirlOfMadness","AbbyMod:SanityCheck"],"picked":"AbbyMod:Keyblade+1","floor":25},{"not_picked":["AbbyMod:ExposedCore","AbbyMod:ConsumeFlesh","AbbyMod:AbsoluteCorruption"],"picked":"SKIP","floor":28},{"not_picked":["AbbyMod:AttoSecond","AbbyMod:EyesOfMadness+1"],"picked":"AbbyMod:SavingThrow","floor":30},{"not_picked":["AbbyMod:ConsumeFlesh","AbbyMod:PowerGamer+1"],"picked":"AbbyMod:SuperMuscular+1","floor":35},{"not_picked":["AbbyMod:FlyingMascot+1","AbbyMod:WitchTrial+1"],"picked":"AbbyMod:HolidayWishes+1","floor":41},{"not_picked":["AbbyMod:Memocide+1","AbbyMod:CosmicSpark","AbbyMod:LargeTentacle"],"picked":"SKIP","floor":45},{"not_picked":["AbbyMod:Takeuchi","AbbyMod:EyesOfMadness"],"picked":"AbbyMod:HeroCreationA+1","floor":47},{"not_picked":["AbbyMod:SanityCheck","AbbyMod:TentacleSwarm","AbbyMod:Dabigail+1"],"picked":"SKIP","floor":48}],"player_experience":935908,"relics_obtained":[{"floor":3,"key":"Nunchaku"},{"floor":6,"key":"MawBank"},{"floor":8,"key":"HornCleat"},{"floor":9,"key":"Quantum Egg"},{"floor":10,"key":"Replay:Baseball"},{"floor":20,"key":"ReplayTheSpireMod:TigerMarble"},{"floor":24,"key":"Ornamental Fan"},{"floor":26,"key":"Bottled Tornado"},{"floor":28,"key":"DemoMod:MonsterBlood"},{"floor":41,"key":"Centennial Puzzle"},{"floor":43,"key":"Grinning Jar"}],"event_choices":[{"damage_healed":0,"gold_gain":0,"player_choice":"Take Wound","damage_taken":0,"relics_obtained":["Golden Idol"],"max_hp_gain":0,"max_hp_loss":0,"event_name":"Golden Idol","floor":2,"gold_loss":0,"cards_obtained":["Injury"]},{"damage_healed":0,"gold_gain":0,"player_choice":"Became a vampire","damage_taken":0,"max_hp_gain":0,"max_hp_loss":18,"event_name":"Vampires","floor":19,"gold_loss":0,"cards_obtained":["Bite","Bite","Bite","Bite","Bite"]},{"damage_healed":0,"gold_gain":999,"player_choice":"Gold","damage_taken":0,"max_hp_gain":0,"max_hp_loss":0,"event_name":"MindBloom","floor":36,"gold_loss":0,"cards_obtained":["Normality","Normality"]},{"damage_healed":0,"gold_gain":0,"player_choice":"Ignored","damage_taken":0,"max_hp_gain":0,"max_hp_loss":0,"event_name":"Mysterious Sphere","floor":37,"gold_loss":0},{"damage_healed":0,"gold_gain":100,"player_choice":"Pray","damage_taken":0,"max_hp_gain":0,"max_hp_loss":0,"event_name":"Golden Shrine","floor":38,"gold_loss":0},{"damage_healed":0,"gold_gain":333,"player_choice":"Gave Idol","damage_taken":0,"max_hp_gain":0,"max_hp_loss":0,"event_name":"The Moai Head","floor":46,"relics_lost":["Golden Idol"],"gold_loss":0}],"is_beta":false,"boss_relics":[{"not_picked":["theSenshi:MoonKaleidoScopeRelic","Painkiller Herb"],"picked":"Abe\u0027s Treasure"},{"not_picked":["Sozu","Replay:Drink Me"],"picked":"ChewingGum"}],"items_purged_floors":[31,39,44],"is_endless":false,"potions_floor_spawned":[5,8,10,22,24,25,30,41,47],"ascension_level":9}}