{"host":"iovigr651ajk16h5","time":1613666702,"event":{"mods":["2.2 Compatiblity","AchievementEnabler","Aspiration","BaseMod","Better Altar","Better Match","Better Note","Better Sensory Stone","Better Skull","Better Third Choice","Block Reminder","Colored Map","Ekko","Energized Spire","GifTheSpireLib","GungeonMod","Halation","Hermit","Highlight Path","Hubris","Infinite Spire","Koishi","Luminous","Marisa????????","Minty Spire (QoL Compilation)","Nova Terra(??·??)","Onozuka Komachi Mod","Permanent Neow","Prisma Mod","Quick Restart","Railgun Mod","Remilia??????","Replay The Spire","StSLib","Stuff the Spire","Td1madao Mod","The Administrix","The Bladedancer","The Bug Knight","The Construct","The Marked","TheSwordswoman","Trackpad","Waifu the Spire","WarShipGirlsR/????R mod","everything is the same but u backflip on backflip"],"gold_per_floor":[113,113,113,127,36,65,65,65,65,83,100,100,115,132,132,235,235,246,258,192,117,131,131,192,211,211,69,81,134,163,190,190,190,190],"floor_reached":33,"language":"ENG","playtime":1515,"items_purged":["Komachi:Strike"],"score":271,"play_id":"1fa8ca1f-9adc-4fa8-ad44-3921c3d35ee9","local_time":"20210218114502","is_ascension_mode":false,"campfire_choices":[{"floor":8,"key":"REST"},{"floor":15,"key":"REST"},{"floor":23,"key":"REST"},{"floor":32,"key":"REST"}],"circlet_count":0,"master_deck":["Komachi:Strike","Komachi:Strike","Komachi:Defend","Komachi:Defend","Komachi:Defend","Komachi:Defend","Komachi:Bound","Komachi:ReaperScythe+1","Komachi:EtherealCut","Komachi:PowerSharing","Komachi:Behead","Komachi:EndlessWay","Komachi:SinnerSpirit","Komachi:Behead","Komachi:DeathVision","Komachi:ConfinesAvichi","Komachi:FearAura","Komachi:SpiritBlade","Komachi:ChildSpirit","Komachi:ConfinesAvichi","Komachi:EtherealSwipe","Komachi:LifeSwap","Enlightenment","Komachi:TasteDeath","Komachi:DestroyHope","Komachi:FearAura+1","Komachi:Remorse","Komachi:FullSwing+1","Komachi:RiverMist+1","Komachi:EndlessWay+1"],"relics":["Komachi:Relic:FerryingBoat","hubris:MedicalManual","Mummified Hand","Garlic","energizedSpire:NeverEndingSparkler","trackpad:HandOfMidas","StuffTheSpire:Gunfinga","StuffTheSpire:CocoNut","CeramicFish"],"acts_visited":["Exordium","TheCity"],"potions_floor_usage":[24,33,33],"damage_taken":[{"damage":20,"enemies":"Jaw Worm","floor":1,"turns":5},{"damage":6,"enemies":"2 Louse","floor":4,"turns":2},{"damage":35,"enemies":"3 Sentries","floor":6,"turns":6},{"damage":0,"enemies":"Cultist","floor":10,"turns":2},{"damage":19,"enemies":"Exordium Wildlife","floor":11,"turns":4},{"damage":4,"enemies":"2 Fungi Beasts","floor":13,"turns":3},{"damage":3,"enemies":"Looter","floor":14,"turns":2},{"damage":15,"enemies":"Slime Boss","floor":16,"turns":7},{"damage":3,"enemies":"3 Byrds","floor":18,"turns":4},{"damage":0,"enemies":"Chosen","floor":19,"turns":3},{"damage":21,"enemies":"Snake Plant","floor":22,"turns":3},{"damage":35,"enemies":"Slavers","floor":24,"turns":3},{"damage":10,"enemies":"Centurion and Healer","floor":25,"turns":3},{"damage":11,"enemies":"Shelled Parasite and Fungi","floor":28,"turns":3},{"damage":8,"enemies":"Snake Plant","floor":30,"turns":2},{"damage":7,"enemies":"Centurion and Healer","floor":31,"turns":4},{"damage":9,"enemies":"Automaton","floor":33,"turns":3}],"seed_played":"-4678870687610725213","potions_obtained":[{"floor":4,"key":"Dexterity Potion"},{"floor":6,"key":"Languid Potion"},{"floor":10,"key":"SteroidPotion"},{"floor":13,"key":"AttackPotion"},{"floor":16,"key":"LiquidMemories"},{"floor":24,"key":"EssenceOfSteel"},{"floor":25,"key":"Fire Potion"}],"is_trial":false,"path_per_floor":["M","?","?","M","$","E","?","R","T","M","M","T","M","M","R","B",null,"M","M","?","?","M","R","E","M","T","$","M","T","M","M","R","B"],"character_chosen":"KOMACHI_CLASS","items_purchased":["Komachi:EndlessWay","Komachi:SinnerSpirit","Komachi:Remorse"],"campfire_rested":4,"item_purchase_floors":[5,5,27],"current_hp_per_floor":[55,55,55,49,49,14,14,36,36,36,17,17,13,10,32,17,75,72,72,72,72,53,75,40,30,37,37,26,26,18,13,37,28,28],"gold":190,"neow_bonus":"UPGRADE_CARD","is_daily":false,"chose_seed":false,"campfire_upgraded":0,"win_rate":0.0,"timestamp":1613666702,"path_taken":["M","?","?","?","$","E","?","R","T","M","M","?","M","M","R","BOSS","M","M","?","?","M","R","E","M","T","$","?","?","M","M","R","BOSS"],"items_purchased_type":["Card","Card","Card"],"build_version":"2020-12-22","purchased_purges":1,"victory":false,"max_hp_per_floor":[75,75,75,75,75,75,75,75,75,75,75,75,75,75,75,75,75,75,75,75,75,75,75,75,75,82,82,82,82,82,82,82,82,82],"card_choices":[{"not_picked":["Komachi:PremonitiveStrike","Komachi:Shortcut"],"picked":"Komachi:EtherealCut","floor":1},{"not_picked":["Komachi:EaseRest","Komachi:Drowning"],"picked":"Komachi:Behead","floor":4},{"not_picked":["Komachi:ThrowAway","Komachi:Exorcism"],"picked":"Komachi:Behead","floor":6},{"not_picked":["Komachi:Behead","Komachi:AwaitedRest"],"picked":"Komachi:DeathVision","floor":10},{"not_picked":["Komachi:SinnerSpirit","Komachi:Remorse"],"picked":"Komachi:ConfinesAvichi","floor":11},{"not_picked":["Komachi:FloatingSpirit","Komachi:RiverMist"],"picked":"Komachi:FearAura","floor":13},{"not_picked":["Komachi:BoatSanzu","Komachi:Exorcism"],"picked":"Komachi:SpiritBlade","floor":14},{"not_picked":["Komachi:Faith","Komachi:SinRecollection"],"picked":"Komachi:ChildSpirit","floor":16},{"not_picked":["Komachi:SpiritBlade","Komachi:WideSwing"],"picked":"Komachi:ConfinesAvichi","floor":18},{"not_picked":["Komachi:SinnerSpirit","Komachi:WanderingSpirits+1"],"picked":"Komachi:EtherealSwipe","floor":19},{"not_picked":["Komachi:ChangeRoute","Komachi:SinRecollection"],"picked":"Komachi:LifeSwap","floor":21},{"not_picked":["Purity","Forethought"],"picked":"Enlightenment","floor":21},{"not_picked":["Komachi:ChildSpirit","Komachi:YesterdayMoney"],"picked":"Komachi:TasteDeath","floor":22},{"not_picked":["Komachi:WideSwing","Komachi:EaseRest"],"picked":"Komachi:DestroyHope","floor":24},{"not_picked":["Komachi:LonelySpirit","Komachi:EaseRest"],"picked":"Komachi:FearAura+1","floor":25},{"not_picked":["Komachi:Drowning","Komachi:PremonitiveStrike+1"],"picked":"Komachi:FullSwing+1","floor":28},{"not_picked":["Komachi:SpiritBlade+1","Komachi:CollectTip"],"picked":"Komachi:RiverMist+1","floor":30},{"not_picked":["Komachi:Drowning","Komachi:Exorcism"],"picked":"Komachi:EndlessWay+1","floor":31}],"player_experience":367142,"relics_obtained":[{"floor":2,"key":"hubris:MedicalManual"},{"floor":6,"key":"Mummified Hand"},{"floor":12,"key":"Garlic"},{"floor":24,"key":"StuffTheSpire:Gunfinga"},{"floor":26,"key":"StuffTheSpire:CocoNut"},{"floor":29,"key":"CeramicFish"}],"event_choices":[{"damage_healed":0,"gold_gain":0,"cards_transformed":["Komachi:Strike"],"player_choice":"Transformed","damage_taken":0,"max_hp_gain":0,"max_hp_loss":0,"event_name":"Transmorgrifier","floor":3,"gold_loss":0,"cards_obtained":["Komachi:PowerSharing"]},{"damage_healed":0,"gold_gain":0,"player_choice":"LEAVE","damage_taken":0,"max_hp_gain":0,"max_hp_loss":0,"event_name":"betterThird:BetterScrap","floor":7,"gold_loss":0,"cards_obtained":["SandsOfTime"]},{"damage_healed":0,"gold_gain":0,"player_choice":"Paid Gold","damage_taken":0,"relics_obtained":["trackpad:HandOfMidas"],"max_hp_gain":0,"max_hp_loss":0,"event_name":"WeMeetAgain","floor":20,"gold_loss":66},{"damage_healed":0,"gold_gain":0,"player_choice":"1","damage_taken":0,"max_hp_gain":0,"max_hp_loss":0,"event_name":"betterMatch:BetterMatch","floor":21,"gold_loss":0,"cards_obtained":["betterMatch:RareCard","betterMatch:ColorlessUncommonCard"]}],"is_beta":false,"boss_relics":[{"not_picked":["StuffTheSpire:Kangaroo","hubris:VirtuousBlindfold"],"picked":"energizedSpire:NeverEndingSparkler"}],"items_purged_floors":[27],"is_endless":false,"potions_floor_spawned":[4,6,10,13,16,24,25,28,30],"killed_by":"Automaton","ascension_level":0}}