{"host":"q2l6xtlpu05lrop8","time":1613617461,"event":{"mods":["AchievementEnabler","BaseMod","Colored Map","Googly Eyes","Minty Spire (QoL Compilation)","Slay the Streamer","StSLib","The IronCluck","slay the spire mod where everything is the same but ironclad has a cowboy hat"],"gold_per_floor":[99,99,99,99,99,99,99,99,99,99,99,99,99,99,99,99,99,99,99,25,0,0,0,0,0,0,0,0,0,0,0,0,0,0,0,0,0,0,0,0,0,0,0,0,0,0,0,0,0,0,0,0,0,0,0],"floor_reached":54,"language":"ENG","playtime":5480,"items_purged":[],"score":1873,"play_id":"0d940213-9893-4836-b95d-b8a840cbf46c","local_time":"20210217190421","is_ascension_mode":true,"campfire_choices":[{"data":"Bouncing Flask","floor":6,"key":"SMITH"},{"data":"Leg Sweep","floor":8,"key":"SMITH"},{"data":"Blade Dance","floor":14,"key":"SMITH"},{"data":"Cloak And Dagger","floor":16,"key":"SMITH"},{"data":"Burst","floor":24,"key":"SMITH"},{"data":"Calculated Gamble","floor":32,"key":"SMITH"},{"data":"Tactician","floor":34,"key":"SMITH"},{"data":"Burst","floor":43,"key":"SMITH"},{"floor":50,"key":"RECALL"},{"floor":52,"key":"REST"}],"circlet_count":0,"master_deck":["AscendersBane","Dagger Throw","Dodge and Roll","Calculated Gamble+1","Flechettes","Deadly Poison","Blur","Cloak And Dagger+1","Blade Dance+1","Bouncing Flask+1","Leg Sweep+1","Reflex","Dagger Throw","Tactician","After Image","Blur","Doubt","Underhanded Strike","Regret","Burst+1","Eviscerate","Noxious Fumes","Tactician+1","Dagger Throw","Tools of the Trade","Noxious Fumes","Burst+1","CurseOfTheBell","Deflect+1","PiercingWail"],"relics":["Ectoplasm","Du-Vu Doll","CaptainsWheel","Gambling Chip","Vajra","Paper Crane","Runic Pyramid","Pen Nib","Smiling Mask","Meat on the Bone","Calling Bell","Strawberry","Singing Bowl","TungstenRod","Oddly Smooth Stone","Potion Belt"],"acts_visited":["Exordium","TheCity","TheBeyond"],"potions_floor_usage":[19,44,54,54],"damage_taken":[{"damage":0,"enemies":"Small Slimes","floor":1,"turns":3},{"damage":0,"enemies":"2 Louse","floor":2,"turns":2},{"damage":0,"enemies":"Cultist","floor":4,"turns":2},{"damage":5,"enemies":"Exordium Wildlife","floor":5,"turns":3},{"damage":0,"enemies":"Lagavulin","floor":7,"turns":4},{"damage":0,"enemies":"Gremlin Nob","floor":11,"turns":2},{"damage":0,"enemies":"Exordium Thugs","floor":13,"turns":3},{"damage":5,"enemies":"The Guardian","floor":17,"turns":6},{"damage":0,"enemies":"Shell Parasite","floor":19,"turns":1},{"damage":0,"enemies":"2 Thieves","floor":21,"turns":3},{"damage":0,"enemies":"Snake Plant","floor":23,"turns":4},{"damage":2,"enemies":"Centurion and Healer","floor":25,"turns":4},{"damage":0,"enemies":"Chosen and Byrds","floor":26,"turns":5},{"damage":0,"enemies":"3 Cultists","floor":30,"turns":5},{"damage":0,"enemies":"Book of Stabbing","floor":31,"turns":5},{"damage":9,"enemies":"Slavers","floor":33,"turns":3},{"damage":0,"enemies":"Collector","floor":35,"turns":6},{"damage":0,"enemies":"3 Shapes","floor":37,"turns":4},{"damage":13,"enemies":"Orb Walker","floor":38,"turns":3},{"damage":8,"enemies":"Sphere and 2 Shapes","floor":41,"turns":5},{"damage":0,"enemies":"Nemesis","floor":42,"turns":7},{"damage":10,"enemies":"Reptomancer","floor":44,"turns":6},{"damage":3,"enemies":"4 Shapes","floor":47,"turns":5},{"damage":1,"enemies":"Transient","floor":49,"turns":6},{"damage":3,"enemies":"Maw","floor":51,"turns":5},{"damage":37,"enemies":"Donu and Deca","floor":53,"turns":11},{"damage":52,"enemies":"Awakened One","floor":54,"turns":9}],"seed_played":"5006812568404695924","potions_obtained":[{"floor":1,"key":"Fire Potion"},{"floor":4,"key":"CunningPotion"},{"floor":11,"key":"BlessingOfTheForge"},{"floor":26,"key":"ColorlessPotion"},{"floor":31,"key":"Swift Potion"},{"floor":51,"key":"EssenceOfSteel"}],"is_trial":false,"path_per_floor":["M","M","?","M","M","R","E","R","T","T","E","?","M","R","?","R","B",null,"M","$","M","?","M","R","M","M","T","T","?","M","E","R","E","R","B",null,"M","M","?","$","M","E","R","E","T","T","M","?","M","R","M","R","B","B"],"character_chosen":"THE_SILENT","items_purchased":["Noxious Fumes"],"campfire_rested":1,"item_purchase_floors":[20],"current_hp_per_floor":[59,59,54,54,49,49,49,49,49,49,49,49,49,49,49,49,44,61,61,61,61,66,66,66,64,64,64,64,64,64,64,64,55,55,55,70,72,59,61,61,55,57,57,49,49,49,46,46,47,47,46,72,47,0,0],"gold":0,"neow_bonus":"BOSS_RELIC","is_daily":false,"chose_seed":false,"campfire_upgraded":8,"win_rate":0.0,"timestamp":1613617461,"path_taken":["M","M","?","M","M","R","E","R","T","E","?","M","R","?","R","BOSS","M","$","M","?","?","R","M","M","T","?","M","E","R","E","R","BOSS","M","M","?","?","M","E","R","E","T","M","?","M","R","?","R","BOSS","BOSS"],"items_purchased_type":["Card"],"build_version":"2020-12-22","purchased_purges":0,"victory":false,"max_hp_per_floor":[66,66,66,66,66,66,66,66,66,66,66,66,66,66,66,66,66,66,66,66,66,66,66,66,66,66,66,66,66,66,66,66,66,66,66,73,75,75,77,77,79,81,81,83,83,83,83,83,85,85,87,87,87,87,87],"card_choices":[{"not_picked":["Distraction","Backflip"],"picked":"Reflex","floor":1},{"not_picked":["Cloak And Dagger","Dagger Spray"],"picked":"Prepared","floor":2},{"not_picked":["Blur","Dodge and Roll"],"picked":"Dagger Throw","floor":4},{"not_picked":["Heel Hook","Terror"],"picked":"Tactician","floor":5},{"not_picked":["All Out Attack","Tactician"],"picked":"After Image","floor":7},{"not_picked":["Predator","Backflip"],"picked":"Blur","floor":11},{"not_picked":["Dagger Spray","Acrobatics"],"picked":"Underhanded Strike","floor":13},{"not_picked":["Grand Finale","A Thousand Cuts"],"picked":"Burst","floor":17},{"not_picked":["Terror","PiercingWail"],"picked":"Eviscerate","floor":19},{"not_picked":["Outmaneuver","Slice"],"picked":"Tactician","floor":23},{"not_picked":["Prepared","Deadly Poison"],"picked":"Dagger Throw","floor":25},{"not_picked":["Slice","Acrobatics"],"picked":"Tools of the Trade","floor":26},{"not_picked":["Deflect","Grand Finale"],"picked":"Noxious Fumes","floor":31},{"not_picked":["Unload","Grand Finale"],"picked":"Burst","floor":35},{"not_picked":["Deadly Poison","Poisoned Stab"],"picked":"Deflect+1","floor":38},{"not_picked":["All Out Attack+1","Tactician+1"],"picked":"PiercingWail","floor":47}],"player_experience":839629,"relics_obtained":[{"floor":7,"key":"CaptainsWheel"},{"floor":9,"key":"Gambling Chip"},{"floor":11,"key":"Vajra"},{"floor":27,"key":"Pen Nib"},{"floor":31,"key":"Smiling Mask"},{"floor":33,"key":"Meat on the Bone"},{"floor":36,"key":"Strawberry"},{"floor":36,"key":"Singing Bowl"},{"floor":36,"key":"TungstenRod"},{"floor":42,"key":"Oddly Smooth Stone"},{"floor":44,"key":"Potion Belt"}],"event_choices":[{"damage_healed":0,"gold_gain":0,"player_choice":"Success","damage_taken":5,"relics_obtained":["Du-Vu Doll"],"max_hp_gain":0,"max_hp_loss":0,"event_name":"Scrap Ooze","floor":3,"gold_loss":0},{"damage_healed":0,"gold_gain":150,"player_choice":"AGREE","damage_taken":0,"max_hp_gain":0,"max_hp_loss":0,"event_name":"Liars Game","floor":12,"gold_loss":0,"cards_obtained":["Doubt"]},{"damage_healed":0,"gold_gain":0,"player_choice":"Box","damage_taken":0,"relics_obtained":["Paper Crane"],"max_hp_gain":0,"max_hp_loss":0,"event_name":"Big Fish","floor":15,"gold_loss":0,"cards_obtained":["Regret"]},{"cards_removed":["Prepared"],"damage_healed":5,"gold_gain":0,"player_choice":"Offered Common","damage_taken":0,"max_hp_gain":0,"max_hp_loss":0,"event_name":"Bonfire Elementals","floor":22,"gold_loss":0},{"cards_removed":["Prepared"],"damage_healed":5,"gold_gain":0,"player_choice":"Offered Special","damage_taken":0,"max_hp_gain":0,"max_hp_loss":0,"event_name":"Bonfire Elementals","floor":22,"gold_loss":0},{"damage_healed":0,"gold_gain":0,"player_choice":"Ignored","damage_taken":0,"max_hp_gain":0,"max_hp_loss":0,"event_name":"N\u0027loth","floor":29,"gold_loss":0},{"damage_healed":0,"gold_gain":0,"player_choice":"Memory 1","damage_taken":0,"max_hp_gain":0,"max_hp_loss":0,"event_name":"SensoryStone","floor":39,"gold_loss":0},{"damage_healed":0,"gold_gain":50,"player_choice":"Pray","damage_taken":0,"max_hp_gain":0,"max_hp_loss":0,"event_name":"Golden Shrine","floor":48,"gold_loss":0}],"is_beta":false,"boss_relics":[{"not_picked":["Black Star","Empty Cage"],"picked":"Runic Pyramid"},{"not_picked":["Runic Dome","Coffee Dripper"],"picked":"Calling Bell"}],"items_purged_floors":[],"is_endless":false,"potions_floor_spawned":[1,4,11,13,17,26,31,38,51],"killed_by":"Awakened One","ascension_level":20}}