{"host":"bpr07pynnqpe5ded","time":1613678949,"event":{"mods":["2.2 Compatiblity","Aspiration","BaseMod","Better Note","Better Third Choice","BetterRewards","Downfall","Infinite Spire","Jorbs\u0027s Wanderer Trilogy","Minty Spire (QoL Compilation)","Replay The Spire","Shop Mod","StSLib","The Marked","??????REMEMod"],"gold_per_floor":[117,117,192,192,211,211,240,240,240,252,265,275,308,368,368,473,473,489,508,518,518,537,567,567,567,594,594,594,604,145,160,160,305,305,325,370,560,460,475,475,487,501,501,501,501,501,501,517,517,612,612,628,628,632,373,387,387,387,405,405,425,425,525,526,541,541,594,594,589,582,582,593,381,380,374,356,356,356,344,344,354,358,358,418,418,401,388,388,383,365,365,376,376,376,379,92,96,96,73,73,156,156,156],"floor_reached":102,"language":"ENG","playtime":6998,"items_purged":["Defend_G","Strike_G","Defend_G"],"score":2683,"play_id":"33fca545-c34e-4aa4-a0da-ad88bb808a33","local_time":"20210218200909","is_ascension_mode":false,"campfire_choices":[{"data":"ReplayTheSpireMod:Brewmster","floor":6,"key":"SMITH"},{"floor":8,"key":"REST"},{"floor":15,"key":"DIG"},{"floor":25,"key":"REST"},{"floor":32,"key":"REST"},{"floor":40,"key":"REST"},{"floor":44,"key":"RECALL"},{"data":"REME_ShadowForm","floor":47,"key":"SMITH"},{"floor":49,"key":"REST"},{"data":"Noxious Fumes","floor":66,"key":"SMITH"},{"data":"Neutralize","floor":80,"key":"SMITH"},{"data":"Quick Slash","floor":83,"key":"SMITH"},{"data":"REME_CopyPotion","floor":91,"key":"SMITH"},{"data":"Grand Finale","floor":93,"key":"SMITH"},{"floor":100,"key":"DIG"}],"circlet_count":0,"master_deck":["Strike_G+1","Survivor+1","Neutralize+1","ReplayTheSpireMod:Brewmster+1","Noxious Fumes+1","Backstab+1","REME_ShadowForm+1","Noxious Fumes+1","Backstab+1","REME_CopyPotion+1","Quick Slash+1","REME_CopyPotion+1","Grand Finale+1"],"relics":["Ring of the Snake","REME_ComplimentaryCards","aspiration:BabyByrd","ReplayTheSpireMod:Lightbulb","infinitespire:Broken Mirror","HornCleat","Painkiller Herb","aspiration:Lifesprig","Chameleon Ring","aspiration:ChemicalBlood","SacredBark","aspiration:AnachronicSnailShell","Replay:Towering Pillar of Hats","Gambling Chip","MerchantsRug","Matryoshka","Regal Pillow","infinitespire:WardingShard","Snake Skull","Replay:Drink Me","Black Star","Singing Bowl","aspiration:HummingbirdHeart","Bird Faced Urn","infinitespire:EmpoweringShard","aspiration:VileToxins","Omamori","infinitespire:ShieldingShard","Vajra","HoveringKite","CaptainsWheel","Mercury Hourglass","Guardian:PocketSentry","Shovel","infinitespire:EvilPickle","CeramicFish","REME_PoisonedDagger","REME_HourglassOfDeath","Coffee Dripper"],"acts_visited":["Exordium","TheCity","TheBeyond","Exordium","TheCity","TheBeyond","Exordium"],"potions_floor_usage":[1,1,5,7,7,7,7,11,12,13,13,13,13,13,16,16,16,16,16,16,16,16,16,18,18,19,19,20,22,23,23,23,23,29,29,29,29,31,31,33,33,33,33,35,35,36,36,36,37,37,37,37,37,37,37,37,37,37,37,39,39,41,41,41,42,42,48,48,50,50,50,50,50,50,50,50,50,50,52,52,57,57,64,65,67,67,67,69,70,72,74,74,74,75,75,75,76,76,76,76,76,76,76,76,76,79,79,81,81,84,84,84,84,86,89,89,90,90,92,95,97,97,97,97,99,99,101],"damage_taken":[{"damage":0,"enemies":"Jaw Worm","floor":1,"turns":7},{"damage":2,"enemies":"Small Slimes","floor":5,"turns":4},{"damage":16,"enemies":"Gremlin Nob","floor":7,"turns":4},{"damage":0,"enemies":"2 Louse","floor":10,"turns":1},{"damage":3,"enemies":"Large Slime","floor":11,"turns":8},{"damage":7,"enemies":"Blue Slaver","floor":12,"turns":3},{"damage":5,"enemies":"3 Sentries","floor":13,"turns":9},{"damage":19,"enemies":"The Guardian","floor":16,"turns":9},{"damage":3,"enemies":"Shell Parasite","floor":18,"turns":6},{"damage":10,"enemies":"2 Thieves","floor":19,"turns":3},{"damage":9,"enemies":"Snecko","floor":20,"turns":3},{"damage":11,"enemies":"Snake Plant","floor":22,"turns":3},{"damage":33,"enemies":"Book of Stabbing","floor":23,"turns":8},{"damage":0,"enemies":"Sentry and Sphere","floor":29,"turns":6},{"damage":0,"enemies":"Shelled Parasite and Fungi","floor":31,"turns":4},{"damage":12,"enemies":"Champ","floor":33,"turns":8},{"damage":9,"enemies":"3 Shapes","floor":35,"turns":4},{"damage":15,"enemies":"2 Orb Walkers","floor":36,"turns":3},{"damage":11,"enemies":"infinitespire:Three Voidlings","floor":37,"turns":6},{"damage":39,"enemies":"Nightmare_Alpha","floor":37,"turns":11},{"damage":0,"enemies":"3 Darklings","floor":39,"turns":4},{"damage":1,"enemies":"Sphere and 2 Shapes","floor":41,"turns":7},{"damage":0,"enemies":"Writhing Mass","floor":42,"turns":4},{"damage":0,"enemies":"3 Darklings","floor":48,"turns":3},{"damage":30,"enemies":"Awakened One","floor":50,"turns":11},{"damage":0,"enemies":"Cultist","floor":52,"turns":1},{"damage":0,"enemies":"Jaw Worm","floor":54,"turns":1},{"damage":0,"enemies":"Small Slimes","floor":56,"turns":1},{"damage":7,"enemies":"3 Sentries","floor":57,"turns":5},{"damage":0,"enemies":"Looter","floor":59,"turns":1},{"damage":0,"enemies":"Gremlin Nob","floor":61,"turns":3},{"damage":0,"enemies":"Large Slime","floor":64,"turns":3},{"damage":0,"enemies":"3 Louse","floor":65,"turns":1},{"damage":11,"enemies":"Hexaghost","floor":67,"turns":4},{"damage":0,"enemies":"2 Thieves","floor":69,"turns":2},{"damage":0,"enemies":"Chosen","floor":70,"turns":3},{"damage":0,"enemies":"Snake Plant","floor":72,"turns":1},{"damage":0,"enemies":"Book of Stabbing","floor":74,"turns":5},{"damage":0,"enemies":"3 Cultists","floor":75,"turns":4},{"damage":4,"enemies":"Nightmare","floor":76,"turns":9},{"damage":0,"enemies":"Cultist and Chosen","floor":79,"turns":4},{"damage":0,"enemies":"Book of Stabbing","floor":81,"turns":4},{"damage":0,"enemies":"Snake Plant","floor":82,"turns":2},{"damage":0,"enemies":"Pondfish","floor":84,"turns":6},{"damage":0,"enemies":"3 Darklings","floor":86,"turns":3},{"damage":0,"enemies":"3 Shapes","floor":87,"turns":2},{"damage":0,"enemies":"Jaw Worm Horde","floor":89,"turns":3},{"damage":0,"enemies":"Maw","floor":90,"turns":4},{"damage":0,"enemies":"Sphere and 2 Shapes","floor":92,"turns":1},{"damage":0,"enemies":"Reptomancer","floor":95,"turns":2},{"damage":0,"enemies":"R_Hoarder","floor":97,"turns":2},{"damage":0,"enemies":"Transient","floor":99,"turns":4},{"damage":0,"enemies":"Awakened One","floor":101,"turns":3}],"seed_played":"5793977684520331503","potions_obtained":[{"floor":10,"key":"Block Potion"},{"floor":16,"key":"DistilledChaos"},{"floor":22,"key":"DistilledChaos"},{"floor":28,"key":"DuplicationPotion"},{"floor":33,"key":"CunningPotion"},{"floor":39,"key":"Ancient Potion"},{"floor":42,"key":"Explosive Potion"},{"floor":56,"key":"Elixir"},{"floor":65,"key":"Elixir"},{"floor":74,"key":"Strength Potion"},{"floor":90,"key":"Poison Potion"},{"floor":92,"key":"Weak Potion"},{"floor":97,"key":"CunningPotion"}],"is_trial":false,"path_per_floor":["M","?","?","?","M","R","E","R","T","M","M","M","E","?","R","B",null,"?","?","?","AVR","?","E","?","T","T","?","?","?","T","?","T","B",null,"?","?","?","T","?","T","?","?","T","T","?","?","T","?","T","B",null,"?","?","?","T","?","E","?","?","T","E","?","?","?","?","T","B",null,"?","?","AVR","?","T","E","?","NM","T","T","?","T","E","?","T","B",null,"?","?","?","?","?","T","?","T","T","E","T","E","?","?","T","B",null],"character_chosen":"THE_SILENT","items_purchased":["Chameleon Ring","aspiration:ChemicalBlood","MerchantsRug","Singing Bowl","Shovel"],"campfire_rested":5,"item_purchase_floors":[30,30,55,73,96],"current_hp_per_floor":[70,70,59,34,32,32,30,51,51,51,48,41,36,36,36,17,70,67,57,48,48,37,4,4,25,25,25,25,25,25,25,46,34,70,61,46,20,20,20,45,44,44,44,44,44,44,44,44,69,81,85,85,85,85,85,85,78,61,61,61,61,61,61,61,61,61,50,64,64,64,64,64,64,66,68,68,68,68,74,74,74,76,76,76,76,78,80,80,82,82,82,84,84,84,86,88,90,85,87,87,89,89,89],"gold":156,"neow_bonus":"REMOVE_CARD","is_daily":false,"chose_seed":false,"campfire_upgraded":7,"win_rate":0.0,"timestamp":1613678949,"path_taken":["M","?","?","?","M","R","E","R","T","M","M","M","E","?","R","BOSS","?","?","?","AVR","?","E","?","T","T","?","?","?","T","?","T","BOSS","?","?","?","T","?","T","?","?","T","T","?","?","T","?","T","BOSS","?","?","?","T","?","E","?","?","T","E","?","?","?","?","T","BOSS","?","?","AVR","?","?","E","?","NM","T","T","?","T","E","?","T","BOSS","?","?","?","?","?","T","?","T","T","E","T","E","?","?","T","BOSS"],"items_purchased_type":["Relic","Relic","Relic","Relic","Relic"],"build_version":"2020-12-22","purchased_purges":3,"victory":false,"max_hp_per_floor":[70,70,70,70,70,70,70,70,70,70,70,70,70,70,70,70,70,70,70,70,70,70,70,70,70,70,70,70,70,70,70,70,70,70,70,70,85,85,85,85,85,85,85,85,85,85,85,85,85,85,85,85,85,85,85,85,85,85,85,85,85,85,85,85,85,85,85,64,64,64,64,64,64,66,68,72,72,72,74,74,74,76,76,76,76,78,80,80,82,82,82,84,84,84,86,88,90,85,87,87,89,89,89],"card_choices":[{"not_picked":["Prepared","Blade Dance"],"picked":"Noxious Fumes","floor":1},{"not_picked":["Dagger Spray","Deadly Poison"],"picked":"Backstab","floor":5},{"not_picked":["ReplayTheSpireMod:Tripwire","Setup","Concentrate"],"picked":"SKIP","floor":7},{"not_picked":["Distraction","Dagger Spray","Prepared"],"picked":"SKIP","floor":10},{"not_picked":["Reflex","Dagger Throw","Flying Knee"],"picked":"SKIP","floor":11},{"not_picked":["Bouncing Flask","Bullet Time","Predator"],"picked":"SKIP","floor":12},{"not_picked":["Leg Sweep","Heel Hook","Underhanded Strike"],"picked":"SKIP","floor":13},{"not_picked":["Replay:Bag of Tricks","Bullet Time"],"picked":"REME_ShadowForm","floor":16},{"not_picked":["Eviscerate+1","Toxin Wave","Deflect+1"],"picked":"SKIP","floor":18},{"not_picked":["Prepared","Heel Hook+1","Underhanded Strike+1"],"picked":"SKIP","floor":19},{"not_picked":["Bane","Prepared","Quick Slash+1"],"picked":"SKIP","floor":20},{"not_picked":["Sucker Punch","Dagger Throw","ReplayTheSpireMod:Shiv Toss"],"picked":"SKIP","floor":22},{"not_picked":["Prepared","A Thousand Cuts","Sucker Punch+1"],"picked":"SKIP","floor":23},{"not_picked":["Prepared","Quick Slash","Leg Sweep"],"picked":"SKIP","floor":29},{"not_picked":["Draining Mist","Reflex","Bane"],"picked":"SKIP","floor":31},{"not_picked":["Outmaneuver+1","PiercingWail","Quick Slash"],"picked":"SKIP","floor":35},{"not_picked":["Dagger Throw+1","Cloak And Dagger"],"picked":"Noxious Fumes+1","floor":39},{"not_picked":["Night Terror","Sucker Punch","Quick Slash"],"picked":"SKIP","floor":41},{"not_picked":["Sucker Punch","Dagger Spray","Blur"],"picked":"SKIP","floor":42},{"not_picked":["Prepared","Underhanded Strike+1","Blade Dance+1"],"picked":"SKIP","floor":48},{"not_picked":["Bane","Dagger Spray","Dagger Throw"],"picked":"SKIP","floor":52},{"not_picked":["Poisoned Stab","Cloak And Dagger","Catalyst"],"picked":"SKIP","floor":54},{"not_picked":["Bane","Deflect","Poisoned Stab"],"picked":"SKIP","floor":56},{"not_picked":["REME_ShadowStrike","Prepared"],"picked":"REME_CopyPotion","floor":57},{"not_picked":["Poisoned Stab","Acrobatics","ReplayTheSpireMod:Shiv Toss"],"picked":"SKIP","floor":59},{"not_picked":["Sucker Punch","Heel Hook","PiercingWail"],"picked":"SKIP","floor":61},{"not_picked":["Outmaneuver","Underhanded Strike","Burst"],"picked":"SKIP","floor":64},{"not_picked":["Blade Dance","Slice","Hidden Blade"],"picked":"SKIP","floor":65},{"not_picked":["Backflip","Prepared","Outmaneuver"],"picked":"SKIP","floor":69},{"not_picked":["Riddle With Holes","Slice","Hidden Blade+1"],"picked":"SKIP","floor":70},{"not_picked":["Slice","Outmaneuver","Footwork+1"],"picked":"SKIP","floor":72},{"not_picked":["Crippling Poison","Blur","Backstab"],"picked":"Singing Bowl","floor":74},{"not_picked":["Blade Dance+1","Backflip+1","Underhanded Strike"],"picked":"Singing Bowl","floor":75},{"not_picked":["infinitespire:TheBestDefense","infinitespire:Gouge","infinitespire:Execution"],"picked":"Singing Bowl","floor":76},{"not_picked":["Fluid Movement","Dagger Throw+1","Dagger Spray"],"picked":"Singing Bowl","floor":76},{"not_picked":["Bane","Dagger Spray","Outmaneuver+1"],"picked":"Singing Bowl","floor":79},{"not_picked":["Setup","Terror+1"],"picked":"Quick Slash","floor":81},{"not_picked":["Quick Slash","Noxious Fumes","ReplayTheSpireMod:Exploit Weakness"],"picked":"Singing Bowl","floor":82},{"not_picked":["Storm of Steel","Bullet Time"],"picked":"REME_CopyPotion","floor":84},{"not_picked":["Dodge and Roll+1","Terror","Underhanded Strike"],"picked":"Singing Bowl","floor":86},{"not_picked":["All Out Attack","Blade Dance+1","Bouncing Flask"],"picked":"Singing Bowl","floor":87},{"not_picked":["Dash","Underhanded Strike","Dagger Spray"],"picked":"Singing Bowl","floor":89},{"not_picked":["Slice+1","Deflect+1"],"picked":"Grand Finale","floor":90},{"not_picked":["Fluid Movement+1","Distraction+1","Prepared+1"],"picked":"Singing Bowl","floor":92},{"not_picked":["Dagger Throw","Acrobatics","Quick Slash"],"picked":"Singing Bowl","floor":95},{"not_picked":["infinitespire:DeathsTouch","infinitespire:Fortify","ReplayTheSpireMod:Chaos Vortex"],"picked":"Singing Bowl","floor":96},{"not_picked":["Cloak And Dagger","Sneak Up","Acrobatics+1"],"picked":"Singing Bowl","floor":97},{"not_picked":["Backstab+1","Blade Dance+1","Tactician"],"picked":"Singing Bowl","floor":99},{"not_picked":["Bullet Time","Storm of Steel","Die Die Die"],"picked":"Singing Bowl","floor":101}],"player_experience":1148993,"relics_obtained":[{"floor":7,"key":"infinitespire:Broken Mirror"},{"floor":13,"key":"HornCleat"},{"floor":15,"key":"REME_HandOfSuture"},{"floor":23,"key":"aspiration:Lifesprig"},{"floor":26,"key":"Whetstone"},{"floor":36,"key":"aspiration:AnachronicSnailShell"},{"floor":37,"key":"Replay:Towering Pillar of Hats"},{"floor":43,"key":"Gambling Chip"},{"floor":57,"key":"Matryoshka"},{"floor":60,"key":"Regal Pillow"},{"floor":60,"key":"infinitespire:WardingShard"},{"floor":61,"key":"Snake Skull"},{"floor":74,"key":"aspiration:HummingbirdHeart"},{"floor":74,"key":"Bird Faced Urn"},{"floor":76,"key":"infinitespire:EmpoweringShard"},{"floor":76,"key":"aspiration:VileToxins"},{"floor":77,"key":"Omamori"},{"floor":81,"key":"infinitespire:ShieldingShard"},{"floor":81,"key":"Vajra"},{"floor":94,"key":"CaptainsWheel"},{"floor":95,"key":"Mercury Hourglass"},{"floor":95,"key":"Guardian:PocketSentry"},{"floor":97,"key":"CeramicFish"},{"floor":97,"key":"REME_PoisonedDagger"},{"floor":100,"key":"REME_HourglassOfDeath"}],"event_choices":[{"damage_healed":0,"gold_gain":75,"player_choice":"Gold","damage_taken":11,"max_hp_gain":0,"max_hp_loss":0,"event_name":"betterThird:BetterGoop","floor":3,"gold_loss":0},{"damage_healed":0,"gold_gain":0,"player_choice":"Relic ","damage_taken":25,"max_hp_gain":0,"max_hp_loss":0,"event_name":"betterThird:BetterScrap","floor":4,"gold_loss":0,"cards_obtained":["Feel No Pain"]},{"damage_healed":0,"gold_gain":60,"player_choice":"Gained Gold","damage_taken":0,"max_hp_gain":0,"max_hp_loss":0,"event_name":"Golden Wing","floor":14,"gold_loss":0},{"cards_removed":["Defend_G"],"damage_healed":0,"gold_gain":0,"player_choice":"Purged","damage_taken":0,"max_hp_gain":0,"max_hp_loss":0,"event_name":"Purifier","floor":24,"gold_loss":0},{"damage_healed":0,"gold_gain":0,"cards_transformed":["Strike_G"],"player_choice":"Transformed","damage_taken":0,"max_hp_gain":0,"max_hp_loss":0,"event_name":"Transmorgrifier","floor":27,"gold_loss":0,"cards_obtained":["Footwork"]},{"damage_healed":0,"gold_gain":0,"player_choice":"Got Potions","damage_taken":0,"max_hp_gain":0,"max_hp_loss":0,"event_name":"Lab","floor":28,"gold_loss":0},{"damage_healed":0,"gold_gain":0,"player_choice":"Fight","damage_taken":0,"max_hp_gain":0,"max_hp_loss":0,"event_name":"Mysterious Sphere","floor":36,"gold_loss":0},{"damage_healed":0,"gold_gain":0,"player_choice":"Ignored","damage_taken":0,"max_hp_gain":0,"max_hp_loss":0,"event_name":"Tomb of Lord Red Mask","floor":45,"gold_loss":0},{"damage_healed":0,"gold_gain":0,"player_choice":"Copied","damage_taken":0,"max_hp_gain":0,"max_hp_loss":0,"event_name":"Duplicator","floor":46,"gold_loss":0,"cards_obtained":["Backstab"]},{"cards_removed":["Footwork"],"damage_healed":0,"gold_gain":0,"player_choice":"Offered Uncommon","damage_taken":0,"max_hp_gain":0,"max_hp_loss":0,"event_name":"Bonfire Elementals","floor":53,"gold_loss":0},{"damage_healed":78,"gold_gain":0,"player_choice":"Upgrade","damage_taken":17,"max_hp_gain":0,"max_hp_loss":85,"event_name":"betterThird:BetterShining","floor":58,"gold_loss":0,"cards_upgraded":["Survivor","Defend_G"]},{"damage_healed":0,"gold_gain":0,"player_choice":"Grow","damage_taken":0,"max_hp_gain":0,"max_hp_loss":0,"event_name":"Living Wall","floor":62,"gold_loss":0,"cards_upgraded":["REME_CopyPotion"]},{"damage_healed":0,"gold_gain":100,"player_choice":"Gold","damage_taken":0,"max_hp_gain":0,"max_hp_loss":0,"event_name":"Wheel of Change","floor":63,"gold_loss":0},{"damage_healed":0,"gold_gain":0,"player_choice":"Max HP","damage_taken":0,"max_hp_gain":0,"max_hp_loss":5,"event_name":"Winding Halls","floor":98,"gold_loss":0}],"is_beta":false,"boss_relics":[{"not_picked":["Snecko Eye","Runic Pyramid"],"picked":"Painkiller Herb"},{"not_picked":["ReplayTheSpireMod:SealedPack","Pandora\u0027s Box"],"picked":"SacredBark"},{"not_picked":["Abe\u0027s Treasure","Honey Jar","Velvet Choker"]},{"not_picked":["ChewingGum","Sozu"],"picked":"Replay:Drink Me"},{"not_picked":["Kintsugi","Astrolabe"],"picked":"HoveringKite"},{"not_picked":["WristBlade","aspiration:SecretTechniqueScroll"],"picked":"Coffee Dripper"}],"items_purged_floors":[30,38,55],"is_endless":true,"potions_floor_spawned":[10,11,12,16,19,22,33,37,39,42,56,59,61,65,70,74,84,90,92,95,97,101],"ascension_level":0}}