{"host":"pdq28s6637cpsst2","time":1613668576,"event":{"mods":["BaseMod","Colored Map","Colored Powertips","Highlight Path","Minty Spire (QoL Compilation)","Permanent Neow","Quick Restart","StSLib"],"gold_per_floor":[115,135,149,149,159,187,187,214,214,214,232,252,269,302,302,402,402,402,402,402,402,402,402,402,402,402,402,402,402,402,78,78,78,78,78,78,78,78,78,78,78,78,78,78,78,78,78,78,78,78],"floor_reached":51,"language":"ENG","playtime":5402,"items_purged":["Strike_G"],"score":1087,"play_id":"e4d965ad-4345-4047-90d2-768e51b0d7d7","local_time":"20210218121616","is_ascension_mode":true,"campfire_choices":[{"floor":7.0,"key":"REST"},{"data":"Strike_G","floor":10.0,"key":"PURGE"},{"data":"Wraith Form v2","floor":15.0,"key":"SMITH"},{"floor":29.0,"key":"REST"},{"data":"Terror","floor":32.0,"key":"SMITH"},{"data":"Strike_G","floor":40.0,"key":"PURGE"},{"data":"Strike_G","floor":46.0,"key":"PURGE"},{"data":"After Image","floor":49.0,"key":"SMITH"}],"circlet_count":0,"master_deck":["Defend_G","Defend_G","Defend_G","Defend_G","Defend_G","Survivor","Neutralize+1","Underhanded Strike","Dagger Throw","Dagger Throw","PiercingWail","Backstab","Underhanded Strike","Cloak And Dagger","Dagger Spray","Wraith Form v2+1","After Image+1","Terror+1","Quick Slash+1","Blade Dance","Footwork+1","Blade Dance","Dash","Crippling Poison+1","After Image","Cloak And Dagger"],"relics":["Ring of the Snake","Mango","Ninja Scroll","Peace Pipe","Lizard Tail","Ectoplasm","MawBank","Du-Vu Doll","White Beast Statue","Eternal Feather","Busted Crown","Incense Burner","Gremlin Horn","MealTicket","TungstenRod","Sundial"],"acts_visited":["Exordium","TheCity","TheBeyond"],"potions_floor_usage":[50,50,50],"damage_taken":[{"damage":0.0,"enemies":"Jaw Worm","floor":1.0,"turns":3.0},{"damage":0.0,"enemies":"Cultist","floor":2.0,"turns":4.0},{"damage":0.0,"enemies":"Small Slimes","floor":3.0,"turns":2.0},{"damage":0.0,"enemies":"2 Fungi Beasts","floor":5.0,"turns":3.0},{"damage":13.0,"enemies":"3 Sentries","floor":6.0,"turns":11.0},{"damage":19.0,"enemies":"Gremlin Nob","floor":8.0,"turns":5.0},{"damage":0.0,"enemies":"Exordium Thugs","floor":11.0,"turns":4.0},{"damage":0.0,"enemies":"Blue Slaver","floor":12.0,"turns":1.0},{"damage":0.0,"enemies":"Looter","floor":13.0,"turns":3.0},{"damage":8.0,"enemies":"Lagavulin","floor":14.0,"turns":5.0},{"damage":13.0,"enemies":"Hexaghost","floor":16.0,"turns":12.0},{"damage":3.0,"enemies":"3 Byrds","floor":18.0,"turns":4.0},{"damage":2.0,"enemies":"Chosen","floor":19.0,"turns":4.0},{"damage":5.0,"enemies":"Snake Plant","floor":22.0,"turns":3.0},{"damage":11.0,"enemies":"Gremlin Leader","floor":23.0,"turns":5.0},{"damage":0.0,"enemies":"Chosen and Byrds","floor":24.0,"turns":4.0},{"damage":11.0,"enemies":"Slavers","floor":25.0,"turns":4.0},{"damage":1.0,"enemies":"Cultist and Chosen","floor":27.0,"turns":9.0},{"damage":6.0,"enemies":"3 Cultists","floor":28.0,"turns":5.0},{"damage":7.0,"enemies":"Snake Plant","floor":30.0,"turns":7.0},{"damage":42.0,"enemies":"Champ","floor":33.0,"turns":17.0},{"damage":0.0,"enemies":"3 Darklings","floor":35.0,"turns":4.0},{"damage":13.0,"enemies":"2 Orb Walkers","floor":36.0,"turns":6.0},{"damage":0.0,"enemies":"Orb Walker","floor":37.0,"turns":4.0},{"damage":0.0,"enemies":"Spire Growth","floor":38.0,"turns":5.0},{"damage":4.0,"enemies":"Jaw Worm Horde","floor":39.0,"turns":5.0},{"damage":20.0,"enemies":"Reptomancer","floor":41.0,"turns":9.0},{"damage":0.0,"enemies":"Nemesis","floor":44.0,"turns":9.0},{"damage":2.0,"enemies":"Maw","floor":45.0,"turns":9.0},{"damage":0.0,"enemies":"Reptomancer","floor":47.0,"turns":9.0},{"damage":1.0,"enemies":"4 Shapes","floor":48.0,"turns":4.0},{"damage":96,"enemies":"Time Eater","floor":50,"turns":16}],"seed_played":"-8858858277848257853","potions_obtained":[{"floor":3.0,"key":"PowerPotion"},{"floor":11.0,"key":"DistilledChaos"},{"floor":12.0,"key":"Fire Potion"},{"floor":14.0,"key":"Weak Potion"},{"floor":16.0,"key":"SkillPotion"},{"floor":19.0,"key":"Strength Potion"},{"floor":22.0,"key":"AttackPotion"},{"floor":27.0,"key":"SkillPotion"},{"floor":28.0,"key":"EssenceOfSteel"},{"floor":30.0,"key":"Fire Potion"},{"floor":33.0,"key":"Dexterity Potion"},{"floor":35.0,"key":"SteroidPotion"},{"floor":36.0,"key":"ColorlessPotion"},{"floor":37.0,"key":"DistilledChaos"},{"floor":38.0,"key":"Fire Potion"},{"floor":41.0,"key":"SteroidPotion"}],"is_trial":false,"path_per_floor":["M","M","M","?","M","E","R","E","T","R","M","M","M","E","R","B",null,"M","M","?","?","M","E","M","E","T","M","M","R","M","$","R","B",null,"M","?","M","M","M","R","E","?","T","E","M","R","E","M","R","B",null],"character_chosen":"THE_SILENT","items_purchased":["Eternal Feather"],"campfire_rested":2,"item_purchase_floors":[31],"current_hp_per_floor":[63,63,63,63,63,64,84,65,65,65,65,65,65,57,57,44,74,71,69,69,61,56,45,45,34,34,33,27,52,45,45,60,18,68,68,55,55,55,51,66,46,46,46,46,44,59,59,58,73,17],"gold":78,"neow_bonus":"TRANSFORM_CARD","is_daily":false,"chose_seed":false,"campfire_upgraded":3,"win_rate":0.0,"timestamp":1613668576,"path_taken":["M","M","M","?","?","E","R","E","T","R","?","M","M","E","R","BOSS","M","M","?","?","M","E","M","E","T","M","?","R","M","$","R","BOSS","M","?","M","M","M","R","E","?","T","E","M","R","E","M","R","BOSS"],"items_purchased_type":["Relic"],"build_version":"2020-12-22","purchased_purges":1,"victory":true,"max_hp_per_floor":[70,70,70,70,70,84,84,84,84,84,84,84,84,84,84,84,84,84,84,84,84,84,84,84,84,84,84,84,84,84,84,84,84,84,84,84,84,84,84,84,84,80,80,80,80,80,80,80,80,80],"card_choices":[{"not_picked":["Dash","Catalyst"],"picked":"Dagger Throw","floor":1.0},{"not_picked":["Acrobatics","Prepared"],"picked":"Dagger Throw","floor":2.0},{"not_picked":["Masterful Stab","Predator"],"picked":"PiercingWail","floor":3.0},{"not_picked":["Leg Sweep","Catalyst","Predator"],"picked":"SKIP","floor":5.0},{"not_picked":["Deflect","Bouncing Flask","Sucker Punch"],"picked":"SKIP","floor":6.0},{"not_picked":["Setup","A Thousand Cuts"],"picked":"Backstab","floor":8.0},{"not_picked":["Flying Knee","Blade Dance"],"picked":"Underhanded Strike","floor":11.0},{"not_picked":["Choke","Flying Knee"],"picked":"Cloak And Dagger","floor":12.0},{"not_picked":["Eviscerate","Cloak And Dagger"],"picked":"Dagger Spray","floor":13.0},{"not_picked":["PiercingWail","Backstab"],"picked":"Wraith Form v2","floor":14.0},{"not_picked":["Wraith Form v2","Unload"],"picked":"After Image","floor":16.0},{"not_picked":["Distraction","Deflect+1"],"picked":"Terror","floor":18.0},{"not_picked":["Dodge and Roll+1","Slice+1"],"picked":"Quick Slash+1","floor":19.0},{"not_picked":["Flechettes+1","Dagger Throw","Well Laid Plans"],"picked":"SKIP","floor":22.0},{"not_picked":["Prepared+1","Leg Sweep","Riddle With Holes"],"picked":"SKIP","floor":23.0},{"not_picked":["Setup","Acrobatics+1"],"picked":"Blade Dance","floor":24.0},{"not_picked":["Quick Slash","Prepared"],"picked":"Footwork+1","floor":25.0},{"not_picked":["Doppelganger","Masterful Stab"],"picked":"Blade Dance","floor":27.0},{"not_picked":["Endless Agony","Infinite Blades"],"picked":"Dash","floor":28.0},{"not_picked":["Flying Knee","Poisoned Stab"],"picked":"Crippling Poison+1","floor":30.0},{"not_picked":["Burst","Grand Finale"],"picked":"After Image","floor":33.0},{"not_picked":["Outmaneuver+1"],"picked":"SKIP","floor":35.0},{"not_picked":["Deadly Poison+1"],"picked":"SKIP","floor":37.0},{"not_picked":[],"picked":"Cloak And Dagger","floor":38.0},{"not_picked":["Bane+1"],"picked":"SKIP","floor":39.0},{"not_picked":["Expertise+1"],"picked":"SKIP","floor":41.0},{"not_picked":["Skewer"],"picked":"SKIP","floor":44.0},{"not_picked":["Eviscerate"],"picked":"SKIP","floor":45.0},{"not_picked":["Poisoned Stab"],"picked":"SKIP","floor":47.0},{"not_picked":["Quick Slash"],"picked":"SKIP","floor":48.0}],"player_experience":258391,"relics_obtained":[{"floor":6.0,"key":"Mango"},{"floor":8.0,"key":"Ninja Scroll"},{"floor":9.0,"key":"Peace Pipe"},{"floor":14.0,"key":"Lizard Tail"},{"floor":23.0,"key":"MawBank"},{"floor":25.0,"key":"Du-Vu Doll"},{"floor":26.0,"key":"White Beast Statue"},{"floor":36.0,"key":"Incense Burner"},{"floor":41.0,"key":"Gremlin Horn"},{"floor":43.0,"key":"MealTicket"},{"floor":44.0,"key":"TungstenRod"},{"floor":47.0,"key":"Sundial"}],"event_choices":[{"damage_healed":0.0,"max_hp_gain":0.0,"max_hp_loss":0.0,"gold_gain":0.0,"event_name":"Upgrade Shrine","player_choice":"Upgraded","floor":4.0,"gold_loss":0.0,"damage_taken":0.0,"cards_upgraded":["Neutralize"]},{"damage_healed":0.0,"max_hp_gain":0.0,"max_hp_loss":0.0,"gold_gain":0.0,"event_name":"Vampires","player_choice":"Ignored","floor":20.0,"gold_loss":0.0,"damage_taken":0.0},{"damage_healed":0.0,"max_hp_gain":0.0,"max_hp_loss":0.0,"gold_gain":0.0,"event_name":"Wheel of Change","player_choice":"Damaged","floor":21.0,"gold_loss":0.0,"damage_taken":8.0},{"damage_healed":0.0,"max_hp_gain":0.0,"max_hp_loss":0.0,"gold_gain":0.0,"event_name":"Mysterious Sphere","player_choice":"Fight","floor":36.0,"gold_loss":0.0,"damage_taken":0.0},{"damage_healed":0.0,"max_hp_gain":0.0,"max_hp_loss":4.0,"gold_gain":0.0,"event_name":"Winding Halls","player_choice":"Max HP","floor":42.0,"gold_loss":0.0,"damage_taken":0.0}],"is_beta":false,"boss_relics":[{"not_picked":["SlaversCollar","Fusion Hammer"],"picked":"Ectoplasm"},{"not_picked":["WristBlade","Cursed Key"],"picked":"Busted Crown"}],"items_purged_floors":[31],"is_endless":false,"potions_floor_spawned":[3,11,12,14,16,19,22,27,28,30,33,35,36,37,38,39,41,44,45,47,48],"ascension_level":7}}