{"host":"xumidyqji6pg2yy3","time":1613649150,"event":{"mods":["ATMod(阿瑾Mod)","BaseMod","Colored Map","Minty Spire (QoL Compilation)","MostiFishMod","Quick Restart","StSLib","[功能]功能增强和修复MOD"],"gold_per_floor":[112,112,128,1,1,35,45,76,76,110,110,61,61,61,61,323,323,336,356,285,300,114,148,49,75,120,152,152,184,122,136,136,417,417,435,446,325,325,197,224,234,269,304,304,335,335,352,367,367,367,367,367,252,286,286],"floor_reached":56,"language":"ZHS","playtime":5875,"items_purged":["Strike_B","Strike_B","Strike_B","Defend_B","Zap","Defend_B","Defend_B","Defend_B","Dualcast+1","Fusion","Redo+1","Finesse","Zap+1","AT_ShrugMaster","MostiFishMod:Distribution","Coolheaded+1","Consume","MostiFishMod:Overload","Writhe","Clumsy"],"score":2097,"play_id":"cd3158f9-2bbe-4388-a142-b88f973541cc","local_time":"20210218195230","is_ascension_mode":true,"campfire_choices":[{"data":"Dualcast","floor":11,"key":"SMITH"},{"data":"Coolheaded","floor":13,"key":"SMITH"},{"data":"Zap","floor":15,"key":"SMITH"},{"data":"MostiFishMod:ActiveDefenseSystem","floor":28,"key":"SMITH"},{"floor":32,"key":"RECALL"},{"data":"MostiFishMod:ReadyAimFire","floor":44,"key":"SMITH"},{"data":"MostiFishMod:Prepare","floor":46,"key":"SMITH"},{"data":"MostiFishMod:StrandedSiren","floor":49,"key":"SMITH"},{"data":"AT_ThunderBolt","floor":52,"key":"SMITH"}],"circlet_count":0,"master_deck":["AT_ThreeBodyProblem+1","MostiFishMod:ActiveDefenseSystem+1","Fusion+1","MostiFishMod:Overload+1","MostiFishMod:Prepare+1","CurseOfTheBell","MostiFishMod:StrandedSiren+1","AT_ThunderBolt+1","MostiFishMod:ReadyAimFire+1","Electrodynamics+1"],"relics":["AT_ATBox","DaveBox","ImprovedEquipment","Coffee Dripper","SynthV:TestCard","ArrowTower","WingedGreaves","Anchor","AT_GuinsooRageblade","Matryoshka","Tiny Chest","CaptainsWheel","Calling Bell","AT_Manta","Pantograph","Juzu Bracelet","TheAbacus","BirthdayGift-Icosahedron","Question Card","Mummified Hand","AT_SilvercatRing","Blood Vial","AT_ChloranthyRing","Bottled Lightning","Regal Pillow","AT_BellowingDragoncrestRing","Strawberry","Cursed Key","Emotion Chip","Bag of Preparation","BrkXgEgg","Medical Kit","Lizard Tail","AT_RedTearstoneRing","CeramicFish","Dream Catcher","Smiling Mask","AT_BladeRuinedKing","FossilizedHelix","AT_ForceNature","AT_EbonyIvory","TimeFreeze","Bird Faced Urn"],"acts_visited":["Exordium","TheCity","TheBeyond","TheEnding"],"potions_floor_usage":[],"damage_taken":[{"damage":2.0,"enemies":"Jaw Worm","floor":1.0,"turns":3.0},{"damage":0.0,"enemies":"Cultist","floor":3.0,"turns":4.0},{"damage":8.0,"enemies":"3 Sentries","floor":6.0,"turns":4.0},{"damage":0.0,"enemies":"Small Slimes","floor":7.0,"turns":3.0},{"damage":8,"enemies":"Lagavulin","floor":8,"turns":4},{"damage":3,"enemies":"3 Sentries","floor":10,"turns":4},{"damage":0,"enemies":"Hexaghost","floor":16,"turns":2},{"damage":0,"enemies":"Shell Parasite","floor":18,"turns":2},{"damage":2,"enemies":"Chosen","floor":19,"turns":2},{"damage":0,"enemies":"Snake Plant","floor":21,"turns":1},{"damage":0,"enemies":"Book of Stabbing","floor":23,"turns":1},{"damage":0,"enemies":"Slavers","floor":25,"turns":1},{"damage":0,"enemies":"Gremlin Leader","floor":27,"turns":1},{"damage":0,"enemies":"Book of Stabbing","floor":29,"turns":1},{"damage":0,"enemies":"Snecko","floor":31,"turns":1},{"damage":0,"enemies":"Collector","floor":33,"turns":1},{"damage":0,"enemies":"3 Shapes","floor":35,"turns":1},{"damage":0,"enemies":"Orb Walker","floor":36,"turns":1},{"damage":0,"enemies":"Giant Head","floor":40,"turns":1},{"damage":0,"enemies":"3 Darklings","floor":41,"turns":1},{"damage":0,"enemies":"Nemesis","floor":42,"turns":1},{"damage":0,"enemies":"Reptomancer","floor":45,"turns":1},{"damage":0,"enemies":"Transient","floor":47,"turns":1},{"damage":0,"enemies":"Spire Growth","floor":48,"turns":1},{"damage":0,"enemies":"Time Eater","floor":50,"turns":1},{"damage":0,"enemies":"Shield and Spear","floor":54,"turns":1},{"damage":0,"enemies":"The Heart","floor":55,"turns":3}],"seed_played":"595412837280314572","potions_obtained":[{"floor":1.0,"key":"SpeedPotion"},{"floor":3.0,"key":"CultistPotion"},{"floor":7.0,"key":"Ancient Potion"},{"floor":18,"key":"LiquidMemories"},{"floor":36,"key":"FocusPotion"}],"is_trial":false,"path_per_floor":["M","?","M","$","?","E","M","E","T","E","R","$","R","?","R","B",null,"M","M","$","M","$","E","?","E","T","E","R","E","$","M","R","B",null,"M","M","$","?","$","E","M","E","T","R","E","R","M","M","R","B",null,"R","$","E","B",null],"character_chosen":"DEFECT","items_purchased":["MostiFishMod:Distribution","Fusion","ArrowTower","MostiFishMod:Overload","TheAbacus","BirthdayGift-Icosahedron","Question Card","AT_BellowingDragoncrestRing","Emotion Chip","Bag of Preparation","BrkXgEgg","Medical Kit","Lizard Tail","AT_RedTearstoneRing","AT_ForceNature","AT_EbonyIvory","TimeFreeze"],"campfire_rested":0,"item_purchase_floors":[4,4,4,12,20,22,22,30,37,37,37,39,39,39,53,53,53],"current_hp_per_floor":[73,73,73,73,73,65,65,57,57,54,54,54,54,47,47,47,75,75,73,73,73,73,74,74,75,75,75,75,75,75,75,75,82,82,82,82,82,82,82,82,82,82,82,82,82,82,82,82,82,82,82,82,82,82,82],"gold":286,"neow_bonus":"BOSS_RELIC","is_daily":false,"chose_seed":false,"campfire_upgraded":8,"win_rate":0.0,"timestamp":1613649150,"path_taken":["M","?","?","$","?","E","?","E","T","E","R","$","R","?","R","BOSS","M","M","$","M","$","E","?","E","T","E","R","E","$","M","R","BOSS","M","M","$","?","$","E","M","E","T","R","E","R","M","M","R","BOSS","R","$","E","BOSS"],"items_purchased_type":["Card","Card","Relic","Card","Relic","Relic","Relic","Relic","Relic","Relic","Relic","Relic","Relic","Relic","Relic","Relic","Relic"],"build_version":"2020-12-22","purchased_purges":20,"victory":true,"max_hp_per_floor":[75,75,75,75,75,75,75,75,75,75,75,75,75,75,75,75,75,75,75,75,75,75,75,75,75,75,75,75,75,75,75,75,82,82,82,82,82,82,82,82,82,82,82,82,82,82,82,82,82,82,82,82,82,82,82],"card_choices":[{"not_picked":["Hologram","White Noise"],"picked":"AT_ThreeBodyProblem","floor":1.0},{"not_picked":["Gash","Ball Lightning","Rebound","Barrage","MostiFishMod:PushDownKick"],"picked":"SKIP","floor":3.0},{"not_picked":["Scrape","Compile Driver","Tempest","Cold Snap","AT_HeatAcrobatics"],"picked":"SKIP","floor":6.0},{"not_picked":["Self Repair","Leap","Conserve Battery","Beam Cell"],"picked":"MostiFishMod:ActiveDefenseSystem","floor":7.0},{"not_picked":["MostiFishMod:LinkProtocol","Go for the Eyes","Undo","Rebound"],"picked":"Fusion","floor":8},{"not_picked":["Go for the Eyes","Stack","Defragment","MostiFishMod:DeathFromBelow"],"picked":"Coolheaded","floor":10},{"not_picked":["MostiFishMod:TalkingToTheRain","Buffer","Seek","Reboot"],"picked":"MostiFishMod:Prepare","floor":16},{"not_picked":["Chill","Scrape","Go for the Eyes","Coolheaded+1"],"picked":"Redo+1","floor":18},{"not_picked":["Heatsinks+1","AT_HeatAcrobatics","MostiFishMod:PushDownKick","MostiFishMod:Nova","Conserve Battery+1"],"picked":"SKIP","floor":19},{"not_picked":["MostiFishMod:LinkProtocol","Barrage","Rebound","AT_RobotInSpace","Turbo+1"],"picked":"SKIP","floor":21},{"not_picked":["Rebound","Skim+1","White Noise","Leap","Reprogram"],"picked":"MostiFishMod:StrandedSiren","floor":23},{"not_picked":["Coolheaded","Echo Form","Chill+1","Hologram+1","Stack"],"picked":"MostiFishMod:Overload","floor":25},{"not_picked":["MostiFishMod:PushDownKick+1","Reinforced Body","Sunder","Genetic Algorithm","Doom and Gloom","White Noise"],"picked":"SKIP","floor":27},{"not_picked":["Rebound+1","AT_RobotInSpace","Core Surge","Consume","Compile Driver","Storm"],"picked":"SKIP","floor":29},{"not_picked":["Rebound+1","AT_RobotInSpace","Core Surge","Compile Driver","Storm"],"picked":"Consume","floor":29},{"not_picked":["Steam","Rebound","AT_ThreeBodyProblem","Hologram","Cold Snap"],"picked":"AT_ThunderBolt","floor":31},{"not_picked":["Echo Form","MostiFishMod:ActiveDefenseSystem","MostiFishMod:Distribution","MostiFishMod:Nova","MostiFishMod:StrandedSiren"],"picked":"MostiFishMod:ReadyAimFire","floor":33},{"not_picked":["MostiFishMod:DeathFromBelow","MostiFishMod:Exploitation","Creative AI","Echo Form","All For One"],"picked":"Electrodynamics","floor":33},{"not_picked":["Hello World","Tempest+1","Conserve Battery+1","MostiFishMod:PushDownKick","Beam Cell","Blizzard"],"picked":"SKIP","floor":35},{"not_picked":["Chaos+1","MostiFishMod:FluxCapactior+1","Stack","MostiFishMod:IceShield","Steam Power","Go for the Eyes"],"picked":"SKIP","floor":36},{"not_picked":["White Noise","Steam","Storm+1","Consume+1","AT_StudyProgram+1","Turbo"],"picked":"SKIP","floor":40},{"not_picked":["Doom and Gloom+1","Capacitor","MostiFishMod:Prepare+1","Cold Snap","Ball Lightning+1","Conserve Battery"],"picked":"SKIP","floor":41},{"not_picked":["Barrage+1","Fusion+1","Compile Driver","MostiFishMod:InterfaceCompatibility+1","Cold Snap","Defragment"],"picked":"SKIP","floor":42},{"not_picked":["Steam Power+1","Go for the Eyes","Rebound","Electrodynamics+1","Conserve Battery+1","Barrage"],"picked":"SKIP","floor":45},{"not_picked":["Go for the Eyes+1","Force Field+1","Conserve Battery","MostiFishMod:PushDownKick+1","Chaos","Hello World"],"picked":"SKIP","floor":47},{"not_picked":["Capacitor","Leap+1","Double Energy","Gash","Redo+1","Force Field"],"picked":"SKIP","floor":48},{"not_picked":["Aggregate","Reinforced Body","Skim+1","Redo+1","Genetic Algorithm+1","Sunder"],"picked":"SKIP","floor":54}],"player_experience":72582,"relics_obtained":[{"floor":1.0,"key":"SynthV:TestCard"},{"floor":6.0,"key":"WingedGreaves"},{"floor":8,"key":"Anchor"},{"floor":9,"key":"AT_GuinsooRageblade"},{"floor":10,"key":"Matryoshka"},{"floor":16,"key":"CaptainsWheel"},{"floor":17,"key":"AT_Manta"},{"floor":17,"key":"Pantograph"},{"floor":17,"key":"Juzu Bracelet"},{"floor":23,"key":"Mummified Hand"},{"floor":25,"key":"Blood Vial"},{"floor":26,"key":"AT_ChloranthyRing"},{"floor":27,"key":"Bottled Lightning"},{"floor":29,"key":"Regal Pillow"},{"floor":33,"key":"Strawberry"},{"floor":40,"key":"CeramicFish"},{"floor":42,"key":"Dream Catcher"},{"floor":43,"key":"Smiling Mask"},{"floor":43,"key":"AT_BladeRuinedKing"},{"floor":45,"key":"FossilizedHelix"},{"floor":54,"key":"Bird Faced Urn"}],"event_choices":[{"cards_removed":["Strike_B"],"damage_healed":0.0,"max_hp_gain":0.0,"max_hp_loss":0.0,"gold_gain":0.0,"event_name":"Bonfire Elementals","player_choice":"Offered Basic","floor":2.0,"gold_loss":0.0,"damage_taken":0.0},{"damage_healed":0.0,"max_hp_gain":0.0,"max_hp_loss":0.0,"gold_gain":0.0,"event_name":"Match and Keep!","player_choice":"2 cards matched","floor":5.0,"gold_loss":0.0,"damage_taken":0.0,"cards_obtained":["Zap","Finesse"]},{"damage_healed":0,"gold_gain":0,"player_choice":"Success","damage_taken":7,"relics_obtained":["Tiny Chest"],"max_hp_gain":0,"max_hp_loss":0,"event_name":"Scrap Ooze","floor":14,"gold_loss":0},{"damage_healed":0,"gold_gain":0,"player_choice":"Paid Gold","damage_taken":0,"relics_obtained":["AT_SilvercatRing"],"max_hp_gain":0,"max_hp_loss":0,"event_name":"WeMeetAgain","floor":24,"gold_loss":99},{"damage_healed":21,"gold_gain":0,"player_choice":"Writhe","damage_taken":0,"max_hp_gain":0,"max_hp_loss":0,"event_name":"Winding Halls","floor":38,"gold_loss":0,"cards_obtained":["Writhe"]}],"is_beta":false,"boss_relics":[{"not_picked":["FixedStarFall","PatriotShield"],"picked":"Calling Bell"},{"not_picked":["RhineCircuit","TimeKeys"],"picked":"Cursed Key"}],"items_purged_floors":[4,4,4,4,12,12,12,12,20,20,20,20,20,20,20,20,30,30,39,53],"is_endless":false,"potions_floor_spawned":[1,3,7,8,10,10,18,18,19,21,29,31,31,33,33,36,40,41,45,47,48],"ascension_level":3}}