{"host":"ue7jlgf7uv134an9","time":1613662113,"event":{"mods":["BaseMod","Better Third Choice","Colored Map","Defuse TimeMaze Blight","Minty Spire (QoL Compilation)","Quick Restart","Rare Cards Sparkle","Relic Stats","StSLib","UnlockEverythingMod"],"gold_per_floor":[364,383,53,228,228,228,260,277,277,277,292,292,367,380,380,480,480,490,490,507,204,222,222,222,222,222,49,68,68,68,20,20,122,122,133,183,183,235,251,251,278,278,355,128,128,44,57,74,74,74],"floor_reached":51,"language":"ENG","playtime":2313,"items_purged":["Strike_G","Doubt","Strike_G","Well Laid Plans+1"],"score":696,"play_id":"269fec27-d2ac-4812-9bfa-9b500ebcdd11","local_time":"20210218102833","is_ascension_mode":false,"campfire_choices":[{"data":"Glass Knife","floor":6.0,"key":"SMITH"},{"floor":10.0,"key":"REST"},{"data":"Cloak And Dagger","floor":12.0,"key":"SMITH"},{"data":"Well Laid Plans","floor":15.0,"key":"SMITH"},{"floor":23.0,"key":"REST"},{"floor":25.0,"key":"REST"},{"floor":29.0,"key":"REST"},{"floor":32.0,"key":"REST"},{"floor":40,"key":"REST"},{"floor":42,"key":"REST"},{"floor":49,"key":"REST"}],"circlet_count":0,"master_deck":["Strike_G","Defend_G","Defend_G","Defend_G","Defend_G","Survivor","Neutralize","Footwork","Quick Slash","Cloak And Dagger+1","Glass Knife+1","Footwork","Backstab","Glass Knife+1","All Out Attack","All Out Attack+1","Finisher","Endless Agony","Dash","Blade Dance","Blade Dance","Dagger Throw","Leg Sweep","Cloak And Dagger","Corpse Explosion","Backflip+1","Deflect","Accuracy","Apotheosis+1","Panacea+1"],"relics":["Ring of the Snake","Calipers","Kunai","Fusion Hammer","Orrery","Singing Bowl","Runic Pyramid","The Specimen","Ginger","Potion Belt","Toxic Egg 2"],"acts_visited":["Exordium","TheCity","TheBeyond"],"potions_floor_usage":[38,50,50],"damage_taken":[{"damage":0.0,"enemies":"Small Slimes","floor":1.0,"turns":4.0},{"damage":0.0,"enemies":"Jaw Worm","floor":2.0,"turns":6.0},{"damage":34.0,"enemies":"Gremlin Nob","floor":7.0,"turns":6.0},{"damage":0.0,"enemies":"2 Louse","floor":8.0,"turns":3.0},{"damage":0.0,"enemies":"Lots of Slimes","floor":11.0,"turns":5.0},{"damage":0.0,"enemies":"Red Slaver","floor":14.0,"turns":2.0},{"damage":35.0,"enemies":"Hexaghost","floor":16.0,"turns":18.0},{"damage":0.0,"enemies":"3 Byrds","floor":18.0,"turns":6.0},{"damage":6.0,"enemies":"2 Thieves","floor":20.0,"turns":4.0},{"damage":2.0,"enemies":"Centurion and Healer","floor":22.0,"turns":3.0},{"damage":8.0,"enemies":"Snake Plant","floor":28.0,"turns":4.0},{"damage":1.0,"enemies":"Champ","floor":33.0,"turns":17.0},{"damage":1.0,"enemies":"3 Shapes","floor":35.0,"turns":4.0},{"damage":14.0,"enemies":"Mind Bloom Boss Battle","floor":36.0,"turns":8.0},{"damage":1,"enemies":"2 Orb Walkers","floor":38,"turns":4},{"damage":5,"enemies":"Orb Walker","floor":39,"turns":3},{"damage":6,"enemies":"Reptomancer","floor":41,"turns":7},{"damage":0,"enemies":"Maw","floor":47,"turns":6},{"damage":0,"enemies":"3 Darklings","floor":48,"turns":5},{"damage":31,"enemies":"Time Eater","floor":50,"turns":14}],"seed_played":"2708433699940315588","potions_obtained":[{"floor":1.0,"key":"SneckoOil"},{"floor":14.0,"key":"Swift Potion"},{"floor":16.0,"key":"PowerPotion"},{"floor":18.0,"key":"Swift Potion"},{"floor":22.0,"key":"SteroidPotion"},{"floor":33.0,"key":"Swift Potion"},{"floor":38,"key":"Poison Potion"},{"floor":41,"key":"Ancient Potion"}],"is_trial":false,"path_per_floor":["M","M","$","?","?","R","E","M","T","R","M","R","?","M","R","B",null,"M","?","M","$","M","R","?","R","T","$","M","R","?","$","R","B",null,"M","?","?","?","M","R","E","R","T","$","?","$","M","M","R","B",null],"character_chosen":"THE_SILENT","items_purchased":["Cloak And Dagger","Glass Knife","Footwork","Orrery","Dodge and Roll","Blade Dance","Cloak And Dagger","Accuracy","Panacea+1"],"campfire_rested":8,"item_purchase_floors":[3,3,3,21,21,27,31,44,46],"current_hp_per_floor":[63,63,63,63,68,68,34,34,34,54,54,54,43,43,43,8,68,68,68,62,62,60,68,68,68,68,68,62,70,70,70,70,69,70,71,57,57,58,55,76,70,76,76,76,76,76,78,80,80,49],"gold":74,"neow_bonus":"TWO_FIFTY_GOLD","is_daily":false,"chose_seed":false,"campfire_upgraded":3,"win_rate":0.0,"timestamp":1613662113,"path_taken":["M","M","$","?","?","R","E","M","T","R","M","R","?","M","R","BOSS","M","?","?","?","M","R","?","R","T","$","?","R","?","$","R","BOSS","M","?","?","?","M","R","E","R","T","$","?","?","M","M","R","BOSS"],"items_purchased_type":["Card","Card","Card","Relic","Card","Card","Card","Card","Card"],"build_version":"2020-12-22","purchased_purges":4,"victory":true,"max_hp_per_floor":[63,63,63,63,68,68,68,68,68,68,68,68,68,68,68,68,68,68,68,68,68,68,68,68,68,68,68,70,70,70,70,70,70,70,72,72,72,74,76,76,76,76,76,76,76,76,78,80,80,80],"relic_stats":{"Singing Bowl":12,"counters":[20,129],"Kunai":[88],"Ginger":[7],"obtain_stats":[{"Potion Belt":41,"Calipers":7,"Singing Bowl":26,"The Specimen":36,"Orrery":21,"Fusion Hammer":17,"Kunai":9,"Ginger":38,"Toxic Egg 2":43,"Ring of the Snake":0,"Runic Pyramid":34},{"Potion Belt":17,"Calipers":3,"Singing Bowl":10,"The Specimen":14,"Orrery":9,"Fusion Hammer":7,"Kunai":4,"Ginger":15,"Toxic Egg 2":17,"Ring of the Snake":0,"Runic Pyramid":12},{"Potion Belt":104,"Calipers":16,"Singing Bowl":57,"The Specimen":90,"Orrery":54,"Fusion Hammer":44,"Kunai":19,"Ginger":94,"Toxic Egg 2":104,"Ring of the Snake":0,"Runic Pyramid":78}],"Ring of the Snake":[40]},"card_choices":[{"not_picked":["All Out Attack","Underhanded Strike"],"picked":"Footwork","floor":1.0},{"not_picked":["Infinite Blades","Underhanded Strike"],"picked":"Quick Slash","floor":2.0},{"not_picked":["Eviscerate","Reflex","Skewer"],"picked":"SKIP","floor":7.0},{"not_picked":["Deadly Poison","Predator"],"picked":"Backstab","floor":8.0},{"not_picked":["Dagger Throw","Reflex","Dodge and Roll"],"picked":"SKIP","floor":11.0},{"not_picked":["Blur","Flying Knee"],"picked":"Well Laid Plans","floor":14.0},{"not_picked":["Tools of the Trade","Wraith Form v2"],"picked":"Glass Knife","floor":16.0},{"not_picked":["Quick Slash","Sucker Punch+1"],"picked":"All Out Attack","floor":18.0},{"not_picked":["Underhanded Strike+1","Reflex"],"picked":"All Out Attack+1","floor":20.0},{"not_picked":["Deadly Poison","Predator"],"picked":"Finisher","floor":21.0},{"not_picked":["Crippling Poison+1","Venomology"],"picked":"Endless Agony","floor":21.0},{"not_picked":["Outmaneuver","Terror+1"],"picked":"Dash","floor":21.0},{"not_picked":["Heel Hook","Dagger Throw"],"picked":"Blade Dance","floor":21.0},{"not_picked":["Dagger Spray","Poisoned Stab+1","Masterful Stab+1"],"picked":"SKIP","floor":22.0},{"not_picked":["Dagger Spray+1","Calculated Gamble","Expertise"],"picked":"Singing Bowl","floor":28.0},{"not_picked":["Grand Finale","After Image"],"picked":"Corpse Explosion","floor":33.0},{"not_picked":["Catalyst","Slice","Bane"],"picked":"Singing Bowl","floor":35.0},{"not_picked":["Acrobatics","Tactician"],"picked":"Backflip+1","floor":36.0},{"not_picked":["Acrobatics+1","Eviscerate","Bane"],"picked":"Singing Bowl","floor":38},{"not_picked":["Grand Finale","Outmaneuver","Blade Dance+1"],"picked":"Singing Bowl","floor":39},{"not_picked":["Backflip+1","Skewer"],"picked":"Deflect","floor":41},{"not_picked":["Deep Breath+1","Mind Blast"],"picked":"Apotheosis+1","floor":45},{"not_picked":["Sucker Punch","Cloak And Dagger+1","Quick Slash"],"picked":"Singing Bowl","floor":47},{"not_picked":["Sucker Punch+1","Noxious Fumes+1","Backstab"],"picked":"Singing Bowl","floor":48}],"player_experience":91694,"relics_obtained":[{"floor":7.0,"key":"Calipers"},{"floor":9.0,"key":"Kunai"},{"floor":26.0,"key":"Singing Bowl"},{"floor":36.0,"key":"The Specimen"},{"floor":38,"key":"Ginger"},{"floor":41,"key":"Potion Belt"},{"floor":43,"key":"Toxic Egg 2"}],"event_choices":[{"damage_healed":0.0,"max_hp_gain":0.0,"max_hp_loss":0.0,"gold_gain":175.0,"event_name":"betterThird:BetterSerpent","player_choice":"AGREE","floor":4.0,"gold_loss":0.0,"damage_taken":53.0},{"damage_healed":0.0,"max_hp_gain":5.0,"max_hp_loss":0.0,"gold_gain":0.0,"event_name":"Big Fish","player_choice":"Donut","floor":5.0,"gold_loss":0.0,"damage_taken":0.0},{"damage_healed":0.0,"max_hp_gain":0.0,"max_hp_loss":0.0,"gold_gain":75.0,"event_name":"betterThird:BetterGoop","player_choice":"Gold","floor":13.0,"gold_loss":0.0,"damage_taken":11.0},{"cards_removed":["Strike_G"],"damage_healed":0.0,"max_hp_gain":0.0,"max_hp_loss":0.0,"gold_gain":0.0,"event_name":"Bonfire Elementals","player_choice":"Offered Basic","floor":19.0,"gold_loss":0.0,"damage_taken":0.0},{"damage_healed":0.0,"max_hp_gain":0.0,"max_hp_loss":0.0,"gold_gain":0.0,"event_name":"Accursed Blacksmith","player_choice":"Forge","floor":24.0,"gold_loss":0.0,"damage_taken":0.0,"cards_upgraded":["Glass Knife"]},{"damage_healed":0.0,"max_hp_gain":0.0,"max_hp_loss":0.0,"gold_gain":0.0,"cards_transformed":["Defend_G","Strike_G"],"event_name":"Drug Dealer","player_choice":"Became Test Subject","floor":30.0,"gold_loss":0.0,"damage_taken":0.0,"cards_obtained":["Dagger Throw","Leg Sweep"]},{"damage_healed":0.0,"max_hp_gain":0.0,"max_hp_loss":0.0,"gold_gain":0.0,"event_name":"MindBloom","player_choice":"Fight","floor":36.0,"gold_loss":0.0,"damage_taken":0.0},{"cards_removed":["Dodge and Roll"],"damage_healed":0.0,"max_hp_gain":0.0,"max_hp_loss":0.0,"gold_gain":0.0,"event_name":"Falling","player_choice":"Removed Skill","floor":37.0,"gold_loss":0.0,"damage_taken":0.0},{"damage_healed":0,"gold_gain":0,"player_choice":"Fight","damage_taken":0,"max_hp_gain":0,"max_hp_loss":0,"event_name":"Mysterious Sphere","floor":38,"gold_loss":0},{"damage_healed":0,"gold_gain":0,"player_choice":"Memory 1","damage_taken":0,"max_hp_gain":0,"max_hp_loss":0,"event_name":"SensoryStone","floor":45,"gold_loss":0}],"is_beta":false,"boss_relics":[{"not_picked":["SlaversCollar","Busted Crown"],"picked":"Fusion Hammer"},{"not_picked":["HoveringKite","Ring of the Serpent"],"picked":"Runic Pyramid"}],"items_purged_floors":[3,21,27,44],"is_endless":false,"potions_floor_spawned":[1,14,16,18,22,33,38,41],"ascension_level":0}}