{"host":"jak4ncvfzor9mys0","time":1613629795,"event":{"mods":["2.2 Compatiblity","AchievementEnabler","BaseMod","Better Altar","Better Match","Better Note","Better Sensory Stone","Better Skull","Better Third Choice","BetterRewards","Block Reminder","Colored Map","Colored Powertips","Dark Map","Energized Spire","Gold Saver","Hubris","Infinite Spire","Key Reminder","Minty Spire (QoL Compilation)","Rare Cards Sparkle","Red Circlet Mod","Relic Sorter","Relic Stats","Replay The Spire","Retaliation","Spicy Shops","StSLib","SuperFastMode","The Blue Laboratory"],"gold_per_floor":[15762,14968,14968,14423,14448,14524,14555,14555,14555,14555,14641,14641,14706,13874,13874,14043,13993,14026,14026,14073,13287,13325,13387,13425,13513,13584,13584,13667,12852,12895,13045,13045,13207,13207,13240,13298,12392,12392,12417,12417,12469,12491,12491,12549,12549,12606,12647,12676,12676,12824,12874,12894,12894,12918,12584,12604,12651,12673,12696,12772,12792,12820,12832,12844,12875,12887,13017,13029,13062,13101,13212,13224,13257,13269,13350,13376,13388,13417,13467,13481,13524,13563,13575,13687,13699,14630,14307,15259,16272,17357,17357,17357,17357,17384,17384,17284,18425,18425,18425,18425,19742,19742,19742,19692,21007,22468],"floor_reached":107,"language":"ENG","playtime":4490,"items_purged":["Strike_R","Strike_R","Strike_R","Defend_R","Strike_R","Strike_R","Decay","Strike_R","Searing Blow+1","Strike_R+1"],"score":4099,"play_id":"fd90b8f6-cd70-4959-baff-f4f4102ba4f6","local_time":"20210217222955","is_ascension_mode":true,"campfire_choices":[{"data":"Shrug It Off","floor":8,"key":"SMITH"},{"data":"Perfected Strike","floor":10,"key":"SMITH"},{"data":"Twin Strike","floor":12,"key":"SMITH"},{"data":"Bash","floor":15,"key":"SMITH"},{"floor":27,"key":"REST"},{"floor":32,"key":"REST"},{"data":"Twin Strike","floor":40,"key":"SMITH"},{"data":"hubris:StunningStrike","floor":49,"key":"SMITH"},{"data":"Demon Form","floor":66,"key":"SMITH"},{"data":"Inflame","floor":74,"key":"SMITH"},{"data":"Sadistic Nature","floor":83,"key":"SMITH"},{"floor":91,"key":"REST"},{"floor":95,"key":"REST"},{"floor":98,"key":"REST"},{"floor":100,"key":"REST"},{"floor":103,"key":"REST"}],"circlet_count":0,"master_deck":["Defend_R+1","Bash+1","Twin Strike+1","Twin Strike+1","Shrug It Off+1","Perfected Strike+1","hubris:ReadiedAction+1","Shrug It Off+1","Twin Strike+1","ReplayTheSpireMod:Stacked+1","Shrug It Off+1","Pommel Strike+1","Shrug It Off+1","hubris:StunningStrike+1","Perfected Strike+1","hubris:SharpeningStone+1","infinitespire:FinalStrike+1","CurseOfTheBell","Shrug It Off+1","Sadistic Nature+1","ReplayReversal+1","Inflame+1","Demon Form+1","Limit Break+1","Entrench+1"],"relics":["Black Blood","hubris:BundleOfHerbs","infinitespire:FocusingShard","Shuriken","Replay:Bandana","Kunai","infinitespire:Beetle Shell","Tiny Chest","Meat on the Bone","Akabeko","infinitespire:Midas Blood","ClockworkSouvenir","Toxic Egg 2","Bag of Marbles","Guide Book","infinitespire:BottledMercury","White Beast Statue","Replay:Bottled Eggs","Anchor","Blue Doll","hubris:ToyBattleship","OrangePellets","energizedSpire:HugeHouse","HandDrill","Unceasing Top","Pear","Mummified Hand","Letter Opener","hubris:BottledRain","Prayer Wheel","Bag of Preparation","Whetstone","DollysMirror","Medical Kit","Black Star","ReplayTheSpireMod:CursedCoin","Calling Bell","Potion Belt","Mercury Hourglass","hubris:CuriousFeather","ReplayTheSpireMod:Spearhead","hubris:IronBody","Chameleon Ring","Smiling Mask","King of Hearts","MealTicket","Tiny House","Vajra","hubris:OldNail","Ancient Tea Set","infinitespire:Broken Mirror","MawBank","Bottled Lightning","infinitespire:WardingShard","Juzu Bracelet","WingedGreaves","hubris:BottledHeart","infinitespire:EvilPickle","Calipers","ReplayTheSpireMod:Shallot","Gremlin Food","infinitespire:CheckeredPen","FossilizedHelix"],"acts_visited":["Exordium","TheCity","TheBeyond","Exordium","TheCity","TheBeyond","TheEnding"],"potions_floor_usage":[28,28,50,56,106,106,106,106],"damage_taken":[{"damage":0,"enemies":"Cultist","floor":1,"turns":1},{"damage":8,"enemies":"2 Louse","floor":5,"turns":2},{"damage":13,"enemies":"Replay:BlueRogue","floor":6,"turns":4},{"damage":0,"enemies":"Jaw Worm","floor":7,"turns":1},{"damage":12,"enemies":"3 Sentries","floor":11,"turns":6},{"damage":0,"enemies":"Lagavulin","floor":13,"turns":5},{"damage":0,"enemies":"Slime Boss","floor":16,"turns":4},{"damage":0,"enemies":"Shell Parasite","floor":18,"turns":2},{"damage":0,"enemies":"Chosen","floor":20,"turns":3},{"damage":0,"enemies":"Shelled Parasite and Fungi","floor":22,"turns":3},{"damage":0,"enemies":"Book of Stabbing","floor":23,"turns":4},{"damage":14,"enemies":"Snake Plant","floor":24,"turns":2},{"damage":41,"enemies":"Gremlin Leader","floor":25,"turns":5},{"damage":25,"enemies":"Nightmare","floor":28,"turns":5},{"damage":0,"enemies":"Snecko","floor":30,"turns":3},{"damage":0,"enemies":"Automaton","floor":33,"turns":7},{"damage":0,"enemies":"3 Shapes","floor":35,"turns":2},{"damage":0,"enemies":"3 Darklings","floor":36,"turns":5},{"damage":11,"enemies":"Nemesis","floor":41,"turns":3},{"damage":0,"enemies":"Spire Growth","floor":42,"turns":2},{"damage":0,"enemies":"Maw","floor":44,"turns":6},{"damage":9,"enemies":"Transient","floor":46,"turns":5},{"damage":0,"enemies":"4 Shapes","floor":47,"turns":3},{"damage":0,"enemies":"Sphere and 2 Shapes","floor":48,"turns":3},{"damage":11,"enemies":"Donu and Deca","floor":50,"turns":11},{"damage":0,"enemies":"2 Louse","floor":52,"turns":1},{"damage":0,"enemies":"Small Slimes","floor":54,"turns":1},{"damage":0,"enemies":"Jaw Worm","floor":56,"turns":1},{"damage":0,"enemies":"Lagavulin","floor":57,"turns":3},{"damage":0,"enemies":"3 Louse","floor":58,"turns":2},{"damage":0,"enemies":"2 Fungi Beasts","floor":59,"turns":2},{"damage":0,"enemies":"Exordium Wildlife","floor":61,"turns":2},{"damage":0,"enemies":"3 Sentries","floor":62,"turns":4},{"damage":0,"enemies":"Lots of Slimes","floor":65,"turns":1},{"damage":0,"enemies":"Slime Boss","floor":67,"turns":2},{"damage":0,"enemies":"Shell Parasite","floor":69,"turns":2},{"damage":2,"enemies":"Chosen","floor":70,"turns":2},{"damage":0,"enemies":"Centurion and Healer","floor":73,"turns":3},{"damage":0,"enemies":"Shelled Parasite and Fungi","floor":76,"turns":2},{"damage":0,"enemies":"Snake Plant","floor":78,"turns":2},{"damage":22,"enemies":"Book of Stabbing","floor":79,"turns":4},{"damage":0,"enemies":"3 Cultists","floor":81,"turns":4},{"damage":0,"enemies":"Centurion and Healer","floor":82,"turns":2},{"damage":0,"enemies":"Pondfish","floor":84,"turns":7},{"damage":0,"enemies":"3 Shapes","floor":86,"turns":3},{"damage":0,"enemies":"Orb Walker","floor":88,"turns":2},{"damage":0,"enemies":"Sphere and 2 Shapes","floor":89,"turns":3},{"damage":0,"enemies":"3 Darklings","floor":90,"turns":4},{"damage":0,"enemies":"4 Shapes","floor":97,"turns":2},{"damage":0,"enemies":"hubris:GrandSnecko","floor":101,"turns":5},{"damage":0,"enemies":"Shield and Spear","floor":105,"turns":4},{"damage":0,"enemies":"The Heart","floor":106,"turns":7}],"seed_played":"3227585783430983498","potions_obtained":[{"floor":5,"key":"Swift Potion"},{"floor":11,"key":"blueLaboratory:ImpenetrablePotion"},{"floor":13,"key":"SteroidPotion"},{"floor":18,"key":"PowerPotion"},{"floor":28,"key":"blueLaboratory:FrostheartPotion"},{"floor":30,"key":"ColorlessPotion"},{"floor":35,"key":"ElixirPotion"},{"floor":36,"key":"Elixir"},{"floor":50,"key":"blueLaboratory:EmptyBottle"},{"floor":57,"key":"blueLaboratory:FruitPunch"},{"floor":59,"key":"blueLaboratory:BottleOfVodka"},{"floor":65,"key":"EntropicBrew"},{"floor":106,"key":"DistilledChaos"}],"is_trial":false,"path_per_floor":["M","$","?","$","M","E","M","R","T","R","E","R","E","$","R","B",null,"M","?","M","$","M","E","M","E","T","R","NM","$","M","AVR","R","B",null,"M","M","$","?","T","R","E","M","T","M","?","M","M","M","R","B",null,"M","AVR","M","$","M","E","M","M","T","M","E","$","?","M","R","B",null,"M","M","?","AVR","M","R","T","M","T","M","E","?","M","M","R","B",null,"M","$","M","M","M","R","?","T","T","R","NS","M","R","?","R","B",null,"R","$","E","B",null],"character_chosen":"IRONCLAD","items_purchased":["Meat on the Bone","Tiny Chest","Akabeko","DDmod:RapidStrikeAttack","Twin Strike","Kunai","Twin Strike","Replay:Bandana","infinitespire:Midas Blood","ClockworkSouvenir","Shuriken","Toxic Egg 2","Bag of Marbles","Guide Book","infinitespire:BottledMercury","hubris:BundleOfHerbs","Shrug It Off+1","Twin Strike","Blue Doll","hubris:ToyBattleship","OrangePellets","HandDrill","Unceasing Top","Swift Strike","Pear","Bag of Preparation","Whetstone","DollysMirror","Medical Kit","ReplayTheSpireMod:Spearhead","hubris:IronBody","Chameleon Ring","infinitespire:FocusingShard","Vajra","Sadistic Nature","Calipers","Entrench+1"],"campfire_rested":7,"item_purchase_floors":[0,0,0,0,0,0,0,0,0,2,2,2,4,4,4,14,14,14,14,14,14,21,21,21,21,29,29,29,29,37,37,37,37,55,55,87,104],"current_hp_per_floor":[80,80,85,85,83,76,82,82,82,82,76,76,82,82,82,85,80,80,80,80,90,90,90,82,59,59,86,67,67,73,73,90,90,90,90,90,90,90,90,90,85,90,90,90,90,87,90,90,90,85,95,95,95,95,95,95,95,95,95,95,95,95,95,95,95,95,95,95,95,95,95,95,95,95,95,95,95,95,79,1,1,1,1,1,1,1,1,1,1,1,1,1,1,1,1,1,1,1,1,1,1,1,1,1,1,1],"gold":22468,"neow_bonus":"","is_daily":false,"chose_seed":false,"campfire_upgraded":9,"win_rate":0.0,"timestamp":1613629795,"path_taken":["M","$","?","$","M","E","M","R","T","R","E","R","E","$","R","BOSS","M","?","M","$","M","E","M","E","T","R","NM","$","M","AVR","R","BOSS","M","M","$","?","?","R","E","M","T","M","?","M","M","M","R","BOSS","M","AVR","M","$","M","E","M","M","T","M","E","$","?","M","R","BOSS","M","M","?","AVR","M","R","?","?","T","M","E","?","M","M","R","BOSS","M","$","M","M","M","R","?","?","T","R","NS","M","R","?","R","BOSS","R","$","E","BOSS"],"items_purchased_type":["Relic","Relic","Relic","Card","Card","Relic","Card","Relic","Relic","Relic","Relic","Relic","Relic","Relic","Relic","Relic","Card","Card","Relic","Relic","Relic","Relic","Relic","Card","Relic","Relic","Relic","Relic","Relic","Relic","Relic","Relic","Relic","Relic","Card","Relic","Card"],"build_version":"2020-12-22","purchased_purges":10,"victory":true,"max_hp_per_floor":[80,80,85,85,85,85,85,85,85,85,85,85,85,85,85,85,80,80,80,80,90,90,90,90,90,90,90,90,90,90,90,90,90,90,90,90,90,90,90,90,90,90,90,90,90,90,90,90,90,90,95,95,95,95,95,95,95,95,95,95,95,95,95,95,95,95,95,95,95,95,95,95,95,95,95,95,95,95,95,1,1,1,1,1,1,1,1,1,1,1,1,1,1,1,1,1,1,1,1,1,1,1,1,1,1,1],"relic_stats":{"counters":[132,466],"Black Blood":327,"Bag of Preparation":[76],"Juzu Bracelet":1,"Letter Opener":[186],"Whetstone":["Strike_R","Searing Blow"],"Medical Kit":[0],"Smiling Mask":175,"MawBank":300,"Mercury Hourglass":[505],"OrangePellets":[3],"Shuriken":[48],"Mummified Hand":[49],"Tiny Chest":3,"Prayer Wheel":27,"MealTicket":0,"HandDrill":[56],"Black Star":5,"Kunai":[51],"obtain_stats":[{"infinitespire:BottledMercury":4,"Whetstone":29,"Bottled Tornado":116,"Blood Vial":77,"infinitespire:ShieldingShard":146,"MealTicket":41,"Replay:Bottled Flurry":9,"HandDrill":150,"Kunai":150,"Pear":21,"Counterbalance":39,"hubris:SphereOfDissonance":140,"Akabeko":0,"infinitespire:EvilPickle":33,"SlaversCollar":27,"DDmod:StuhbiRelic":87,"infinitespire:Broken Mirror":60,"hubris:BottledHeart":80,"StrikeDummy":95,"Unceasing Top":21,"hubris:Reverence":111,"Singing Bowl":81,"Blue Doll":14,"King of Hearts":11,"Replay:Multitool":93,"Bag of Preparation":29,"Smiling Mask":39,"Ancient Tea Set":57,"Burning Blood":0,"Replay:Rubber Ducky":40,"hubris:Backtick":51,"hubris:CuriousFeather":34,"WingedGreaves":79,"energizedSpire:HugeHouse":17,"hubris:ChampionShield":94,"Replay:Bottled Eggs":11,"hubris:GlazedTorus":24,"Potion Belt":34,"infinitespire:CheckeredPen":27,"hubris:Towel":44,"Frozen Egg 2":145,"MawBank":62,"Replay:Arrowhead":51,"Busted Crown":17,"Bottled Lightning":75,"ReplayTheSpireMod:Lightbulb":31,"infinitespire:Midas Blood":0,"hubris:BottledRain":26,"Ice Cream":3,"Tiny House":51,"Calipers":87,"Gremlin Horn":92,"CeramicFish":109,"Vajra":34,"Sozu":102,"Lizard Tail":74,"HornCleat":150,"DollysMirror":155,"Prayer Wheel":28,"Toxic Egg 2":2,"ReplayTheSpireMod:CursedCoin":31,"Oddly Smooth Stone":156,"Charon\u0027s Ashes":147,"infinitespire:Beetle Shell":6,"Letter Opener":25,"Question Card":121,"OrangePellets":14,"ReplayTheSpireMod:Spearhead":37,"ReplayTheSpireMod:Shallot":26,"Shuriken":2,"Bronze Scales":43,"Simple Rune":25,"hubris:PeanutButter":57,"hubris:ToyBattleship":14,"Black Star":31,"Mirror":34,"Meat on the Bone":0,"ReplayFunnel":46,"Black Blood":102,"hubris:SlimyHat":107,"Juzu Bracelet":128,"ClockworkSouvenir":2,"Replay:Bandana":39,"TheAbacus":54,"hubris:Icosahedron":65,"Chameleon Ring":37,"Mummified Hand":23,"Tiny Chest":0,"hubris:IronBody":60,"Red Mask":72,"Gremlin Food":94,"Guide Book":4,"infinitespire:FocusingShard":61,"Medical Kit":29,"White Beast Statue":9,"Mercury Hourglass":34,"Calling Bell":34,"Pondfish Scales":34,"Anchor":45,"CaptainsWheel":121,"infinitespire:WardingShard":148,"hubris:BundleOfHerbs":14,"Bag of Marbles":142,"Membership Card":121,"hubris:OldNail":13,"hubris:Potato":144,"FossilizedHelix":105},{"infinitespire:BottledMercury":81,"Whetstone":94,"Bottled Tornado":61,"Blood Vial":41,"infinitespire:ShieldingShard":76,"MealTicket":99,"Replay:Bottled Flurry":5,"HandDrill":77,"Kunai":77,"Pear":89,"Counterbalance":21,"hubris:SphereOfDissonance":72,"Akabeko":80,"infinitespire:EvilPickle":18,"SlaversCollar":14,"DDmod:StuhbiRelic":47,"infinitespire:Broken Mirror":111,"hubris:BottledHeart":121,"StrikeDummy":51,"Unceasing Top":89,"hubris:Reverence":58,"Singing Bowl":43,"Blue Doll":86,"King of Hearts":5,"Replay:Multitool":51,"Bag of Preparation":94,"Smiling Mask":98,"Ancient Tea Set":109,"Burning Blood":0,"Replay:Rubber Ducky":22,"hubris:Backtick":27,"hubris:CuriousFeather":96,"WingedGreaves":121,"energizedSpire:HugeHouse":87,"hubris:ChampionShield":51,"Replay:Bottled Eggs":85,"hubris:GlazedTorus":13,"Potion Belt":96,"infinitespire:CheckeredPen":14,"hubris:Towel":23,"Frozen Egg 2":75,"MawBank":113,"Replay:Arrowhead":27,"Busted Crown":9,"Bottled Lightning":118,"ReplayTheSpireMod:Lightbulb":17,"infinitespire:Midas Blood":80,"hubris:BottledRain":93,"Ice Cream":2,"Tiny House":105,"Calipers":125,"Gremlin Horn":50,"CeramicFish":58,"Vajra":18,"Sozu":54,"Lizard Tail":41,"HornCleat":77,"DollysMirror":78,"Prayer Wheel":94,"Toxic Egg 2":81,"ReplayTheSpireMod:CursedCoin":95,"Oddly Smooth Stone":79,"Charon\u0027s Ashes":77,"infinitespire:Beetle Shell":83,"Letter Opener":93,"Question Card":63,"OrangePellets":86,"ReplayTheSpireMod:Spearhead":98,"ReplayTheSpireMod:Shallot":14,"Shuriken":81,"Bronze Scales":23,"Simple Rune":14,"hubris:PeanutButter":32,"hubris:ToyBattleship":86,"Black Star":95,"Mirror":18,"Meat on the Bone":80,"ReplayFunnel":24,"Black Blood":130,"hubris:SlimyHat":57,"Juzu Bracelet":67,"ClockworkSouvenir":81,"Replay:Bandana":21,"TheAbacus":29,"hubris:Icosahedron":35,"Chameleon Ring":98,"Mummified Hand":91,"Tiny Chest":80,"hubris:IronBody":32,"Red Mask":39,"Gremlin Food":128,"Guide Book":81,"infinitespire:FocusingShard":32,"Medical Kit":94,"White Beast Statue":84,"Mercury Hourglass":96,"Calling Bell":18,"Pondfish Scales":18,"Anchor":24,"CaptainsWheel":63,"infinitespire:WardingShard":77,"hubris:BundleOfHerbs":86,"Bag of Marbles":74,"Membership Card":63,"hubris:OldNail":7,"hubris:Potato":75,"FossilizedHelix":131},{"infinitespire:BottledMercury":294,"Whetstone":340,"Bottled Tornado":238,"Blood Vial":182,"infinitespire:ShieldingShard":278,"MealTicket":360,"Replay:Bottled Flurry":25,"HandDrill":279,"Kunai":279,"Pear":321,"Counterbalance":119,"hubris:SphereOfDissonance":266,"Akabeko":293,"infinitespire:EvilPickle":107,"SlaversCollar":80,"DDmod:StuhbiRelic":203,"infinitespire:Broken Mirror":399,"hubris:BottledHeart":423,"StrikeDummy":215,"Unceasing Top":321,"hubris:Reverence":234,"Singing Bowl":188,"Blue Doll":312,"King of Hearts":25,"Replay:Multitool":215,"Bag of Preparation":340,"Smiling Mask":357,"Ancient Tea Set":395,"Burning Blood":0,"Replay:Rubber Ducky":123,"hubris:Backtick":151,"hubris:CuriousFeather":350,"WingedGreaves":423,"energizedSpire:HugeHouse":316,"hubris:ChampionShield":215,"Replay:Bottled Eggs":307,"hubris:GlazedTorus":75,"Potion Belt":350,"infinitespire:CheckeredPen":80,"hubris:Towel":127,"Frozen Egg 2":275,"MawBank":405,"Replay:Arrowhead":151,"Busted Crown":55,"Bottled Lightning":415,"ReplayTheSpireMod:Lightbulb":94,"infinitespire:Midas Blood":293,"hubris:BottledRain":335,"Ice Cream":8,"Tiny House":389,"Calipers":439,"Gremlin Horn":212,"CeramicFish":234,"Vajra":107,"Sozu":228,"Lizard Tail":182,"HornCleat":279,"DollysMirror":283,"Prayer Wheel":340,"Toxic Egg 2":294,"ReplayTheSpireMod:CursedCoin":343,"Oddly Smooth Stone":286,"Charon\u0027s Ashes":279,"infinitespire:Beetle Shell":300,"Letter Opener":335,"Question Card":243,"OrangePellets":312,"ReplayTheSpireMod:Spearhead":357,"ReplayTheSpireMod:Shallot":80,"Shuriken":294,"Bronze Scales":127,"Simple Rune":80,"hubris:PeanutButter":160,"hubris:ToyBattleship":312,"Black Star":343,"Mirror":107,"Meat on the Bone":293,"ReplayFunnel":132,"Black Blood":455,"hubris:SlimyHat":232,"Juzu Bracelet":250,"ClockworkSouvenir":294,"Replay:Bandana":119,"TheAbacus":154,"hubris:Icosahedron":166,"Chameleon Ring":357,"Mummified Hand":328,"Tiny Chest":293,"hubris:IronBody":160,"Red Mask":176,"Gremlin Food":448,"Guide Book":294,"infinitespire:FocusingShard":160,"Medical Kit":340,"White Beast Statue":301,"Mercury Hourglass":350,"Calling Bell":107,"Pondfish Scales":107,"Anchor":132,"CaptainsWheel":243,"infinitespire:WardingShard":279,"hubris:BundleOfHerbs":312,"Bag of Marbles":272,"Membership Card":243,"hubris:OldNail":40,"hubris:Potato":275,"FossilizedHelix":459}],"Unceasing Top":[3],"Meat on the Bone":12},"card_choices":[{"not_picked":["Heavy Blade","DDmod:EasePowerCard"],"picked":"Shrug It Off","floor":1},{"not_picked":["Evolve","Anger"],"picked":"Perfected Strike","floor":5},{"not_picked":["Heavy Blade","Iron Wave"],"picked":"hubris:ReadiedAction+1","floor":6},{"not_picked":["ReplayTheSpireMod:Corrosion Curse+1","Heavy Blade","Feel No Pain"],"picked":"SKIP","floor":7},{"not_picked":["Uppercut","Reckless Charge","DDmod:RechargeSkill+1"],"picked":"SKIP","floor":11},{"not_picked":["DDmod:PokeAttack","ReplayTheSpireMod:Corrosion Curse+1","Hemogenesis"],"picked":"SKIP","floor":13},{"not_picked":["infinitespire:OneForAll","Combust"],"picked":"ReplayTheSpireMod:Stacked+1","floor":18},{"not_picked":["Body Slam","True Grit+1","DDmod:EasePowerCard"],"picked":"SKIP","floor":20},{"not_picked":["Iron Wave","Cleave+1"],"picked":"Shrug It Off+1","floor":22},{"not_picked":["Armaments+1","Headbutt"],"picked":"Pommel Strike+1","floor":23},{"not_picked":["Corruption","Defy Death+1"],"picked":"Shrug It Off+1","floor":24},{"not_picked":["True Grit+1","Wild Strike","Havoc+1"],"picked":"SKIP","floor":25},{"not_picked":["Clash","Pommel Strike"],"picked":"hubris:StunningStrike","floor":28},{"not_picked":["Flame Barrier+1","Iron Wave+1"],"picked":"hubris:SharpeningStone+1","floor":30},{"not_picked":["Rupture","Rampage","Headbutt"],"picked":"SKIP","floor":30},{"not_picked":["Warcry+1","Clothesline+1","DDmod:SpikedSkill+1"],"picked":"SKIP","floor":35},{"not_picked":["Spot Weakness+1","Replay:Undeath\u0027s Touch","Uppercut"],"picked":"SKIP","floor":35},{"not_picked":["hubris:CleavingFinish+1","Body Slam","Clothesline"],"picked":"SKIP","floor":36},{"not_picked":["Whirlwind+1","Flame Barrier+1","Body Slam+1"],"picked":"SKIP","floor":36},{"not_picked":["DDmod:PokeAttack+1","Reaper","Pommel Strike"],"picked":"SKIP","floor":41},{"not_picked":["Life Link+1","DDmod:CallousedSkill+1","Sever Soul"],"picked":"SKIP","floor":42},{"not_picked":["Spot Weakness+1","Heavy Blade","ReplayTheSpireMod:Strike From Hell"],"picked":"SKIP","floor":42},{"not_picked":["Double Tap+1","Anger","DDmod:SpikedSkill+1"],"picked":"SKIP","floor":44},{"not_picked":["True Grit+1","DDmod:SpikedSkill+1","Anger"],"picked":"SKIP","floor":44},{"not_picked":["Heavy Blade","Sword Boomerang+1","DDmod:SpikedSkill+1"],"picked":"SKIP","floor":46},{"not_picked":["Seeing Red+1","Run Through+1","ReplayTheSpireMod:Stacked+1"],"picked":"SKIP","floor":46},{"not_picked":["Combust+1","ReplayTheSpireMod:Strike From Hell+1"],"picked":"Shrug It Off+1","floor":47},{"not_picked":["Anger","Armaments+1","hubris:SharpeningStone+1"],"picked":"SKIP","floor":47},{"not_picked":["Sever Soul","DDmod:SpikeInjectionSkill+1","Warcry+1"],"picked":"SKIP","floor":48},{"not_picked":["True Grit+1","hubris:ReadiedAction+1","Dropkick"],"picked":"SKIP","floor":48},{"not_picked":["Cleave","Corruption","DDmod:PokeAttack"],"picked":"SKIP","floor":52},{"not_picked":["Run Through","hubris:ReadiedAction+1","Clash"],"picked":"SKIP","floor":52},{"not_picked":["Pommel Strike","DDmod:EasePowerCard","Iron Wave"],"picked":"SKIP","floor":54},{"not_picked":["Twin Strike","Life Link","Havoc+1"],"picked":"SKIP","floor":54},{"not_picked":["Evolve","Sword Boomerang","DDmod:UnstoppableAttack"],"picked":"SKIP","floor":56},{"not_picked":["hubris:ReadiedAction+1","Second Wind+1","Replay:Many Hands+1"],"picked":"SKIP","floor":56},{"not_picked":["True Grit+1","Metallicize","Replay:Undeath\u0027s Touch"],"picked":"SKIP","floor":57},{"not_picked":["True Grit+1","Metallicize","Replay:Undeath\u0027s Touch"],"picked":"SKIP","floor":57},{"not_picked":["ReplayTheSpireMod:Corrosion Curse+1","Heavy Blade","Clash"],"picked":"SKIP","floor":58},{"not_picked":["DDmod:CallousedSkill+1","Iron Wave","hubris:ReadiedAction+1"],"picked":"SKIP","floor":58},{"not_picked":["Dark Embrace","DDmod:RapidStrikeAttack","Dual Wield+1"],"picked":"SKIP","floor":59},{"not_picked":["Ghostly Armor+1","Flex+1","Sword Boomerang"],"picked":"SKIP","floor":59},{"not_picked":["DDmod:RechargeSkill+1","DDmod:EasePowerCard"],"picked":"ReplayReversal+1","floor":61},{"not_picked":["Replay:Undeath\u0027s Touch","Run Through","Clothesline"],"picked":"SKIP","floor":61},{"not_picked":["Cleave","Pommel Strike"],"picked":"Inflame","floor":62},{"not_picked":["Heavy Blade","DDmod:SpikeInjectionSkill+1"],"picked":"Demon Form","floor":65},{"not_picked":["DDmod:CallousedSkill+1","Iron Wave","DDmod:UnstoppableAttack"],"picked":"SKIP","floor":65},{"not_picked":["DDmod:CallousedSkill+1","Iron Wave","DDmod:UnstoppableAttack"],"picked":"SKIP","floor":65},{"not_picked":["Immolate","hubris:StunningStrike"],"picked":"Limit Break+1","floor":67},{"not_picked":["hubris:SharpeningStone+1","Searing Blow","Iron Wave"],"picked":"SKIP","floor":69},{"not_picked":["DDmod:PokeAttack","ReplayTheSpireMod:Strike From Hell","Havoc+1"],"picked":"SKIP","floor":69},{"not_picked":["Defy Death+1","Abandon+1","Thunderclap+1"],"picked":"SKIP","floor":70},{"not_picked":["Havoc+1","DDmod:EasePowerCard","DDmod:UnstoppableAttack+1"],"picked":"SKIP","floor":70},{"not_picked":["Hemokinesis","DDmod:GrandUltimatumAttack","Body Slam"],"picked":"SKIP","floor":73},{"not_picked":["Anger","Replay:Undeath\u0027s Touch+1","Havoc+1"],"picked":"SKIP","floor":73},{"not_picked":["DDmod:UnstoppableAttack","Clothesline","DDmod:GrandUltimatumAttack"],"picked":"SKIP","floor":76},{"not_picked":["Iron Wave","Warcry+1","Heavy Blade+1"],"picked":"SKIP","floor":76},{"not_picked":["Run Through+1","Rupture","Sword Boomerang"],"picked":"SKIP","floor":78},{"not_picked":["DDmod:UnstoppableAttack+1","hubris:SharpeningStone+1","DDmod:EasePowerCard"],"picked":"SKIP","floor":78},{"not_picked":["Sword Boomerang","Havoc+1","Demon Form"],"picked":"SKIP","floor":79},{"not_picked":["Pummel","Reckless Charge","Armaments+1"],"picked":"SKIP","floor":81},{"not_picked":["DDmod:CallousedSkill+1","Shrug It Off+1","Warcry+1"],"picked":"SKIP","floor":81},{"not_picked":["Pommel Strike","ReplayTheSpireMod:Strike From Hell","DDmod:EasePowerCard+1"],"picked":"SKIP","floor":82},{"not_picked":["ReplayTheSpireMod:Strike From Hell","Fire Breathing","Thunderclap+1"],"picked":"SKIP","floor":82},{"not_picked":["hubris:ReadiedAction+1","Seeing Red+1","Uppercut+1"],"picked":"SKIP","floor":86},{"not_picked":["True Grit+1","DDmod:SpikedSkill+1","Body Slam+1"],"picked":"SKIP","floor":86},{"not_picked":["Rampage","Havoc+1","Fire Breathing+1"],"picked":"SKIP","floor":88},{"not_picked":["Abandon+1","DDmod:UnstoppableAttack","Shrug It Off+1"],"picked":"SKIP","floor":88},{"not_picked":["Rampage","Sever Soul","DDmod:CallousedSkill+1"],"picked":"SKIP","floor":89},{"not_picked":["Clothesline+1","DDmod:CallousedSkill+1","Uppercut+1"],"picked":"SKIP","floor":89},{"not_picked":["Feed","True Grit+1","Defy Death+1"],"picked":"SKIP","floor":90},{"not_picked":["Havoc+1","Headbutt+1","ReplayTheSpireMod:Strike From Hell+1"],"picked":"SKIP","floor":90},{"not_picked":["DDmod:SpikedSkill+1","DDmod:SpikeInjectionSkill+1","Clothesline"],"picked":"SKIP","floor":97},{"not_picked":["Havoc+1","Shrug It Off+1","DDmod:CallousedSkill+1"],"picked":"SKIP","floor":97},{"not_picked":["ReplayTheSpireMod:Strike From Hell+1","Dark Embrace","Clothesline+1"],"picked":"SKIP","floor":105}],"player_experience":2826613,"relics_obtained":[{"floor":6,"key":"infinitespire:Beetle Shell"},{"floor":9,"key":"White Beast Statue"},{"floor":11,"key":"Replay:Bottled Eggs"},{"floor":13,"key":"Anchor"},{"floor":23,"key":"Mummified Hand"},{"floor":25,"key":"Letter Opener"},{"floor":26,"key":"hubris:BottledRain"},{"floor":28,"key":"Prayer Wheel"},{"floor":34,"key":"Potion Belt"},{"floor":34,"key":"Mercury Hourglass"},{"floor":34,"key":"hubris:CuriousFeather"},{"floor":39,"key":"Smiling Mask"},{"floor":41,"key":"King of Hearts"},{"floor":41,"key":"MealTicket"},{"floor":57,"key":"hubris:OldNail"},{"floor":57,"key":"Ancient Tea Set"},{"floor":60,"key":"infinitespire:Broken Mirror"},{"floor":62,"key":"MawBank"},{"floor":75,"key":"Bottled Lightning"},{"floor":77,"key":"infinitespire:WardingShard"},{"floor":79,"key":"Juzu Bracelet"},{"floor":79,"key":"WingedGreaves"},{"floor":93,"key":"ReplayTheSpireMod:Shallot"},{"floor":94,"key":"Gremlin Food"},{"floor":105,"key":"infinitespire:CheckeredPen"},{"floor":105,"key":"FossilizedHelix"}],"event_choices":[{"damage_healed":0,"gold_gain":0,"player_choice":"Donut","damage_taken":0,"max_hp_gain":5,"max_hp_loss":0,"event_name":"Big Fish","floor":3,"gold_loss":0},{"damage_healed":0,"gold_gain":0,"player_choice":"Take","damage_taken":0,"max_hp_gain":0,"max_hp_loss":0,"event_name":"betterNote:BetterNote","floor":19,"gold_loss":0,"cards_obtained":["Strike_R"]},{"cards_removed":["Swift Strike"],"damage_healed":0,"gold_gain":0,"player_choice":"Removed Attack","damage_taken":0,"max_hp_gain":0,"max_hp_loss":0,"event_name":"Falling","floor":38,"gold_loss":0},{"damage_healed":0,"gold_gain":99,"player_choice":"Steal","damage_taken":0,"max_hp_gain":0,"max_hp_loss":0,"event_name":"betterThird:BetterNest","floor":71,"gold_loss":0},{"damage_healed":0,"gold_gain":0,"player_choice":"Max HP","damage_taken":0,"max_hp_gain":0,"max_hp_loss":0,"event_name":"Winding Halls","floor":92,"gold_loss":0}],"is_beta":false,"boss_relics":[{"not_picked":["Busted Crown","energizedSpire:NeverEndingSparkler"],"picked":"energizedSpire:HugeHouse"},{"not_picked":["hubris:GrandSneckoEye","ChewingGum"],"picked":"Calling Bell"},{"not_picked":["Snecko Heart","energizedSpire:DeadBattery"],"picked":"Tiny House"},{"not_picked":["Replay:Wanted Poster","energizedSpire:MagnifyingGlass","infinitespire:Burning Sword"]},{"not_picked":["hubris:RunicObelisk","Kintsugi","energizedSpire:OgreHead"]},{"not_picked":["hubris:Stopwatch","Replay:Drink Me"],"picked":"Black Blood"}],"items_purged_floors":[0,0,0,2,14,29,31,53,72,87],"is_endless":true,"potions_floor_spawned":[5,7,11,13,16,18,20,22,23,24,25,28,30,33,35,36,41,42,44,46,47,48,50,52,54,56,57,58,59,61,62,65,67,69,70,73,76,78,79,81,82,84,86,88,89,90,97,101,105,106],"ascension_level":2}}