{"host":"mnpd8gh7cwxsn5kh","time":1613673560,"event":{"mods":["BaseMod","Bestiary","Block Reminder","Colored Map","Colored Powertips","Highlight Path","Minty Spire (QoL Compilation)","Relic Sorter","Relic Stats"],"gold_per_floor":[119,133,149,149,169,199,214,232,232,242,242,269,269,302,302,377,377,393,393,393,408,420,420,450,450,501,526,535,571,324,343,343,427,427,451,470,499,132,155,185,208,208,208,252,277,303,303,331,331,331],"floor_reached":51,"language":"ENG","playtime":6854,"items_purged":["Strike_P","Strike_P"],"score":1547,"play_id":"b40e56a3-25ed-4d23-8bbf-9d8cf84be9df","local_time":"20210218193920","is_ascension_mode":true,"campfire_choices":[{"data":"BattleHymn","floor":11,"key":"SMITH"},{"data":"Vigilance","floor":13,"key":"SMITH"},{"data":"Vault","floor":15,"key":"SMITH"},{"data":"Evaluate","floor":23,"key":"SMITH"},{"data":"SashWhip","floor":32,"key":"SMITH"},{"data":"Meditate","floor":42,"key":"SMITH"},{"data":"TalkToTheHand","floor":49,"key":"SMITH"}],"circlet_count":0,"master_deck":["AscendersBane","Strike_P","Defend_P","Defend_P","Defend_P","Defend_P","Eruption+1","Vigilance+1","InnerPeace","BattleHymn+1","EmptyFist","Meditate+1","Protect","CutThroughFate","Vault+1","Establishment","CrushJoints+1","Evaluate+1","EmptyMind+1","Vault+1","SashWhip+1","SashWhip","SandsOfTime","Crescendo","PanicButton","Tantrum","SpiritShield","Wallop","Wallop","Protect","Adaptation","MentalFortress+1","Sanctity+1","MentalFortress+1","TalkToTheHand+1"],"relics":["Coffee Dripper","Matryoshka","TeardropLocket","Torii","Calipers","White Beast Statue","SacredBark","Incense Burner","CeramicFish","PreservedInsect","MawBank","Membership Card","Black Star","Toy Ornithopter","Pear","OrangePellets","Gremlin Horn","Centennial Puzzle","Mercury Hourglass","Vajra","Letter Opener","CloakClasp","Singing Bowl","Pen Nib"],"acts_visited":["Exordium","TheCity","TheBeyond"],"potions_floor_usage":[6,8,12,18,18,21,24,24,33,35,36,40,41,44,46,50],"damage_taken":[{"damage":1,"enemies":"Cultist","floor":1,"turns":3},{"damage":0,"enemies":"Small Slimes","floor":2,"turns":3},{"damage":0,"enemies":"2 Louse","floor":3,"turns":2},{"damage":1,"enemies":"2 Fungi Beasts","floor":5,"turns":3},{"damage":2,"enemies":"3 Sentries","floor":6,"turns":3},{"damage":6,"enemies":"Lots of Slimes","floor":7,"turns":4},{"damage":10,"enemies":"Gremlin Gang","floor":8,"turns":4},{"damage":0,"enemies":"Blue Slaver","floor":10,"turns":3},{"damage":1,"enemies":"Gremlin Nob","floor":12,"turns":3},{"damage":3,"enemies":"3 Sentries","floor":14,"turns":5},{"damage":6,"enemies":"Hexaghost","floor":16,"turns":8},{"damage":1,"enemies":"2 Thieves","floor":18,"turns":3},{"damage":7,"enemies":"Chosen","floor":21,"turns":4},{"damage":0,"enemies":"3 Cultists","floor":22,"turns":5},{"damage":7,"enemies":"Book of Stabbing","floor":24,"turns":2},{"damage":7,"enemies":"Snake Plant","floor":27,"turns":4},{"damage":0,"enemies":"Slavers","floor":29,"turns":5},{"damage":1,"enemies":"Sentry and Sphere","floor":31,"turns":4},{"damage":11,"enemies":"Collector","floor":33,"turns":8},{"damage":7,"enemies":"Orb Walker","floor":35,"turns":4},{"damage":10,"enemies":"3 Darklings","floor":36,"turns":4},{"damage":1,"enemies":"4 Shapes","floor":37,"turns":5},{"damage":0,"enemies":"Spire Growth","floor":39,"turns":5},{"damage":40,"enemies":"Reptomancer","floor":40,"turns":6},{"damage":0,"enemies":"Jaw Worm Horde","floor":41,"turns":5},{"damage":13,"enemies":"Nemesis","floor":44,"turns":4},{"damage":0,"enemies":"Mind Bloom Boss Battle","floor":45,"turns":6},{"damage":0,"enemies":"Giant Head","floor":46,"turns":6},{"damage":9,"enemies":"Writhing Mass","floor":48,"turns":6},{"damage":23,"enemies":"Time Eater","floor":50,"turns":15}],"seed_played":"-477174268379778112","potions_obtained":[{"floor":1,"key":"Explosive Potion"},{"floor":2,"key":"Swift Potion"},{"floor":6,"key":"StancePotion"},{"floor":14,"key":"GamblersBrew"},{"floor":16,"key":"Explosive Potion"},{"floor":18,"key":"Ancient Potion"},{"floor":21,"key":"FearPotion"},{"floor":22,"key":"SteroidPotion"},{"floor":24,"key":"AttackPotion"},{"floor":27,"key":"FairyPotion"},{"floor":29,"key":"Dexterity Potion"},{"floor":33,"key":"FearPotion"},{"floor":35,"key":"Weak Potion"},{"floor":36,"key":"SkillPotion"},{"floor":37,"key":"Regen Potion"},{"floor":40,"key":"DuplicationPotion"},{"floor":41,"key":"Swift Potion"},{"floor":44,"key":"GamblersBrew"},{"floor":45,"key":"Dexterity Potion"},{"floor":46,"key":"SpeedPotion"},{"floor":48,"key":"EssenceOfSteel"}],"is_trial":false,"path_per_floor":["M","M","M","?","M","E","M","M","T","M","R","E","R","E","R","B",null,"M","?","?","M","M","R","E","?","T","M","?","E","$","M","R","B",null,"M","M","M","$","M","E","M","R","T","E","?","E","?","M","R","B",null],"character_chosen":"WATCHER","items_purchased":["Membership Card","Crescendo","PanicButton","Toy Ornithopter","Pear","Adaptation","OrangePellets"],"campfire_rested":0,"item_purchase_floors":[30,30,30,38,38,38,38],"current_hp_per_floor":[60,60,60,60,59,57,51,41,41,41,41,40,40,37,37,31,59,58,58,39,32,32,32,25,25,25,18,18,18,18,17,17,6,56,49,39,38,48,48,53,58,58,58,50,50,57,57,48,48,30],"gold":331,"neow_bonus":"BOSS_RELIC","is_daily":false,"chose_seed":false,"campfire_upgraded":7,"win_rate":0.0,"timestamp":1613673560,"path_taken":["M","M","M","?","M","E","?","M","T","M","R","E","R","E","R","BOSS","M","?","?","M","M","R","E","?","T","?","?","E","$","M","R","BOSS","M","M","?","$","M","E","M","R","T","E","?","E","?","M","R","BOSS"],"items_purchased_type":["Relic","Card","Card","Relic","Relic","Card","Relic"],"build_version":"2020-12-22","purchased_purges":2,"victory":true,"max_hp_per_floor":[68,68,68,68,68,68,68,68,68,68,68,68,68,68,68,68,68,68,68,73,73,73,73,73,73,73,73,73,73,73,73,73,73,73,73,73,73,83,83,83,83,83,83,83,83,85,81,81,81,81],"relic_stats":{"Torii":32,"Gremlin Horn":[2,2],"Singing Bowl":2,"counters":[30,142],"CeramicFish":135,"PreservedInsect":283,"Pen Nib":[5],"CloakClasp":[126],"Letter Opener":[2],"MawBank":12,"Mercury Hourglass":[88],"OrangePellets":[4],"Centennial Puzzle":[9],"Black Star":3,"obtain_stats":[{"Calipers":12,"Torii":9,"Gremlin Horn":40,"Singing Bowl":46,"SacredBark":17,"CeramicFish":26,"Vajra":44,"Incense Burner":24,"CloakClasp":45,"TeardropLocket":9,"Centennial Puzzle":40,"Matryoshka":6,"Pear":38,"PreservedInsect":26,"Pen Nib":46,"Letter Opener":44,"MawBank":29,"White Beast Statue":14,"Mercury Hourglass":43,"OrangePellets":38,"Coffee Dripper":0,"Black Star":34,"Membership Card":30,"PureWater":0,"Toy Ornithopter":38},{"Calipers":9,"Torii":7,"Gremlin Horn":24,"Singing Bowl":28,"SacredBark":11,"CeramicFish":15,"Vajra":26,"Incense Burner":15,"CloakClasp":27,"TeardropLocket":7,"Centennial Puzzle":24,"Matryoshka":5,"Pear":22,"PreservedInsect":15,"Pen Nib":28,"Letter Opener":26,"MawBank":17,"White Beast Statue":10,"Mercury Hourglass":25,"OrangePellets":22,"Coffee Dripper":0,"Black Star":19,"Membership Card":17,"PureWater":0,"Toy Ornithopter":22},{"Calipers":28,"Torii":22,"Gremlin Horn":100,"Singing Bowl":121,"SacredBark":41,"CeramicFish":55,"Vajra":109,"Incense Burner":55,"CloakClasp":115,"TeardropLocket":22,"Centennial Puzzle":100,"Matryoshka":14,"Pear":89,"PreservedInsect":55,"Pen Nib":121,"Letter Opener":109,"MawBank":64,"White Beast Statue":33,"Mercury Hourglass":105,"OrangePellets":89,"Coffee Dripper":0,"Black Star":76,"Membership Card":64,"PureWater":0,"Toy Ornithopter":89}],"Toy Ornithopter":25},"card_choices":[{"not_picked":["FlyingSleeves","Halt"],"picked":"InnerPeace","floor":1},{"not_picked":["Consecrate","Vengeance"],"picked":"BattleHymn","floor":2},{"not_picked":["Nirvana","ClearTheMind","Halt"],"picked":"SKIP","floor":3},{"not_picked":["Prostrate","PathToVictory"],"picked":"EmptyFist","floor":5},{"not_picked":["BowlingBash","CrushJoints"],"picked":"Meditate","floor":6},{"not_picked":["Prostrate","ReachHeaven","PathToVictory"],"picked":"SKIP","floor":7},{"not_picked":["WheelKick","Prostrate"],"picked":"Protect","floor":8},{"not_picked":["Collect","WheelKick"],"picked":"CutThroughFate","floor":10},{"not_picked":["BattleHymn","EmptyFist","PathToVictory"],"picked":"SKIP","floor":12},{"not_picked":["ForeignInfluence","Brilliance"],"picked":"Vault","floor":14},{"not_picked":["DeusExMachina","Ragnarok"],"picked":"Establishment","floor":16},{"not_picked":["PathToVictory+1","CutThroughFate"],"picked":"CrushJoints+1","floor":18},{"not_picked":["InnerPeace","WaveOfTheHand"],"picked":"Evaluate","floor":21},{"not_picked":["WindmillStrike","ClearTheMind+1","Collect"],"picked":"SKIP","floor":22},{"not_picked":["WindmillStrike","Crescendo"],"picked":"EmptyMind+1","floor":24},{"not_picked":["EmptyBody","FollowUp"],"picked":"SashWhip","floor":27},{"not_picked":["FollowUp","BowlingBash"],"picked":"SandsOfTime","floor":29},{"not_picked":["EmptyBody","Protect"],"picked":"Tantrum","floor":31},{"not_picked":["Scrawl","Brilliance"],"picked":"SpiritShield","floor":33},{"not_picked":["EmptyFist","FlurryOfBlows+1"],"picked":"Wallop","floor":35},{"not_picked":["BowlingBash","Sanctity"],"picked":"Wallop","floor":36},{"not_picked":["Crescendo","Prostrate"],"picked":"Protect","floor":37},{"not_picked":["BowlingBash+1","Pray"],"picked":"MentalFortress+1","floor":39},{"not_picked":["Devotion","Consecrate","SashWhip"],"picked":"SKIP","floor":40},{"not_picked":["Study","Halt"],"picked":"Sanctity+1","floor":41},{"not_picked":["Sanctity","BowlingBash+1"],"picked":"MentalFortress+1","floor":44},{"not_picked":["Collect","CutThroughFate","JustLucky+1"],"picked":"Singing Bowl","floor":46},{"not_picked":["Evaluate","ThirdEye"],"picked":"TalkToTheHand","floor":48}],"player_experience":593162,"relics_obtained":[{"floor":6,"key":"Matryoshka"},{"floor":9,"key":"TeardropLocket"},{"floor":9,"key":"Torii"},{"floor":12,"key":"Calipers"},{"floor":14,"key":"White Beast Statue"},{"floor":24,"key":"Incense Burner"},{"floor":26,"key":"CeramicFish"},{"floor":26,"key":"PreservedInsect"},{"floor":29,"key":"MawBank"},{"floor":40,"key":"Gremlin Horn"},{"floor":40,"key":"Centennial Puzzle"},{"floor":43,"key":"Mercury Hourglass"},{"floor":44,"key":"Vajra"},{"floor":44,"key":"Letter Opener"},{"floor":45,"key":"CloakClasp"},{"floor":46,"key":"Singing Bowl"},{"floor":46,"key":"Pen Nib"}],"event_choices":[{"damage_healed":0,"gold_gain":0,"player_choice":"Forge","damage_taken":0,"max_hp_gain":0,"max_hp_loss":0,"event_name":"Accursed Blacksmith","floor":4,"gold_loss":0,"cards_upgraded":["Eruption"]},{"damage_healed":0,"gold_gain":0,"player_choice":"Ignored","damage_taken":0,"max_hp_gain":0,"max_hp_loss":0,"event_name":"Ghosts","floor":19,"gold_loss":0},{"damage_healed":0,"gold_gain":0,"player_choice":"Shed Blood","damage_taken":24,"max_hp_gain":5,"max_hp_loss":0,"event_name":"Forgotten Altar","floor":20,"gold_loss":0},{"damage_healed":0,"gold_gain":0,"player_choice":"Copied","damage_taken":0,"max_hp_gain":0,"max_hp_loss":0,"event_name":"Duplicator","floor":25,"gold_loss":0,"cards_obtained":["Vault"]},{"damage_healed":0,"gold_gain":0,"cards_transformed":["Strike_P"],"player_choice":"Transformed","damage_taken":0,"max_hp_gain":0,"max_hp_loss":0,"event_name":"Transmorgrifier","floor":28,"gold_loss":0,"cards_obtained":["SashWhip"]},{"damage_healed":0,"gold_gain":0,"player_choice":"Fight","damage_taken":0,"max_hp_gain":0,"max_hp_loss":0,"event_name":"MindBloom","floor":45,"gold_loss":0},{"damage_healed":0,"gold_gain":0,"player_choice":"Max HP","damage_taken":0,"max_hp_gain":0,"max_hp_loss":4,"event_name":"Winding Halls","floor":47,"gold_loss":0}],"is_beta":false,"boss_relics":[{"not_picked":["Ectoplasm","Snecko Eye"],"picked":"SacredBark"},{"not_picked":["Sozu","Empty Cage"],"picked":"Black Star"}],"items_purged_floors":[30,38],"is_endless":false,"potions_floor_spawned":[1,2,6,7,14,16,18,21,22,24,27,29,31,33,35,36,37,39,40,41,44,45,46,48],"ascension_level":18}}