{"host":"00olc56ucl6mk3pv","time":1613625261,"event":{"mods":["AchievementEnabler","BaseMod","Keyboard Shortcuts","Minty Spire (QoL Compilation)","Quick Restart","SuperFastMode"],"gold_per_floor":[110,127,127,52,70,70,80,106,131,42,52,67,67,26,26,103,103,114,126,146,236,236,236],"floor_reached":22,"language":"KOR","playtime":1329,"items_purged":[],"score":376,"play_id":"fffea9c4-8bab-4376-ad1c-4fbb639cec81","local_time":"20210218141421","is_ascension_mode":true,"campfire_choices":[{"data":"Loop","floor":6,"key":"SMITH"},{"data":"Static Discharge","floor":15,"key":"SMITH"}],"circlet_count":0,"master_deck":["AscendersBane","Zap+1","Dualcast","Loop+1","Sweeping Beam","Ball Lightning","Beam Cell","Storm","Static Discharge+1","BootSequence+1","Gash","Self Repair","Thunder Strike","Sunder","BootSequence","Chill","Beam Cell","Lockon","Force Field","Turbo","Defragment+1","Hologram"],"relics":["Cracked Core","MealTicket","Toy Ornithopter","Pandora\u0027s Box"],"acts_visited":["Exordium","TheCity"],"potions_floor_usage":[8,11,22],"damage_taken":[{"damage":2,"enemies":"Jaw Worm","floor":1,"turns":3},{"damage":9,"enemies":"Small Slimes","floor":2,"turns":3},{"damage":2,"enemies":"Cultist","floor":5,"turns":4},{"damage":3,"enemies":"Blue Slaver","floor":7,"turns":3},{"damage":11,"enemies":"Gremlin Nob","floor":8,"turns":3},{"damage":18,"enemies":"Lots of Slimes","floor":11,"turns":3},{"damage":5,"enemies":"3 Louse","floor":12,"turns":3},{"damage":16,"enemies":"Hexaghost","floor":16,"turns":6},{"damage":22,"enemies":"Chosen","floor":18,"turns":4},{"damage":9,"enemies":"2 Thieves","floor":19,"turns":5},{"damage":18,"enemies":"Snake Plant","floor":20,"turns":2},{"damage":11,"enemies":"Cultist and Chosen","floor":22,"turns":3}],"seed_played":"-2699997667834440805","potions_obtained":[{"floor":2,"key":"AttackPotion"},{"floor":7,"key":"FocusPotion"},{"floor":12,"key":"PowerPotion"},{"floor":16,"key":"BlessingOfTheForge"}],"is_trial":false,"path_per_floor":["M","M","?","?","M","R","M","E","T","$","M","M","?","$","R","B",null,"M","M","M","?","M"],"character_chosen":"DEFECT","items_purchased":["Static Discharge","Self Repair"],"campfire_rested":0,"item_purchase_floors":[10,14],"current_hp_per_floor":[62,53,46,46,44,44,41,30,30,45,32,27,6,21,21,12,56,41,39,21,3,0,0],"gold":236,"neow_bonus":"UPGRADE_CARD","is_daily":false,"chose_seed":false,"campfire_upgraded":2,"win_rate":0.0,"timestamp":1613625261,"path_taken":["M","M","?","?","M","R","M","E","T","?","?","M","?","$","R","BOSS","M","M","M","?","M"],"items_purchased_type":["Card","Card"],"build_version":"2020-12-22","purchased_purges":0,"victory":false,"max_hp_per_floor":[71,71,71,71,71,71,71,71,71,71,71,71,71,71,71,71,71,71,71,71,71,71,71],"card_choices":[{"not_picked":["Rebound","Turbo"],"picked":"Loop","floor":1},{"not_picked":["Rebound","Redo"],"picked":"Sweeping Beam","floor":2},{"not_picked":["Stack","Steam"],"picked":"Ball Lightning","floor":5},{"not_picked":["Conserve Battery","Turbo"],"picked":"Beam Cell","floor":7},{"not_picked":["Beam Cell","Redo"],"picked":"Storm","floor":8},{"not_picked":["Compile Driver","Reinforced Body"],"picked":"BootSequence","floor":11},{"not_picked":["Blizzard","Stack"],"picked":"Gash","floor":12},{"not_picked":["Machine Learning","Hyperbeam"],"picked":"Thunder Strike","floor":16},{"not_picked":["Melter","Redo"],"picked":"Turbo","floor":18},{"not_picked":["Gash","Doom and Gloom"],"picked":"Defragment+1","floor":19},{"not_picked":["Sweeping Beam","Chaos"],"picked":"Hologram","floor":20}],"player_experience":594607,"relics_obtained":[{"floor":8,"key":"MealTicket"},{"floor":9,"key":"Toy Ornithopter"}],"event_choices":[{"cards_removed":["Strike_B"],"damage_healed":0,"gold_gain":0,"player_choice":"Card Removal","damage_taken":7,"max_hp_gain":0,"max_hp_loss":0,"event_name":"Golden Wing","floor":3,"gold_loss":0},{"cards_removed":["Strike_B"],"damage_healed":0,"gold_gain":0,"player_choice":"Card Removal","damage_taken":0,"max_hp_gain":0,"max_hp_loss":0,"event_name":"The Cleric","floor":4,"gold_loss":75},{"damage_healed":0,"gold_gain":0,"player_choice":"Entered Light","damage_taken":21,"max_hp_gain":0,"max_hp_loss":0,"event_name":"Shining Light","floor":13,"gold_loss":0,"cards_upgraded":["BootSequence","Defend_B"]},{"damage_healed":0,"gold_gain":90,"player_choice":"GOLD POTION ","damage_taken":18,"max_hp_gain":0,"max_hp_loss":0,"event_name":"Knowing Skull","floor":21,"potions_obtained":["LiquidBronze"],"gold_loss":0,"cards_obtained":[]}],"is_beta":false,"boss_relics":[{"not_picked":["Ectoplasm","Calling Bell"],"picked":"Pandora\u0027s Box"}],"items_purged_floors":[],"is_endless":false,"potions_floor_spawned":[2,7,12,16,20],"killed_by":"Cultist and Chosen","ascension_level":20}}