{"host":"g3js2eermvvpeiqn","time":1613664211,"event":{"mods":["BaseMod","DeckTracker","Downfall","Minty Spire (QoL Compilation)","Quick Restart","StSLib"],"gold_per_floor":[118,137,150,19,19,49,0,0,73,89,89,116,116,146,146,225,225,238,268,268,268,268],"floor_reached":21,"language":"ENG","playtime":664,"items_purged":["Strike_B"],"score":440,"play_id":"f7c19731-0ccb-458e-8138-449797ba0385","local_time":"20210218100331","is_ascension_mode":true,"campfire_choices":[{"floor":8,"key":"REST"},{"data":"Biased Cognition","floor":11,"key":"SMITH"},{"data":"Hologram","floor":15,"key":"SMITH"}],"circlet_count":0,"master_deck":["AscendersBane","Strike_B","Defend_B","Defend_B","Defend_B","Zap+1","Dualcast","Barrage+1","Biased Cognition+1","Hologram+1","Echo Form","Cold Snap","Compile Driver","Rainbow","Rainbow+1","Rebound+1","Stack+1","Go for the Eyes"],"relics":["Cracked Core","NeowsBlessing","Akabeko","Kunai","Strawberry","Eternal Feather","Astrolabe","Red Mask"],"acts_visited":["Exordium","TheCity"],"potions_floor_usage":[6,12,12,18,19],"damage_taken":[{"damage":0,"enemies":"Jaw Worm","floor":1,"turns":1},{"damage":0,"enemies":"2 Louse","floor":2,"turns":1},{"damage":0,"enemies":"Cultist","floor":3,"turns":1},{"damage":37,"enemies":"3 Sentries","floor":6,"turns":8},{"damage":8,"enemies":"Blue Slaver","floor":10,"turns":2},{"damage":6,"enemies":"Gremlin Nob","floor":12,"turns":3},{"damage":0,"enemies":"Lagavulin","floor":14,"turns":4},{"damage":18,"enemies":"Hexaghost","floor":16,"turns":6},{"damage":0,"enemies":"Chosen","floor":18,"turns":3},{"damage":30,"enemies":"Masked Bandits","floor":19,"turns":4}],"seed_played":"-4336731972239362144","potions_obtained":[{"floor":1,"key":"AttackPotion"},{"floor":6,"key":"bronze:BurnAndBuffPotion"},{"floor":10,"key":"Fire Potion"},{"floor":14,"key":"FocusPotion"},{"floor":16,"key":"hexamod:SoulburnPotion"}],"is_trial":false,"path_per_floor":["M","M","M","$","?","E","?","R","T","M","R","E","?","E","R","B",null,"M","?","?","?"],"character_chosen":"DEFECT","items_purchased":["Hologram"],"campfire_rested":1,"item_purchase_floors":[4],"current_hp_per_floor":[64,64,64,64,64,27,27,48,48,40,40,41,41,41,50,32,67,67,37,15,0,0],"gold":268,"neow_bonus":"THREE_ENEMY_KILL","is_daily":false,"chose_seed":false,"campfire_upgraded":2,"win_rate":0.0,"timestamp":1613664211,"path_taken":["M","M","M","$","?","E","?","R","T","M","R","E","?","E","R","BOSS","M","?","?","?"],"items_purchased_type":["Card"],"build_version":"2020-12-22","purchased_purges":1,"victory":false,"max_hp_per_floor":[71,71,71,71,71,71,71,71,71,71,71,78,78,78,78,78,78,78,78,83,83,83],"card_choices":[{"not_picked":["BootSequence","Turbo"],"picked":"Barrage","floor":1},{"not_picked":["Barrage","Rebound"],"picked":"Biased Cognition","floor":2},{"not_picked":["Stack","Barrage","Auto Shields"],"picked":"SKIP","floor":3},{"not_picked":["Darkness","Sweeping Beam"],"picked":"Echo Form","floor":6},{"not_picked":["Steam","Beam Cell"],"picked":"Cold Snap","floor":10},{"not_picked":["Hello World","Gash"],"picked":"Compile Driver","floor":12},{"not_picked":["Rebound","Barrage","Turbo"],"picked":"SKIP","floor":14},{"not_picked":["Creative AI","Thunder Strike"],"picked":"Rainbow","floor":16},{"not_picked":["Sunder","Streamline"],"picked":"Go for the Eyes","floor":18}],"player_experience":1479861,"relics_obtained":[{"floor":6,"key":"Akabeko"},{"floor":9,"key":"Kunai"},{"floor":12,"key":"Strawberry"},{"floor":14,"key":"Eternal Feather"},{"floor":19,"key":"Red Mask"}],"event_choices":[{"damage_healed":0,"gold_gain":0,"player_choice":"Grow","damage_taken":0,"max_hp_gain":0,"max_hp_loss":0,"event_name":"Living Wall","floor":5,"gold_loss":0,"cards_upgraded":["Zap"]},{"damage_healed":0,"gold_gain":0,"player_choice":"Left Gold","damage_taken":0,"max_hp_gain":0,"max_hp_loss":0,"event_name":"World of Goop","floor":7,"gold_loss":49},{"damage_healed":0,"gold_gain":0,"player_choice":"Upgraded","damage_taken":0,"max_hp_gain":0,"max_hp_loss":0,"event_name":"Upgrade Shrine","floor":13,"gold_loss":0,"cards_upgraded":["Barrage"]},{"damage_healed":0,"gold_gain":0,"player_choice":"Fought Bandits","damage_taken":0,"max_hp_gain":0,"max_hp_loss":0,"event_name":"Masked Bandits","floor":19,"gold_loss":0},{"damage_healed":0,"gold_gain":0,"player_choice":"Shed Blood","damage_taken":27,"max_hp_gain":5,"max_hp_loss":0,"event_name":"Forgotten Altar","floor":20,"gold_loss":0}],"is_beta":false,"boss_relics":[{"not_picked":["Runic Dome","bronze:MakeshiftBattery"],"picked":"Astrolabe"}],"items_purged_floors":[4],"is_endless":false,"potions_floor_spawned":[1,6,10,14,16],"ascension_level":20}}