{"host":"jlz4is0nf6zo9oab","time":1613679305,"event":{"mods":["AchievementEnabler","BaseMod","Colored Map","Colored Powertips","Highlight Path","Minty Spire (QoL Compilation)","StSLib"],"gold_per_floor":[111,111,186,207,221,221,261,261,261,279,279,313,325,0,0,93,93,117,117,117,138,86,86,102,102,102,102,4,4,48,66,66,66,66],"floor_reached":33,"language":"SPA","playtime":842,"items_purged":["Strike_B"],"score":447,"play_id":"9755109f-0cc7-4086-b854-6baaf99d13b8","local_time":"20210218211505","is_ascension_mode":true,"campfire_choices":[{"data":"Streamline","floor":6,"key":"SMITH"},{"floor":8,"key":"REST"},{"data":"Dualcast","floor":11,"key":"SMITH"},{"floor":15,"key":"REST"},{"floor":23,"key":"DIG"},{"floor":27,"key":"REST"},{"data":"Defragment","floor":29,"key":"SMITH"},{"floor":32,"key":"REST"}],"circlet_count":0,"master_deck":["AscendersBane","Strike_B","Strike_B","Strike_B","Defend_B","Defend_B","Defend_B","Defend_B","Zap","Dualcast+1","Leap","Sweeping Beam","Streamline+1","Rip and Tear+1","Cold Snap+1","Core Surge+1","CurseOfTheBell","Glacier","Defragment+1","Streamline+1"],"relics":["Cracked Core","Happy Flower","Golden Idol","Molten Egg 2","Ancient Tea Set","MawBank","Symbiotic Virus","Calling Bell","Dream Catcher","HornCleat","Shovel","MutagenicStrength","Centennial Puzzle","Smiling Mask","Emotion Chip","Omamori","InkBottle"],"acts_visited":["Exordium","TheCity"],"potions_floor_usage":[12,30,31],"damage_taken":[{"damage":2,"enemies":"Jaw Worm","floor":1,"turns":3},{"damage":0,"enemies":"Small Slimes","floor":4,"turns":3},{"damage":0,"enemies":"Cultist","floor":5,"turns":4},{"damage":24,"enemies":"Gremlin Nob","floor":7,"turns":4},{"damage":11,"enemies":"Looter","floor":10,"turns":2},{"damage":14,"enemies":"Lagavulin","floor":12,"turns":4},{"damage":23,"enemies":"Hexaghost","floor":16,"turns":8},{"damage":3,"enemies":"Chosen","floor":18,"turns":3},{"damage":0,"enemies":"Spheric Guardian","floor":21,"turns":3},{"damage":9,"enemies":"Centurion and Healer","floor":24,"turns":4},{"damage":16,"enemies":"Book of Stabbing","floor":30,"turns":4},{"damage":2,"enemies":"3 Cultists","floor":31,"turns":5},{"damage":68,"enemies":"Champ","floor":33,"turns":13}],"seed_played":"3939800558744263816","potions_obtained":[{"floor":4,"key":"EssenceOfDarkness"},{"floor":5,"key":"Block Potion"},{"floor":18,"key":"SteroidPotion"},{"floor":30,"key":"SteroidPotion"},{"floor":31,"key":"SmokeBomb"}],"is_trial":false,"path_per_floor":["M","?","?","M","M","R","E","R","T","M","R","E","?","$","R","B",null,"M","?","?","M","$","R","M","?","T","R","?","R","E","M","R","B"],"character_chosen":"DEFECT","items_purchased":["Symbiotic Virus","Streamline+1"],"campfire_rested":4,"item_purchase_floors":[14,22],"current_hp_per_floor":[66,66,55,55,55,55,31,51,51,40,40,26,26,26,46,23,58,55,55,55,55,55,55,46,46,46,66,66,66,50,48,68,0,0],"gold":66,"neow_bonus":"RANDOM_COMMON_RELIC","is_daily":false,"chose_seed":false,"campfire_upgraded":3,"win_rate":0.0,"timestamp":1613679305,"path_taken":["M","?","?","M","M","R","E","R","T","M","R","E","?","$","R","BOSS","M","?","?","M","?","R","?","?","T","R","?","R","E","M","R","BOSS"],"items_purchased_type":["Relic","Card"],"build_version":"2020-12-22","purchased_purges":1,"victory":false,"max_hp_per_floor":[75,69,69,69,69,69,69,69,69,69,69,69,69,69,69,69,69,69,69,69,69,69,69,69,69,69,69,69,69,69,69,69,69,69],"card_choices":[{"not_picked":["Redo","Darkness"],"picked":"Leap","floor":1},{"not_picked":["Redo","Undo"],"picked":"Sweeping Beam","floor":4},{"not_picked":["Coolheaded","Turbo"],"picked":"Streamline","floor":5},{"not_picked":["Ball Lightning+1","Conserve Battery"],"picked":"Rip and Tear+1","floor":7},{"not_picked":["Compile Driver+1","Leap","Barrage+1"],"picked":"SKIP","floor":10},{"not_picked":["Redo","Steam"],"picked":"Cold Snap+1","floor":12},{"not_picked":["Echo Form","Biased Cognition"],"picked":"Core Surge+1","floor":16},{"not_picked":["Coolheaded","Hologram"],"picked":"Glacier","floor":18},{"not_picked":["Stack","Rebound+1"],"picked":"Defragment","floor":21},{"not_picked":["Reprogram","Go for the Eyes+1","Ball Lightning+1"],"picked":"SKIP","floor":24},{"not_picked":["Recycle","Undo","Ball Lightning+1"],"picked":"SKIP","floor":30},{"not_picked":["Force Field","Go for the Eyes+1","Turbo"],"picked":"SKIP","floor":31}],"player_experience":975940,"relics_obtained":[{"floor":7,"key":"Molten Egg 2"},{"floor":9,"key":"Ancient Tea Set"},{"floor":12,"key":"MawBank"},{"floor":17,"key":"Dream Catcher"},{"floor":17,"key":"HornCleat"},{"floor":17,"key":"Shovel"},{"floor":23,"key":"Centennial Puzzle"},{"floor":26,"key":"Emotion Chip"},{"floor":30,"key":"InkBottle"}],"event_choices":[{"damage_healed":0,"gold_gain":0,"player_choice":"Lose Max HP","damage_taken":0,"relics_obtained":["Golden Idol"],"max_hp_gain":0,"max_hp_loss":6,"event_name":"Golden Idol","floor":2,"gold_loss":0},{"damage_healed":0,"gold_gain":75,"player_choice":"Gather Gold","damage_taken":11,"max_hp_gain":0,"max_hp_loss":0,"event_name":"World of Goop","floor":3,"gold_loss":0},{"damage_healed":0,"gold_gain":0,"player_choice":"Bought 0 Potions","damage_taken":0,"max_hp_gain":0,"max_hp_loss":0,"event_name":"The Woman in Blue","floor":13,"gold_loss":0},{"damage_healed":0,"gold_gain":0,"player_choice":"Ignored","damage_taken":0,"max_hp_gain":0,"max_hp_loss":0,"event_name":"Vampires","floor":19,"gold_loss":0},{"damage_healed":0,"gold_gain":0,"player_choice":"Inject Mutagens","damage_taken":0,"relics_obtained":["MutagenicStrength"],"max_hp_gain":0,"max_hp_loss":0,"event_name":"Drug Dealer","floor":20,"gold_loss":0},{"damage_healed":0,"gold_gain":0,"player_choice":"Opened","damage_taken":0,"relics_obtained":["Smiling Mask"],"max_hp_gain":0,"max_hp_loss":0,"event_name":"The Mausoleum","floor":25,"gold_loss":0},{"damage_healed":0,"gold_gain":0,"player_choice":"Paid Gold","damage_taken":0,"relics_obtained":["Omamori"],"max_hp_gain":0,"max_hp_loss":0,"event_name":"WeMeetAgain","floor":28,"gold_loss":98}],"is_beta":false,"boss_relics":[{"not_picked":["Runic Pyramid","Philosopher\u0027s Stone"],"picked":"Calling Bell"}],"items_purged_floors":[14],"is_endless":false,"potions_floor_spawned":[4,5,12,18,30,31],"killed_by":"Champ","ascension_level":13}}