{"host":"1dhlu4qzehvrzpot","time":1613647711,"event":{"mods":["2.2 Compatiblity","AchievementEnabler","BaseMod","Block Reminder","Minty Spire (QoL Compilation)","Permanent Neow","Quick Restart","Rare Cards Sparkle","Relic Stats","Say the Spire","Slay-I","StSLib","SuperFastMode"],"gold_per_floor":[112,124,124,138,157,157,177,177,177,187,76,106,106,117,117,212,212,232,266,266,50,50,50],"floor_reached":22,"language":"ENG","playtime":633,"items_purged":["Strike_B"],"score":279,"play_id":"12d58303-f0fd-48c9-9288-d81d5d77af22","local_time":"20210218122831","is_ascension_mode":true,"campfire_choices":[{"data":"Rainbow","floor":6,"key":"SMITH"},{"floor":8,"key":"REST"},{"floor":15,"key":"REST"}],"circlet_count":0,"master_deck":["AscendersBane","Strike_B","Strike_B+1","Defend_B","Defend_B","Defend_B","Defend_B+1","Zap","Dualcast","Rainbow+1","Storm","Core Surge","Heatsinks","Loop","Defragment","Electrodynamics","Compile Driver","Sunder"],"relics":["Snecko Eye","Bottled Lightning","Ice Cream","Nuclear Battery","Red Mask","Runic Capacitor"],"acts_visited":["Exordium","TheCity"],"potions_floor_usage":[14,14,22,22],"damage_taken":[{"damage":0,"enemies":"Cultist","floor":1,"turns":4},{"damage":14,"enemies":"Jaw Worm","floor":2,"turns":5},{"damage":4,"enemies":"2 Louse","floor":4,"turns":4},{"damage":0,"enemies":"Large Slime","floor":5,"turns":5},{"damage":9,"enemies":"3 Louse","floor":7,"turns":3},{"damage":8,"enemies":"Lots of Slimes","floor":10,"turns":4},{"damage":22,"enemies":"3 Sentries","floor":12,"turns":8},{"damage":11,"enemies":"Blue Slaver","floor":14,"turns":4},{"damage":31,"enemies":"The Guardian","floor":16,"turns":9},{"damage":7,"enemies":"Chosen","floor":18,"turns":4},{"damage":22,"enemies":"Masked Bandits","floor":19,"turns":4},{"damage":18,"enemies":"3 Byrds","floor":22,"turns":2}],"seed_played":"-6664105737309720630","potions_obtained":[{"floor":2,"key":"Swift Potion"},{"floor":7,"key":"SteroidPotion"},{"floor":12,"key":"Regen Potion"},{"floor":14,"key":"FearPotion"},{"floor":18,"key":"SpeedPotion"}],"is_trial":false,"path_per_floor":["M","M","?","M","M","R","M","R","T","M","$","E","?","M","R","B",null,"M","?","?","$","M"],"character_chosen":"DEFECT","items_purchased":["Heatsinks","Runic Capacitor","Sunder"],"campfire_rested":2,"item_purchase_floors":[11,21,21],"current_hp_per_floor":[68,54,54,50,50,50,41,63,63,55,55,33,18,19,41,10,59,52,30,16,16,0,0],"gold":50,"neow_bonus":"BOSS_RELIC","is_daily":false,"chose_seed":false,"campfire_upgraded":1,"win_rate":0.0,"timestamp":1613647711,"path_taken":["M","?","?","M","M","R","?","R","T","M","?","E","?","M","R","BOSS","M","?","?","$","M"],"items_purchased_type":["Card","Relic","Card"],"build_version":"2020-12-22","purchased_purges":1,"victory":false,"max_hp_per_floor":[75,75,75,75,75,75,75,75,75,75,75,75,75,75,75,75,75,75,75,80,80,80,80],"relic_stats":{"counters":[12,56],"Snecko Eye":[85,108,98,85],"obtain_stats":[{"Ice Cream":12,"Snecko Eye":0,"Red Mask":19,"Runic Capacitor":21,"Bottled Lightning":9,"Cracked Core":0,"Nuclear Battery":17},{"Ice Cream":7,"Snecko Eye":0,"Red Mask":11,"Runic Capacitor":11,"Bottled Lightning":5,"Cracked Core":0,"Nuclear Battery":9},{"Ice Cream":33,"Snecko Eye":0,"Red Mask":54,"Runic Capacitor":54,"Bottled Lightning":21,"Cracked Core":0,"Nuclear Battery":46}]},"card_choices":[{"not_picked":["Gash","Coolheaded","Leap"],"picked":"SKIP","floor":1},{"not_picked":["Sweeping Beam","Loop"],"picked":"Rainbow","floor":2},{"not_picked":["Cold Snap","Reprogram","Beam Cell"],"picked":"SKIP","floor":4},{"not_picked":["Beam Cell","Rebound","Sweeping Beam"],"picked":"SKIP","floor":5},{"not_picked":["Stack","Rebound"],"picked":"Storm","floor":7},{"not_picked":["Compile Driver","Barrage"],"picked":"Core Surge","floor":10},{"not_picked":["Fusion","Cold Snap"],"picked":"Loop","floor":12},{"not_picked":["Redo","Storm"],"picked":"Defragment","floor":14},{"not_picked":["Machine Learning","Amplify"],"picked":"Electrodynamics","floor":16},{"not_picked":["Conserve Battery","Doom and Gloom","Aggregate"],"picked":"SKIP","floor":18},{"not_picked":["Conserve Battery","Doom and Gloom","Aggregate"],"picked":"SKIP","floor":18},{"not_picked":["Leap","Sweeping Beam+1"],"picked":"Compile Driver","floor":19}],"player_experience":542814,"relics_obtained":[{"floor":9,"key":"Bottled Lightning"},{"floor":12,"key":"Ice Cream"},{"floor":19,"key":"Red Mask"}],"event_choices":[{"cards_removed":["Strike_B"],"damage_healed":0,"gold_gain":0,"player_choice":"Purged","damage_taken":0,"max_hp_gain":0,"max_hp_loss":0,"event_name":"Purifier","floor":3,"gold_loss":0},{"damage_healed":0,"gold_gain":0,"player_choice":"Entered Light","damage_taken":15,"max_hp_gain":0,"max_hp_loss":0,"event_name":"Shining Light","floor":13,"gold_loss":0,"cards_upgraded":["Strike_B","Defend_B"]},{"damage_healed":0,"gold_gain":0,"player_choice":"Fought Bandits","damage_taken":0,"max_hp_gain":0,"max_hp_loss":0,"event_name":"Masked Bandits","floor":19,"gold_loss":0},{"damage_healed":0,"gold_gain":0,"player_choice":"Shed Blood","damage_taken":19,"max_hp_gain":5,"max_hp_loss":0,"event_name":"Forgotten Altar","floor":20,"gold_loss":0}],"is_beta":false,"boss_relics":[{"not_picked":["Busted Crown","Coffee Dripper"],"picked":"Nuclear Battery"}],"items_purged_floors":[11],"is_endless":false,"potions_floor_spawned":[2,7,12,14,18],"killed_by":"3 Byrds","ascension_level":10}}