{"host":"v4pe0ixo3k7iwzp0","time":1613643239,"event":{"mods":["100% Spire Juice","BaseMod","Bestiary","Highlight Path","Minty Spire (QoL Compilation)","StSLib","Td1madao Mod","The Senshi"],"gold_per_floor":[110,128,147,54,54,82,82,82,82,93,72,72,87,118,118,213,213,227,227,7,26,42,42,73,73,73,84,97,116,15,15,15,116,116,127,144,1143,946,965,965,983,1003,1003,749,764,764,864,883,883,883,883],"floor_reached":50,"language":"ENG","playtime":6673,"items_purged":["theSenshi:SailorKick","theSenshi:SailorKick","Normality","Normality"],"score":526,"play_id":"b3be45cb-8c2c-441e-9df5-bcbe80e0db51","local_time":"20210218021359","is_ascension_mode":false,"campfire_choices":[{"data":"theSenshi:MoonPrincessHalation","floor":7.0,"key":"SMITH"},{"floor":12.0,"key":"REST"},{"data":"theSenshi:MoonCrisisMakeUp","floor":15.0,"key":"SMITH"},{"data":"theSenshi:MoonGorgeousMeditation","floor":23.0,"key":"SMITH"},{"floor":25.0,"key":"REST"},{"floor":32.0,"key":"REST"},{"floor":40.0,"key":"REST"},{"floor":46.0,"key":"REST"},{"floor":49.0,"key":"REST"}],"circlet_count":0,"master_deck":["theSenshi:SailorKick","theSenshi:SailorKick","theSenshi:SailorBlock","theSenshi:SailorBlock","theSenshi:SailorBlock","theSenshi:SailorBlock","theSenshi:RoseThrow","theSenshi:MoonPrismPowerMakeUp+1","theSenshi:MoonTiaraMagic","theSenshi:MoonKick","theSenshi:MoonsReflection","theSenshi:MoonsReflection","theSenshi:MoonPrincessHalation+1","theSenshi:MoonCrisisMakeUp+1","theSenshi:VenusGlamour","theSenshi:SailorMercuryAssists","theSenshi:MoonGorgeousMeditation+1","theSenshi:SailorChibiMoonAssists","J.A.X.","theSenshi:MoonCosmicPowerMakeUp","theSenshi:MoonTwilightFlash","theSenshi:MoonPunch","theSenshi:Sidestep+1","theSenshi:LunasBite","theSenshi:MoonHealingEscalation+1","theSenshi:MercurysCunning+1","theSenshi:MoonPrincessHalation","theSenshi:TallSilhouette","theSenshi:InTheNameOfTheMoon","theSenshi:MoonsReflection"],"relics":["theSenshi:TransformationBroochRelic","Happy Flower","Bird Faced Urn","theSenshi:SpiralHeartMoonRodRelic","Boot","Black Star","Pen Nib","Smiling Mask","Centennial Puzzle","Fusion Hammer","Lee\u0027s Waffle","Torii","Nunchaku"],"acts_visited":["Exordium","TheCity","TheBeyond"],"potions_floor_usage":[50,50],"damage_taken":[{"damage":1.0,"enemies":"Jaw Worm","floor":1.0,"turns":5.0},{"damage":0.0,"enemies":"Cultist","floor":2.0,"turns":4.0},{"damage":2.0,"enemies":"2 Louse","floor":3.0,"turns":3.0},{"damage":27.0,"enemies":"3 Sentries","floor":6.0,"turns":7.0},{"damage":0.0,"enemies":"Large Slime","floor":10.0,"turns":1.0},{"damage":13.0,"enemies":"Gremlin Gang","floor":13.0,"turns":4.0},{"damage":19.0,"enemies":"Lagavulin","floor":14.0,"turns":4.0},{"damage":26.0,"enemies":"Hexaghost","floor":16.0,"turns":6.0},{"damage":9.0,"enemies":"Shell Parasite","floor":18.0,"turns":6.0},{"damage":22.0,"enemies":"2 Thieves","floor":21.0,"turns":3.0},{"damage":8.0,"enemies":"Centurion and Healer","floor":22.0,"turns":4.0},{"damage":46.0,"enemies":"Slavers","floor":24.0,"turns":5.0},{"damage":21.0,"enemies":"Snake Plant","floor":27.0,"turns":4.0},{"damage":26.0,"enemies":"Sentry and Sphere","floor":28.0,"turns":6.0},{"damage":14.0,"enemies":"Snecko","floor":29.0,"turns":4.0},{"damage":41.0,"enemies":"Automaton","floor":33.0,"turns":6.0},{"damage":0.0,"enemies":"3 Shapes","floor":35.0,"turns":4.0},{"damage":5.0,"enemies":"Orb Walker","floor":36.0,"turns":3.0},{"damage":25.0,"enemies":"Maw","floor":39.0,"turns":7.0},{"damage":50.0,"enemies":"Spire Growth","floor":41.0,"turns":5.0},{"damage":3.0,"enemies":"Writhing Mass","floor":42.0,"turns":4.0},{"damage":3.0,"enemies":"Jaw Worm Horde","floor":45.0,"turns":4.0},{"damage":4.0,"enemies":"Transient","floor":48.0,"turns":5.0},{"damage":123,"enemies":"Awakened One","floor":50,"turns":14}],"seed_played":"-8909255288558939336","potions_obtained":[{"floor":6.0,"key":"LiquidMemories"},{"floor":10.0,"key":"Fruit Juice"},{"floor":13.0,"key":"PowerPotion"},{"floor":14.0,"key":"Strength Potion"},{"floor":18.0,"key":"PowerPotion"},{"floor":22.0,"key":"Dexterity Potion"},{"floor":29.0,"key":"EntropicBrew"},{"floor":36.0,"key":"Fire Potion"},{"floor":41.0,"key":"Explosive Potion"},{"floor":48.0,"key":"EssenceOfSteel"}],"is_trial":false,"path_per_floor":["M","M","M","$","?","E","R","?","T","M","?","R","M","E","R","B",null,"M","?","$","M","M","R","E","R","T","M","M","M","$","?","R","B",null,"M","M","?","$","M","R","M","M","T","$","M","R","?","M","R","B"],"character_chosen":"THE_SENSHI","items_purchased":["theSenshi:MoonsReflection","theSenshi:MoonPrincessHalation","theSenshi:MoonCosmicPowerMakeUp","theSenshi:MoonTwilightFlash","theSenshi:TallSilhouette","Lee\u0027s Waffle","Nunchaku","theSenshi:MoonsReflection"],"campfire_rested":6,"item_purchase_floors":[4,4,20,20,30,38,44,44],"current_hp_per_floor":[74,74,72,72,72,45,45,45,45,54,54,78,75,62,62,44,80,73,73,73,61,61,61,27,51,51,36,40,44,44,44,68,35,80,80,77,77,87,68,87,51,64,64,64,83,87,87,87,87,0,0],"gold":883,"neow_bonus":"RANDOM_COMMON_RELIC","is_daily":false,"chose_seed":false,"campfire_upgraded":3,"win_rate":0.0,"timestamp":1613643239,"path_taken":["M","M","M","$","?","E","R","?","T","?","?","R","M","E","R","BOSS","M","?","$","M","M","R","E","R","T","M","M","M","$","?","R","BOSS","M","M","?","$","M","R","M","M","T","$","M","R","?","?","R","BOSS"],"items_purchased_type":["Card","Card","Card","Card","Card","Relic","Relic","Card"],"build_version":"2020-12-22","purchased_purges":4,"victory":false,"max_hp_per_floor":[75,75,75,75,75,75,75,75,75,80,80,80,80,80,80,80,80,80,80,80,80,80,80,80,80,80,80,80,80,80,80,80,80,80,80,80,80,87,87,87,87,87,87,87,87,87,87,87,87,87,87],"card_choices":[{"not_picked":["theSenshi:SupersonicWaves","theSenshi:SchoolBag"],"picked":"theSenshi:MoonTiaraMagic","floor":1.0},{"not_picked":["theSenshi:MoonlightKnight","theSenshi:TuxedoMaskAssists"],"picked":"theSenshi:MoonKick","floor":2.0},{"not_picked":["theSenshi:LateForSchool","theSenshi:SupersonicWaves"],"picked":"theSenshi:MoonsReflection","floor":3.0},{"not_picked":["theSenshi:EncouragingSpeech","theSenshi:TuxedoMaskAssists"],"picked":"theSenshi:MoonCrisisMakeUp","floor":6.0},{"not_picked":["theSenshi:SaturnsMystery","theSenshi:TuxedoSmokingBomber"],"picked":"theSenshi:VenusGlamour","floor":10.0},{"not_picked":["theSenshi:LateForSchool","theSenshi:MoonlightKnight","theSenshi:GatheringStrength"],"picked":"SKIP","floor":13.0},{"not_picked":["theSenshi:KlutzyLuck","theSenshi:SailorChibiMoonAssists"],"picked":"theSenshi:SailorMercuryAssists","floor":14.0},{"not_picked":["theSenshi:SilverMoonCrystalPowerKiss","theSenshi:SailorStarHealerAssists"],"picked":"theSenshi:MoonGorgeousMeditation","floor":16.0},{"not_picked":["theSenshi:SupersonicWaves+1","theSenshi:GatheringStrength"],"picked":"theSenshi:SailorChibiMoonAssists","floor":18.0},{"not_picked":["theSenshi:MercurysCunning","theSenshi:SteeledNerves+1"],"picked":"theSenshi:MoonPunch","floor":21.0},{"not_picked":["theSenshi:KlutzyLuck+1","theSenshi:CrisisMakeUp"],"picked":"theSenshi:Sidestep+1","floor":22.0},{"not_picked":["theSenshi:MoonCosmicPowerMakeUp","theSenshi:HesSoDreamy+1"],"picked":"theSenshi:LunasBite","floor":24.0},{"not_picked":["theSenshi:RainbowMoonHeartAche","theSenshi:NeptunesGrace"],"picked":"theSenshi:MoonHealingEscalation+1","floor":27.0},{"not_picked":["theSenshi:SaturnsMystery+1","theSenshi:VenusGlamour"],"picked":"theSenshi:MercurysCunning+1","floor":28.0},{"not_picked":["theSenshi:SailorPlanetPower+1","theSenshi:LateForSchool"],"picked":"theSenshi:MoonPrincessHalation","floor":29.0},{"not_picked":["theSenshi:GlimpseOfThePast","theSenshi:IWillPunishYou"],"picked":"theSenshi:InTheNameOfTheMoon","floor":33.0},{"not_picked":["theSenshi:SchoolBag+1","theSenshi:MoonCosmicPowerMakeUp+1","theSenshi:TuxedoSmokingBomber"],"picked":"SKIP","floor":35.0},{"not_picked":["theSenshi:SailorV","theSenshi:Sidestep+1","theSenshi:SchoolBag"],"picked":"SKIP","floor":36.0},{"not_picked":["theSenshi:EncouragingSpeech","theSenshi:LateForSchool+1","theSenshi:VenusGlamour"],"picked":"SKIP","floor":39.0},{"not_picked":["theSenshi:LunasBite","theSenshi:JupitersPower","theSenshi:NeptunesGrace+1"],"picked":"SKIP","floor":41.0},{"not_picked":["theSenshi:SaturnsMystery","theSenshi:LunaWiseMentor","theSenshi:LateForSchool"],"picked":"SKIP","floor":42.0},{"not_picked":["theSenshi:SailorMercuryAssists+1","theSenshi:MoonPrincessHalation","theSenshi:SailorStarFighterAssists+1"],"picked":"SKIP","floor":45.0},{"not_picked":["theSenshi:TuxedoMaskAssists","theSenshi:LunasBite+1","theSenshi:TuxedoSmokingBomber+1"],"picked":"SKIP","floor":48.0}],"player_experience":143621,"relics_obtained":[{"floor":6.0,"key":"Bird Faced Urn"},{"floor":9.0,"key":"theSenshi:SpiralHeartMoonRodRelic"},{"floor":14.0,"key":"Boot"},{"floor":24.0,"key":"Pen Nib"},{"floor":24.0,"key":"Smiling Mask"},{"floor":26.0,"key":"Centennial Puzzle"},{"floor":43.0,"key":"Torii"}],"event_choices":[{"damage_healed":0.0,"max_hp_gain":0.0,"max_hp_loss":0.0,"gold_gain":0.0,"event_name":"Shining Light","player_choice":"Ignored","floor":5.0,"gold_loss":0.0,"damage_taken":0.0},{"damage_healed":0.0,"max_hp_gain":0.0,"max_hp_loss":0.0,"gold_gain":0.0,"event_name":"Upgrade Shrine","player_choice":"Upgraded","floor":8.0,"gold_loss":0.0,"damage_taken":0.0,"cards_upgraded":["theSenshi:MoonPrismPowerMakeUp"]},{"damage_healed":0.0,"max_hp_gain":0.0,"max_hp_loss":0.0,"gold_gain":0.0,"event_name":"World of Goop","player_choice":"Left Gold","floor":11.0,"gold_loss":21.0,"damage_taken":0.0},{"damage_healed":0.0,"max_hp_gain":0.0,"max_hp_loss":0.0,"gold_gain":0.0,"event_name":"Drug Dealer","player_choice":"Obtain J.A.X.","floor":19.0,"gold_loss":0.0,"damage_taken":0.0,"cards_obtained":["J.A.X."]},{"damage_healed":0.0,"max_hp_gain":0.0,"max_hp_loss":0.0,"gold_gain":0.0,"event_name":"Ghosts","player_choice":"Ignored","floor":31.0,"gold_loss":0.0,"damage_taken":0.0},{"damage_healed":0.0,"max_hp_gain":0.0,"max_hp_loss":0.0,"gold_gain":999.0,"event_name":"MindBloom","player_choice":"Gold","floor":37.0,"gold_loss":0.0,"damage_taken":0.0,"cards_obtained":["Normality","Normality"]},{"damage_healed":0.0,"max_hp_gain":0.0,"max_hp_loss":0.0,"gold_gain":100.0,"event_name":"Golden Shrine","player_choice":"Pray","floor":47.0,"gold_loss":0.0,"damage_taken":0.0}],"is_beta":false,"boss_relics":[{"not_picked":["Calling Bell","Snecko Eye"],"picked":"Black Star"},{"not_picked":["Coffee Dripper","Velvet Choker"],"picked":"Fusion Hammer"}],"items_purged_floors":[20,30,38,44],"is_endless":false,"potions_floor_spawned":[6,10,13,14,18,22,27,29,36,39,41,48],"killed_by":"Awakened One","ascension_level":0}}