{"host":"q9qwbotttpvtd6fn","time":1613691920,"event":{"mods":["BaseMod","Colored Map","Minty Spire (QoL Compilation)","StSLib"],"gold_per_floor":[117,34,49,49,63,88,100,100,100,115,134,166,166,181,181,284,284,224,224,224,243,243,269,287,298,321,321,340,360,56,90,90,90,90],"floor_reached":33,"language":"ENG","playtime":2077,"items_purged":[],"score":434,"play_id":"d56542a1-6780-45c4-9baf-989d67c9281b","local_time":"20210218184520","is_ascension_mode":true,"campfire_choices":[{"floor":15.0,"key":"REST"},{"floor":27,"key":"REST"},{"floor":32,"key":"REST"}],"circlet_count":0,"master_deck":["Strike_B+1","Strike_B+1","Defend_B+1","Defend_B+1","Defend_B+1","Defend_B+1","Zap","Dualcast","Conserve Battery","Redo","FTL","Glacier","Aggregate","Coolheaded","Redo","Lockon+1","Leap","Melter","Static Discharge","Hologram","Seek","Doom and Gloom","Self Repair","Tempest","Sunder","FTL+1","Doom and Gloom","Fission","Doom and Gloom+1"],"relics":["Cracked Core","NeowsBlessing","Lizard Tail","Ginger","CaptainsWheel","Snecko Eye","Du-Vu Doll","Whetstone","Art of War","Oddly Smooth Stone"],"acts_visited":["Exordium","TheCity"],"potions_floor_usage":[29,31,33],"damage_taken":[{"damage":0.0,"enemies":"Cultist","floor":1.0,"turns":1.0},{"damage":0.0,"enemies":"2 Louse","floor":3.0,"turns":1.0},{"damage":0.0,"enemies":"Jaw Worm","floor":5.0,"turns":1.0},{"damage":6.0,"enemies":"3 Sentries","floor":6.0,"turns":9.0},{"damage":10.0,"enemies":"Blue Slaver","floor":7.0,"turns":4.0},{"damage":1.0,"enemies":"3 Louse","floor":10.0,"turns":3.0},{"damage":17.0,"enemies":"Lots of Slimes","floor":11.0,"turns":5.0},{"damage":17.0,"enemies":"Lagavulin","floor":12.0,"turns":8.0},{"damage":0.0,"enemies":"Blue Slaver","floor":14.0,"turns":3.0},{"damage":11.0,"enemies":"Slime Boss","floor":16.0,"turns":14.0},{"damage":14.0,"enemies":"2 Thieves","floor":18.0,"turns":4.0},{"damage":4.0,"enemies":"Shell Parasite","floor":21.0,"turns":6.0},{"damage":77.0,"enemies":"Slavers","floor":23.0,"turns":7.0},{"damage":9.0,"enemies":"3 Cultists","floor":24.0,"turns":4.0},{"damage":0,"enemies":"Snake Plant","floor":25,"turns":3},{"damage":2,"enemies":"Snecko","floor":28,"turns":5},{"damage":5,"enemies":"3 Cultists","floor":29,"turns":5},{"damage":42,"enemies":"Gremlin Leader","floor":31,"turns":7},{"damage":59,"enemies":"Champ","floor":33,"turns":6}],"seed_played":"-4732746760504513639","potions_obtained":[{"floor":3.0,"key":"FocusPotion"},{"floor":10.0,"key":"DistilledChaos"},{"floor":14.0,"key":"Strength Potion"},{"floor":21.0,"key":"Regen Potion"},{"floor":23.0,"key":"EntropicBrew"},{"floor":28,"key":"AttackPotion"}],"is_trial":false,"path_per_floor":["M","$","M","?","M","E","M","?","T","M","M","E","?","M","R","B",null,"M","?","?","M","?","E","M","M","T","R","M","M","$","E","R","B"],"character_chosen":"DEFECT","items_purchased":["Redo","FTL","Art of War","Fission"],"campfire_rested":3,"item_purchase_floors":[2,2,30,30],"current_hp_per_floor":[68,68,68,68,68,62,52,45,45,44,27,10,10,10,32,21,62,48,48,34,30,30,16,14,21,21,45,50,52,52,17,41,0,0],"gold":90,"neow_bonus":"THREE_ENEMY_KILL","is_daily":false,"chose_seed":false,"campfire_upgraded":0,"win_rate":0.0,"timestamp":1613691920,"path_taken":["M","$","?","?","M","E","M","?","T","M","M","E","?","M","R","BOSS","M","?","?","M","?","E","M","M","T","R","M","M","$","E","R","BOSS"],"items_purchased_type":["Card","Card","Relic","Card"],"build_version":"2020-12-22","purchased_purges":0,"victory":false,"max_hp_per_floor":[75,75,75,75,75,75,75,75,75,75,75,75,75,75,75,75,75,75,75,80,80,80,80,80,80,80,80,80,80,80,80,80,80,80],"card_choices":[{"not_picked":["Stack","Steam"],"picked":"Conserve Battery","floor":1.0},{"not_picked":["FTL","Coolheaded"],"picked":"Glacier","floor":3.0},{"not_picked":["BootSequence","Ball Lightning"],"picked":"Coolheaded","floor":5.0},{"not_picked":["Turbo","Steam"],"picked":"Redo","floor":6.0},{"not_picked":["Redo","Fission"],"picked":"Lockon","floor":7.0},{"not_picked":["Storm","Lockon"],"picked":"Leap","floor":10.0},{"not_picked":["Scrape","Go for the Eyes"],"picked":"Melter","floor":11.0},{"not_picked":["Rebound","Leap"],"picked":"Static Discharge","floor":12.0},{"not_picked":["Beam Cell","Reinforced Body"],"picked":"Hologram","floor":14.0},{"not_picked":["Hyperbeam","Meteor Strike"],"picked":"Seek","floor":16.0},{"not_picked":["Static Discharge","Barrage"],"picked":"Doom and Gloom","floor":18.0},{"not_picked":["Chill","Leap"],"picked":"Self Repair","floor":21.0},{"not_picked":["Compile Driver+1","Chill"],"picked":"Tempest","floor":23.0},{"not_picked":["Sweeping Beam","Turbo"],"picked":"Sunder","floor":24},{"not_picked":["Lockon","Genetic Algorithm"],"picked":"FTL","floor":25},{"not_picked":["Steam","Go for the Eyes","Conserve Battery+1"],"picked":"SKIP","floor":28},{"not_picked":["Darkness","Rip and Tear+1"],"picked":"Doom and Gloom","floor":29},{"not_picked":["Seek","FTL"],"picked":"Doom and Gloom+1","floor":31}],"player_experience":460512,"relics_obtained":[{"floor":6.0,"key":"Lizard Tail"},{"floor":9.0,"key":"Ginger"},{"floor":12.0,"key":"CaptainsWheel"},{"floor":23.0,"key":"Du-Vu Doll"},{"floor":26,"key":"Whetstone"},{"floor":31,"key":"Oddly Smooth Stone"}],"event_choices":[{"damage_healed":0.0,"max_hp_gain":0.0,"max_hp_loss":0.0,"gold_gain":0.0,"cards_transformed":["Strike_B"],"event_name":"Living Wall","player_choice":"Change","floor":4.0,"gold_loss":0.0,"damage_taken":0.0,"cards_obtained":["Aggregate"]},{"cards_removed":["Strike_B"],"damage_healed":0.0,"max_hp_gain":0.0,"max_hp_loss":0.0,"gold_gain":0.0,"event_name":"Golden Wing","player_choice":"Card Removal","floor":8.0,"gold_loss":0.0,"damage_taken":7.0},{"damage_healed":0.0,"max_hp_gain":0.0,"max_hp_loss":0.0,"gold_gain":0.0,"event_name":"Shining Light","player_choice":"Ignored","floor":13.0,"gold_loss":0.0,"damage_taken":0.0},{"damage_healed":0.0,"max_hp_gain":0.0,"max_hp_loss":0.0,"gold_gain":0.0,"event_name":"Ghosts","player_choice":"Ignored","floor":19.0,"gold_loss":0.0,"damage_taken":0.0},{"damage_healed":0.0,"max_hp_gain":5.0,"max_hp_loss":0.0,"gold_gain":0.0,"event_name":"Forgotten Altar","player_choice":"Shed Blood","floor":20.0,"gold_loss":0.0,"damage_taken":19.0},{"damage_healed":0.0,"max_hp_gain":0.0,"max_hp_loss":0.0,"gold_gain":0.0,"event_name":"Back to Basics","player_choice":"Simplicity","floor":22.0,"gold_loss":0.0,"damage_taken":0.0,"cards_upgraded":["Strike_B","Strike_B","Defend_B","Defend_B","Defend_B","Defend_B"]}],"is_beta":false,"boss_relics":[{"not_picked":["Sozu","Velvet Choker"],"picked":"Snecko Eye"}],"items_purged_floors":[],"is_endless":false,"potions_floor_spawned":[3,10,14,21,23,28],"killed_by":"Champ","ascension_level":9}}