{"host":"1hzg86ju9fvxh562","time":1613676913,"event":{"mods":["AchievementEnabler","Act Like it!","AlwaysNeverKeys","BaseMod","Bestiary","Better Altar","Better Match","Better Note","Better Sensory Stone","Better Skull","Better Third Choice","Colored Map","Colored Powertips","Curses Come First","Displayed Cursed Tome","Filter the Spire","Highlight Path","Keyboard Shortcuts","Minty Spire (QoL Compilation)","Rare Cards Sparkle","Relic Sorter","Relic Stats","Spicy Shops","StSLib","everything is the same but u backflip on backflip","slay the spire mod where everything is the same but ironclad has a cowboy hat"],"gold_per_floor":[116,135,135,135,151,151,184,196,233,308,346,373,407,429,441,453,453],"floor_reached":16,"language":"ENG","playtime":760,"items_purged":[],"score":176,"play_id":"c4f9245f-7ca8-4f17-adce-1afbe436eb20","local_time":"20210218173513","is_ascension_mode":true,"campfire_choices":[{"data":"Clothesline","floor":6.0,"key":"SMITH"},{"data":"Armaments","floor":15.0,"key":"SMITH"}],"circlet_count":0,"master_deck":["AscendersBane","Strike_R","Strike_R","Strike_R","Strike_R","Defend_R","Defend_R","Defend_R","Defend_R","Bash","Clothesline+1","Pommel Strike","Wild Strike","Warcry","Fire Breathing","Reaper","Intimidate","Corruption","Armaments+1"],"relics":["Mark of Pain","Juzu Bracelet","MawBank","PreservedInsect","Happy Flower","Question Card","Odd Mushroom"],"acts_visited":["Exordium"],"potions_floor_usage":[],"damage_taken":[{"damage":9.0,"enemies":"Jaw Worm","floor":1.0,"turns":3.0},{"damage":0.0,"enemies":"2 Louse","floor":2.0,"turns":2.0},{"damage":0.0,"enemies":"Small Slimes","floor":5.0,"turns":3.0},{"damage":6.0,"enemies":"Gremlin Nob","floor":7.0,"turns":3.0},{"damage":15.0,"enemies":"Gremlin Nob","floor":10.0,"turns":4.0},{"damage":10.0,"enemies":"3 Sentries","floor":11.0,"turns":3.0},{"damage":5.0,"enemies":"Gremlin Gang","floor":12.0,"turns":3.0},{"damage":4.0,"enemies":"The Mushroom Lair","floor":13.0,"turns":4.0},{"damage":3.0,"enemies":"2 Fungi Beasts","floor":14.0,"turns":3.0},{"damage":20,"enemies":"Hexaghost","floor":16,"turns":9}],"seed_played":"8963710701528226474","potions_obtained":[{"floor":2.0,"key":"GamblersBrew"},{"floor":5.0,"key":"DuplicationPotion"},{"floor":12.0,"key":"SkillPotion"}],"is_trial":false,"path_per_floor":["M","M","?","?","M","R","E","$","T","?","E","M","?","M","R","B"],"character_chosen":"IRONCLAD","items_purchased":[],"campfire_rested":0,"item_purchase_floors":[],"current_hp_per_floor":[63,63,56,38,38,38,32,32,32,17,7,10,10,15,15,0,0],"gold":453,"neow_bonus":"BOSS_RELIC","is_daily":false,"chose_seed":false,"campfire_upgraded":2,"win_rate":0.0,"timestamp":1613676913,"path_taken":["M","M","?","?","M","R","E","?","T","?","E","M","?","M","R","BOSS"],"items_purchased_type":[],"build_version":"2020-12-22","purchased_purges":0,"victory":false,"max_hp_per_floor":[80,80,80,80,80,80,80,80,80,80,80,80,80,80,80,80,80],"relic_stats":{"Happy Flower":[7],"counters":[10,37],"PreservedInsect":54,"Juzu Bracelet":1,"MawBank":108,"Question Card":3,"obtain_stats":[{"Happy Flower":10,"Mark of Pain":0,"PreservedInsect":9,"Juzu Bracelet":4,"Odd Mushroom":13,"MawBank":7,"Question Card":11,"Burning Blood":0},{"Happy Flower":5,"Mark of Pain":0,"PreservedInsect":4,"Juzu Bracelet":2,"Odd Mushroom":8,"MawBank":4,"Question Card":6,"Burning Blood":0},{"Happy Flower":15,"Mark of Pain":0,"PreservedInsect":11,"Juzu Bracelet":5,"Odd Mushroom":25,"MawBank":11,"Question Card":18,"Burning Blood":0}]},"card_choices":[{"not_picked":["Shrug It Off","Armaments"],"picked":"Clothesline","floor":1.0},{"not_picked":["Warcry","Blood for Blood"],"picked":"Pommel Strike","floor":2.0},{"not_picked":["Warcry","Dark Embrace"],"picked":"Wild Strike","floor":5.0},{"not_picked":["Flex","Cleave"],"picked":"Warcry","floor":7.0},{"not_picked":["Bloodletting","Sword Boomerang"],"picked":"Fire Breathing","floor":10.0},{"not_picked":["Dropkick","Flex"],"picked":"Reaper","floor":11.0},{"not_picked":["Headbutt","Body Slam","Thunderclap"],"picked":"Intimidate","floor":12.0},{"not_picked":["Headbutt","Pommel Strike","Reckless Charge"],"picked":"Corruption","floor":13.0},{"not_picked":["Carnage","Flex","Sword Boomerang"],"picked":"Armaments","floor":14.0}],"player_experience":538609,"relics_obtained":[{"floor":7.0,"key":"MawBank"},{"floor":9.0,"key":"PreservedInsect"},{"floor":10.0,"key":"Happy Flower"},{"floor":11.0,"key":"Question Card"},{"floor":13.0,"key":"Odd Mushroom"}],"event_choices":[{"cards_removed":["Strike_R"],"damage_healed":0.0,"max_hp_gain":0.0,"max_hp_loss":0.0,"gold_gain":0.0,"event_name":"Golden Wing","player_choice":"Card Removal","floor":3.0,"gold_loss":0.0,"damage_taken":7.0},{"damage_healed":0.0,"max_hp_gain":0.0,"max_hp_loss":0.0,"gold_gain":0.0,"event_name":"betterThird:BetterScrap","player_choice":"Relic ","floor":4.0,"gold_loss":0.0,"damage_taken":18.0,"cards_obtained":["Skim"]},{"damage_healed":0.0,"max_hp_gain":0.0,"max_hp_loss":0.0,"gold_gain":0.0,"event_name":"Dead Adventurer","player_choice":"Searched \u00271\u0027 times","floor":10.0,"gold_loss":0.0,"damage_taken":0.0},{"damage_healed":0.0,"max_hp_gain":0.0,"max_hp_loss":0.0,"gold_gain":0.0,"event_name":"Mushrooms","player_choice":"Fought Mushrooms","floor":13.0,"gold_loss":0.0,"damage_taken":0.0}],"is_beta":false,"boss_relics":[],"items_purged_floors":[],"is_endless":false,"potions_floor_spawned":[2,5,12],"killed_by":"Hexaghost","ascension_level":12}}