{"host":"p0hktren06injwdf","time":1613629680,"event":{"mods":["AchievementEnabler","BaseMod","Colored Map","DeckTracker","Minty Spire (QoL Compilation)","Permanent Neow","StSLib","SuperFastMode"],"gold_per_floor":[111,125,143,156,81,81,113,113,113,113,131,163,163,176,176,275,275,295,295,319,22,72,72,72,108,108,56,99,99,123,139,139,234,234,258,258,100,124,143,143,183,203,203,203,203,244,244,279,291,303,315,327,339,10,44,44,44],"floor_reached":56,"language":"KOR","playtime":1630,"items_purged":["Strike_G","Decay"],"score":2141,"play_id":"a4755779-95d7-4336-afa5-83cda80a7de0","local_time":"20210218152800","is_ascension_mode":true,"campfire_choices":[{"data":"Predator","floor":6.0,"key":"SMITH"},{"data":"Dash","floor":8.0,"key":"SMITH"},{"data":"Dagger Spray","floor":10.0,"key":"SMITH"},{"floor":15.0,"key":"REST"},{"data":"Footwork","floor":23.0,"key":"SMITH"},{"floor":32,"key":"REST"},{"data":"A Thousand Cuts","floor":40,"key":"SMITH"},{"data":"Tools of the Trade","floor":45,"key":"SMITH"},{"floor":47,"key":"REST"},{"floor":49,"key":"RECALL"},{"data":"After Image","floor":53,"key":"SMITH"}],"circlet_count":0,"master_deck":["AscendersBane","Strike_G","Strike_G","Strike_G","Defend_G","Defend_G","Defend_G","Defend_G","Survivor","Neutralize","Predator+1","Slice","Dagger Spray+1","Finisher","Dodge and Roll","Dash+1","Quick Slash","Venomology+1","Endless Agony","Malaise+1","Blade Dance+1","Backflip+1","Footwork+1","Malaise+1","A Thousand Cuts+1","Backflip+1","Tools of the Trade+1","Concentrate+1","Prepared+1","After Image+1","Backstab","Blade Dance+1","Accuracy","Cloak And Dagger+1","Storm of Steel+1","Reflex+1","Blade Dance+1","Leg Sweep+1","Cloak And Dagger+1"],"relics":["Ring of the Snake","Peace Pipe","Kunai","Toxic Egg 2","Golden Idol","Philosopher\u0027s Stone","MutagenicStrength","Lantern","StrikeDummy","Pocketwatch","Unceasing Top","SlaversCollar","Tingsha","Du-Vu Doll","Happy Flower","MawBank","Ornamental Fan","Art of War"],"acts_visited":["Exordium","TheCity","TheBeyond","TheEnding"],"potions_floor_usage":[31,31,31,33,33,33,39,39,41,50,50,51,55,55,55,56],"damage_taken":[{"damage":4.0,"enemies":"Small Slimes","floor":1.0,"turns":3.0},{"damage":11.0,"enemies":"Jaw Worm","floor":2.0,"turns":5.0},{"damage":0.0,"enemies":"2 Louse","floor":3.0,"turns":2.0},{"damage":0.0,"enemies":"2 Fungi Beasts","floor":4.0,"turns":3.0},{"damage":4.0,"enemies":"Gremlin Nob","floor":7.0,"turns":3.0},{"damage":8.0,"enemies":"Blue Slaver","floor":11.0,"turns":4.0},{"damage":19.0,"enemies":"Lagavulin","floor":12.0,"turns":6.0},{"damage":0.0,"enemies":"Looter","floor":14.0,"turns":3.0},{"damage":12.0,"enemies":"Hexaghost","floor":16.0,"turns":8.0},{"damage":3.0,"enemies":"Shell Parasite","floor":18.0,"turns":3.0},{"damage":0.0,"enemies":"3 Byrds","floor":20.0,"turns":4.0},{"damage":7.0,"enemies":"Book of Stabbing","floor":25.0,"turns":7.0},{"damage":22,"enemies":"Slavers","floor":28,"turns":3},{"damage":0,"enemies":"Centurion and Healer","floor":30,"turns":3},{"damage":2,"enemies":"Cultist and Chosen","floor":31,"turns":5},{"damage":9,"enemies":"Champ","floor":33,"turns":15},{"damage":0,"enemies":"Orb Walker","floor":35,"turns":4},{"damage":12,"enemies":"3 Shapes","floor":38,"turns":6},{"damage":4,"enemies":"Writhing Mass","floor":39,"turns":7},{"damage":0,"enemies":"Giant Head","floor":41,"turns":6},{"damage":0,"enemies":"3 Darklings","floor":42,"turns":4},{"damage":0,"enemies":"Nemesis","floor":46,"turns":3},{"damage":0,"enemies":"Giant Head","floor":48,"turns":4},{"damage":24,"enemies":"Time Eater","floor":50,"turns":11},{"damage":4,"enemies":"Donu and Deca","floor":51,"turns":6},{"damage":29,"enemies":"Shield and Spear","floor":55,"turns":6},{"damage":26,"enemies":"The Heart","floor":56,"turns":3}],"seed_played":"3640164029684516679","potions_obtained":[{"floor":3.0,"key":"Fire Potion"},{"floor":7.0,"key":"BlessingOfTheForge"},{"floor":12.0,"key":"ColorlessPotion"},{"floor":16.0,"key":"PowerPotion"},{"floor":28,"key":"EntropicBrew"},{"floor":31,"key":"EssenceOfSteel"},{"floor":39,"key":"LiquidBronze"}],"is_trial":false,"path_per_floor":["M","M","M","M","?","R","E","R","T","R","M","E","?","M","R","B",null,"M","?","M","$","?","R","?","E","T","$","E","T","M","M","R","B",null,"M","?","$","M","M","R","E","M","T","T","R","E","R","E","R","B","B",null,"R","$","E","B"],"character_chosen":"THE_SILENT","items_purchased":["Footwork","Malaise+1","Backflip+1","Blade Dance+1","Ornamental Fan","Leg Sweep+1"],"campfire_rested":3,"item_purchase_floors":[21,21,27,37,54,54],"current_hp_per_floor":[55,44,44,44,44,44,40,40,40,40,32,13,13,13,31,19,50,47,47,47,47,47,47,47,40,40,40,18,18,18,16,34,25,51,51,51,51,39,35,35,35,35,35,35,35,35,53,53,53,29,25,51,51,51,22,0,0],"gold":44,"neow_bonus":"TRANSFORM_CARD","is_daily":false,"chose_seed":false,"campfire_upgraded":7,"win_rate":0.0,"timestamp":1613629680,"path_taken":["M","M","M","M","?","R","E","R","T","R","M","E","?","M","R","BOSS","M","?","M","$","?","R","?","E","T","?","E","?","M","?","R","BOSS","M","?","$","?","M","R","E","M","T","?","R","E","R","E","R","BOSS","BOSS","R","$","E","BOSS"],"items_purchased_type":["Card","Card","Card","Card","Relic","Card"],"build_version":"2020-12-22","purchased_purges":2,"victory":false,"max_hp_per_floor":[66,66,66,66,66,66,66,66,66,66,66,66,60,60,60,60,60,60,60,60,60,60,60,60,60,60,60,60,60,60,60,60,60,60,60,60,60,60,60,60,60,60,60,60,60,60,60,60,60,60,60,60,60,60,60,60,60],"card_choices":[{"not_picked":["Concentrate","Calculated Gamble"],"picked":"Slice","floor":1.0},{"not_picked":["Bane","Well Laid Plans"],"picked":"Dagger Spray","floor":2.0},{"not_picked":["Reflex","Acrobatics"],"picked":"Finisher","floor":3.0},{"not_picked":["Prepared","Acrobatics"],"picked":"Dodge and Roll","floor":4.0},{"not_picked":["Prepared","Tactician"],"picked":"Dash","floor":7.0},{"not_picked":["Bane","Quick Slash","Outmaneuver"],"picked":"SKIP","floor":11.0},{"not_picked":["Bane","Outmaneuver"],"picked":"Quick Slash","floor":11.0},{"not_picked":["Concentrate+1","Sucker Punch"],"picked":"Venomology+1","floor":12.0},{"not_picked":["Bane","Accuracy"],"picked":"Endless Agony","floor":14.0},{"not_picked":["A Thousand Cuts","Doppelganger+1"],"picked":"Malaise+1","floor":16.0},{"not_picked":["All Out Attack","Terror+1"],"picked":"Blade Dance+1","floor":18.0},{"not_picked":["Predator","Bane"],"picked":"Backflip+1","floor":20.0},{"not_picked":["Dodge and Roll+1","Outmaneuver+1"],"picked":"A Thousand Cuts","floor":25.0},{"not_picked":["Dash","Reflex+1"],"picked":"Tools of the Trade","floor":28},{"not_picked":["Acrobatics+1","Backflip+1"],"picked":"Concentrate+1","floor":30},{"not_picked":["Backflip+1","Deflect+1"],"picked":"Prepared+1","floor":31},{"not_picked":["Venomology+1","Unload"],"picked":"After Image","floor":33},{"not_picked":["Deadly Poison+1","Dash"],"picked":"Backstab","floor":35},{"not_picked":["Underhanded Strike+1","Skewer"],"picked":"Accuracy","floor":38},{"not_picked":["Riddle With Holes","Well Laid Plans"],"picked":"Cloak And Dagger+1","floor":39},{"not_picked":["Slice","Burst+1"],"picked":"Storm of Steel+1","floor":41},{"not_picked":["Blade Dance+1","Acrobatics+1"],"picked":"Reflex+1","floor":42},{"not_picked":["Deflect+1","Flying Knee"],"picked":"Blade Dance+1","floor":46},{"not_picked":["Acrobatics+1","Riddle With Holes","Deadly Poison+1"],"picked":"SKIP","floor":48},{"not_picked":["Outmaneuver+1","PiercingWail+1"],"picked":"Cloak And Dagger+1","floor":55}],"player_experience":1079810,"relics_obtained":[{"floor":7.0,"key":"Peace Pipe"},{"floor":9.0,"key":"Kunai"},{"floor":12.0,"key":"Toxic Egg 2"},{"floor":25.0,"key":"Lantern"},{"floor":26.0,"key":"StrikeDummy"},{"floor":28,"key":"Pocketwatch"},{"floor":29,"key":"Unceasing Top"},{"floor":41,"key":"Tingsha"},{"floor":44,"key":"Du-Vu Doll"},{"floor":46,"key":"Happy Flower"},{"floor":48,"key":"MawBank"},{"floor":55,"key":"Art of War"}],"event_choices":[{"cards_removed":["Defend_G"],"damage_healed":0.0,"max_hp_gain":0.0,"max_hp_loss":0.0,"gold_gain":0.0,"event_name":"The Cleric","player_choice":"Card Removal","floor":5.0,"gold_loss":75.0,"damage_taken":0.0},{"damage_healed":0.0,"max_hp_gain":0.0,"max_hp_loss":6.0,"gold_gain":0.0,"event_name":"Golden Idol","player_choice":"Lose Max HP","floor":13.0,"gold_loss":0.0,"damage_taken":0.0,"relics_obtained":["Golden Idol"]},{"damage_healed":0.0,"max_hp_gain":0.0,"max_hp_loss":0.0,"gold_gain":0.0,"event_name":"Drug Dealer","player_choice":"Inject Mutagens","floor":19.0,"gold_loss":0.0,"damage_taken":0.0,"relics_obtained":["MutagenicStrength"]},{"damage_healed":0.0,"max_hp_gain":0.0,"max_hp_loss":0.0,"gold_gain":50.0,"event_name":"Nest","player_choice":"Stole From Cult","floor":22.0,"gold_loss":0.0,"damage_taken":0.0},{"damage_healed":0.0,"max_hp_gain":0.0,"max_hp_loss":0.0,"gold_gain":0.0,"event_name":"Cursed Tome","player_choice":"Ignored","floor":24.0,"gold_loss":0.0,"damage_taken":0.0},{"damage_healed":0,"gold_gain":0,"player_choice":"Cursed","damage_taken":0,"max_hp_gain":0,"max_hp_loss":0,"event_name":"Wheel of Change","floor":36,"gold_loss":0,"cards_obtained":["Decay"]}],"is_beta":false,"boss_relics":[{"not_picked":["Ring of the Serpent","Sozu"],"picked":"Philosopher\u0027s Stone"},{"not_picked":["Velvet Choker","Fusion Hammer"],"picked":"SlaversCollar"}],"items_purged_floors":[21,37],"is_endless":false,"potions_floor_spawned":[3,7,12,16,25,28,30,31,39,42,46,48],"killed_by":"The Heart","ascension_level":20}}