{"host":"Doisman","time":1613673109,"event":{"mods":["AchievementEnabler","BaseMod","Better Note","Curses Come First","Minty Spire (QoL Compilation)","Permanent Neow","Quick Restart","Relic Stats","Replay The Spire","StSLib","slay the spire mod where everything is the same but ironclad has a cowboy hat"],"gold_per_floor":[118,118,38,38,53,88,88,114,114,114,128,128,161,174,174,274,274,289,309,309,327,341,373,387,407,460,111,111,122,149,149,149,246,246,262,80,80,91,91,91,120,120,143,153,153,200,200,226,226,226],"floor_reached":51,"language":"ENG","playtime":1900,"items_purged":["Pain","Strike_R"],"score":1085,"play_id":"5afc5d06-da4c-414e-987b-b5793af9e0fc","local_time":"20210218123149","is_ascension_mode":true,"campfire_choices":[{"data":"Anger","floor":7.0,"key":"SMITH"},{"data":"Inflame","floor":12.0,"key":"SMITH"},{"data":"Flame Barrier","floor":15.0,"key":"SMITH"},{"data":"Feed","floor":28,"key":"SMITH"},{"data":"Combust","floor":32,"key":"SMITH"},{"data":"True Grit","floor":40,"key":"SMITH"},{"data":"Shockwave","floor":42,"key":"SMITH"},{"data":"ReplayTheSpireMod:Muscle Training","floor":45,"key":"SMITH"},{"data":"Offering","floor":47,"key":"SMITH"},{"floor":49,"key":"REST"}],"circlet_count":0,"master_deck":["Strike_R","Defend_R","Defend_R","Defend_R","Defend_R","Bash+1","Thunderclap","Inflame+1","Brutality+1","Anger+1","Flame Barrier+1","Reaper","Pommel Strike","True Grit+1","Uppercut+1","Burning Pact+1","Feed+1","Inflame","Metamorphosis+1","Shockwave+1","Combust+1","Demon Form+1","Sword Boomerang+1","ReplayTheSpireMod:Private Reserves","Pot Of Greed","Pot Of Greed","Pot Of Greed","ReplayTheSpireMod:Muscle Training+1","Offering+1","Shrug It Off+1"],"relics":["Burning Blood","Bottled Tornado","StrikeDummy","Replay:Ringing Soul","Quantum Egg","Ooze Armor","WarpedTongs","Pear","Blue Doll","Lee\u0027s Waffle","Meat on the Bone","Philosopher\u0027s Stone","InkBottle","Grinning Jar","Prayer Wheel","Gremlin Food"],"acts_visited":["Exordium","TheCity","TheBeyond"],"potions_floor_usage":[25,33,48,50,50,50,50,50],"damage_taken":[{"damage":10.0,"enemies":"Jaw Worm","floor":1.0,"turns":4.0},{"damage":0.0,"enemies":"Small Slimes","floor":5.0,"turns":3.0},{"damage":16.0,"enemies":"Replay:BlueRogue","floor":6.0,"turns":6.0},{"damage":16.0,"enemies":"Gremlin Nob","floor":8.0,"turns":3.0},{"damage":0.0,"enemies":"2 Louse","floor":11.0,"turns":2.0},{"damage":0.0,"enemies":"Replay:BlueRogue","floor":13.0,"turns":4.0},{"damage":0.0,"enemies":"2 Fungi Beasts","floor":14.0,"turns":2.0},{"damage":29.0,"enemies":"Fading Forest","floor":16.0,"turns":11.0},{"damage":1.0,"enemies":"3 Byrds","floor":18.0,"turns":2.0},{"damage":10.0,"enemies":"2 Thieves","floor":19.0,"turns":4.0},{"damage":6.0,"enemies":"Snecko","floor":21.0,"turns":4.0},{"damage":11.0,"enemies":"Snake Plant","floor":22.0,"turns":3.0},{"damage":28.0,"enemies":"Book of Stabbing","floor":23.0,"turns":5.0},{"damage":15.0,"enemies":"Centurion and Healer","floor":24.0,"turns":5.0},{"damage":24,"enemies":"Sentry and Sphere","floor":25,"turns":4},{"damage":9,"enemies":"Snake Plant","floor":29,"turns":4},{"damage":9,"enemies":"Replay:Snechameleon","floor":30,"turns":4},{"damage":26,"enemies":"Pondfish","floor":33,"turns":6},{"damage":29,"enemies":"3 Darklings","floor":35,"turns":6},{"damage":24,"enemies":"Orb Walker","floor":38,"turns":3},{"damage":20,"enemies":"R_Hoarder","floor":41,"turns":5},{"damage":42,"enemies":"4 Shapes","floor":44,"turns":4},{"damage":58,"enemies":"2 Orb Walkers","floor":46,"turns":4},{"damage":25,"enemies":"Giant Head","floor":48,"turns":5},{"damage":143,"enemies":"Awakened One","floor":50,"turns":8}],"seed_played":"-3713794593138438244","potions_obtained":[{"floor":6.0,"key":"BloodPotion"},{"floor":8.0,"key":"SkillPotion"},{"floor":13.0,"key":"BlessingOfTheForge"},{"floor":16.0,"key":"Block Potion"},{"floor":24.0,"key":"Energy Potion"},{"floor":25,"key":"Reflective Coating"},{"floor":29,"key":"Energy Potion"},{"floor":33,"key":"BlessingOfTheForge"},{"floor":35,"key":"LiquidBronze"},{"floor":41,"key":"EntropicBrew"},{"floor":48,"key":"BlessingOfTheForge"}],"is_trial":false,"path_per_floor":["M","?","$","?","M","E","R","E","T","?","M","R","E","M","R","B",null,"M","M","?","M","M","E","M","M","T","$","R","M","E","?","R","B",null,"M","$","?","M","?","R","E","R","T","M","R","?","R","E","R","B",null],"character_chosen":"IRONCLAD","items_purchased":["Inflame","Lee\u0027s Waffle","Metamorphosis+1","ReplayTheSpireMod:Private Reserves"],"campfire_rested":1,"item_purchase_floors":[3,27,27,36],"current_hp_per_floor":[76,76,76,76,80,70,70,60,60,60,66,66,72,78,78,68,83,86,89,92,95,93,81,91,80,80,128,128,131,134,134,134,117,137,142,145,145,127,127,127,140,140,143,140,140,108,108,146,167,84],"gold":226,"neow_bonus":"UPGRADE_CARD","is_daily":false,"chose_seed":false,"campfire_upgraded":9,"win_rate":0.0,"timestamp":1613673109,"path_taken":["M","?","$","?","M","E","R","E","T","?","M","R","E","M","R","BOSS","M","M","?","M","?","E","M","M","T","$","R","M","E","?","R","BOSS","M","$","?","?","?","R","E","R","T","M","R","?","R","E","R","BOSS"],"items_purchased_type":["Card","Relic","Card","Card"],"build_version":"2020-12-18","purchased_purges":2,"victory":true,"max_hp_per_floor":[80,80,80,80,80,80,80,80,80,80,80,80,80,80,80,83,83,86,89,92,95,98,108,111,118,118,128,128,131,134,134,134,137,137,144,147,147,147,147,147,147,147,150,157,157,160,160,167,167,167],"relic_stats":{"Lee\u0027s Waffle":45,"counters":[25,111],"Prayer Wheel":0,"obtain_stats":[{"Gremlin Food":48,"Lee\u0027s Waffle":27,"Pear":23,"Quantum Egg":13,"Blue Doll":26,"Bottled Tornado":6,"Burning Blood":0,"WarpedTongs":20,"Replay:Ringing Soul":9,"Ooze Armor":17,"Philosopher\u0027s Stone":34,"Prayer Wheel":46,"Grinning Jar":43,"StrikeDummy":8,"InkBottle":41,"Meat on the Bone":30},{"Gremlin Food":24,"Lee\u0027s Waffle":15,"Pear":13,"Quantum Egg":6,"Blue Doll":15,"Bottled Tornado":3,"Burning Blood":0,"WarpedTongs":10,"Replay:Ringing Soul":4,"Ooze Armor":8,"Philosopher\u0027s Stone":18,"Prayer Wheel":23,"Grinning Jar":21,"StrikeDummy":4,"InkBottle":21,"Meat on the Bone":17},{"Gremlin Food":103,"Lee\u0027s Waffle":62,"Pear":53,"Quantum Egg":22,"Blue Doll":62,"Bottled Tornado":13,"Burning Blood":0,"WarpedTongs":41,"Replay:Ringing Soul":16,"Ooze Armor":35,"Philosopher\u0027s Stone":76,"Prayer Wheel":98,"Grinning Jar":90,"StrikeDummy":16,"InkBottle":90,"Meat on the Bone":70}],"Burning Blood":132,"InkBottle":[9],"WarpedTongs":[64],"Meat on the Bone":12},"card_choices":[{"not_picked":["ReplayTheSpireMod:Strike From Hell","Heavy Blade"],"picked":"Thunderclap","floor":1.0},{"not_picked":["Flex","Wild Strike","Clash"],"picked":"SKIP","floor":5.0},{"not_picked":["Reckless Charge","Iron Wave"],"picked":"Anger","floor":6.0},{"not_picked":["Second Wind","Replay:Many Hands"],"picked":"Flame Barrier","floor":8.0},{"not_picked":["Abandon","Second Wind","Wild Strike"],"picked":"SKIP","floor":11.0},{"not_picked":["ReplayTheSpireMod:Muscle Training","Rage","Exhume"],"picked":"SKIP","floor":13.0},{"not_picked":["Cleave","Twin Strike","Wild Strike"],"picked":"SKIP","floor":14.0},{"not_picked":["Juggernaut","Eclipse"],"picked":"Reaper","floor":16.0},{"not_picked":["Run Through","Twin Strike"],"picked":"Pommel Strike","floor":18.0},{"not_picked":["Wild Strike","Headbutt"],"picked":"True Grit","floor":19.0},{"not_picked":["Defy Death","ReplayReversal+1"],"picked":"Uppercut+1","floor":21.0},{"not_picked":["Corruption","ReplayTheSpireMod:Strike From Hell"],"picked":"Burning Pact+1","floor":22.0},{"not_picked":["ReplayTheSpireMod:Stacked","Hemokinesis","Dropkick"],"picked":"SKIP","floor":23.0},{"not_picked":["Anger","Run Through"],"picked":"Feed","floor":24.0},{"not_picked":["Replay:Undeath\u0027s Touch","Pummel"],"picked":"Inflame","floor":25},{"not_picked":["Warcry+1","Searing Blow"],"picked":"Shockwave","floor":29},{"not_picked":["Armaments","Clothesline"],"picked":"Combust","floor":30},{"not_picked":["Immolate","Berserk"],"picked":"Demon Form","floor":33},{"not_picked":["Replay:Undeath\u0027s Touch+1","Anger"],"picked":"Sword Boomerang+1","floor":35},{"not_picked":["Fire Breathing+1","Armaments+1","Replay:Undeath\u0027s Touch"],"picked":"SKIP","floor":38},{"not_picked":["Replay:Undeath\u0027s Touch","ReplayTheSpireMod:Corrosion Curse","Flex+1"],"picked":"SKIP","floor":41},{"not_picked":["Replay:Undeath\u0027s Touch","Massacre+1"],"picked":"ReplayTheSpireMod:Muscle Training","floor":44},{"not_picked":["Fire Breathing+1","Bloodletting+1"],"picked":"Offering","floor":46},{"not_picked":["Abandon+1","Twin Strike+1"],"picked":"Shrug It Off+1","floor":48}],"player_experience":763484,"relics_obtained":[{"floor":6.0,"key":"Bottled Tornado"},{"floor":8.0,"key":"StrikeDummy"},{"floor":9.0,"key":"Replay:Ringing Soul"},{"floor":13.0,"key":"Quantum Egg"},{"floor":23.0,"key":"Pear"},{"floor":26,"key":"Blue Doll"},{"floor":30,"key":"Meat on the Bone"},{"floor":41,"key":"InkBottle"},{"floor":43,"key":"Grinning Jar"},{"floor":46,"key":"Prayer Wheel"},{"floor":48,"key":"Gremlin Food"}],"event_choices":[{"damage_healed":0.0,"max_hp_gain":0.0,"max_hp_loss":0.0,"gold_gain":0.0,"event_name":"Accursed Blacksmith","player_choice":"Rummage","floor":20.0,"gold_loss":0.0,"damage_taken":0.0,"relics_obtained":["WarpedTongs"],"cards_obtained":["Pain"]},{"damage_healed":0,"gold_gain":0,"player_choice":"Ignored","damage_taken":0,"max_hp_gain":0,"max_hp_loss":0,"event_name":"betterNote:BetterNote","floor":31,"gold_loss":0,"cards_obtained":["Die Die Die"]},{"damage_healed":0,"gold_gain":0,"player_choice":"Bought 0 Potions","damage_taken":0,"max_hp_gain":0,"max_hp_loss":0,"event_name":"The Woman in Blue","floor":37,"gold_loss":0},{"cards_removed":["Strike_R"],"damage_healed":0,"gold_gain":0,"player_choice":"Removed Attack","damage_taken":0,"max_hp_gain":0,"max_hp_loss":0,"event_name":"Falling","floor":39,"gold_loss":0},{"damage_healed":0,"gold_gain":0,"player_choice":"Fight","damage_taken":0,"max_hp_gain":0,"max_hp_loss":0,"event_name":"Mysterious Sphere","floor":46,"gold_loss":0}],"is_beta":true,"boss_relics":[{"not_picked":["Runic Cube","Black Star"],"picked":"Ooze Armor"},{"not_picked":["Replay:Wanted Poster","Empty Cage"],"picked":"Philosopher\u0027s Stone"}],"items_purged_floors":[27,36],"is_endless":false,"potions_floor_spawned":[6,8,13,16,18,24,25,29,33,35,41,44,48],"ascension_level":1}}