{"host":"8rqsnaeml9gxb0kp","time":1613636239,"event":{"mods":["AchievementEnabler","BaseMod","Colored Powertips","Dark Map","Minty Spire (QoL Compilation)","Rare Cards Sparkle","Relic Stats","StSLib","slay the spire mod where everything is the same but ironclad has a cowboy hat"],"gold_per_floor":[111,124,141,156,156,156,78,91,115,115,115,129,129,161,161,260,260,277,277,288,288,303,303,351,362,362,362,382,382,382],"floor_reached":29,"language":"ENG","playtime":848,"items_purged":[],"score":227,"play_id":"defc800d-ed37-4f4d-ad39-c985dcdd4f5b","local_time":"20210218001719","is_ascension_mode":false,"campfire_choices":[{"data":"Cleave","floor":6.0,"key":"SMITH"},{"data":"Rupture","floor":13.0,"key":"SMITH"},{"data":"Blood for Blood","floor":15,"key":"SMITH"},{"floor":23,"key":"REST"},{"floor":27,"key":"REST"}],"circlet_count":0,"master_deck":["Strike_R","Strike_R","Strike_R","Strike_R","Defend_R","Defend_R","Defend_R","Defend_R","Bash","Thunderclap","Cleave+1","Clothesline+1","Bloodletting","Heavy Blade","Rupture+1","Blood for Blood+1","Flame Barrier","Offering","Brutality","Shockwave+1","RitualDagger+1","Inflame","Heavy Blade+1"],"relics":["Black Blood","Whetstone","Pantograph"],"acts_visited":["Exordium","TheCity"],"potions_floor_usage":[16,22,25,25],"damage_taken":[{"damage":6.0,"enemies":"Cultist","floor":1.0,"turns":3.0},{"damage":6.0,"enemies":"Jaw Worm","floor":2.0,"turns":3.0},{"damage":9.0,"enemies":"2 Louse","floor":3.0,"turns":2.0},{"damage":0.0,"enemies":"Large Slime","floor":4.0,"turns":4.0},{"damage":12.0,"enemies":"Looter","floor":8.0,"turns":3.0},{"damage":0.0,"enemies":"Gremlin Gang","floor":12.0,"turns":3.0},{"damage":16.0,"enemies":"Gremlin Nob","floor":14.0,"turns":4.0},{"damage":32,"enemies":"Slime Boss","floor":16,"turns":5},{"damage":23,"enemies":"Spheric Guardian","floor":18,"turns":4},{"damage":19,"enemies":"3 Byrds","floor":20,"turns":5},{"damage":17,"enemies":"Cultist and Chosen","floor":22,"turns":4},{"damage":30,"enemies":"Snake Plant","floor":25,"turns":6},{"damage":19,"enemies":"Centurion and Healer","floor":28,"turns":4},{"damage":11,"enemies":"Sentry and Sphere","floor":29,"turns":3}],"seed_played":"3016106488748143716","potions_obtained":[{"floor":1.0,"key":"DistilledChaos"},{"floor":2.0,"key":"Strength Potion"},{"floor":4.0,"key":"Swift Potion"},{"floor":14,"key":"Regen Potion"},{"floor":20,"key":"Strength Potion"}],"is_trial":false,"path_per_floor":["M","M","M","M","?","R","$","M","T","?","?","M","R","E","R","B",null,"M","?","M","?","M","R","T","M","T","R","M","M"],"character_chosen":"IRONCLAD","items_purchased":["Rupture"],"campfire_rested":2,"item_purchase_floors":[7],"current_hp_per_floor":[88,88,85,88,88,88,88,82,82,82,82,88,88,78,78,61,88,77,71,64,58,53,79,79,61,61,87,80,69,69],"gold":382,"neow_bonus":"TEN_PERCENT_HP_BONUS","is_daily":false,"chose_seed":false,"campfire_upgraded":3,"win_rate":0.0,"timestamp":1613636239,"path_taken":["M","M","M","M","?","R","$","?","T","?","?","M","R","E","R","BOSS","M","?","M","?","?","R","?","M","T","R","?","M"],"items_purchased_type":["Card"],"build_version":"2020-12-22","purchased_purges":0,"victory":false,"max_hp_per_floor":[88,88,88,88,88,88,88,88,88,88,88,88,88,88,88,88,88,88,88,88,88,88,88,88,88,88,88,88,88,88],"relic_stats":{"counters":[14,53],"Pantograph":0,"Black Blood":105,"Whetstone":["Clothesline","RitualDagger"],"obtain_stats":[{"Pantograph":26,"Black Blood":17,"Whetstone":24,"Burning Blood":0},{"Pantograph":12,"Black Blood":8,"Whetstone":11,"Burning Blood":0},{"Pantograph":46,"Black Blood":27,"Whetstone":40,"Burning Blood":0}]},"card_choices":[{"not_picked":["Uppercut","Warcry"],"picked":"Thunderclap","floor":1.0},{"not_picked":["Ghostly Armor","Warcry"],"picked":"Cleave","floor":2.0},{"not_picked":["Pommel Strike","Iron Wave"],"picked":"Clothesline","floor":3.0},{"not_picked":["Heavy Blade","Thunderclap"],"picked":"Bloodletting","floor":4.0},{"not_picked":["Armaments","Sword Boomerang"],"picked":"Blood for Blood","floor":8.0},{"not_picked":["Thunderclap","Second Wind"],"picked":"Flame Barrier","floor":12.0},{"not_picked":["Searing Blow","Second Wind"],"picked":"Offering","floor":14},{"not_picked":["Immolate","Fiend Fire"],"picked":"Brutality","floor":16},{"not_picked":["Metallicize","Rampage+1"],"picked":"Shockwave+1","floor":18},{"not_picked":["Metallicize","Iron Wave+1"],"picked":"Inflame","floor":20},{"not_picked":["Wild Strike","Evolve","Burning Pact"],"picked":"SKIP","floor":22},{"not_picked":["Heavy Blade","Rampage","Searing Blow+1"],"picked":"SKIP","floor":25},{"not_picked":["Seeing Red","Perfected Strike"],"picked":"Heavy Blade+1","floor":28}],"player_experience":281183,"relics_obtained":[{"floor":24,"key":"Whetstone"},{"floor":26,"key":"Pantograph"}],"event_choices":[{"damage_healed":0.0,"max_hp_gain":0.0,"max_hp_loss":0.0,"gold_gain":0.0,"cards_transformed":["Strike_R"],"event_name":"Transmorgrifier","player_choice":"Transformed","floor":5.0,"gold_loss":0.0,"damage_taken":0.0,"cards_obtained":["Heavy Blade"]},{"damage_healed":0.0,"max_hp_gain":0.0,"max_hp_loss":0.0,"gold_gain":0.0,"event_name":"Golden Idol","player_choice":"Ignored","floor":10.0,"gold_loss":0.0,"damage_taken":0.0},{"damage_healed":0.0,"max_hp_gain":0.0,"max_hp_loss":0.0,"gold_gain":0.0,"event_name":"Dead Adventurer","player_choice":"Searched \u00270\u0027 times","floor":11.0,"gold_loss":0.0,"damage_taken":0.0},{"damage_healed":0,"gold_gain":0,"player_choice":"Joined the Cult","damage_taken":6,"max_hp_gain":0,"max_hp_loss":0,"event_name":"Nest","floor":19,"gold_loss":0,"cards_obtained":["RitualDagger"]},{"damage_healed":0,"gold_gain":0,"player_choice":"","damage_taken":6,"max_hp_gain":0,"max_hp_loss":0,"event_name":"Knowing Skull","floor":21,"potions_obtained":[],"gold_loss":0,"cards_obtained":[]}],"is_beta":false,"boss_relics":[{"not_picked":["Cursed Key","Fusion Hammer"],"picked":"Black Blood"}],"items_purged_floors":[],"is_endless":false,"potions_floor_spawned":[1,2,4,14,20],"killed_by":"Sentry and Sphere","ascension_level":0}}