{"host":"3zmssa4s99zhxek5","time":1613633016,"event":{"mods":["AchievementEnabler","BaseMod","Minty Spire (QoL Compilation)","Permanent Neow","Relic Stats"],"gold_per_floor":[119,119,137,148,148,148,171,17,17,53,72,93,93,118,118,118,118],"floor_reached":16,"language":"KOR","playtime":1098,"items_purged":["Defend_R"],"score":204,"play_id":"7c359035-8fe6-49dc-8921-2caefc9f3dd0","local_time":"20210218162336","is_ascension_mode":true,"campfire_choices":[{"data":"Uppercut","floor":6,"key":"SMITH"},{"data":"True Grit","floor":15,"key":"SMITH"}],"circlet_count":0,"master_deck":["AscendersBane","Strike_R","Strike_R","Strike_R","Strike_R","Defend_R","Defend_R","Bash","True Grit+1","Metallicize","Uppercut+1","Metallicize","Shrug It Off","Cleave","Body Slam","Hemokinesis"],"relics":["Burning Blood","Tiny Chest","Golden Idol","Lantern","Pen Nib","Toy Ornithopter"],"acts_visited":["Exordium"],"potions_floor_usage":[16,16],"damage_taken":[{"damage":6,"enemies":"Jaw Worm","floor":1,"turns":6},{"damage":7,"enemies":"Cultist","floor":3,"turns":4},{"damage":6,"enemies":"2 Louse","floor":4,"turns":3},{"damage":21,"enemies":"Gremlin Nob","floor":10,"turns":4},{"damage":0,"enemies":"Exordium Wildlife","floor":11,"turns":4},{"damage":31,"enemies":"Gremlin Gang","floor":12,"turns":4},{"damage":0,"enemies":"3 Louse","floor":14,"turns":4},{"damage":52,"enemies":"Slime Boss","floor":16,"turns":8}],"seed_played":"2419781347821871345","potions_obtained":[{"floor":10,"key":"PowerPotion"},{"floor":11,"key":"Swift Potion"},{"floor":14,"key":"Block Potion"}],"is_trial":false,"path_per_floor":["M","?","M","M","?","R","T","$","T","E","M","M","?","M","R","B"],"character_chosen":"IRONCLAD","items_purchased":["Metallicize"],"campfire_rested":0,"item_purchase_floors":[8],"current_hp_per_floor":[68,68,67,67,67,67,67,67,67,52,58,33,26,32,32,0,0],"gold":118,"neow_bonus":"RANDOM_COMMON_RELIC","is_daily":false,"chose_seed":false,"campfire_upgraded":2,"win_rate":0.0,"timestamp":1613633016,"path_taken":["M","?","?","M","?","R","?","?","T","E","?","M","?","M","R","BOSS"],"items_purchased_type":["Card"],"build_version":"2020-12-22","purchased_purges":1,"victory":false,"max_hp_per_floor":[75,75,75,75,68,68,68,68,68,68,68,68,68,68,68,68,68],"relic_stats":{"counters":[8,37],"Golden Idol":20,"Tiny Chest":1,"Pen Nib":[4],"obtain_stats":[{"Lantern":7,"Golden Idol":5,"Tiny Chest":0,"Pen Nib":9,"Burning Blood":0,"Toy Ornithopter":10},{"Lantern":3,"Golden Idol":3,"Tiny Chest":0,"Pen Nib":3,"Burning Blood":0,"Toy Ornithopter":4},{"Lantern":13,"Golden Idol":13,"Tiny Chest":0,"Pen Nib":13,"Burning Blood":0,"Toy Ornithopter":17}],"Burning Blood":42,"Toy Ornithopter":10},"card_choices":[{"not_picked":["Havoc","Second Wind"],"picked":"True Grit","floor":1},{"not_picked":["Flame Barrier","Rupture"],"picked":"Metallicize","floor":3},{"not_picked":["Infernal Blade","Iron Wave"],"picked":"Uppercut","floor":4},{"not_picked":["Seeing Red","Feel No Pain"],"picked":"Shrug It Off","floor":10},{"not_picked":["Pommel Strike","Twin Strike"],"picked":"Cleave","floor":11},{"not_picked":["Clothesline","Perfected Strike"],"picked":"Body Slam","floor":12},{"not_picked":["Heavy Blade","Searing Blow"],"picked":"Hemokinesis","floor":14}],"player_experience":1664795,"relics_obtained":[{"floor":7,"key":"Lantern"},{"floor":9,"key":"Pen Nib"},{"floor":10,"key":"Toy Ornithopter"}],"event_choices":[{"cards_removed":["Defend_R"],"damage_healed":0,"gold_gain":0,"player_choice":"Offered Basic","damage_taken":0,"max_hp_gain":0,"max_hp_loss":0,"event_name":"Bonfire Elementals","floor":2,"gold_loss":0},{"damage_healed":0,"gold_gain":0,"player_choice":"Lose Max HP","damage_taken":0,"relics_obtained":["Golden Idol"],"max_hp_gain":0,"max_hp_loss":7,"event_name":"Golden Idol","floor":5,"gold_loss":0},{"cards_removed":["Strike_R"],"damage_healed":0,"gold_gain":0,"player_choice":"Card Removal","damage_taken":7,"max_hp_gain":0,"max_hp_loss":0,"event_name":"Golden Wing","floor":13,"gold_loss":0}],"is_beta":false,"boss_relics":[],"items_purged_floors":[8],"is_endless":false,"potions_floor_spawned":[10,11,14],"killed_by":"Slime Boss","ascension_level":20}}