{"host":"d9m9v0h6vo0edadb","time":1613663559,"event":{"mods":["BaseMod","Hermit","Keyboard Shortcuts","Minty Spire (QoL Compilation)","StSLib","SuperFastMode","The Cursed"],"gold_per_floor":[117,128,53,68,143,143,173,173,173,204,204,204,228,254,254,254,254],"floor_reached":16,"language":"KOR","playtime":177,"items_purged":["Strike_G"],"score":216,"play_id":"e2fd04de-ca5d-4997-8f36-a139ef072320","local_time":"20210219005239","is_ascension_mode":true,"campfire_choices":[{"data":"Bouncing Flask","floor":6.0,"key":"SMITH"},{"floor":8.0,"key":"REST"},{"floor":15,"key":"REST"}],"circlet_count":0,"master_deck":["AscendersBane","Strike_G","Strike_G","Strike_G","Strike_G","Defend_G","Defend_G","Defend_G","Defend_G","Defend_G","Survivor","Neutralize","Masterful Stab","Noxious Fumes","Dagger Throw","Bouncing Flask+1","Noxious Fumes"],"relics":["Ring of the Snake","The Courier","White Beast Statue","Akabeko","Golden Idol","Happy Flower"],"acts_visited":["Exordium"],"potions_floor_usage":[10,13],"damage_taken":[{"damage":0.0,"enemies":"2 Louse","floor":1.0,"turns":4.0},{"damage":7.0,"enemies":"Small Slimes","floor":2.0,"turns":4.0},{"damage":0.0,"enemies":"Cultist","floor":4.0,"turns":3.0},{"damage":34.0,"enemies":"3 Sentries","floor":7.0,"turns":9.0},{"damage":25,"enemies":"Lagavulin","floor":10,"turns":4},{"damage":0,"enemies":"Red Slaver","floor":13,"turns":3},{"damage":0,"enemies":"Slime Boss","floor":16,"turns":1}],"seed_played":"6488061283954127725","potions_obtained":[{"floor":1.0,"key":"SteroidPotion"},{"floor":2.0,"key":"SpeedPotion"},{"floor":4.0,"key":"Poison Potion"},{"floor":10,"key":"Explosive Potion"},{"floor":13,"key":"Dexterity Potion"}],"is_trial":false,"path_per_floor":["M","M","$","M","?","R","E","R","T","E","?","?","M","T","R","B"],"character_chosen":"THE_SILENT","items_purchased":[],"campfire_rested":2,"item_purchase_floors":[],"current_hp_per_floor":[59,52,52,52,41,41,7,26,26,1,1,1,1,1,19,19,19],"gold":254,"neow_bonus":"THREE_CARDS","is_daily":false,"chose_seed":false,"campfire_upgraded":1,"win_rate":0.0,"timestamp":1613663559,"path_taken":["M","M","$","M","?","R","E","R","T","E","?","?","M","?","R","BOSS"],"items_purchased_type":[],"build_version":"2020-12-22","purchased_purges":1,"victory":false,"max_hp_per_floor":[66,66,66,66,66,66,66,66,66,66,66,60,60,60,60,60,60],"card_choices":[{"not_picked":["Quick Slash","Bane"],"picked":"Masterful Stab","floor":0.0},{"not_picked":["Distraction","Slice"],"picked":"Noxious Fumes","floor":1.0},{"not_picked":["Quick Slash","Masterful Stab"],"picked":"Dagger Throw","floor":2.0},{"not_picked":["Expertise","Quick Slash"],"picked":"Bouncing Flask","floor":4.0},{"not_picked":["Underhanded Strike","Night Terror","Skewer"],"picked":"SKIP","floor":7.0},{"not_picked":["Finisher","Doppelganger","Slice"],"picked":"SKIP","floor":10},{"not_picked":["Dagger Throw","Sucker Punch"],"picked":"Noxious Fumes","floor":13}],"player_experience":1015905,"relics_obtained":[{"floor":7.0,"key":"The Courier"},{"floor":9.0,"key":"White Beast Statue"},{"floor":10,"key":"Akabeko"},{"floor":14,"key":"Happy Flower"}],"event_choices":[{"damage_healed":0.0,"max_hp_gain":0.0,"max_hp_loss":0.0,"gold_gain":75.0,"event_name":"World of Goop","player_choice":"Gather Gold","floor":5.0,"gold_loss":0.0,"damage_taken":11.0},{"damage_healed":0,"gold_gain":0,"player_choice":"Fled","damage_taken":0,"max_hp_gain":0,"max_hp_loss":0,"event_name":"Scrap Ooze","floor":11,"gold_loss":0},{"damage_healed":0,"gold_gain":0,"player_choice":"Lose Max HP","damage_taken":0,"relics_obtained":["Golden Idol"],"max_hp_gain":0,"max_hp_loss":6,"event_name":"Golden Idol","floor":12,"gold_loss":0}],"is_beta":false,"boss_relics":[],"items_purged_floors":[3],"is_endless":false,"potions_floor_spawned":[1,2,4,10,13],"killed_by":"Slime Boss","ascension_level":20}}