{"host":"1avr1135to2copjv","time":1613670861,"event":{"mods":["BaseMod","Colored Map","Colored Powertips","Filter the Spire","Minty Spire (QoL Compilation)","Relic Stats","StSLib","The Servant 0.9.4"],"gold_per_floor":[115,135,151,151,168,168,184,194,194,194,209,226,226,252,252,357,357,368,233,248,263,282,282,314,19,19,19,53,53,69,98,98,212,212,229,247,261,282,282,295,339,339,339,679,679,679,359,370,370,370,370,370,131,156,156,156],"floor_reached":55,"language":"ENG","playtime":3165,"items_purged":["Strike_R"],"score":1033,"play_id":"b698d38f-43e1-49c6-867b-79410827bc85","local_time":"20210218205421","is_ascension_mode":true,"campfire_choices":[{"data":"Carnage","floor":6,"key":"SMITH"},{"data":"Burning Pact","floor":13,"key":"SMITH"},{"data":"Bludgeon","floor":15,"key":"SMITH"},{"data":"Metallicize","floor":23,"key":"SMITH"},{"data":"Limit Break","floor":27,"key":"SMITH"},{"data":"Impervious","floor":32,"key":"SMITH"},{"floor":42,"key":"REST"},{"floor":46,"key":"RECALL"},{"floor":49,"key":"REST"},{"floor":52,"key":"REST"}],"circlet_count":0,"master_deck":["Defend_R","Defend_R","Defend_R","Defend_R","Bash","Burning Pact+1","Shockwave+1","Carnage+1","Metallicize+1","Metallicize","Sentinel","Bludgeon+1","Impervious+1","Headbutt+1","Battle Trance+1","Limit Break+1","Impervious","Madness","Madness","Second Wind+1","Demon Form","Dual Wield","Feel No Pain","Flame Barrier"],"relics":["Snecko Eye","Shuriken","Empty Cage","Art of War","Charon\u0027s Ashes","Pen Nib","Anchor","Gremlin Horn","Regal Pillow","CeramicFish","Fusion Hammer","Smiling Mask","Bird Faced Urn","Old Coin","HandDrill","Nunchaku","Ice Cream"],"acts_visited":["Exordium","TheCity","TheBeyond","TheEnding"],"potions_floor_usage":[12,16,20,55,55,55],"damage_taken":[{"damage":0,"enemies":"Cultist","floor":1,"turns":2},{"damage":2,"enemies":"Jaw Worm","floor":2,"turns":3},{"damage":0,"enemies":"2 Louse","floor":3,"turns":2},{"damage":20,"enemies":"Exordium Wildlife","floor":5,"turns":5},{"damage":4,"enemies":"2 Fungi Beasts","floor":7,"turns":2},{"damage":4,"enemies":"Red Slaver","floor":8,"turns":2},{"damage":4,"enemies":"3 Louse","floor":11,"turns":4},{"damage":11,"enemies":"Looter","floor":12,"turns":4},{"damage":16,"enemies":"3 Sentries","floor":14,"turns":7},{"damage":0,"enemies":"Slime Boss","floor":16,"turns":5},{"damage":5,"enemies":"3 Byrds","floor":18,"turns":5},{"damage":5,"enemies":"Chosen","floor":20,"turns":2},{"damage":13,"enemies":"Centurion and Healer","floor":21,"turns":3},{"damage":16,"enemies":"3 Cultists","floor":22,"turns":6},{"damage":0,"enemies":"Slavers","floor":24,"turns":4},{"damage":0,"enemies":"Gremlin Leader","floor":28,"turns":2},{"damage":3,"enemies":"Snecko","floor":30,"turns":3},{"damage":0,"enemies":"Slavers","floor":31,"turns":3},{"damage":35,"enemies":"Collector","floor":33,"turns":8},{"damage":0,"enemies":"3 Darklings","floor":35,"turns":2},{"damage":0,"enemies":"Orb Walker","floor":37,"turns":2},{"damage":10,"enemies":"3 Darklings","floor":38,"turns":4},{"damage":3,"enemies":"Jaw Worm Horde","floor":40,"turns":3},{"damage":37,"enemies":"Nemesis","floor":41,"turns":7},{"damage":0,"enemies":"Giant Head","floor":44,"turns":6},{"damage":0,"enemies":"Maw","floor":48,"turns":5},{"damage":20,"enemies":"Time Eater","floor":50,"turns":9},{"damage":17,"enemies":"Shield and Spear","floor":54,"turns":6},{"damage":89,"enemies":"The Heart","floor":55,"turns":9}],"seed_played":"-9144504073992293352","potions_obtained":[{"floor":5,"key":"GamblersBrew"},{"floor":7,"key":"Fruit Juice"},{"floor":8,"key":"Dexterity Potion"},{"floor":12,"key":"Fruit Juice"},{"floor":18,"key":"EssenceOfSteel"},{"floor":20,"key":"Weak Potion"},{"floor":35,"key":"SneckoOil"},{"floor":48,"key":"PowerPotion"}],"is_trial":false,"path_per_floor":["M","M","M","?","M","R","M","M","T","?","M","M","R","E","R","B",null,"M","?","M","M","M","R","E","$","T","R","E","$","M","E","R","B",null,"M","?","M","M","?","M","E","R","T","E","?","R","$","M","R","B",null,"R","$","E","B"],"character_chosen":"IRONCLAD","items_purchased":["Pen Nib","Anchor","HandDrill","Ancient Potion","PowerPotion","Feel No Pain","Flame Barrier","Nunchaku"],"campfire_rested":3,"item_purchase_floors":[25,25,47,47,47,53,53,53],"current_hp_per_floor":[80,78,78,78,58,58,54,50,50,50,46,40,40,24,24,24,85,80,80,80,67,51,51,51,51,51,51,51,51,48,48,48,13,90,90,79,79,69,69,66,29,71,71,77,77,77,77,83,90,74,90,90,90,77,0,0],"gold":156,"neow_bonus":"BOSS_RELIC","is_daily":false,"chose_seed":false,"campfire_upgraded":6,"win_rate":0.0,"timestamp":1613670861,"path_taken":["M","M","M","?","M","R","?","M","T","?","M","M","R","E","R","BOSS","M","?","M","M","M","R","E","?","T","R","E","$","?","E","R","BOSS","M","?","M","M","?","M","E","R","T","E","?","R","$","M","R","BOSS","R","$","E","BOSS"],"items_purchased_type":["Relic","Relic","Relic","Potion","Potion","Card","Card","Relic"],"build_version":"2020-12-22","purchased_purges":1,"victory":false,"max_hp_per_floor":[80,80,80,80,80,80,80,80,80,80,80,85,85,85,85,85,85,85,85,90,90,90,90,90,90,90,90,90,90,90,90,90,90,90,90,90,90,90,90,90,90,90,90,90,90,90,90,90,90,90,90,90,90,90,90,90],"relic_stats":{"Regal Pillow":15,"Gremlin Horn":[11,12],"counters":[29,125],"CeramicFish":72,"Charon\u0027s Ashes":[222],"Pen Nib":[9],"Smiling Mask":25,"Nunchaku":[1],"Shuriken":[20],"Bird Faced Urn":[32],"Snecko Eye":[250,223,261,231],"Art of War":[22],"HandDrill":[6],"obtain_stats":[{"Ice Cream":54,"Regal Pillow":28,"Gremlin Horn":26,"CeramicFish":31,"Charon\u0027s Ashes":24,"Pen Nib":25,"Empty Cage":17,"Smiling Mask":41,"Burning Blood":0,"Old Coin":44,"Anchor":25,"Nunchaku":53,"Shuriken":14,"Bird Faced Urn":43,"Snecko Eye":0,"Fusion Hammer":34,"Art of War":19,"HandDrill":47},{"Ice Cream":28,"Regal Pillow":16,"Gremlin Horn":15,"CeramicFish":18,"Charon\u0027s Ashes":15,"Pen Nib":15,"Empty Cage":10,"Smiling Mask":24,"Burning Blood":0,"Old Coin":25,"Anchor":15,"Nunchaku":27,"Shuriken":9,"Bird Faced Urn":24,"Snecko Eye":0,"Fusion Hammer":19,"Art of War":11,"HandDrill":25},{"Ice Cream":116,"Regal Pillow":58,"Gremlin Horn":56,"CeramicFish":64,"Charon\u0027s Ashes":56,"Pen Nib":56,"Empty Cage":36,"Smiling Mask":90,"Burning Blood":0,"Old Coin":96,"Anchor":56,"Nunchaku":110,"Shuriken":31,"Bird Faced Urn":90,"Snecko Eye":0,"Fusion Hammer":72,"Art of War":41,"HandDrill":96}]},"card_choices":[{"not_picked":["True Grit","Iron Wave","Body Slam"],"picked":"SKIP","floor":1},{"not_picked":["Wild Strike","Warcry"],"picked":"Burning Pact","floor":2},{"not_picked":["Rampage","Wild Strike"],"picked":"Shockwave","floor":3},{"not_picked":["Shrug It Off","Clothesline"],"picked":"Carnage","floor":5},{"not_picked":["Seeing Red","Ghostly Armor","True Grit"],"picked":"SKIP","floor":7},{"not_picked":["Shrug It Off","Bloodletting"],"picked":"Metallicize","floor":8},{"not_picked":["Heavy Blade","Ghostly Armor","Metallicize"],"picked":"SKIP","floor":11},{"not_picked":["Heavy Blade","Ghostly Armor"],"picked":"Metallicize","floor":11},{"not_picked":["Juggernaut","Sword Boomerang"],"picked":"Sentinel","floor":12},{"not_picked":["Shrug It Off","Infernal Blade"],"picked":"Bludgeon","floor":14},{"not_picked":["Corruption","Immolate"],"picked":"Impervious","floor":16},{"not_picked":["Thunderclap","Reckless Charge"],"picked":"Headbutt+1","floor":18},{"not_picked":["Shrug It Off","Armaments"],"picked":"Battle Trance+1","floor":20},{"not_picked":["Pommel Strike","Warcry+1"],"picked":"Limit Break","floor":21},{"not_picked":["Intimidate","Headbutt+1","Clash"],"picked":"SKIP","floor":22},{"not_picked":["Intimidate","Headbutt+1","Clash"],"picked":"SKIP","floor":22},{"not_picked":["Wild Strike+1","Clash","Iron Wave"],"picked":"SKIP","floor":24},{"not_picked":["Sword Boomerang","Warcry","Body Slam"],"picked":"SKIP","floor":28},{"not_picked":["Warcry+1","Iron Wave","Thunderclap"],"picked":"SKIP","floor":30},{"not_picked":["Warcry","Iron Wave","Carnage"],"picked":"SKIP","floor":31},{"not_picked":["Fiend Fire","Demon Form"],"picked":"Impervious","floor":33},{"not_picked":["Warcry","Havoc","Infernal Blade+1"],"picked":"SKIP","floor":35},{"not_picked":["Blood for Blood+1","True Grit+1","Iron Wave"],"picked":"SKIP","floor":37},{"not_picked":["Armaments","Twin Strike"],"picked":"Second Wind+1","floor":38},{"not_picked":["True Grit+1","Wild Strike+1","Warcry"],"picked":"SKIP","floor":40},{"not_picked":["Searing Blow+1","Body Slam"],"picked":"Demon Form","floor":41},{"not_picked":["Iron Wave","Armaments"],"picked":"Dual Wield","floor":44},{"not_picked":["Cleave","Armaments","Fire Breathing"],"picked":"SKIP","floor":48},{"not_picked":["Clash","Searing Blow","Ghostly Armor"],"picked":"SKIP","floor":54}],"player_experience":1060032,"relics_obtained":[{"floor":14,"key":"Shuriken"},{"floor":24,"key":"Charon\u0027s Ashes"},{"floor":26,"key":"Gremlin Horn"},{"floor":28,"key":"Regal Pillow"},{"floor":31,"key":"CeramicFish"},{"floor":41,"key":"Smiling Mask"},{"floor":43,"key":"Bird Faced Urn"},{"floor":44,"key":"Old Coin"},{"floor":54,"key":"Ice Cream"}],"event_choices":[{"damage_healed":0,"gold_gain":0,"player_choice":"Upgraded","damage_taken":0,"max_hp_gain":0,"max_hp_loss":0,"event_name":"Upgrade Shrine","floor":4,"gold_loss":0,"cards_upgraded":["Shockwave"]},{"damage_healed":0,"gold_gain":0,"player_choice":"Ignored","damage_taken":0,"max_hp_gain":0,"max_hp_loss":0,"event_name":"Liars Game","floor":10,"gold_loss":0},{"damage_healed":0,"gold_gain":0,"player_choice":"Paid Gold","damage_taken":0,"relics_obtained":["Art of War"],"max_hp_gain":0,"max_hp_loss":0,"event_name":"WeMeetAgain","floor":19,"gold_loss":135},{"damage_healed":0,"gold_gain":0,"player_choice":"Embrace Madness","damage_taken":11,"max_hp_gain":0,"max_hp_loss":0,"event_name":"Winding Halls","floor":36,"gold_loss":0,"cards_obtained":["Madness","Madness"]},{"cards_removed":["Strike_R"],"damage_healed":0,"gold_gain":0,"player_choice":"Removed Attack","damage_taken":0,"max_hp_gain":0,"max_hp_loss":0,"event_name":"Falling","floor":39,"gold_loss":0},{"cards_removed":["Strike_R"],"damage_healed":0,"gold_gain":0,"player_choice":"Offered Basic","damage_taken":0,"max_hp_gain":0,"max_hp_loss":0,"event_name":"Bonfire Elementals","floor":45,"gold_loss":0}],"is_beta":false,"boss_relics":[{"not_picked":["Runic Cube","Black Star"],"picked":"Empty Cage"},{"not_picked":["Calling Bell","Runic Dome"],"picked":"Fusion Hammer"}],"items_purged_floors":[47],"is_endless":false,"potions_floor_spawned":[5,7,8,12,14,18,20,24,33,35,38,48,54],"killed_by":"The Heart","ascension_level":2}}