{"host":"cr9rpoy6dx9riis3","time":1613662804,"event":{"mods":["AchievementEnabler","BaseMod","Better Altar","Better Note","Better Sensory Stone","Better Skull","Better Third Choice","Better-Laid Plans","BetterRewards","Block Reminder","Curses Come First","Displayed Cursed Tome","Emptier Cage","Marked Mod","Minty Spire (QoL Compilation)","Permanent Neow","Relic Sorter","StSLib","The Blue Laboratory","Transform Curses"],"gold_per_floor":[112,125,141,161,336,336,363,363,363,41,41,58,76,92,92,92,92],"floor_reached":16,"language":"ENG","playtime":948,"items_purged":["Defend_G","Defend_G"],"score":210,"play_id":"ee9ce963-1df8-458a-aba1-94a21775f6a2","local_time":"20210218164004","is_ascension_mode":true,"campfire_choices":[{"data":"Doubt","floor":6,"key":"PURGE"},{"floor":8,"key":"REST"},{"data":"Defend_G","floor":11,"key":"PURGE"},{"floor":15,"key":"REST"}],"circlet_count":0,"master_deck":["Strike_G","Strike_G","Strike_G","Strike_G","Strike_G","Defend_G","Defend_G","Survivor","Neutralize","Backflip","Eviscerate","Deflect","Reflex","Malaise","Backflip","Backflip","Deflect","Flechettes","Underhanded Strike","Prepared"],"relics":["Ring of the Snake","Peace Pipe","Lantern","Happy Flower"],"acts_visited":["Exordium"],"potions_floor_usage":[4,4,16,16],"damage_taken":[{"damage":1,"enemies":"Cultist","floor":1,"turns":4},{"damage":2,"enemies":"Small Slimes","floor":2,"turns":4},{"damage":4,"enemies":"2 Louse","floor":3,"turns":2},{"damage":25,"enemies":"Exordium Thugs","floor":4,"turns":6},{"damage":47,"enemies":"Gremlin Nob","floor":7,"turns":5},{"damage":0,"enemies":"Blue Slaver","floor":12,"turns":4},{"damage":16,"enemies":"Large Slime","floor":13,"turns":6},{"damage":1,"enemies":"2 Fungi Beasts","floor":14,"turns":3},{"damage":48,"enemies":"Slime Boss","floor":16,"turns":8}],"seed_played":"7923687649195758949","potions_obtained":[{"floor":1,"key":"BlessingOfTheForge"},{"floor":3,"key":"blueLaboratory:LouseDecoction"},{"floor":7,"key":"blueLaboratory:EnragingPotion"},{"floor":13,"key":"Strength Potion"}],"is_trial":false,"path_per_floor":["M","M","M","M","?","R","E","R","T","$","R","M","M","M","R","B"],"character_chosen":"THE_SILENT","items_purchased":["Peace Pipe","Reflex","Orrery"],"campfire_rested":2,"item_purchase_floors":[0,10,10],"current_hp_per_floor":[57,55,51,26,26,26,7,36,36,36,36,36,20,19,48,0,0],"gold":92,"neow_bonus":"","is_daily":false,"chose_seed":false,"campfire_upgraded":0,"win_rate":0.0,"timestamp":1613662804,"path_taken":["M","?","M","M","?","R","E","R","T","$","R","M","M","M","R","BOSS"],"items_purchased_type":["Relic","Card","Relic"],"build_version":"2020-12-22","purchased_purges":2,"victory":false,"max_hp_per_floor":[70,70,70,70,70,70,98,98,98,98,98,98,98,98,98,98,98],"card_choices":[{"not_picked":["Slice","Escape Plan"],"picked":"Backflip","floor":1},{"not_picked":["Outmaneuver","Cloak And Dagger"],"picked":"Eviscerate","floor":2},{"not_picked":["Prepared","Bouncing Flask","Crippling Poison"],"picked":"SKIP","floor":3},{"not_picked":["PiercingWail","Quick Slash"],"picked":"Deflect","floor":4},{"not_picked":["Storm of Steel","Calculated Gamble","Finisher"],"picked":"SKIP","floor":7},{"not_picked":["Blade Dance","Cloak And Dagger"],"picked":"Malaise","floor":10},{"not_picked":["Dagger Spray","Deflect"],"picked":"Backflip","floor":10},{"not_picked":["Dash","Flying Knee"],"picked":"Backflip","floor":10},{"not_picked":["Cloak And Dagger","Noxious Fumes"],"picked":"Deflect","floor":10},{"not_picked":["Accuracy","Dodge and Roll"],"picked":"Flechettes","floor":10},{"not_picked":["Slice","Blade Dance"],"picked":"Underhanded Strike","floor":12},{"not_picked":["Backflip","Sucker Punch"],"picked":"Prepared","floor":13},{"not_picked":["Catalyst","Deflect","Backflip"],"picked":"SKIP","floor":14}],"player_experience":751475,"relics_obtained":[{"floor":7,"key":"Lantern"},{"floor":9,"key":"Happy Flower"}],"event_choices":[{"damage_healed":0,"gold_gain":175,"player_choice":"AGREE","damage_taken":161,"max_hp_gain":0,"max_hp_loss":0,"event_name":"betterThird:BetterSerpent","floor":5,"gold_loss":0}],"is_beta":false,"boss_relics":[],"items_purged_floors":[0,10],"is_endless":false,"potions_floor_spawned":[1,3,7,13],"killed_by":"Slime Boss","ascension_level":4}}