{"host":"2ryabvayt7pqghlx","time":1613674409,"event":{"mods":["AchievementEnabler","BaseMod","Colored Map","Downfall","Hermit","Highlight Path","Minty Spire (QoL Compilation)","Rare Cards Sparkle","Relic Stats","StSLib","SuperFastMode"],"gold_per_floor":[99,117,117,136,286,286,286,301,326,326,343,343,354,366,383,479,479,479,503,512,512,61,87,114,123,123,123,123],"floor_reached":26,"language":"ENG","playtime":2746,"items_purged":["Guardian:Strike_Guardian"],"score":233,"play_id":"b514ddc5-1c2c-4685-89ca-3f32a18629eb","local_time":"20210218135329","is_ascension_mode":false,"campfire_choices":[{"data":"Guardian:CurlUp","floor":1,"key":"SMITH"},{"floor":10,"key":"REST"},{"data":"Guardian:Suspension","floor":12,"key":"SMITH"},{"data":"Guardian:Strike_Guardian","floor":18,"key":"PURGE"}],"circlet_count":0,"master_deck":["Guardian:Strike_Guardian","Guardian:Strike_Guardian+1","Guardian:Defend_Guardian","Guardian:Defend_Guardian","Guardian:Defend_Guardian","Guardian:Defend_Guardian","Guardian:CurlUp+1","Guardian:TwinSlam+1","Guardian:RollAttack","Guardian:PrimingBeam","downfall:Icky","Guardian:Suspension+1","Guardian:BronzeOrb","Guardian:PrimingBeam","Guardian:RevengeProtocol","CurseOfTheBell","Guardian:BodySlam+1","RitualDagger","Guardian:GuardianWhirl+1","Mind Blast","Guardian:Gem_Blue","Guardian:TemporalStrike"],"relics":["Guardian:ModeShifter","downfall:ShatteredFragment","Peace Pipe","Mummified Hand","Calling Bell","CeramicFish","Matryoshka","Mango","Thread and Needle","Whetstone"],"acts_visited":["Exordium","TheCity"],"potions_floor_usage":[6,16,16,26,26],"damage_taken":[{"damage":2,"enemies":"Small Slimes","floor":2,"turns":4},{"damage":2,"enemies":"2 Louse","floor":4,"turns":2},{"damage":0,"enemies":"Cultist","floor":8,"turns":3},{"damage":26,"enemies":"Lagavulin","floor":9,"turns":7},{"damage":3,"enemies":"Large Slime","floor":11,"turns":5},{"damage":0,"enemies":"2 Fungi Beasts","floor":13,"turns":3},{"damage":4,"enemies":"Blue Slaver","floor":14,"turns":3},{"damage":3,"enemies":"Gremlin Gang","floor":15,"turns":2},{"damage":37,"enemies":"WA_ARCHETYPE_RETAIN","floor":16,"turns":11},{"damage":5,"enemies":"3 Byrds","floor":19,"turns":4},{"damage":5,"enemies":"downfall:FleeingMerchant","floor":22,"turns":4},{"damage":9,"enemies":"Shell Parasite","floor":23,"turns":5},{"damage":91,"enemies":"Gremlin Leader","floor":26,"turns":12}],"seed_played":"50532287759463583","potions_obtained":[{"floor":6,"key":"Ancient Potion"},{"floor":6,"key":"Fruit Juice"},{"floor":6,"key":"hexamod:SoulburnPotion"},{"floor":9,"key":"EssenceOfSteel"},{"floor":16,"key":"Weak Potion"},{"floor":19,"key":"Guardian:BlockOnCardUsePotion"}],"is_trial":false,"path_per_floor":["R","M","?","M","?","?","T","M","E","R","M","R","M","M","M","B",null,"R","M","?","?","$","M","T","?","E"],"character_chosen":"GUARDIAN","items_purchased":["Thread and Needle","Mind Blast"],"campfire_rested":1,"item_purchase_floors":[22,22],"current_hp_per_floor":[88,86,62,60,60,65,65,65,39,66,63,63,63,59,56,19,107,107,102,96,96,91,82,82,82,0,0,0],"gold":123,"neow_bonus":"TEN_PERCENT_HP_BONUS","is_daily":false,"chose_seed":false,"campfire_upgraded":2,"win_rate":0.0,"timestamp":1613674409,"path_taken":["R","M","?","M","?","?","T","M","E","R","?","R","M","M","M","BOSS","R","M","?","?","$","M","T","?","E"],"items_purchased_type":["Relic","Card"],"build_version":"2020-12-22","purchased_purges":1,"victory":false,"max_hp_per_floor":[88,88,88,88,88,93,93,93,93,93,93,93,93,93,93,93,107,107,107,107,107,107,107,107,107,107,107,107],"relic_stats":{"Peace Pipe":1,"counters":[13,65],"Mummified Hand":[4],"CeramicFish":54,"Whetstone":["Guardian:TwinSlam","Guardian:Strike_Guardian"],"obtain_stats":[{"Peace Pipe":7,"Calling Bell":17,"downfall:ShatteredFragment":3,"Matryoshka":17,"Mummified Hand":9,"CeramicFish":17,"Guardian:ModeShifter":0,"Mango":17,"Thread and Needle":22,"Whetstone":24},{"Peace Pipe":2,"Calling Bell":9,"downfall:ShatteredFragment":1,"Matryoshka":9,"Mummified Hand":4,"CeramicFish":9,"Guardian:ModeShifter":0,"Mango":9,"Thread and Needle":11,"Whetstone":12},{"Peace Pipe":6,"Calling Bell":40,"downfall:ShatteredFragment":4,"Matryoshka":40,"Mummified Hand":16,"CeramicFish":40,"Guardian:ModeShifter":0,"Mango":40,"Thread and Needle":48,"Whetstone":53}]},"card_choices":[{"not_picked":["Guardian:Incinerate","Guardian:PrimingBeam"],"picked":"Guardian:RollAttack","floor":2},{"not_picked":["Guardian:Gem_Fragmented","Guardian:Harden"],"picked":"Guardian:PrimingBeam","floor":4},{"not_picked":["Guardian:Incinerate","Guardian:CrystalBeam","Guardian:TemporalStrike"],"picked":"SKIP","floor":8},{"not_picked":["Guardian:RollAttack","Guardian:Emergency"],"picked":"Guardian:Suspension","floor":9},{"not_picked":["Guardian:PiercingHide","Guardian:Gem_Fragmented"],"picked":"Guardian:BronzeOrb","floor":11},{"not_picked":["Guardian:RollAttack","Guardian:WalkerClaw"],"picked":"Guardian:PrimingBeam","floor":13},{"not_picked":["Guardian:Gem_Lightblue","Guardian:PrismaticBeam"],"picked":"Guardian:Gem_Blue","floor":14},{"not_picked":["Guardian:Recover","Guardian:BronzeOrb","Guardian:RollAttack"],"picked":"SKIP","floor":15},{"not_picked":["Guardian:Gem_Orange","Guardian:ConstructionForm"],"picked":"Guardian:RevengeProtocol","floor":16},{"not_picked":["Guardian:TemporalShield","Guardian:DecasProtection"],"picked":"Guardian:BodySlam+1","floor":19},{"not_picked":["Guardian:RefractedBeam+1","Guardian:FloatingOrbs"],"picked":"Guardian:GuardianWhirl+1","floor":22},{"not_picked":["Guardian:SpikerProtocol","Guardian:CrystalBeam"],"picked":"Guardian:Gem_Blue","floor":23}],"player_experience":156252,"relics_obtained":[{"floor":7,"key":"Peace Pipe"},{"floor":9,"key":"Mummified Hand"},{"floor":17,"key":"CeramicFish"},{"floor":17,"key":"Matryoshka"},{"floor":17,"key":"Mango"},{"floor":24,"key":"Whetstone"}],"event_choices":[{"damage_healed":0,"gold_gain":0,"player_choice":"Got Potions","damage_taken":0,"max_hp_gain":0,"max_hp_loss":0,"event_name":"Lab","floor":6,"gold_loss":0},{"damage_healed":0,"gold_gain":0,"player_choice":"Ignored","damage_taken":0,"max_hp_gain":0,"max_hp_loss":0,"event_name":"Ghosts","floor":21,"gold_loss":0},{"damage_healed":0,"gold_gain":0,"player_choice":"Read","damage_taken":0,"max_hp_gain":0,"max_hp_loss":0,"event_name":"The Library","floor":25,"gold_loss":0,"cards_obtained":["Guardian:TemporalStrike"]}],"is_beta":false,"boss_relics":[{"not_picked":["Tiny House","Velvet Choker"],"picked":"Calling Bell"}],"items_purged_floors":[22],"is_endless":false,"potions_floor_spawned":[9,13,16,19],"killed_by":"Gremlin Leader","ascension_level":0}}