{"host":"6r9t33axn0fzb9aq","time":1613682259,"event":{"mods":["Aspiration","BaseMod","Better Altar","Better Match","Better Note","Better Third Choice","Bossed Relics","CatGirl Mod","Clockwork Mod","Colored Map","Colored Powertips","Conspire","Curses Come First","Custom Start","Energized Spire","Halation","Hubris","Infinite Spire","Koishi","Marisa????????","Minty Spire (QoL Compilation)","Onozuka Komachi Mod","Poor People Problems","Reliquary","Remilia??????","Replay The Spire","Reworked Bosses","Shade Mod","Spicy Shops","Spire Arcade","StSLib","The Blue Laboratory","The Cursed","The Death Knight","The Hierophant","The Marked","The Necromancer","The Servant 0.9.4","TheHero","Trackpad","Waifu the Spire","Wandering Minibosses"],"gold_per_floor":[109,109,109,29,29,158,158,158,158,147,265,247,247,247,247,343,343,360,360,105,77,77,77,97,97,169,169,201,163,163,179,179,380,380,346,346,487,631,236,285,285,314,314,349,386,386,428,470,470,596,596,648,697,697,748,748,748],"floor_reached":56,"language":"ENG","playtime":5453,"items_purged":["Shame"],"score":552,"play_id":"4197b40d-60c4-409d-ac1d-d126321287d0","local_time":"20210218210419","is_ascension_mode":true,"campfire_choices":[{"floor":7.0,"key":"REST"},{"floor":13.0,"key":"REST"},{"data":"Vampiric_Strike","floor":15.0,"key":"SMITH"},{"data":"Negative_Energy_Bomb","floor":23.0,"key":"SMITH"},{"floor":30.0,"key":"REST"},{"floor":32.0,"key":"REST"},{"data":"Chill_Blood","floor":32.0,"key":"SMITH"},{"floor":41.0,"key":"REST"},{"floor":49.0,"key":"DIG"}],"circlet_count":0,"master_deck":["Strike_W","Strike_W","Defend_W","Defend_W","Defend_W","Defend_W","Negative_Energy_Arrows","Bone_Wall","Negative_Energy_Bomb+1","Negative_Energy_Sphere","Whirlwind_of_Bones+1","Negative_Energy_Shield","Negative_Energy_Sphere","Scare","Vampiric_Strike+1","Summon_Vampire_Lady","Negative_Energy_Mist+1","Spectral_Armor","Scare+1","Negative_Energy_Shield","Life_Tap","Negative_Energy_Javelin","Vampiric_Strike+1","Chill_Blood+1","Negative_Energy_Javelin","Spectral_Walk","Negative_Energy_Shield+1","AbeCurse","Summon_Vampire_Lady","Negative_Energy_Sphere","Summon_Vampire_Lady","Consume_Illness","Negative_Energy_Mist+1","Bone_Prison+1","Negative_Energy_Javelin+1","hubris:InfiniteBlow+8","Negative_Energy_Shield","Requiem","Consume_Illness","Vampiric_Strike","Negative_Energy_Javelin"],"relics":["hubris:Icosahedron","ReplayTheSpireMod:Shallot","trackpad:SneckoScepter","Orrery","aspiration:HummingbirdHeart","Black Star","Chameleon Ring","halation:TwoAmDonut","infinitespire:Magic Flask","wanderingMiniBosses:ThiefScarf","reliquary:Firecrackers","Vampire_Amulet","Torii","infinitespire:EvilPickle","White Beast Statue","Sling","trackpad:Compendium","DeathKnight:PutricidesVial","StoneCalendar","Onion Ring","energizedSpire:MagnifyingGlass","Golden Idol","infinitespire:Midas Blood","halation:Jellyphish"],"acts_visited":["Exordium","TheCity","TheBeyond","Exordium"],"potions_floor_usage":[],"damage_taken":[{"damage":4.0,"enemies":"Jaw Worm","floor":1.0,"turns":5.0},{"damage":32.0,"enemies":"3 Sentries","floor":6.0,"turns":9.0},{"damage":0.0,"enemies":"Small Slimes","floor":10.0,"turns":6.0},{"damage":0.0,"enemies":"2 Louse","floor":11.0,"turns":3.0},{"damage":6.0,"enemies":"Exordium Wildlife","floor":12.0,"turns":6.0},{"damage":5.0,"enemies":"Hexaghost","floor":16.0,"turns":12.0},{"damage":4.0,"enemies":"Shell Parasite","floor":18.0,"turns":10.0},{"damage":20.0,"enemies":"2 Thieves","floor":21.0,"turns":5.0},{"damage":55.0,"enemies":"Cultist and Chosen","floor":24.0,"turns":10.0},{"damage":40.0,"enemies":"Nightmare","floor":28.0,"turns":14.0},{"damage":28.0,"enemies":"Snecko","floor":29.0,"turns":7.0},{"damage":14.0,"enemies":"Chosen and Byrds","floor":31.0,"turns":8.0},{"damage":19.0,"enemies":"Pondfish","floor":33.0,"turns":14.0},{"damage":60.0,"enemies":"Orb Walker","floor":35.0,"turns":9.0},{"damage":23.0,"enemies":"3 Darklings","floor":37.0,"turns":10.0},{"damage":70.0,"enemies":"Jaw Worm Horde","floor":38.0,"turns":8.0},{"damage":29.0,"enemies":"Nemesis","floor":40.0,"turns":8.0},{"damage":35.0,"enemies":"Maw","floor":42.0,"turns":9.0},{"damage":16.0,"enemies":"3 Darklings","floor":44.0,"turns":7.0},{"damage":22.0,"enemies":"Sphere and 2 Shapes","floor":45.0,"turns":7.0},{"damage":0.0,"enemies":"Jaw Worm Horde","floor":47.0,"turns":5.0},{"damage":36.0,"enemies":"Maw","floor":48.0,"turns":8.0},{"damage":197.0,"enemies":"Replay:Hell Engine","floor":50.0,"turns":25.0},{"damage":0.0,"enemies":"Cultist","floor":52.0,"turns":2.0},{"damage":0.0,"enemies":"2 Louse","floor":53.0,"turns":2.0},{"damage":0.0,"enemies":"Jaw Worm","floor":55.0,"turns":2.0},{"damage":0,"enemies":"Exordium Wildlife","floor":56,"turns":1}],"seed_played":"3705821896910687655","potions_obtained":[{"floor":1.0,"key":"blueLaboratory:BottledHope"},{"floor":6.0,"key":"Elixir"},{"floor":8.0,"key":"LiquidBronze"},{"floor":16.0,"key":"blueLaboratory:EmptyBottle"},{"floor":21.0,"key":"blueLaboratory:PyrophylliteBrew"},{"floor":29.0,"key":"blueLaboratory:NullPotion"},{"floor":30.0,"key":"blueLaboratory:BottledHope"},{"floor":30.0,"key":"Swift Potion"},{"floor":31.0,"key":"SteroidPotion"},{"floor":33.0,"key":"blueLaboratory:PhilterOfMotion"},{"floor":40.0,"key":"SteroidPotion"},{"floor":41.0,"key":"conspire:TimeTravelPotion"},{"floor":41.0,"key":"PowerPotion"},{"floor":42.0,"key":"Block Potion"},{"floor":44.0,"key":"SkillPotion"},{"floor":45.0,"key":"conspire:TimeTravelPotion"},{"floor":47.0,"key":"blueLaboratory:SavagePotion"},{"floor":50.0,"key":"blueLaboratory:ImpenetrablePotion"},{"floor":52.0,"key":"blueLaboratory:BottleOfVodka"},{"floor":53.0,"key":"SpeedPotion"},{"floor":55.0,"key":"Weak Potion"}],"is_trial":false,"path_per_floor":["M","?","?","$","?","E","R","?","T","M","M","M","R","?","R","B",null,"M","?","$","M","AVR","R","M","?","T","T","NM","M","R","M","R","B",null,"M","?","M","M","$","E","R","M","T","M","M","?","M","M","R_BF","B",null,"M","M","?","M","M"],"character_chosen":"NECROMANCER","items_purchased":["Negative_Energy_Shield","Negative_Energy_Sphere","Spectral_Armor","Orrery","White Beast Statue","Sling"],"campfire_rested":5,"item_purchase_floors":[4,4,20,20,39,39],"current_hp_per_floor":[52,52,52,52,52,26,48,48,48,52,56,54,75,75,75,73,75,73,73,73,64,64,64,39,39,39,39,44,31,53,66,75,75,75,40,40,54,41,41,64,75,75,75,75,75,56,75,52,52,57,75,75,75,57,65,65,65],"gold":748,"neow_bonus":"THREE_RARE_CARDS","is_daily":false,"chose_seed":false,"campfire_upgraded":3,"win_rate":0.0,"timestamp":1613682259,"path_taken":["M","?","?","$","?","E","R","?","T","M","?","M","R","?","R","BOSS","M","?","$","M","AVR","R","M","?","T","?","NM","?","R","?","R","BOSS","M","?","M","M","$","E","R","M","T","M","M","?","M","M","R_BF","BOSS","M","M","?","M","M"],"items_purchased_type":["Card","Card","Card","Relic","Relic","Relic"],"build_version":"2020-12-22","purchased_purges":1,"victory":false,"max_hp_per_floor":[75,75,75,75,75,75,75,75,75,75,75,75,75,75,75,75,75,75,75,75,75,75,75,75,75,75,75,75,75,75,75,75,75,75,75,75,75,75,75,75,75,75,75,75,75,75,75,75,75,75,75,75,75,75,75,75,75],"card_choices":[{"not_picked":["Blood_Magic","Summon_Vampire_Lady"],"picked":"Negative_Energy_Bomb","floor":0.0},{"not_picked":["Bones_to_Steel","Chill_Blood"],"picked":"Negative_Energy_Sphere","floor":1.0},{"not_picked":["Negative_Energy_Bomb","Shade_Step","Death_March_Dance"],"picked":"SKIP","floor":6.0},{"not_picked":["Finger_Of_Death","Summon_Lich","Death_Coil"],"picked":"SKIP","floor":10.0},{"not_picked":["Shade_Step","Bone_Spikes"],"picked":"Scare","floor":11.0},{"not_picked":["Toxic_Smoke_Screen","Stop_Heart"],"picked":"Vampiric_Strike","floor":12.0},{"not_picked":["Blood_Magic","Negative_Energy_Bomb"],"picked":"Summon_Vampire_Lady","floor":16.0},{"not_picked":["Summon_Undead_Army","Uncharnel+1"],"picked":"Negative_Energy_Mist+1","floor":18.0},{"not_picked":["Bone_Shift+1","Uncharnel"],"picked":"Scare+1","floor":20.0},{"not_picked":["Acid_Javelin","Bone_Armor"],"picked":"Negative_Energy_Shield","floor":20.0},{"not_picked":["Hellfire","Blood_Whip+1"],"picked":"Life_Tap","floor":20.0},{"not_picked":["Thousand_Bone_Knives","Death_Knell"],"picked":"Negative_Energy_Javelin","floor":20.0},{"not_picked":["Blood_for_Blood","Death_March_Dance+1"],"picked":"Vampiric_Strike+1","floor":21.0},{"not_picked":["Bone_Armor","Hellfire","Scare"],"picked":"SKIP","floor":24.0},{"not_picked":["Finger_Of_Death","Blood_Whip"],"picked":"Negative_Energy_Javelin","floor":28.0},{"not_picked":["Vampiric_Strike","Grasp_Heart"],"picked":"Spectral_Walk","floor":29.0},{"not_picked":["Chill_Blood","Negative_Energy_Javelin"],"picked":"Negative_Energy_Shield+1","floor":31.0},{"not_picked":["Blood_Magic","Skeleton_Dragon"],"picked":"Summon_Vampire_Lady","floor":33.0},{"not_picked":["Death_March_Dance+1","Strike_from_Beyond+1"],"picked":"Negative_Energy_Sphere","floor":35.0},{"not_picked":["Uncharnel+1","Stop_Heart"],"picked":"Summon_Vampire_Lady","floor":37.0},{"not_picked":["Death_Coil+1","Spectral_Walk"],"picked":"Consume_Illness","floor":38.0},{"not_picked":["Bone_Shift+1","Bone_Armor+1"],"picked":"Negative_Energy_Mist+1","floor":40.0},{"not_picked":["Pandemic+1","Blood_Shield+1","Uncharnel"],"picked":"SKIP","floor":42.0},{"not_picked":["Skeleton_Dragon","Blood_Curse+1"],"picked":"Bone_Prison+1","floor":44.0},{"not_picked":["Vampiric_Strike","Bone_Spikes"],"picked":"Negative_Energy_Javelin+1","floor":45.0},{"not_picked":["Replay:Fractal Strike","hubris:Rewind"],"picked":"hubris:InfiniteBlow+2","floor":46.0},{"not_picked":["Bones_to_Steel","Necrotic_Claws","Summon_Undead+1"],"picked":"SKIP","floor":47.0},{"not_picked":["Plague_Bolt","Toxic_Smoke_Screen"],"picked":"Negative_Energy_Shield","floor":48.0},{"not_picked":["Grasp_Heart","Skeleton_Dragon"],"picked":"Requiem","floor":50.0},{"not_picked":["Bones_to_Steel","Finger_Of_Death"],"picked":"Consume_Illness","floor":52.0},{"not_picked":["Pandemic","Toxic_Smoke_Screen"],"picked":"Vampiric_Strike","floor":53.0},{"not_picked":["Blood_Shield","Bone_Bullets"],"picked":"Negative_Energy_Javelin","floor":55.0}],"player_experience":467171,"relics_obtained":[{"floor":6.0,"key":"ReplayTheSpireMod:Shallot"},{"floor":9.0,"key":"reliquary:Firecrackers"},{"floor":26.0,"key":"Chameleon Ring"},{"floor":27.0,"key":"halation:TwoAmDonut"},{"floor":28.0,"key":"Torii"},{"floor":28.0,"key":"infinitespire:Magic Flask"},{"floor":38.0,"key":"wanderingMiniBosses:ThiefScarf"},{"floor":38.0,"key":"reliquary:Firecrackers"},{"floor":38.0,"key":"Vampire_Amulet"},{"floor":38.0,"key":"Torii"},{"floor":38.0,"key":"infinitespire:EvilPickle"},{"floor":40.0,"key":"trackpad:Compendium"},{"floor":40.0,"key":"DeathKnight:PutricidesVial"},{"floor":43.0,"key":"StoneCalendar"},{"floor":49.0,"key":"Onion Ring"}],"event_choices":[{"damage_healed":52.0,"max_hp_gain":0.0,"max_hp_loss":75.0,"gold_gain":0.0,"event_name":"betterThird:BetterShining","player_choice":"Leave","floor":3.0,"gold_loss":0.0,"damage_taken":0.0},{"damage_healed":0.0,"max_hp_gain":0.0,"max_hp_loss":0.0,"gold_gain":0.0,"event_name":"Addict","player_choice":"Stole Relic","floor":19.0,"gold_loss":0.0,"damage_taken":0.0,"relics_obtained":["trackpad:SneckoScepter"],"cards_obtained":["Shame"]},{"damage_healed":0.0,"max_hp_gain":0.0,"max_hp_loss":0.0,"gold_gain":0.0,"event_name":"conspire:Investor","player_choice":"Leave","floor":36.0,"gold_loss":0.0,"damage_taken":0.0},{"damage_healed":0.0,"max_hp_gain":0.0,"max_hp_loss":0.0,"gold_gain":0.0,"event_name":"Golden Idol","player_choice":"Take Damage","floor":54.0,"gold_loss":0.0,"damage_taken":18.0,"relics_obtained":["Golden Idol"]}],"is_beta":false,"boss_relics":[{"not_picked":["hubris:TerracottaHorce","ReplayTheSpireMod:DimensionalGlitch","hubris:Stopwatch"]},{"not_picked":["halation:Yufonium","reliquary:RedCape","halation:SmartPhone"]},{"not_picked":["reliquary:KinkedSpring","hubris:HollowSoul"],"picked":"energizedSpire:MagnifyingGlass"}],"items_purged_floors":[20],"is_endless":true,"potions_floor_spawned":[1,6,16,21,29,31,33,40,42,44,45,47,48,50,52,53,55],"killed_by":"Exordium Wildlife","ascension_level":1}}