{"host":"ababi7n1w04ome7c","time":1613621335,"event":{"mods":["AchievementEnabler","BaseMod","Colored Map","Minty Spire (QoL Compilation)","Permanent Neow","StSLib","everything is the same but u backflip on backflip"],"gold_per_floor":[119,131,149,324,334,334,334,334],"floor_reached":7,"language":"KOR","playtime":340,"items_purged":[],"score":56,"play_id":"95a70b2e-cf63-4297-a6c3-7d7140784497","local_time":"20210218130855","is_ascension_mode":true,"campfire_choices":[{"data":"After Image","floor":6,"key":"SMITH"}],"circlet_count":0,"master_deck":["Strike_G","Strike_G","Strike_G","Strike_G","Strike_G","Defend_G","Defend_G","Defend_G","Defend_G","Defend_G","Survivor","Neutralize","After Image+1","Cloak And Dagger","Doubt","Caltrops"],"relics":["Ring of the Snake"],"acts_visited":["Exordium"],"potions_floor_usage":[5],"damage_taken":[{"damage":3,"enemies":"2 Louse","floor":1,"turns":3},{"damage":0,"enemies":"Jaw Worm","floor":2,"turns":7},{"damage":1,"enemies":"Cultist","floor":3,"turns":5},{"damage":9,"enemies":"Gremlin Gang","floor":5,"turns":10},{"damage":26,"enemies":"Lagavulin","floor":7,"turns":11}],"seed_played":"8167588529077475126","potions_obtained":[{"floor":3,"key":"EssenceOfSteel"},{"floor":5,"key":"FairyPotion"}],"is_trial":false,"path_per_floor":["M","M","M","?","M","R","E"],"character_chosen":"THE_SILENT","items_purchased":[],"campfire_rested":0,"item_purchase_floors":[],"current_hp_per_floor":[60,60,59,59,50,50,24,24],"gold":334,"neow_bonus":"THREE_RARE_CARDS","is_daily":false,"chose_seed":false,"campfire_upgraded":1,"win_rate":0.0,"timestamp":1613621335,"path_taken":["M","M","M","?","M","R","E"],"items_purchased_type":[],"build_version":"2020-12-22","purchased_purges":0,"victory":false,"max_hp_per_floor":[63,63,63,63,63,63,63,63],"card_choices":[{"not_picked":["Night Terror","Doppelganger"],"picked":"After Image","floor":0},{"not_picked":["Sucker Punch","Crippling Poison","Prepared"],"picked":"SKIP","floor":1},{"not_picked":["Slice","Prepared","Distraction"],"picked":"SKIP","floor":2},{"not_picked":["Underhanded Strike","Tools of the Trade"],"picked":"Cloak And Dagger","floor":3},{"not_picked":["Acrobatics","Flying Knee"],"picked":"Caltrops","floor":5}],"player_experience":342957,"relics_obtained":[],"event_choices":[{"damage_healed":0,"gold_gain":175,"player_choice":"AGREE","damage_taken":0,"max_hp_gain":0,"max_hp_loss":0,"event_name":"Liars Game","floor":4,"gold_loss":0,"cards_obtained":["Doubt"]}],"is_beta":false,"boss_relics":[],"items_purged_floors":[],"is_endless":false,"potions_floor_spawned":[3,5],"killed_by":"Lagavulin","ascension_level":6}}