{"host":"hwgw78dblb98i0ci","time":1613628814,"event":{"mods":["BaseMod","Better Note","Better Third Choice","Downfall","Hubris","Minty Spire (QoL Compilation)","StSLib"],"gold_per_floor":[99,114,114,132,282,282,282,282,313,331,364,51,51,62,74,172,172,172,190,190,190,190,190,214,214,230,262,276,176,195,227,237,337,337,337,347,366,390,390,390,390,174,194,324,353,406,406,422,437,437,437,437],"floor_reached":50,"language":"ENG","playtime":4057,"items_purged":["downfall:Icky","champ:Defend","champ:Defend"],"score":595,"play_id":"316e589b-55f0-4567-ab4d-844591710d54","local_time":"20210218011334","is_ascension_mode":false,"campfire_choices":[{"data":"champ:Taunt","floor":1.0,"key":"SMITH"},{"data":"champ:CrownThrow","floor":6.0,"key":"SMITH"},{"data":"champ:CalledShot","floor":8.0,"key":"SMITH"},{"data":"champ:ShieldSlam","floor":18.0,"key":"SMITH"},{"data":"champ:TripleStrike","floor":29.0,"key":"SMITH"},{"data":"champ:SwordThrow","floor":35.0,"key":"SMITH"},{"data":"champ:MurderStrike","floor":47,"key":"SMITH"}],"circlet_count":0,"master_deck":["champ:Strike","champ:Defend+1","champ:Defend+1","champ:Execute+1","champ:Taunt+1","champ:CrownThrow+1","champ:CalledShot+1","champ:ShieldWall","champ:PreciseThrust+1","champ:FaceSlap+1","champ:TripleStrike+1","champ:ShieldSlam+1","champ:StanceDance","sneckomod:ImprovisedGuard+1","champ:FocusedBerserking","champ:SwordThrow+1","champ:CalledShot+1","champ:MurderStrike+1","champ:BringItOn+1"],"relics":["hubris:ScarierMask","Blue Candle","hubris:SphereOfDissonance","Dream Catcher","Empty Cage","Nloth\u0027s Gift","Tiny Chest","Whetstone","Eternal Feather","Happy Flower","downfall:HeartBlessingGreen","Lantern","hubris:Backtick","Unceasing Top","Smiling Mask","hubris:Teleporter","Bottled Lightning","Nunchaku","Vajra","hubris:MedicalManual"],"acts_visited":["Exordium","TheCity","TheBeyond"],"potions_floor_usage":[],"damage_taken":[{"damage":12.0,"enemies":"Cultist","floor":2.0,"turns":4.0},{"damage":11.0,"enemies":"Jaw Worm","floor":4.0,"turns":5.0},{"damage":49.0,"enemies":"Lagavulin","floor":9.0,"turns":8.0},{"damage":0.0,"enemies":"Small Slimes","floor":10.0,"turns":2.0},{"damage":10.0,"enemies":"3 Sentries","floor":11.0,"turns":5.0},{"damage":35.0,"enemies":"downfall:FleeingMerchant","floor":12.0,"turns":4.0},{"damage":0.0,"enemies":"downfall:LooterAlt","floor":14.0,"turns":2.0},{"damage":10.0,"enemies":"Large Slime","floor":15.0,"turns":2.0},{"damage":27.0,"enemies":"WA_ARCHETYPE_RETAIN","floor":16.0,"turns":3.0},{"damage":25.0,"enemies":"Shell Parasite","floor":19.0,"turns":5.0},{"damage":15.0,"enemies":"3 Byrds","floor":26.0,"turns":4.0},{"damage":10.0,"enemies":"Slavers","floor":27.0,"turns":4.0},{"damage":27.0,"enemies":"Centurion and Healer","floor":28.0,"turns":2.0},{"damage":36.0,"enemies":"Shelled Parasite and Fungi","floor":30.0,"turns":4.0},{"damage":60.0,"enemies":"Book of Stabbing","floor":31.0,"turns":5.0},{"damage":7.0,"enemies":"Snake Plant","floor":32.0,"turns":3.0},{"damage":95.0,"enemies":"DF_ARCHETYPE_CLAW","floor":33.0,"turns":9.0},{"damage":30.0,"enemies":"3 Darklings","floor":36.0,"turns":3.0},{"damage":10.0,"enemies":"Orb Walker","floor":37.0,"turns":2.0},{"damage":42.0,"enemies":"downfall:FleeingMerchant","floor":42.0,"turns":4.0},{"damage":15.0,"enemies":"Sphere and 2 Shapes","floor":43.0,"turns":4.0},{"damage":20,"enemies":"downfall:FleeingMerchant","floor":44,"turns":3},{"damage":80,"enemies":"Nemesis","floor":45,"turns":5},{"damage":24,"enemies":"2 Orb Walkers","floor":46,"turns":2},{"damage":39,"enemies":"Maw","floor":48,"turns":5},{"damage":15,"enemies":"Spire Growth","floor":49,"turns":2},{"damage":60,"enemies":"SI_POISON_ARCHETYPE","floor":50,"turns":6}],"seed_played":"9137950227334929676","potions_obtained":[{"floor":2.0,"key":"ColorlessPotion"},{"floor":10.0,"key":"SteroidPotion"},{"floor":14.0,"key":"Dexterity Potion"},{"floor":16.0,"key":"Weak Potion"},{"floor":26.0,"key":"LiquidMemories"},{"floor":31.0,"key":"champ:CounterPotion"},{"floor":33.0,"key":"Fire Potion"},{"floor":36.0,"key":"SpeedPotion"},{"floor":37.0,"key":"FearPotion"},{"floor":43.0,"key":"SpeedPotion"},{"floor":49,"key":"Block Potion"}],"is_trial":false,"path_per_floor":["R","M","?","M","?","R","T","R","E","M","E","$","?","M","M","B",null,"R","M","?","?","?","T","T","T","M","E","M","R","M","E","M","B",null,"R","M","M","?","?","T","T","$","M","$","E","?","R","M","M","B"],"character_chosen":"THE_CHAMP","items_purchased":["champ:TripleStrike","War Paint","Nunchaku","Vajra"],"campfire_rested":0,"item_purchase_floors":[12,12,42,44],"current_hp_per_floor":[90,88,73,72,72,72,72,72,48,48,48,48,48,48,48,46,90,90,90,90,90,90,90,90,90,90,90,83,90,89,64,57,22,90,90,90,90,90,90,90,90,88,88,88,43,39,48,39,39,0,0,0],"gold":437,"neow_bonus":"BOSS_RELIC","is_daily":false,"chose_seed":false,"campfire_upgraded":7,"win_rate":0.0,"timestamp":1613628814,"path_taken":["R","M","?","?","?","R","T","R","E","M","E","$","?","M","M","BOSS","R","M","?","?","?","?","T","?","M","E","M","R","M","E","M","BOSS","R","M","M","?","?","?","T","$","M","$","E","?","R","?","M","BOSS"],"items_purchased_type":["Card","Relic","Relic","Relic"],"build_version":"2020-12-22","purchased_purges":3,"victory":false,"max_hp_per_floor":[90,90,90,90,90,90,90,90,90,90,90,90,90,90,90,90,90,90,90,90,90,90,90,90,90,90,90,90,90,90,90,90,90,90,90,90,90,90,90,90,90,90,90,90,90,90,90,90,90,90,90,90],"card_choices":[{"not_picked":["champ:RapidStrikes","champ:Circumvent"],"picked":"champ:CrownThrow","floor":2.0},{"not_picked":["champ:CrookedStrike","champ:AdrenalArmor"],"picked":"champ:CalledShot","floor":4.0},{"not_picked":["champ:CrownThrow","champ:FocusedBerserking"],"picked":"champ:ShieldWall","floor":9.0},{"not_picked":["champ:BerserkersShout","champ:Duel"],"picked":"champ:PreciseThrust","floor":10.0},{"not_picked":["champ:AdrenalArmor","champ:BerserkersShout","champ:Haymaker"],"picked":"SKIP","floor":11.0},{"not_picked":["champ:Endure","champ:HeartStrike"],"picked":"champ:FaceSlap","floor":12.0},{"not_picked":["champ:Encircle","champ:SkillfulDodge"],"picked":"champ:ShieldSlam","floor":14.0},{"not_picked":["champ:Haymaker","champ:PerfectedStrike"],"picked":"champ:StanceDance","floor":15.0},{"not_picked":["champ:CrownThrow","champ:Shatter+1","champ:BladeFlurry"],"picked":"SKIP","floor":19.0},{"not_picked":["champ:PreciseThrust","champ:Haymaker+1"],"picked":"champ:FocusedBerserking","floor":26.0},{"not_picked":["champ:Improvising","champ:PreciseThrust","champ:Duel"],"picked":"SKIP","floor":27.0},{"not_picked":["champ:SetATrap","champ:DeathBlow","champ:PreciseThrust"],"picked":"SKIP","floor":28.0},{"not_picked":["champ:EnGarde","champ:ShieldSlam","champ:FocusedDefense"],"picked":"SKIP","floor":30.0},{"not_picked":["champ:SteelEdge","champ:IgnorePain"],"picked":"champ:SwordThrow","floor":31.0},{"not_picked":["champ:EnGarde","champ:Encircle+1","champ:Circumvent"],"picked":"SKIP","floor":32.0},{"not_picked":["champ:PreemptiveStrike","champ:CrookedStrike","champ:HeartStrike+1"],"picked":"SKIP","floor":36.0},{"not_picked":["champ:Encircle","champ:GladiatorStyle+1","champ:Devastate"],"picked":"SKIP","floor":37.0},{"not_picked":["champ:FalseCounter+1","champ:PerfectedStrike","champ:GutPunch"],"picked":"SKIP","floor":42.0},{"not_picked":["champ:GladiatorStyle","champ:Lariat+1"],"picked":"champ:MurderStrike","floor":43.0},{"not_picked":["champ:Haymaker","champ:CrookedStrike","champ:EndlessRage+1"],"picked":"SKIP","floor":44},{"not_picked":["champ:IgnorePain","champ:ArenaPreparation","champ:SetATrap"],"picked":"SKIP","floor":45},{"not_picked":["champ:FancyFootwork+1","champ:TornadoPunch","champ:Duel"],"picked":"SKIP","floor":48},{"not_picked":["champ:HeartStrike+1","champ:SkillfulDodge"],"picked":"champ:BringItOn+1","floor":49}],"player_experience":286497,"relics_obtained":[{"floor":7.0,"key":"Blue Candle"},{"floor":9.0,"key":"hubris:SphereOfDissonance"},{"floor":11.0,"key":"Dream Catcher"},{"floor":23.0,"key":"Tiny Chest"},{"floor":24.0,"key":"Whetstone"},{"floor":25.0,"key":"Eternal Feather"},{"floor":27.0,"key":"Happy Flower"},{"floor":31.0,"key":"Lantern"},{"floor":38.0,"key":"Smiling Mask"},{"floor":40.0,"key":"hubris:Teleporter"},{"floor":41.0,"key":"Bottled Lightning"},{"floor":45,"key":"hubris:MedicalManual"}],"event_choices":[{"cards_removed":["champ:Strike"],"damage_healed":0.0,"max_hp_gain":0.0,"max_hp_loss":0.0,"gold_gain":0.0,"event_name":"The Cleric","player_choice":"Card Removal","floor":13.0,"gold_loss":0.0,"damage_taken":0.0},{"cards_removed":["champ:CrownThrow"],"damage_healed":0.0,"max_hp_gain":0.0,"max_hp_loss":0.0,"gold_gain":0.0,"event_name":"betterNote:BetterNote","player_choice":"Take \u0026 Give","floor":22.0,"gold_loss":0.0,"damage_taken":0.0,"cards_obtained":["sneckomod:ImprovisedGuard"]},{"damage_healed":0,"gold_gain":0,"player_choice":"Fight","damage_taken":0,"max_hp_gain":0,"max_hp_loss":0,"event_name":"Mysterious Sphere","floor":46,"gold_loss":0}],"is_beta":false,"boss_relics":[{"not_picked":["hubris:Stopwatch","Runic Pyramid"],"picked":"Empty Cage"},{"not_picked":["hubris:CrackedHourglass","Black Star"],"picked":"hubris:Backtick"}],"items_purged_floors":[12,42,44],"is_endless":false,"potions_floor_spawned":[2,10,14,16,26,31,32,33,36,37,43,49],"killed_by":"SI_POISON_ARCHETYPE","ascension_level":0}}