{"host":"yn1175etg9ni8l0q","time":1613648221,"event":{"mods":["AchievementEnabler","BaseMod","Colored Map","Colored Powertips","DeckTracker","Minty Spire (QoL Compilation)","Rare Cards Sparkle","Relic Stats","SuperFastMode","everything is the same but u backflip on backflip"],"gold_per_floor":[114,65,65,65,83,83,118,134,134,144,156,176,192,207,207,285,285,297,310,310,15,15,15,46,46,46],"floor_reached":25,"language":"KOR","playtime":460,"items_purged":["Strike_R"],"score":438,"play_id":"19cf9272-470a-4b06-9e69-f08fc3935710","local_time":"20210218203701","is_ascension_mode":true,"campfire_choices":[{"data":"Power Through","floor":6.0,"key":"SMITH"},{"data":"Carnage","floor":15.0,"key":"SMITH"},{"data":"Apotheosis","floor":23.0,"key":"SMITH"}],"circlet_count":0,"master_deck":["AscendersBane","Strike_R","Strike_R","Strike_R","Defend_R","Defend_R","Defend_R","Defend_R","Bash","Bloodletting","Cleave","Power Through+1","Wild Strike","Feed","Combust+1","Carnage+1","Impervious","Evolve+1","Second Wind","Apotheosis+1","Shrug It Off"],"relics":["Burning Blood","NeowsBlessing","Frozen Egg 2","Mark of Pain","Smiling Mask","White Beast Statue"],"acts_visited":["Exordium","TheCity"],"potions_floor_usage":[],"damage_taken":[{"damage":0.0,"enemies":"Jaw Worm","floor":1.0,"turns":1.0},{"damage":0.0,"enemies":"Cultist","floor":5.0,"turns":1.0},{"damage":0.0,"enemies":"Gremlin Nob","floor":7.0,"turns":1.0},{"damage":13.0,"enemies":"2 Louse","floor":8.0,"turns":6.0},{"damage":3.0,"enemies":"Blue Slaver","floor":10.0,"turns":4.0},{"damage":10.0,"enemies":"Gremlin Gang","floor":11.0,"turns":3.0},{"damage":11.0,"enemies":"Red Slaver","floor":12.0,"turns":4.0},{"damage":10.0,"enemies":"Blue Slaver","floor":13.0,"turns":5.0},{"damage":0.0,"enemies":"2 Fungi Beasts","floor":14.0,"turns":4.0},{"damage":44.0,"enemies":"Slime Boss","floor":16.0,"turns":10.0},{"damage":7.0,"enemies":"Spheric Guardian","floor":18.0,"turns":4.0},{"damage":35.0,"enemies":"Shell Parasite","floor":19.0,"turns":5.0},{"damage":39.0,"enemies":"Book of Stabbing","floor":24.0,"turns":6.0},{"damage":22,"enemies":"Snecko","floor":25,"turns":3}],"seed_played":"4565822102668440408","potions_obtained":[{"floor":1.0,"key":"SpeedPotion"},{"floor":10.0,"key":"AttackPotion"},{"floor":16.0,"key":"FearPotion"}],"is_trial":false,"path_per_floor":["M","$","?","?","M","R","E","M","T","M","M","M","M","M","R","B",null,"M","M","?","$","?","R","E","M"],"character_chosen":"IRONCLAD","items_purchased":["Cleave","Apotheosis","Shrug It Off"],"campfire_rested":0,"item_purchase_floors":[2,21,21],"current_hp_per_floor":[74,74,74,74,75,75,75,71,71,74,73,68,67,76,76,38,75,77,48,48,48,48,48,15,0,0],"gold":46,"neow_bonus":"THREE_ENEMY_KILL","is_daily":false,"chose_seed":false,"campfire_upgraded":3,"win_rate":0.0,"timestamp":1613648221,"path_taken":["M","$","?","?","?","R","E","M","T","M","M","M","?","M","R","BOSS","M","M","?","$","?","R","E","M"],"items_purchased_type":["Card","Card","Card"],"build_version":"2020-12-22","purchased_purges":1,"victory":false,"max_hp_per_floor":[75,75,75,75,75,75,75,78,78,78,81,81,84,87,87,87,87,90,90,90,90,90,90,90,90,90],"relic_stats":{"counters":[14,57],"Smiling Mask":0,"obtain_stats":[{"NeowsBlessing":0,"Mark of Pain":17,"Frozen Egg 2":7,"Smiling Mask":22,"Burning Blood":0,"White Beast Statue":24},{"NeowsBlessing":0,"Mark of Pain":10,"Frozen Egg 2":3,"Smiling Mask":12,"Burning Blood":0,"White Beast Statue":13},{"NeowsBlessing":0,"Mark of Pain":39,"Frozen Egg 2":3,"Smiling Mask":48,"Burning Blood":0,"White Beast Statue":54}],"Burning Blood":67},"card_choices":[{"not_picked":["True Grit","Flex"],"picked":"Bloodletting","floor":1.0},{"not_picked":["Anger","Clash"],"picked":"Wild Strike","floor":5.0},{"not_picked":["Headbutt","Intimidate"],"picked":"Feed","floor":7.0},{"not_picked":["Flex","Pommel Strike"],"picked":"Combust+1","floor":8.0},{"not_picked":["Warcry","Headbutt","Flex"],"picked":"SKIP","floor":10.0},{"not_picked":["Headbutt","Infernal Blade","Heavy Blade"],"picked":"SKIP","floor":11.0},{"not_picked":["Clash","Sword Boomerang"],"picked":"Carnage","floor":12.0},{"not_picked":["Twin Strike","Havoc","Perfected Strike"],"picked":"SKIP","floor":13.0},{"not_picked":["Flex","Corruption+1","Armaments"],"picked":"SKIP","floor":14.0},{"not_picked":["Limit Break","Juggernaut+1"],"picked":"Impervious","floor":16.0},{"not_picked":["Clothesline","Wild Strike+1","Flex"],"picked":"SKIP","floor":18.0},{"not_picked":["Inflame+1","Rage"],"picked":"Evolve+1","floor":19.0},{"not_picked":["Wild Strike","Anger","Clash"],"picked":"SKIP","floor":24.0}],"player_experience":394333,"relics_obtained":[{"floor":7.0,"key":"Frozen Egg 2"},{"floor":22.0,"key":"Smiling Mask"},{"floor":24.0,"key":"White Beast Statue"}],"event_choices":[{"damage_healed":0.0,"max_hp_gain":0.0,"max_hp_loss":0.0,"gold_gain":0.0,"event_name":"Shining Light","player_choice":"Ignored","floor":3.0,"gold_loss":0.0,"damage_taken":0.0},{"damage_healed":0.0,"max_hp_gain":0.0,"max_hp_loss":0.0,"gold_gain":0.0,"cards_transformed":["Strike_R"],"event_name":"Transmorgrifier","player_choice":"Transformed","floor":4.0,"gold_loss":0.0,"damage_taken":0.0,"cards_obtained":["Power Through"]},{"damage_healed":0.0,"max_hp_gain":0.0,"max_hp_loss":0.0,"gold_gain":0.0,"event_name":"The Library","player_choice":"Read","floor":20.0,"gold_loss":0.0,"damage_taken":0.0,"cards_obtained":["Second Wind"]},{"damage_healed":0.0,"max_hp_gain":0.0,"max_hp_loss":0.0,"gold_gain":0.0,"event_name":"Wheel of Change","player_choice":"Relic","floor":22.0,"gold_loss":0.0,"damage_taken":0.0}],"is_beta":false,"boss_relics":[{"not_picked":["Philosopher\u0027s Stone","Fusion Hammer"],"picked":"Mark of Pain"}],"items_purged_floors":[21],"is_endless":false,"potions_floor_spawned":[1,10,14,16],"killed_by":"Snecko","ascension_level":15}}