{"host":"3z9xbwjeimmg738z","time":1613608832,"event":{"mods":["100% Spire Juice","2.2 Compatiblity","Act Like it!","AlwaysNeverKeys","Bard","BaseMod","Beaked The Cultist","Better Altar","Better Match","Better Note","Better Sensory Stone","Better Skull","Better Synergies","Better Third Choice","Bossed Relics","CapriCore","Colored Powertips","Defuse TimeMaze Blight","Dio Mod","Displayed Cursed Tome","Faster Ascension Climbing","GifTheSpireLib","Minty Spire (QoL Compilation)","Pale of the Ancients","Permanent Neow","Replay The Spire","Ruina","Shapeshifter Mod","Smile Girya","StSLib","The Dragonkin","The Showman","TheBandit","TheSurvivalist","Uncapped"],"gold_per_floor":[111,127,142,74,124,158,258,287,311,341,341,372,372,390,390,493,493,507,524,166,179,194,219,219,245,245,261,274,274,304,411,411,511,511,523,537,555,570,570,597,597,632,632,666,302,302,331,331,331,331,331],"floor_reached":50,"language":"ENG","playtime":3911,"items_purged":["theDragonkin:Strike","theDragonkin:Strike"],"score":805,"play_id":"427deca9-48c9-4969-bc4e-7dc6b6c8c754","local_time":"20210217164032","daily_mods":["ControlledChaos"],"is_ascension_mode":true,"campfire_choices":[{"data":"theDragonkin:ControlledBreath","floor":11.0,"key":"SMITH"},{"data":"theDragonkin:MoltenBreath","floor":13.0,"key":"SMITH"},{"data":"theDragonkin:BlazingBreath","floor":15.0,"key":"SMITH"},{"floor":24.0,"key":"REST"},{"floor":32.0,"key":"REST"},{"floor":41.0,"key":"REST"},{"data":"theDragonkin:CrusaderForm","floor":49.0,"key":"SMITH"}],"circlet_count":0,"master_deck":["theDragonkin:Strike","theDragonkin:Strike+1","theDragonkin:Defend+1","theDragonkin:Defend","theDragonkin:Defend+1","theDragonkin:HolySmite","theDragonkin:BlazingBreath+1","theDragonkin:ControlledBreath+1","theDragonkin:VoiceofOrder+1","theDragonkin:MiasmicBreath+1","theDragonkin:MoltenBreath+1","theDragonkin:AcidBreath","theDragonkin:CrusaderForm+1","theDragonkin:DeepBreath+1","theDragonkin:TwinBreath","theDragonkin:DivineBreath","theDragonkin:ControlledBreath+1","theDragonkin:DeepBreath"],"relics":["theDragonkin:GarnetScale","Frozen Eye","Gremlin Food","Toy Ornithopter","Strawberry","Singing Bowl","Eternal Feather","Pandora\u0027s Box","Membership Card","Pantograph","Simple Rune","MealTicket","Replay:Kaleidoscope","ChewingGum","Nunchaku","Prayer Wheel","Ice Cream","Snack Pack","Garlic","Toolbox","Regal Pillow","Chameleon Ring"],"acts_visited":["Exordium","ruina:Briah","TheBeyond"],"potions_floor_usage":[],"damage_taken":[{"damage":1.0,"enemies":"Cultist","floor":1.0,"turns":3.0},{"damage":7.0,"enemies":"2 Louse","floor":2.0,"turns":3.0},{"damage":1.0,"enemies":"Small Slimes","floor":3.0,"turns":4.0},{"damage":1.0,"enemies":"Lagavulin","floor":6.0,"turns":9.0},{"damage":8.0,"enemies":"3 Sentries","floor":8.0,"turns":7.0},{"damage":3.0,"enemies":"Lagavulin","floor":10.0,"turns":10.0},{"damage":1.0,"enemies":"3 Sentries","floor":12.0,"turns":4.0},{"damage":1.0,"enemies":"Gremlin Gang","floor":14.0,"turns":3.0},{"damage":13.0,"enemies":"Hexaghost","floor":16.0,"turns":14.0},{"damage":15.0,"enemies":"ruina:3_Bats","floor":18.0,"turns":5.0},{"damage":11.0,"enemies":"ruina:BadWolf","floor":19.0,"turns":6.0},{"damage":3.0,"enemies":"ruina:QueenOfHate","floor":21.0,"turns":6.0},{"damage":16.0,"enemies":"ruina:Woodsman","floor":22.0,"turns":4.0},{"damage":17.0,"enemies":"ruina:Mountain","floor":23.0,"turns":8.0},{"damage":0.0,"enemies":"ruina:ServantOfWrath","floor":25.0,"turns":6.0},{"damage":7.0,"enemies":"ruina:KingOfGreed","floor":27.0,"turns":6.0},{"damage":10.0,"enemies":"ruina:KnightOfDespair","floor":28.0,"turns":4.0},{"damage":11.0,"enemies":"ruina:RoadHome","floor":30.0,"turns":4.0},{"damage":56.0,"enemies":"ruina:Red_and_Wolf","floor":33.0,"turns":13.0},{"damage":11.0,"enemies":"3 Darklings","floor":35.0,"turns":5.0},{"damage":19.0,"enemies":"3 Shapes","floor":36.0,"turns":5.0},{"damage":8.0,"enemies":"Writhing Mass","floor":37.0,"turns":5.0},{"damage":16.0,"enemies":"3 Darklings","floor":38.0,"turns":2.0},{"damage":42.0,"enemies":"R_Hoarder","floor":40.0,"turns":7.0},{"damage":17.0,"enemies":"beaked:SuperParasite","floor":42.0,"turns":6.0},{"damage":2.0,"enemies":"Nemesis","floor":44.0,"turns":7.0},{"damage":5.0,"enemies":"R_Hoarder","floor":47.0,"turns":6.0},{"damage":0,"enemies":"TheAcolyte","floor":50,"turns":1}],"seed_played":"-4812091651020971949","potions_obtained":[{"floor":3.0,"key":"Toxic Potion"},{"floor":5.0,"key":"Weak Potion"},{"floor":5.0,"key":"Swift Potion"},{"floor":14.0,"key":"PowerPotion"},{"floor":33.0,"key":"Adrenaline Potion"},{"floor":35.0,"key":"theDragonkin:DragonkinCommonPotion"},{"floor":44.0,"key":"Regen Potion"}],"is_trial":true,"path_per_floor":["M","M","M","$","?","E","?","E","T","E","R","E","R","M","R","B",null,"M","M","$","M","M","E","R","E","T","M","M","?","E","?","R","B",null,"M","M","M","M","?","E","R","E","T","E","$","?","E","?","R","B"],"character_chosen":"THE_DRAGONKIN","items_purchased":["theDragonkin:VoiceofOrder","Membership Card","Pantograph","theDragonkin:TwinBreath","Garlic","theDragonkin:DeepBreath","Toolbox","Regal Pillow"],"campfire_rested":3,"item_purchase_floors":[4,20,20,20,45,45,45,45],"current_hp_per_floor":[84,77,76,76,55,54,54,46,53,50,50,49,55,54,63,50,92,77,68,68,65,51,36,74,76,76,71,63,63,54,28,68,49,108,99,82,74,60,60,24,67,52,52,52,67,67,68,68,77,102,102],"gold":331,"neow_bonus":"","is_daily":false,"chose_seed":false,"campfire_upgraded":4,"win_rate":0.0,"timestamp":1613608832,"path_taken":["M","M","M","$","?","E","?","E","T","E","R","E","R","M","R","BOSS","M","M","$","?","M","E","R","E","T","M","M","?","E","?","R","BOSS","M","M","?","M","?","E","R","E","T","E","$","?","E","?","R","BOSS"],"items_purchased_type":["Card","Relic","Relic","Card","Relic","Card","Relic","Relic"],"build_version":"2020-12-22","purchased_purges":2,"victory":false,"max_hp_per_floor":[85,85,85,85,85,85,85,85,92,92,92,92,92,92,92,92,92,92,94,94,94,96,98,98,100,100,102,104,104,106,106,106,108,108,110,112,112,114,114,116,116,118,118,120,120,114,116,116,116,116,116],"card_choices":[{"not_picked":["theDragonkin:EmberSwipe","theDragonkin:CorrosiveBelch"],"picked":"theDragonkin:ControlledBreath","floor":1.0},{"not_picked":["theDragonkin:HolyWordBarrier","theDragonkin:FlameWard","theDragonkin:DivineJolt"],"picked":"SKIP","floor":2.0},{"not_picked":["theDragonkin:AcidRain","theDragonkin:Ashfall","theDragonkin:AncestralSeance"],"picked":"SKIP","floor":3.0},{"not_picked":["theDragonkin:FlashofLight","theDragonkin:Sizzle","theDragonkin:DivineVision"],"picked":"SKIP","floor":6.0},{"not_picked":["theDragonkin:ShieldGlare","theDragonkin:EmberSwipe","theDragonkin:DivineFire"],"picked":"SKIP","floor":8.0},{"not_picked":["theDragonkin:DivineFire","theDragonkin:ShieldGlare"],"picked":"theDragonkin:MiasmicBreath","floor":10.0},{"not_picked":["theDragonkin:FlameBreath","theDragonkin:DivineFire"],"picked":"theDragonkin:MoltenBreath","floor":12.0},{"not_picked":["theDragonkin:Cauterize","theDragonkin:SlowBurn"],"picked":"theDragonkin:AcidBreath","floor":14.0},{"not_picked":["theDragonkin:CinderStorm","theDragonkin:ShieldBash"],"picked":"theDragonkin:CrusaderForm","floor":16.0},{"not_picked":["theDragonkin:VoiceofOrder+1","theDragonkin:AcidBreath"],"picked":"theDragonkin:DeepBreath+1","floor":18.0},{"not_picked":["theDragonkin:SlowBurn","theDragonkin:HolyWordBarrier","theDragonkin:SandBreath"],"picked":"Singing Bowl","floor":19.0},{"not_picked":["theDragonkin:EmberSwipe","theDragonkin:HolyWordBarrier+1"],"picked":"theDragonkin:DivineBreath","floor":21.0},{"not_picked":["theDragonkin:SandBreath+1","theDragonkin:HolyBarrier","theDragonkin:Sizzle+1"],"picked":"Singing Bowl","floor":22.0},{"not_picked":["theDragonkin:DivineVision","theDragonkin:MiasmicBreath","theDragonkin:HolyWordBarrier"],"picked":"Singing Bowl","floor":23.0},{"not_picked":["theDragonkin:Subdue","theDragonkin:Sizzle+1","theDragonkin:Ashfall"],"picked":"Singing Bowl","floor":25.0},{"not_picked":["theDragonkin:DivineFire+1","theDragonkin:Sizzle","theDragonkin:Ravage"],"picked":"Singing Bowl","floor":27.0},{"not_picked":["theDragonkin:Ravage","theDragonkin:AshBreath","theDragonkin:SlowBurn+1"],"picked":"Singing Bowl","floor":28.0},{"not_picked":["theDragonkin:SlowBurn","theDragonkin:EmberSwipe","theDragonkin:Condemnation"],"picked":"Singing Bowl","floor":30.0},{"not_picked":["theDragonkin:DivineStorm","theDragonkin:CinderStorm","theDragonkin:BurnAfterReading"],"picked":"Singing Bowl","floor":33.0},{"not_picked":["theDragonkin:MiasmicBreath+1","theDragonkin:Sizzle","theDragonkin:HallowedGround"],"picked":"Singing Bowl","floor":35.0},{"not_picked":["theDragonkin:FlameClaw","theDragonkin:Sizzle","theDragonkin:LightArmor"],"picked":"Singing Bowl","floor":36.0},{"not_picked":["theDragonkin:EmberSwipe","theDragonkin:CorrosiveBelch+1"],"picked":"theDragonkin:ControlledBreath+1","floor":37.0},{"not_picked":["theDragonkin:DivineJolt","theDragonkin:Ravage","theDragonkin:GooGrip+1"],"picked":"Singing Bowl","floor":38.0},{"not_picked":["theDragonkin:Sizzle","theDragonkin:DivineVision+1","theDragonkin:DivineFire+1"],"picked":"Singing Bowl","floor":40.0},{"not_picked":["theDragonkin:ShieldGlare","theDragonkin:AshBreath","theDragonkin:StormFront+1"],"picked":"Singing Bowl","floor":42.0},{"not_picked":["theDragonkin:InfernoWard","theDragonkin:Subdue","theDragonkin:PrismaticBreath+1"],"picked":"Singing Bowl","floor":44.0},{"not_picked":["theDragonkin:CorrosiveBelch+1","theDragonkin:DivineJolt","theDragonkin:FlameWard+1"],"picked":"Singing Bowl","floor":47.0}],"player_experience":194897,"relics_obtained":[{"floor":6.0,"key":"Gremlin Food"},{"floor":8.0,"key":"Toy Ornithopter"},{"floor":9.0,"key":"Strawberry"},{"floor":10.0,"key":"Singing Bowl"},{"floor":12.0,"key":"Eternal Feather"},{"floor":23.0,"key":"Simple Rune"},{"floor":26.0,"key":"MealTicket"},{"floor":30.0,"key":"Replay:Kaleidoscope"},{"floor":40.0,"key":"Nunchaku"},{"floor":42.0,"key":"Prayer Wheel"},{"floor":43.0,"key":"Ice Cream"},{"floor":44.0,"key":"Snack Pack"},{"floor":47.0,"key":"Chameleon Ring"}],"event_choices":[{"damage_healed":0.0,"max_hp_gain":0.0,"max_hp_loss":0.0,"gold_gain":100.0,"event_name":"Golden Shrine","player_choice":"Pray","floor":7.0,"gold_loss":0.0,"damage_taken":0.0},{"damage_healed":0.0,"max_hp_gain":0.0,"max_hp_loss":0.0,"gold_gain":107.0,"event_name":"betterSkull:BetterSkull","player_choice":"UP GO ","floor":31.0,"gold_loss":0.0,"damage_taken":29.0,"cards_upgraded":["theDragonkin:Strike"],"relics_obtained":[]},{"damage_healed":0.0,"max_hp_gain":0.0,"max_hp_loss":6.0,"gold_gain":0.0,"event_name":"Winding Halls","player_choice":"Max HP","floor":46.0,"gold_loss":0.0,"damage_taken":0.0},{"damage_healed":0.0,"max_hp_gain":0.0,"max_hp_loss":0.0,"gold_gain":0.0,"event_name":"Transmorgrifier","player_choice":"Ignored","floor":48.0,"gold_loss":0.0,"damage_taken":0.0}],"is_beta":false,"boss_relics":[{"not_picked":["Velvet Choker","Replay:Ancient Bell"],"picked":"Pandora\u0027s Box"},{"not_picked":["Fusion Hammer","Calling Bell"],"picked":"ChewingGum"}],"items_purged_floors":[20,45],"is_endless":false,"potions_floor_spawned":[3,14,16,22,23,25,28,33,35,36,44],"killed_by":"TheAcolyte","ascension_level":1}}