{"host":"onk0sru1v5nf4gev","time":1613672984,"event":{"mods":["AchievementEnabler","BaseMod","Downfall","Googly Eyes","Hermit","Minty Spire (QoL Compilation)","Quick Restart","Replay The Spire","StSLib","SuperFastMode","The Cursed"],"gold_per_floor":[118,132,132,207,207,207,227,227,306,322,55,55,88,107,107,207,207,222,222,222,234,105,131,144,144,144],"floor_reached":25,"language":"FRA","playtime":841,"items_purged":[],"score":325,"play_id":"c500f814-b4ac-4197-832a-53e950f36e49","local_time":"20210218192944","is_ascension_mode":true,"campfire_choices":[{"data":"Bash","floor":6.0,"key":"SMITH"},{"data":"Searing Blow","floor":8.0,"key":"SMITH"},{"floor":12.0,"key":"REST"},{"floor":15.0,"key":"REST"}],"circlet_count":0,"master_deck":["Strike_R","Strike_R","Strike_R","Strike_R","Strike_R","Defend_R","Defend_R","Defend_R","Defend_R","Bash+1","Run Through","Heavy Blade+1","Searing Blow+1","Spot Weakness","Inflame","Chrysalis","Perfected Strike","Perfected Strike","Uppercut+1","Spot Weakness","Flex+1","Seeing Red"],"relics":["Snecko Eye","Mummified Hand","Replay:Wax Seal","Philosopher\u0027s Stone","MealTicket"],"acts_visited":["TheCity"],"potions_floor_usage":[],"damage_taken":[{"damage":0.0,"enemies":"2 Louse","floor":1.0,"turns":2.0},{"damage":0.0,"enemies":"Small Slimes","floor":2.0,"turns":2.0},{"damage":0.0,"enemies":"Cultist","floor":7.0,"turns":2.0},{"damage":8.0,"enemies":"Exordium Thugs","floor":10.0,"turns":4.0},{"damage":27.0,"enemies":"3 Sentries","floor":13.0,"turns":4.0},{"damage":3.0,"enemies":"3 Louse","floor":14.0,"turns":2.0},{"damage":0.0,"enemies":"Slime Boss","floor":16.0,"turns":7.0},{"damage":36.0,"enemies":"2 Thieves","floor":18.0,"turns":3.0},{"damage":18.0,"enemies":"Shell Parasite","floor":21.0,"turns":3.0},{"damage":28.0,"enemies":"Gremlin Leader","floor":23.0,"turns":3.0},{"damage":0.0,"enemies":"Cultist and Chosen","floor":24.0,"turns":2.0},{"damage":49,"enemies":"Shelled Parasite and Fungi","floor":25,"turns":4}],"seed_played":"6217979708493561625","potions_obtained":[{"floor":5.0,"key":"EntropicBrew"},{"floor":5.0,"key":"bronze:BurnAndBuffPotion"},{"floor":5.0,"key":"Cursed Concoction"},{"floor":7.0,"key":"Weak Potion"},{"floor":13.0,"key":"FearPotion"},{"floor":23.0,"key":"sneckomod:MuddlingPotion"}],"is_trial":false,"path_per_floor":["M","M","?","?","?","R","M","R","T","M","$","R","E","M","R","B",null,"M","?","?","M","$","E","M","M"],"character_chosen":"IRONCLAD","items_purchased":["Spot Weakness","Inflame","Chrysalis","Spot Weakness","Block Potion"],"campfire_rested":2,"item_purchase_floors":[11,11,11,22,22],"current_hp_per_floor":[80,80,80,69,69,69,69,69,69,61,61,80,53,50,74,74,80,44,44,90,72,72,44,44,0,0],"gold":144,"neow_bonus":"BOSS_RELIC","is_daily":false,"chose_seed":false,"campfire_upgraded":2,"win_rate":0.0,"timestamp":1613672984,"path_taken":["M","M","?","?","?","R","M","R","T","M","$","R","E","?","R","BOSS","M","?","?","M","$","E","M","M"],"items_purchased_type":["Card","Card","Card","Card","Potion"],"build_version":"2020-12-22","purchased_purges":0,"victory":false,"max_hp_per_floor":[80,80,80,80,80,80,80,80,80,80,80,80,80,80,80,80,80,80,80,90,90,90,90,90,90,90],"card_choices":[{"not_picked":["Intimidate","ReplayTheSpireMod:Muscle Training"],"picked":"Run Through","floor":1.0},{"not_picked":["Evolve","Wild Strike"],"picked":"Heavy Blade","floor":2.0},{"not_picked":["Defy Death","Pummel"],"picked":"Searing Blow","floor":7.0},{"not_picked":["Havoc","Twin Strike","True Grit"],"picked":"SKIP","floor":10.0},{"not_picked":["Sword Boomerang","Wild Strike"],"picked":"Perfected Strike","floor":13.0},{"not_picked":["Wild Strike","Feel No Pain"],"picked":"Perfected Strike","floor":14.0},{"not_picked":["Juggernaut","Corruption"],"picked":"Berserk","floor":16.0},{"not_picked":["Wild Strike","Whirlwind"],"picked":"Uppercut+1","floor":18.0},{"not_picked":["Metallicize+1","Entrench","Intimidate"],"picked":"SKIP","floor":21.0},{"not_picked":["Wild Strike","Warcry+1"],"picked":"Flex+1","floor":23.0},{"not_picked":["True Grit+1","Intimidate"],"picked":"Seeing Red","floor":24.0}],"player_experience":284668,"relics_obtained":[{"floor":9.0,"key":"Mummified Hand"},{"floor":13.0,"key":"Replay:Wax Seal"},{"floor":23.0,"key":"MealTicket"}],"event_choices":[{"damage_healed":0.0,"max_hp_gain":0.0,"max_hp_loss":0.0,"gold_gain":0.0,"event_name":"Living Wall","player_choice":"Grow","floor":3.0,"gold_loss":0.0,"damage_taken":0.0,"cards_upgraded":["Heavy Blade"]},{"damage_healed":0.0,"max_hp_gain":0.0,"max_hp_loss":0.0,"gold_gain":75.0,"event_name":"World of Goop","player_choice":"Gather Gold","floor":4.0,"gold_loss":0.0,"damage_taken":11.0},{"damage_healed":0.0,"max_hp_gain":0.0,"max_hp_loss":0.0,"gold_gain":0.0,"event_name":"Lab","player_choice":"Got Potions","floor":5.0,"gold_loss":0.0,"damage_taken":0.0},{"cards_removed":["Berserk"],"damage_healed":36.0,"max_hp_gain":10.0,"max_hp_loss":0.0,"gold_gain":0.0,"event_name":"Bonfire Elementals","player_choice":"Offered Rare","floor":20.0,"gold_loss":0.0,"damage_taken":0.0}],"is_beta":false,"boss_relics":[{"not_picked":["Pandora\u0027s Box","Replay:Grab Bag"],"picked":"Philosopher\u0027s Stone"}],"items_purged_floors":[],"is_endless":false,"potions_floor_spawned":[7,10,13,18,23],"killed_by":"Shelled Parasite and Fungi","ascension_level":4}}