{"host":"5qewjvycy34u7aeo","time":1613660566,"event":{"mods":["BaseMod","Downfall","GifTheSpireLib","Hubris","Infinite Spire","Minty Spire (QoL Compilation)","Permanent Neow","Replay The Spire","StSLib","Wandering Minibosses"],"gold_per_floor":[117,117,8,19,57,84,97,110,110,110,140,40,73,93,93,195,245,264,264],"floor_reached":18,"language":"ENG","playtime":752,"items_purged":["Strike_R","Strike_R"],"score":200,"play_id":"bbfc9178-621b-4309-9e08-373be340fa60","local_time":"20210218090246","is_ascension_mode":true,"campfire_choices":[{"floor":15,"key":"REST"}],"circlet_count":0,"master_deck":["Strike_R+1","Strike_R+1","Strike_R+1","Defend_R","Defend_R","Defend_R","Defend_R","Bash","Berserk","Twin Strike+1","Spot Weakness","Dual Wield","Warcry","Inflame","Flame Barrier","Sword Boomerang"],"relics":["Burning Blood","Akabeko","Paper Frog","Whetstone","infinitespire:Beetle Shell","Ginger","Ornamental Fan","Tiny House"],"acts_visited":["Exordium","TheCity"],"potions_floor_usage":[13,18],"damage_taken":[{"damage":6.0,"enemies":"Jaw Worm","floor":1.0,"turns":5.0},{"damage":0.0,"enemies":"Cultist","floor":4.0,"turns":2.0},{"damage":47.0,"enemies":"3 Sentries","floor":6.0,"turns":7.0},{"damage":1.0,"enemies":"2 Louse","floor":7.0,"turns":2.0},{"damage":0.0,"enemies":"Exordium Wildlife","floor":8.0,"turns":2.0},{"damage":9.0,"enemies":"Gremlin Nob","floor":11.0,"turns":3.0},{"damage":26,"enemies":"Lagavulin","floor":13,"turns":6},{"damage":1,"enemies":"3 Louse","floor":14,"turns":5},{"damage":26,"enemies":"Fading Forest","floor":16,"turns":11},{"damage":55,"enemies":"3 Byrds","floor":18,"turns":5}],"seed_played":"598969876764644455","potions_obtained":[{"floor":1.0,"key":"GamblersBrew"},{"floor":4.0,"key":"Adrenaline Potion"},{"floor":7.0,"key":"PowerPotion"},{"floor":17,"key":"PowerPotion"},{"floor":18,"key":"CultistPotion"}],"is_trial":false,"path_per_floor":["M","?","$","M","?","E","M","M","T","?","E","$","E","M","R","B",null,"M"],"character_chosen":"IRONCLAD","items_purchased":["Twin Strike+1"],"campfire_rested":1,"item_purchase_floors":[3],"current_hp_per_floor":[80,80,80,80,60,19,24,30,30,30,27,27,7,12,36,36,85,36,36],"gold":264,"neow_bonus":"ONE_RANDOM_RARE_CARD","is_daily":false,"chose_seed":false,"campfire_upgraded":0,"win_rate":0.0,"timestamp":1613660566,"path_taken":["M","?","?","M","?","E","?","M","T","?","E","$","E","M","R","BOSS","M"],"items_purchased_type":["Card"],"build_version":"2020-12-22","purchased_purges":2,"victory":false,"max_hp_per_floor":[80,80,80,80,80,80,80,80,80,80,80,80,80,80,80,80,85,85,85],"card_choices":[{"not_picked":["Twin Strike","Run Through","Reckless Charge"],"picked":"SKIP","floor":1.0},{"not_picked":["Clash","Havoc"],"picked":"Spot Weakness","floor":4.0},{"not_picked":["Impervious","Clothesline"],"picked":"Dual Wield","floor":5.0},{"not_picked":["Bloodletting","Uppercut"],"picked":"Warcry","floor":5.0},{"not_picked":["Clothesline","Heavy Blade","Sever Soul"],"picked":"SKIP","floor":6.0},{"not_picked":["Cleave","True Grit"],"picked":"Inflame","floor":7.0},{"not_picked":["Ghostly Armor","Clash","ReplayTheSpireMod:Strike From Hell"],"picked":"SKIP","floor":8.0},{"not_picked":["Run Through","Heavy Blade","Headbutt"],"picked":"SKIP","floor":11.0},{"not_picked":["Run Through","Immolate"],"picked":"Flame Barrier","floor":13},{"not_picked":["hubris:ReadiedAction","Perfected Strike","ReplayTheSpireMod:Strike From Hell"],"picked":"SKIP","floor":14},{"not_picked":["Shrug It Off","Cleave"],"picked":"Sword Boomerang","floor":17}],"player_experience":456508,"relics_obtained":[{"floor":5.0,"key":"Paper Frog"},{"floor":6.0,"key":"Whetstone"},{"floor":9.0,"key":"infinitespire:Beetle Shell"},{"floor":11.0,"key":"Ginger"},{"floor":13,"key":"Ornamental Fan"}],"event_choices":[{"damage_healed":0.0,"max_hp_gain":0.0,"max_hp_loss":0.0,"gold_gain":0.0,"event_name":"WeMeetAgain","player_choice":"Gave Potion","floor":2.0,"gold_loss":0.0,"damage_taken":0.0,"relics_obtained":["Akabeko"]}],"is_beta":false,"boss_relics":[{"not_picked":["Snecko Heart","Philosopher\u0027s Stone"],"picked":"Tiny House"}],"items_purged_floors":[3,12],"is_endless":false,"potions_floor_spawned":[1,4,7,18],"killed_by":"3 Byrds","ascension_level":2}}