{"host":"2d926qfvvz477zl6","time":1613621313,"event":{"mods":["Aspiration","BaseMod","Conspire","Downfall","GifTheSpireLib","Halation","Hermit","Hubris","Infinite Spire","Minty Spire (QoL Compilation)","Morshu Shopkeeper","Permanent Neow","Quick Restart","Rare Cards Sparkle","Reliquary","Replay The Spire","Shedinja","Somnambulant","Spicy Shops","StSLib","Stuff the Spire","Td1madao Mod","The Blue Laboratory","The Bug Knight","The Construct","The Cursed","The Disciple","The Forsaken","The Hierophant","TheFirefly","Wandering Minibosses","Wide Potions","everything is the same but u backflip on backflip","slay the spire mod where everything is the same but ironclad has a cowboy hat"],"gold_per_floor":[114,114,124,134,34,34,59,59,59,59,84,107,143,155,155,267,267,283,283,307,307,332,364,364,376,400,400,424,503,514,516,516],"floor_reached":31,"language":"ENG","playtime":818,"items_purged":["Amnesia"],"score":355,"play_id":"c63fbc14-ef7c-4e0e-9ef2-e5f442f37fe6","local_time":"20210217230833","is_ascension_mode":true,"campfire_choices":[{"data":"hermit:CursedWeapon","floor":6,"key":"SMITH"},{"data":"Ghostly","floor":10,"key":"SMITH"},{"data":"hermit:Glare","floor":15,"key":"SMITH"},{"data":"StuffTheSpire:WarGroove","floor":24,"key":"SMITH"},{"data":"hermit:Determination","floor":27,"key":"SMITH"}],"circlet_count":0,"master_deck":["hermit:Strike_Hermit","hermit:Strike_Hermit","hermit:Strike_Hermit","hermit:Strike_Hermit+1","hermit:Defend_Hermit","hermit:Defend_Hermit","hermit:Defend_Hermit+1","hermit:Defend_Hermit+1","hermit:Covet+1","hermit:HighCaliber+1","hermit:CursedWeapon+1","hermit:Desperado+1","Ghostly+1","hermit:Shortfuse","hermit:Glare+1","hermit:Gambit","StuffTheSpire:WarGroove+1","hermit:Snapshot","infinitespire:Punishment","CurseOfTheBell","StuffTheSpire:WarCurse","hermit:Determination+1","hermit:Shortfuse","hermit:HoleUp"],"relics":["hermit:Momento","NeowsBlessing","halation:PromiseList","HollowMod:StagPassRelic","theForsaken:ScaryMask","halation:IllGainedPizza","reliquary:ExpiredCoupon","StuffTheSpire:Experiment12","halation:HeavySnake","StuffTheSpire:Mouthbags","Vajra","Calling Bell","HollowMod:PaleOreRelic","StuffTheSpire:Wildfire","Replay:Bottled Snecko","Question Card","halation:LettersToHer","halation:BottledLove"],"acts_visited":["Exordium","TheCity"],"potions_floor_usage":[13,16,16,28,31],"damage_taken":[{"damage":0,"enemies":"Jaw Worm","floor":1,"turns":1},{"damage":0,"enemies":"Cultist","floor":3,"turns":1},{"damage":0,"enemies":"2 Louse","floor":4,"turns":1},{"damage":17,"enemies":"Lagavulin","floor":7,"turns":6},{"damage":41,"enemies":"3 Sentries","floor":11,"turns":9},{"damage":1,"enemies":"Gremlin Nob","floor":13,"turns":3},{"damage":2,"enemies":"Looter","floor":14,"turns":2},{"damage":12,"enemies":"Hexaghost","floor":16,"turns":6},{"damage":3,"enemies":"Spheric Guardian","floor":18,"turns":3},{"damage":8,"enemies":"3 Byrds","floor":22,"turns":3},{"damage":17,"enemies":"Slavers","floor":23,"turns":3},{"damage":0,"enemies":"Sentry and Sphere","floor":25,"turns":2},{"damage":10,"enemies":"Shelled Parasite and Fungi","floor":28,"turns":3},{"damage":2,"enemies":"Snecko","floor":30,"turns":2},{"damage":2,"enemies":"Centurion and Healer","floor":31,"turns":2}],"seed_played":"-3663885722581312536","potions_obtained":[{"floor":1,"key":"Regen Potion"},{"floor":4,"key":"blueLaboratory:LouseDecoction"},{"floor":7,"key":"blueLaboratory:HummingbirdPotion"},{"floor":11,"key":"Strength Potion"},{"floor":14,"key":"LiquidBronze"},{"floor":22,"key":"sneckomod:MuddlingPotion"},{"floor":23,"key":"Energy Potion"},{"floor":30,"key":"Slimebound:ThreeZeroPotion"}],"is_trial":false,"path_per_floor":["M","?","M","M","?","R","E","?","T","R","E","T","E","M","R","B",null,"M","?","T","AVR","M","E","R","M","T","R","M","T","M","M"],"character_chosen":"HERMIT","items_purchased":[],"campfire_rested":0,"item_purchase_floors":[],"current_hp_per_floor":[68,68,68,68,68,68,51,75,75,75,34,34,33,31,31,19,61,58,38,38,38,30,13,13,13,13,13,3,3,1,0,0],"gold":516,"neow_bonus":"THREE_ENEMY_KILL","is_daily":false,"chose_seed":false,"campfire_upgraded":5,"win_rate":0.0,"timestamp":1613621313,"path_taken":["M","?","M","?","?","R","E","?","T","R","E","?","E","M","R","BOSS","M","?","?","AVR","M","E","R","M","T","R","?","?","M","M"],"items_purchased_type":[],"build_version":"2020-12-22","purchased_purges":1,"victory":false,"max_hp_per_floor":[75,75,75,75,75,75,75,75,75,75,75,75,75,75,75,75,75,75,75,75,75,75,75,75,75,75,75,75,75,75,75,75],"card_choices":[{"not_picked":["hermit:Snipe","hermit:TrackingShot"],"picked":"hermit:HighCaliber","floor":1},{"not_picked":["hermit:ItchyTrigger","hermit:Roulette"],"picked":"hermit:CursedWeapon","floor":3},{"not_picked":["hermit:Ricochet","hermit:TakeAim"],"picked":"hermit:Desperado","floor":4},{"not_picked":["hermit:Coalescence","hermit:Virtue"],"picked":"hermit:Shortfuse","floor":7},{"not_picked":["hermit:DeadMansHand","hermit:Enervate","hermit:Purgatory"],"picked":"SKIP","floor":11},{"not_picked":["hermit:HoleUp","hermit:SprayPray"],"picked":"hermit:Glare","floor":13},{"not_picked":["hermit:Manifest","hermit:Quickdraw","hermit:Feint"],"picked":"SKIP","floor":14},{"not_picked":["hermit:Reprieve","hermit:FatalDesire"],"picked":"hermit:Gambit","floor":16},{"not_picked":["hermit:Manifest+1","hermit:Ricochet","hermit:GoldenBullet"],"picked":"SKIP","floor":18},{"not_picked":["hermit:Manifest","hermit:BodyArmor"],"picked":"hermit:Determination","floor":22},{"not_picked":["hermit:Determination","hermit:CalledShot"],"picked":"hermit:Shortfuse","floor":23},{"not_picked":["hermit:SprayPray+1","hermit:Deadeye+1","hermit:TrackingShot","hermit:Shortfuse"],"picked":"SKIP","floor":25},{"not_picked":["hermit:WideOpen","hermit:Quickdraw","hermit:CursedWeapon","hermit:LoneWolf"],"picked":"SKIP","floor":28},{"not_picked":["hermit:EyeOfTheStorm","hermit:Roulette","hermit:Manifest+1"],"picked":"hermit:HoleUp","floor":30}],"player_experience":477456,"relics_obtained":[{"floor":7,"key":"HollowMod:StagPassRelic"},{"floor":9,"key":"theForsaken:ScaryMask"},{"floor":11,"key":"halation:IllGainedPizza"},{"floor":12,"key":"reliquary:ExpiredCoupon"},{"floor":13,"key":"StuffTheSpire:Experiment12"},{"floor":20,"key":"StuffTheSpire:Mouthbags"},{"floor":21,"key":"HollowMod:PaleOreRelic"},{"floor":21,"key":"StuffTheSpire:Wildfire"},{"floor":21,"key":"Replay:Bottled Snecko"},{"floor":23,"key":"Question Card"},{"floor":26,"key":"halation:LettersToHer"},{"floor":29,"key":"halation:LettersToHer"},{"floor":29,"key":"halation:BottledLove"}],"event_choices":[{"damage_healed":0,"gold_gain":0,"player_choice":"Gave Potion","damage_taken":0,"relics_obtained":["halation:PromiseList"],"max_hp_gain":0,"max_hp_loss":0,"event_name":"WeMeetAgain","floor":2,"gold_loss":0},{"damage_healed":0,"gold_gain":0,"player_choice":"Argue","damage_taken":0,"max_hp_gain":0,"max_hp_loss":0,"event_name":"conspire:LoneGhost","floor":5,"gold_loss":0}],"is_beta":false,"boss_relics":[{"not_picked":["reliquary:Craggleroot","hermit:ClaspedLocket"],"picked":"halation:HeavySnake"}],"items_purged_floors":[21],"is_endless":false,"potions_floor_spawned":[1,4,7,11,14,22,23,30],"killed_by":"Centurion and Healer","ascension_level":6}}