{"host":"ln8zowmpyx5bxamj","time":1613614379,"event":{"mods":["Act Like it!","BaseMod","Colored Map","Conspire","Gensokyo","GifTheSpireLib","Hallownest","Hubris","Koishi","Minty Spire (QoL Compilation)","Permanent Neow","Prisma Mod","Replay The Spire","StSLib","Yuyuko"],"gold_per_floor":[115,135,150,150,177,209,48,62,62,62,75,75,104,333,345,454,466,494,522,548,560,572,584,631,643,679,516,528,557,569,601,613,726,738,769,796,808,820,847,859,905,177,189,215,254,277,316,342,354,366],"floor_reached":51,"language":"ENG","playtime":6806,"items_purged":[],"score":1035,"play_id":"2886004e-0c2b-48d4-9276-279604fc2c05","local_time":"20210217201259","is_ascension_mode":true,"campfire_choices":[{"floor":10,"key":"REST"},{"floor":15,"key":"REST"},{"data":"Koishi:BramblyRoseGarden","floor":23,"key":"SMITH"},{"data":"Koishi:MassHysteria","floor":25,"key":"SMITH"},{"data":"Koishi:DNAsFlaw","floor":28,"key":"SMITH"},{"floor":32,"key":"REST"},{"data":"Koishi:ImGoingToCallYouNow","floor":40,"key":"SMITH"},{"data":"Gensokyo:TurboGranny","floor":49,"key":"SMITH"}],"circlet_count":0,"master_deck":["Koishi:BasicStrike","Koishi:BasicStrike+1","Koishi:BasicStrike","Koishi:BasicStrike","Koishi:BasicDefend","Koishi:BasicDefend","Koishi:BasicDefend","Koishi:BasicDefend","Koishi:Provoke","PrismaMod:IllyaCommonAttack","Koishi:HauntingSlash","Mayhem+1","Koishi:UnconsciousUprising","Koishi:SprinkleStarAndHeart","Koishi:BramblyRoseGarden+1","Koishi:FourthEye","Koishi:DNAsFlaw+1","Koishi:RacingHeart+1","Koishi:MassHysteria+1","Koishi:SilentAndRestless","Koishi:UnconsciousUrges","Koishi:ReflexRadar+1","Koishi:SubconsciousSweep+1","Gensokyo:Kunekune","Koishi:FidgetySnatcher+1","Koishi:Untouchable","Koishi:ImGoingToCallYouNow+1","CurseOfTheBell","Koishi:HeartfeltFancy","Koishi:RorschachInDanmaku+1","Gensokyo:TurboGranny+1","Gensokyo:MedicineKit","Koishi:LastRemote","Koishi:SubterraneanRose+1"],"relics":["Koishi:ImaginaryFriend","Orichalcum","Matryoshka","hubris:ToyBattleship","conspire:GlowingRock","Happy Flower","MawBank","Bag of Preparation","Thread and Needle","hubris:RunicObelisk","hubris:Towel","hubris:BundleOfHerbs","Pen Nib","Whetstone","Centennial Puzzle","Calling Bell","Art of War","Replay:WaspNest","hubris:64BitClover","Lizard Tail","MealTicket","Counterbalance","Replay:Towering Pillar of Hats","HandDrill","Sling","TheAbacus","Pear","ReplayFunnel","Anchor"],"acts_visited":["Exordium","Gensokyo:Gensokyo","Gensokyo:Gensokyoer"],"potions_floor_usage":[6,11,16,20,24,29,35,41,41,45],"damage_taken":[{"damage":6,"enemies":"Gensokyo:Gryphon","floor":1,"turns":4},{"damage":2,"enemies":"Gensokyo:3_Fairies","floor":2,"turns":8},{"damage":0,"enemies":"Gensokyo:Python","floor":3,"turns":3},{"damage":11,"enemies":"Gensokyo:Aya","floor":6,"turns":7},{"damage":38,"enemies":"Gensokyo:LivingMonolith","floor":8,"turns":5},{"damage":0,"enemies":"Gensokyo:2_Rabbits","floor":11,"turns":3},{"damage":7,"enemies":"Gensokyo:Cirno","floor":13,"turns":7},{"damage":5,"enemies":"Gensokyo:Gryphon_and_Rabbit","floor":14,"turns":6},{"damage":2,"enemies":"Gensokyo:Yukari","floor":16,"turns":11},{"damage":5,"enemies":"Gensokyo:3_Dogs","floor":18,"turns":4},{"damage":0,"enemies":"Gensokyo:CosmicMonolith","floor":19,"turns":5},{"damage":4,"enemies":"Gensokyo:Mirror_and_Dog","floor":20,"turns":5},{"damage":30,"enemies":"Gensokyo:Tenshi","floor":24,"turns":7},{"damage":12,"enemies":"Gensokyo:Swordslinger","floor":29,"turns":1},{"damage":20,"enemies":"Gensokyo:Wraith","floor":31,"turns":4},{"damage":3,"enemies":"Gensokyo:Eiki","floor":33,"turns":14},{"damage":0,"enemies":"Gensokyo:AncientGuardian","floor":35,"turns":9},{"damage":19,"enemies":"Gensokyo:3_Boulders","floor":36,"turns":4},{"damage":8,"enemies":"Gensokyo:Dusk_and_Dawn","floor":39,"turns":5},{"damage":0,"enemies":"Gensokyo:Doremy","floor":41,"turns":8},{"damage":0,"enemies":"Gensokyo:AtlasGolem","floor":44,"turns":7},{"damage":15,"enemies":"Gensokyo:Kasen","floor":45,"turns":7},{"damage":0,"enemies":"Gensokyo:4_Bats","floor":46,"turns":5},{"damage":9,"enemies":"Gensokyo:Marisa","floor":47,"turns":7},{"damage":5,"enemies":"Gensokyo:SeedOfUnknown","floor":48,"turns":6},{"damage":0,"enemies":"Gensokyo:Scarlet_Devils","floor":50,"turns":11}],"seed_played":"3360115671003141467","potions_obtained":[{"floor":3,"key":"PowerPotion"},{"floor":8,"key":"LifebloodPotion"},{"floor":14,"key":"Dexterity Potion"},{"floor":16,"key":"Strength Potion"},{"floor":20,"key":"SpeedPotion"},{"floor":24,"key":"Death Potion"},{"floor":33,"key":"SkillPotion"},{"floor":35,"key":"FearPotion"},{"floor":39,"key":"BlessingOfTheForge"},{"floor":44,"key":"SneckoOil"}],"is_trial":false,"path_per_floor":["M","M","M","?","T","E","COS","M","T","R","M","?","E","M","R","B",null,"M","M","M","?","?","R","E","R","T","COS","R","M","?","M","R","B",null,"M","M","?","?","M","R","E","COS","T","M","E","M","E","M","R","B",null],"character_chosen":"KOISHI","items_purchased":[],"campfire_rested":3,"item_purchase_floors":[],"current_hp_per_floor":[57,57,60,60,60,51,51,18,18,36,38,38,33,32,50,60,60,58,60,59,54,54,54,30,30,30,30,30,20,20,28,44,54,54,54,46,46,25,28,28,54,54,64,64,52,52,59,64,64,64],"gold":378,"neow_bonus":"RANDOM_COLORLESS_2","is_daily":false,"chose_seed":false,"campfire_upgraded":5,"win_rate":0.0,"timestamp":1613614379,"path_taken":["M","M","M","?","?","E","COS","M","T","R","M","?","E","M","R","BOSS","M","?","M","?","?","R","E","R","T","COS","R","?","?","M","R","BOSS","M","M","?","?","M","R","E","COS","T","M","E","M","E","?","R","BOSS"],"items_purchased_type":[],"build_version":"2020-12-22","purchased_purges":0,"victory":true,"max_hp_per_floor":[60,60,60,60,60,60,60,60,60,60,60,60,60,60,60,60,60,60,60,60,54,54,54,54,54,54,54,54,54,54,54,54,54,54,54,54,54,54,54,54,54,54,64,64,64,64,64,64,64,64],"card_choices":[{"not_picked":["hubris:EnhanceAbility","Master of Strategy"],"picked":"Mayhem","floor":0},{"not_picked":["Koishi:VengefulSpirit","Koishi:RacingHeart"],"picked":"Koishi:UnconsciousUprising","floor":1},{"not_picked":["Koishi:FourthEye","Koishi:Jaunt"],"picked":"Koishi:SprinkleStarAndHeart","floor":2},{"not_picked":["Koishi:HeartfeltFancy","Koishi:CatchAndRose"],"picked":"Koishi:BramblyRoseGarden","floor":3},{"not_picked":["Koishi:EmbryosDream","Koishi:VengefulSpirit"],"picked":"Koishi:JumpScare","floor":6},{"not_picked":["Koishi:UnconsciousUprising","Koishi:SprinkleStarAndHeart"],"picked":"Koishi:FourthEye","floor":8},{"not_picked":["Koishi:EmbersOfLove","Koishi:SpiritedAway"],"picked":"Koishi:DNAsFlaw","floor":11},{"not_picked":["Koishi:VengefulSpirit","Koishi:StrangeCloudFist"],"picked":"Koishi:RacingHeart","floor":13},{"not_picked":["Koishi:UnconsciousUprising","Koishi:BloodcurdlingScream"],"picked":"Koishi:MassHysteria","floor":14},{"not_picked":["Koishi:SuperEgo","Koishi:Heartbroken"],"picked":"Koishi:SilentAndRestless","floor":16},{"not_picked":["Koishi:FleetingPhantom","Koishi:DanmakuParanoia"],"picked":"Koishi:UnconsciousUrges","floor":18},{"not_picked":["Koishi:StingingMind","Koishi:ParalyzingFear"],"picked":"Koishi:ReflexRadar+1","floor":19},{"not_picked":["Koishi:StingingMind","Koishi:FleetingPhantom"],"picked":"Koishi:SubconsciousSweep+1","floor":20},{"not_picked":["Gensokyo:MonkeysPaw","Gensokyo:EightFeetTall"],"picked":"Gensokyo:Kunekune","floor":21},{"not_picked":["Koishi:ConfinedInnocent","Koishi:GhostParty"],"picked":"Koishi:FidgetySnatcher+1","floor":24},{"not_picked":["Koishi:PhantomStrike+1","Koishi:ApparitionsStalkTheNight+1"],"picked":"Koishi:Untouchable","floor":29},{"not_picked":["Koishi:CatchAndRose+1","Koishi:FourthEye","Koishi:BloodcurdlingScream"],"picked":"SKIP","floor":31},{"not_picked":["Koishi:FormlessExistence","Koishi:MindStellarRelief"],"picked":"Koishi:ImGoingToCallYouNow","floor":33},{"not_picked":["Koishi:EmbryosDream+1","Koishi:RacingHeart"],"picked":"Koishi:HeartfeltFancy","floor":35},{"not_picked":["Koishi:Jaunt+1","Koishi:FidgetySnatcher+1","Koishi:FourthEye"],"picked":"SKIP","floor":36},{"not_picked":["Koishi:BloodcurdlingScream","Koishi:StrangeCloudFist"],"picked":"Koishi:RorschachInDanmaku+1","floor":39},{"not_picked":["Koishi:RollingInRichesHeart","Koishi:BloodcurdlingScream+1","Koishi:FidgetySnatcher"],"picked":"SKIP","floor":41},{"not_picked":["Koishi:Prune","Koishi:JumpScare+1"],"picked":"Koishi:LastRemote","floor":44},{"not_picked":["Koishi:MassHysteria+1","Koishi:Catatonia+1"],"picked":"Koishi:SubterraneanRose+1","floor":45},{"not_picked":["Koishi:SubconsciousSweep+1","Koishi:SpiritedAway+1","Koishi:ApparitionsStalkTheNight+1"],"picked":"SKIP","floor":46},{"not_picked":["Koishi:StingingMind","Koishi:HeartfeltFancy","Koishi:SubconsciousSweep+1"],"picked":"SKIP","floor":47},{"not_picked":["Koishi:LastRemote+1","Koishi:Catatonia","Koishi:PhilosophyOfTheDespised+1"],"picked":"SKIP","floor":48}],"player_experience":726092,"relics_obtained":[{"floor":5,"key":"Orichalcum"},{"floor":6,"key":"Matryoshka"},{"floor":9,"key":"hubris:ToyBattleship"},{"floor":9,"key":"conspire:GlowingRock"},{"floor":13,"key":"Bag of Preparation"},{"floor":24,"key":"hubris:BundleOfHerbs"},{"floor":26,"key":"Pen Nib"},{"floor":26,"key":"Whetstone"},{"floor":34,"key":"Art of War"},{"floor":34,"key":"Replay:WaspNest"},{"floor":34,"key":"hubris:64BitClover"},{"floor":41,"key":"Replay:Towering Pillar of Hats"},{"floor":43,"key":"Pear"},{"floor":45,"key":"ReplayFunnel"},{"floor":47,"key":"Anchor"}],"event_choices":[],"is_beta":false,"boss_relics":[{"not_picked":["hubris:Stopwatch","hubris:TerracottaHorce"],"picked":"hubris:RunicObelisk"},{"not_picked":["hubris:BlackHole","hubris:Backtick"],"picked":"Calling Bell"}],"items_purged_floors":[],"is_endless":false,"potions_floor_spawned":[3,8,14,16,20,24,33,35,39,44],"ascension_level":2}}