{"host":"pqs17sqrgflf4eqa","time":1613656349,"event":{"mods":["AchievementEnabler","BaseMod","Bestiary","Better Altar","Better Match","Better Skull","Block Reminder","Bossed Relics","Colored Map","Colored Powertips","Curses Come First","Dark Map","DeckTracker","Defective Defect","Displayed Cursed Tome","Emptier Cage","Googly Eyes","Highlight Path","Minty Spire (QoL Compilation)","Quick Restart","Slay-I","StSLib","SuperFastMode","Synergy Search","Thieving Mod","Transform Curses","everything is the same but u backflip on backflip","slay the spire mod where everything is the same but ironclad has a cowboy hat"],"gold_per_floor":[362,372,447,32,32,32,44,76,76,124,124,124,159,179,179,179,179],"floor_reached":16,"language":"ENG","playtime":292,"items_purged":[],"score":173,"play_id":"2cf39860-c0c4-4338-b45b-225b72718c48","local_time":"20210218085229","is_ascension_mode":true,"campfire_choices":[{"data":"Eruption","floor":6,"key":"SMITH"},{"floor":11,"key":"REST"},{"data":"TalkToTheHand","floor":15,"key":"SMITH"}],"circlet_count":0,"master_deck":["Strike_P","Strike_P+1","Strike_P","Strike_P","Defend_P","Defend_P","Defend_P","Defend_P","Eruption+1","Vigilance","ClearTheMind","FollowUp","Violence","Brilliance+1","Blasphemy","Halt","TalkToTheHand+1","EmptyFist","InnerPeace"],"relics":["PureWater","Chemical X","Gremlin Horn","Unceasing Top","CaptainsWheel","White Beast Statue","Whetstone","Ornamental Fan","Strawberry"],"acts_visited":["Exordium"],"potions_floor_usage":[1,4,8,13,13,16,16],"damage_taken":[{"damage":7,"enemies":"Cultist","floor":1,"turns":3},{"damage":0,"enemies":"Small Slimes","floor":2,"turns":2},{"damage":2,"enemies":"Jaw Worm","floor":7,"turns":2},{"damage":24,"enemies":"Lagavulin","floor":8,"turns":6},{"damage":0,"enemies":"3 Sentries","floor":13,"turns":4},{"damage":0,"enemies":"Large Slime","floor":14,"turns":2},{"damage":18,"enemies":"Slime Boss","floor":16,"turns":6}],"seed_played":"-4830382895175571059","potions_obtained":[{"floor":1,"key":"Fruit Juice"},{"floor":8,"key":"Explosive Potion"},{"floor":13,"key":"SteroidPotion"},{"floor":14,"key":"SpeedPotion"}],"is_trial":false,"path_per_floor":["M","M","?","$","?","R","M","E","T","T","R","?","E","M","R","B"],"character_chosen":"WATCHER","items_purchased":["ThievingMod:ThievingPotion","Brilliance","Blasphemy"],"campfire_rested":1,"item_purchase_floors":[4,4,4],"current_hp_per_floor":[45,45,34,34,34,34,32,8,8,8,31,13,20,20,20,2,2],"gold":179,"neow_bonus":"TWO_FIFTY_GOLD","is_daily":false,"chose_seed":false,"campfire_upgraded":2,"win_rate":0.0,"timestamp":1613656349,"path_taken":["M","?","?","$","?","R","M","E","T","?","R","?","E","M","R","BOSS"],"items_purchased_type":["Potion","Card","Card"],"build_version":"2020-12-22","purchased_purges":0,"victory":false,"max_hp_per_floor":[77,77,77,77,77,77,77,77,77,77,77,77,84,84,84,84,84],"card_choices":[{"not_picked":["SignatureMove","Study"],"picked":"ClearTheMind","floor":1},{"not_picked":["Crescendo","JustLucky"],"picked":"FollowUp","floor":2},{"not_picked":["ClearTheMind","CrushJoints"],"picked":"Halt","floor":7},{"not_picked":["Indignation","WheelKick"],"picked":"TalkToTheHand","floor":8},{"not_picked":["FollowUp","Pray"],"picked":"EmptyFist","floor":13},{"not_picked":["WreathOfFlame","SashWhip"],"picked":"InnerPeace","floor":14}],"player_experience":235418,"relics_obtained":[{"floor":8,"key":"CaptainsWheel"},{"floor":9,"key":"White Beast Statue"},{"floor":10,"key":"Whetstone"},{"floor":13,"key":"Strawberry"}],"event_choices":[{"damage_healed":0,"gold_gain":75,"player_choice":"Gather Gold","damage_taken":11,"max_hp_gain":0,"max_hp_loss":0,"event_name":"World of Goop","floor":3,"gold_loss":0},{"damage_healed":0,"gold_gain":0,"player_choice":"Ignored","damage_taken":0,"max_hp_gain":0,"max_hp_loss":0,"event_name":"Liars Game","floor":5,"gold_loss":0},{"damage_healed":0,"gold_gain":0,"player_choice":"Success","damage_taken":18,"relics_obtained":["Ornamental Fan"],"max_hp_gain":0,"max_hp_loss":0,"event_name":"Scrap Ooze","floor":12,"gold_loss":0}],"is_beta":false,"boss_relics":[],"items_purged_floors":[],"is_endless":false,"potions_floor_spawned":[1,8,13,14],"killed_by":"Slime Boss","ascension_level":6}}