{"host":"y3h3n3f7seyagppx","time":1613631034,"event":{"mods":["AlwaysNeverKeys","BaseMod","Better Vampires","Colored Powertips","DeckTracker","Emptier Cage","Minty Spire (QoL Compilation)","Permanent Neow","Quick Restart","Rare Cards Sparkle","Relic Sorter","Relic Stats","StSLib","Transform Curses"],"gold_per_floor":[368,383,48,48,61,75,106,106,106,133,149,149,178,197,197,272,272,289,301,66,84,84,84,84,113,136,164,174,89,107,137,137,209,209,227,18,18,28,43,69,69,88,88,121,121,138,169,189,189,189,189,189,189,22,53,53],"floor_reached":57,"language":"ENG","playtime":6030,"items_purged":["Strike_R"],"score":2873,"play_id":"9596763a-793a-48d1-aa49-fd158fc049ae","local_time":"20210218015034","is_ascension_mode":true,"campfire_choices":[{"data":"Uppercut","floor":8.0,"key":"SMITH"},{"data":"Pommel Strike","floor":12.0,"key":"SMITH"},{"data":"Pommel Strike","floor":15.0,"key":"SMITH"},{"data":"Impervious","floor":23.0,"key":"SMITH"},{"data":"Ghostly","floor":32.0,"key":"SMITH"},{"data":"Armaments","floor":41.0,"key":"SMITH"},{"floor":45.0,"key":"REST"},{"floor":49.0,"key":"REST"},{"floor":53,"key":"REST"}],"circlet_count":0,"master_deck":["AscendersBane","Strike_R","Strike_R","Strike_R","Defend_R","Defend_R","Defend_R","Defend_R","Bash","Pommel Strike+1","Anger","Pommel Strike+1","Uppercut+1","Exhume","Impervious+1","Ghostly+1","Ghostly","Ghostly","Feed","Whirlwind+1","Limit Break","Limit Break","Armaments+1","Rage","Shrug It Off","Power Through+1","Parasite","Body Slam","Dark Embrace","Dual Wield","Second Wind","Evolve"],"relics":["Burning Blood","Red Skull","ClockworkSouvenir","Dream Catcher","Shuriken","Singing Bowl","MealTicket","Runic Dome","Strange Spoon","Anchor","Oddly Smooth Stone","Mummified Hand","Sundial","Gremlin Horn","Runic Pyramid","Pen Nib","Lantern","Kunai","Centennial Puzzle","Regal Pillow","Bag of Preparation","Blood Vial"],"acts_visited":["Exordium","TheCity","TheBeyond","TheEnding"],"potions_floor_usage":[56],"damage_taken":[{"damage":4.0,"enemies":"Small Slimes","floor":1.0,"turns":5.0},{"damage":6.0,"enemies":"Jaw Worm","floor":2.0,"turns":5.0},{"damage":0.0,"enemies":"2 Louse","floor":5.0,"turns":3.0},{"damage":11.0,"enemies":"Blue Slaver","floor":6.0,"turns":4.0},{"damage":8.0,"enemies":"Gremlin Nob","floor":7.0,"turns":3.0},{"damage":25.0,"enemies":"Lagavulin","floor":10.0,"turns":5.0},{"damage":2.0,"enemies":"2 Fungi Beasts","floor":11.0,"turns":3.0},{"damage":30.0,"enemies":"3 Sentries","floor":13.0,"turns":7.0},{"damage":6.0,"enemies":"3 Louse","floor":14.0,"turns":3.0},{"damage":26.0,"enemies":"Hexaghost","floor":16.0,"turns":6.0},{"damage":12.0,"enemies":"2 Thieves","floor":18.0,"turns":4.0},{"damage":24.0,"enemies":"3 Byrds","floor":19.0,"turns":6.0},{"damage":11.0,"enemies":"Snecko","floor":21.0,"turns":5.0},{"damage":7.0,"enemies":"Book of Stabbing","floor":25.0,"turns":6.0},{"damage":4.0,"enemies":"Gremlin Leader","floor":27.0,"turns":10.0},{"damage":6.0,"enemies":"Cultist and Chosen","floor":28.0,"turns":8.0},{"damage":5.0,"enemies":"Sentry and Sphere","floor":30.0,"turns":8.0},{"damage":15.0,"enemies":"Slavers","floor":31.0,"turns":6.0},{"damage":24.0,"enemies":"Champ","floor":33.0,"turns":11.0},{"damage":5.0,"enemies":"3 Darklings","floor":35.0,"turns":6.0},{"damage":6.0,"enemies":"Orb Walker","floor":38.0,"turns":4.0},{"damage":0.0,"enemies":"Transient","floor":39.0,"turns":6.0},{"damage":5.0,"enemies":"Nemesis","floor":40.0,"turns":9.0},{"damage":14.0,"enemies":"Writhing Mass","floor":42.0,"turns":7.0},{"damage":36.0,"enemies":"Giant Head","floor":44.0,"turns":9.0},{"damage":3.0,"enemies":"4 Shapes","floor":46.0,"turns":7.0},{"damage":4.0,"enemies":"Nemesis","floor":47.0,"turns":7.0},{"damage":15.0,"enemies":"Maw","floor":48.0,"turns":9.0},{"damage":56,"enemies":"Donu and Deca","floor":50,"turns":8},{"damage":8,"enemies":"Awakened One","floor":51,"turns":10},{"damage":15,"enemies":"Shield and Spear","floor":55,"turns":9},{"damage":70,"enemies":"The Heart","floor":56,"turns":9}],"seed_played":"-8479717149685441882","potions_obtained":[{"floor":5.0,"key":"Swift Potion"},{"floor":6.0,"key":"Regen Potion"},{"floor":10.0,"key":"LiquidBronze"},{"floor":13.0,"key":"SteroidPotion"},{"floor":19.0,"key":"Fire Potion"},{"floor":27.0,"key":"Swift Potion"},{"floor":31.0,"key":"Regen Potion"},{"floor":33.0,"key":"Fire Potion"},{"floor":39.0,"key":"GamblersBrew"}],"is_trial":false,"path_per_floor":["M","M","$","?","M","M","E","R","T","E","M","R","E","M","R","B",null,"M","M","$","M","?","R","?","E","T","E","M","?","M","E","R","B",null,"M","$","?","M","M","E","R","M","T","E","R","M","E","M","R","B","B",null,"R","$","E","B",null],"character_chosen":"IRONCLAD","items_purchased":["Red Skull","ClockworkSouvenir","Strange Spoon","Rage","Pen Nib","Bag of Preparation"],"campfire_rested":3,"item_purchase_floors":[3,3,20,36,36,54],"current_hp_per_floor":[68,68,68,68,68,63,61,61,61,56,62,62,40,40,40,20,61,57,41,56,53,53,53,40,39,39,45,53,53,56,53,53,35,55,59,65,65,71,71,74,74,70,70,45,71,84,90,81,101,54,55,94,107,107,102,44],"gold":53,"neow_bonus":"TWO_FIFTY_GOLD","is_daily":false,"chose_seed":false,"campfire_upgraded":6,"win_rate":0.0,"timestamp":1613631034,"path_taken":["M","M","$","?","M","M","E","R","T","E","M","R","E","M","R","BOSS","M","M","$","M","?","R","?","E","T","E","M","?","M","E","R","BOSS","M","$","?","M","M","E","R","M","T","E","R","M","E","M","R","BOSS","BOSS","R","$","E","BOSS"],"items_purchased_type":["Relic","Relic","Relic","Card","Relic","Relic"],"build_version":"2020-12-22","purchased_purges":1,"victory":true,"max_hp_per_floor":[68,68,68,68,68,68,68,68,68,70,72,72,74,74,74,74,74,76,78,78,80,80,80,40,40,40,45,53,53,56,62,62,62,62,65,65,65,71,71,74,74,78,78,83,85,95,99,99,101,104,107,107,107,107,111,115],"relic_stats":{"Regal Pillow":0,"Singing Bowl":26,"Gremlin Horn":[10,10],"counters":[32,208],"Pen Nib":[17],"Bag of Preparation":[4],"Burning Blood":175,"Blood Vial":2,"Strange Spoon":[79],"Dream Catcher":3,"Centennial Puzzle":[21],"Shuriken":[73],"Mummified Hand":[6],"Sundial":[12],"MealTicket":21,"Kunai":[22],"obtain_stats":[{"Lantern":40,"Regal Pillow":47,"Singing Bowl":10,"Gremlin Horn":31,"Oddly Smooth Stone":26,"Pen Nib":36,"Bag of Preparation":54,"Burning Blood":0,"ClockworkSouvenir":3,"Blood Vial":55,"Runic Dome":17,"Strange Spoon":20,"Dream Catcher":7,"Anchor":25,"Centennial Puzzle":44,"Shuriken":9,"Mummified Hand":27,"Sundial":29,"MealTicket":13,"Kunai":43,"Red Skull":3,"Runic Pyramid":34},{"Lantern":23,"Regal Pillow":27,"Singing Bowl":6,"Gremlin Horn":18,"Oddly Smooth Stone":14,"Pen Nib":20,"Bag of Preparation":30,"Burning Blood":0,"ClockworkSouvenir":2,"Blood Vial":31,"Runic Dome":10,"Strange Spoon":12,"Dream Catcher":5,"Anchor":14,"Centennial Puzzle":25,"Shuriken":5,"Mummified Hand":15,"Sundial":16,"MealTicket":8,"Kunai":24,"Red Skull":2,"Runic Pyramid":19},{"Lantern":133,"Regal Pillow":163,"Singing Bowl":25,"Gremlin Horn":97,"Oddly Smooth Stone":65,"Pen Nib":114,"Bag of Preparation":190,"Burning Blood":0,"ClockworkSouvenir":10,"Blood Vial":199,"Runic Dome":44,"Strange Spoon":54,"Dream Catcher":20,"Anchor":65,"Centennial Puzzle":149,"Shuriken":20,"Mummified Hand":75,"Sundial":83,"MealTicket":35,"Kunai":140,"Red Skull":10,"Runic Pyramid":108}]},"card_choices":[{"not_picked":["Body Slam","Heavy Blade"],"picked":"Pommel Strike","floor":1.0},{"not_picked":["True Grit","Ghostly Armor"],"picked":"Anger","floor":2.0},{"not_picked":["Shrug It Off","Sever Soul"],"picked":"Pommel Strike","floor":5.0},{"not_picked":["Entrench","Armaments"],"picked":"Uppercut","floor":6.0},{"not_picked":["Perfected Strike","Double Tap","Thunderclap"],"picked":"SKIP","floor":7.0},{"not_picked":["Bloodletting","Cleave","Clash"],"picked":"Singing Bowl","floor":10.0},{"not_picked":["Heavy Blade","Fire Breathing","Bloodletting"],"picked":"Singing Bowl","floor":11.0},{"not_picked":["Iron Wave","Reckless Charge","Wild Strike"],"picked":"Singing Bowl","floor":13.0},{"not_picked":["Clothesline","Perfected Strike"],"picked":"Exhume","floor":14.0},{"not_picked":["Feed","Fiend Fire"],"picked":"Impervious","floor":16.0},{"not_picked":["Cleave","Infernal Blade","Hemokinesis"],"picked":"Singing Bowl","floor":18.0},{"not_picked":["Sentinel","Twin Strike","Clothesline"],"picked":"Singing Bowl","floor":19.0},{"not_picked":["Iron Wave","Combust","Havoc"],"picked":"Singing Bowl","floor":21.0},{"not_picked":["Sword Boomerang","Wild Strike"],"picked":"Feed","floor":25.0},{"not_picked":["Sentinel","True Grit","Searing Blow"],"picked":"Singing Bowl","floor":27.0},{"not_picked":["Hemokinesis","Wild Strike","Warcry"],"picked":"Singing Bowl","floor":28.0},{"not_picked":["Anger","Clothesline+1"],"picked":"Whirlwind+1","floor":30.0},{"not_picked":["Thunderclap","Entrench+1"],"picked":"Limit Break","floor":31.0},{"not_picked":["Feed","Demon Form"],"picked":"Limit Break","floor":33.0},{"not_picked":["Intimidate","Thunderclap"],"picked":"Armaments","floor":35.0},{"not_picked":["Havoc","Reckless Charge","Twin Strike+1"],"picked":"Singing Bowl","floor":38.0},{"not_picked":["Bludgeon","Twin Strike+1"],"picked":"Shrug It Off","floor":39.0},{"not_picked":["True Grit","Armaments"],"picked":"Power Through+1","floor":40.0},{"not_picked":["Flame Barrier","Pommel Strike"],"picked":"Body Slam","floor":42.0},{"not_picked":["Armaments","Inflame","Anger"],"picked":"Singing Bowl","floor":44.0},{"not_picked":["Pommel Strike+1","Rage","Battle Trance"],"picked":"Singing Bowl","floor":45.0},{"not_picked":["Havoc","Seeing Red","Sentinel"],"picked":"Singing Bowl","floor":46.0},{"not_picked":["Perfected Strike+1","Clothesline+1"],"picked":"Dark Embrace","floor":47.0},{"not_picked":["Armaments","Clash"],"picked":"Dual Wield","floor":48.0},{"not_picked":["Shrug It Off","Thunderclap","Blood for Blood+1"],"picked":"Singing Bowl","floor":49.0},{"not_picked":["Rampage+1","Flame Barrier"],"picked":"Second Wind","floor":53},{"not_picked":["Demon Form","Warcry+1"],"picked":"Evolve","floor":55}],"player_experience":22208513,"relics_obtained":[{"floor":7.0,"key":"Dream Catcher"},{"floor":9.0,"key":"Shuriken"},{"floor":10.0,"key":"Singing Bowl"},{"floor":13.0,"key":"MealTicket"},{"floor":25.0,"key":"Anchor"},{"floor":26.0,"key":"Oddly Smooth Stone"},{"floor":27.0,"key":"Mummified Hand"},{"floor":31.0,"key":"Gremlin Horn"},{"floor":40.0,"key":"Lantern"},{"floor":43.0,"key":"Kunai"},{"floor":44.0,"key":"Centennial Puzzle"},{"floor":47.0,"key":"Regal Pillow"},{"floor":55,"key":"Blood Vial"}],"event_choices":[{"damage_healed":0.0,"max_hp_gain":0.0,"max_hp_loss":0.0,"gold_gain":0.0,"event_name":"Liars Game","player_choice":"Ignored","floor":4.0,"gold_loss":0.0,"damage_taken":0.0},{"damage_healed":0.0,"max_hp_gain":0.0,"max_hp_loss":0.0,"gold_gain":0.0,"event_name":"The Mausoleum","player_choice":"Ignored","floor":22.0,"gold_loss":0.0,"damage_taken":0.0},{"damage_healed":0.0,"max_hp_gain":0.0,"max_hp_loss":40.0,"gold_gain":0.0,"event_name":"Ghosts","player_choice":"Became a Ghost","floor":24.0,"gold_loss":0.0,"damage_taken":0.0,"cards_obtained":["Ghostly","Ghostly","Ghostly"]},{"damage_healed":0.0,"max_hp_gain":0.0,"max_hp_loss":0.0,"gold_gain":0.0,"event_name":"Addict","player_choice":"Obtained Relic","floor":29.0,"gold_loss":85.0,"damage_taken":0.0,"relics_obtained":["Sundial"]},{"cards_removed":["Strike_R"],"damage_healed":0.0,"max_hp_gain":0.0,"max_hp_loss":0.0,"gold_gain":0.0,"event_name":"Falling","player_choice":"Removed Attack","floor":37.0,"gold_loss":0.0,"damage_taken":0.0}],"is_beta":false,"boss_relics":[{"not_picked":["Astrolabe","SacredBark"],"picked":"Runic Dome"},{"not_picked":["Black Star","Fusion Hammer"],"picked":"Runic Pyramid"}],"items_purged_floors":[20],"is_endless":false,"potions_floor_spawned":[5,6,7,10,13,16,19,27,31,33,35,39,40,47,55],"ascension_level":20}}