{"host":"l2onoeb0kdqo1a9y","time":1613629949,"event":{"mods":["AchievementEnabler","BaseMod","Colored Powertips","Highlight Path","Minty Spire (QoL Compilation)","Quick Restart"],"gold_per_floor":[115,115,128,128,93,131,149,149,196,227,243,258,299,374,374,503,503,527,552,477,62,62,62,75,75,99,99,112,131,131,172,172,295,295,319,319,279,304,329,364,427,427,427,451,511,511,526,551,551,551,551,551,20,61,61,61],"floor_reached":55,"language":"ZHS","playtime":1806,"items_purged":["Strike_R"],"score":812,"play_id":"f0b058c5-8ca5-4fb1-bad6-6f52b70838a9","local_time":"20210218143229","is_ascension_mode":false,"campfire_choices":[{"floor":8.0,"key":"RECALL"},{"floor":15.0,"key":"REST"},{"data":"Limit Break","floor":23.0,"key":"SMITH"},{"data":"Apotheosis","floor":25.0,"key":"SMITH"},{"data":"Battle Trance","floor":27.0,"key":"SMITH"},{"data":"Infernal Blade","floor":30.0,"key":"SMITH"},{"data":"Spot Weakness","floor":32.0,"key":"SMITH"},{"data":"Offering","floor":42,"key":"SMITH"},{"data":"Spot Weakness","floor":46,"key":"SMITH"},{"data":"Inflame","floor":49,"key":"SMITH"},{"data":"Clash","floor":52,"key":"SMITH"}],"circlet_count":0,"master_deck":["Strike_R","Strike_R","Defend_R+1","Defend_R","Defend_R","Defend_R","Bash","Thunderclap+1","Battle Trance+1","Spot Weakness+1","Heavy Blade","Inflame+1","Limit Break+1","Clash+1","Pummel","Feed","Infernal Blade+1","Apotheosis+1","Spot Weakness+1","Flex+1","Evolve","Offering+1","Cleave+1","Flex+1"],"relics":["Burning Blood","NeowsBlessing","Golden Idol","PreservedInsect","MealTicket","Bottled Lightning","Dream Catcher","Coffee Dripper","DollysMirror","Orichalcum","Vajra","Black Star","Juzu Bracelet","Oddly Smooth Stone","Pocketwatch","Kunai","Dead Branch","Letter Opener","Torii","Ornamental Fan","Bag of Marbles"],"acts_visited":["Exordium","TheCity","TheBeyond","TheEnding"],"potions_floor_usage":[41,44,48,50],"damage_taken":[{"damage":0.0,"enemies":"Small Slimes","floor":1.0,"turns":1.0},{"damage":0.0,"enemies":"Jaw Worm","floor":3.0,"turns":1.0},{"damage":0.0,"enemies":"Lagavulin","floor":6.0,"turns":1.0},{"damage":7.0,"enemies":"2 Louse","floor":7.0,"turns":2.0},{"damage":27.0,"enemies":"3 Sentries","floor":10.0,"turns":4.0},{"damage":0.0,"enemies":"2 Fungi Beasts","floor":11.0,"turns":2.0},{"damage":21.0,"enemies":"Large Slime","floor":12.0,"turns":4.0},{"damage":30.0,"enemies":"Gremlin Nob","floor":13.0,"turns":4.0},{"damage":38.0,"enemies":"The Guardian","floor":16.0,"turns":9.0},{"damage":25.0,"enemies":"Spheric Guardian","floor":18.0,"turns":4.0},{"damage":10.0,"enemies":"Chosen","floor":19.0,"turns":3.0},{"damage":15.0,"enemies":"Snecko","floor":24.0,"turns":3.0},{"damage":11.0,"enemies":"3 Cultists","floor":28.0,"turns":5.0},{"damage":18.0,"enemies":"Centurion and Healer","floor":29.0,"turns":3.0},{"damage":0.0,"enemies":"Gremlin Leader","floor":31.0,"turns":3.0},{"damage":30.0,"enemies":"Champ","floor":33.0,"turns":5.0},{"damage":18.0,"enemies":"3 Darklings","floor":35.0,"turns":4.0},{"damage":10.0,"enemies":"3 Shapes","floor":38.0,"turns":3.0},{"damage":13.0,"enemies":"Sphere and 2 Shapes","floor":39.0,"turns":2.0},{"damage":3,"enemies":"Reptomancer","floor":40,"turns":2},{"damage":36,"enemies":"Mind Bloom Boss Battle","floor":41,"turns":4},{"damage":27,"enemies":"4 Shapes","floor":44,"turns":3},{"damage":18,"enemies":"2 Orb Walkers","floor":45,"turns":4},{"damage":15,"enemies":"Writhing Mass","floor":47,"turns":2},{"damage":2,"enemies":"3 Darklings","floor":48,"turns":3},{"damage":48,"enemies":"Donu and Deca","floor":50,"turns":4},{"damage":35,"enemies":"Shield and Spear","floor":54,"turns":4},{"damage":76,"enemies":"The Heart","floor":55,"turns":3}],"seed_played":"9051080361763086805","potions_obtained":[{"floor":6.0,"key":"Ancient Potion"},{"floor":7.0,"key":"FearPotion"},{"floor":10.0,"key":"Regen Potion"},{"floor":11.0,"key":"GamblersBrew"},{"floor":12.0,"key":"Block Potion"},{"floor":18.0,"key":"Block Potion"},{"floor":24.0,"key":"FairyPotion"},{"floor":28.0,"key":"EssenceOfSteel"},{"floor":29.0,"key":"PowerPotion"},{"floor":31.0,"key":"Dexterity Potion"},{"floor":35.0,"key":"SkillPotion"},{"floor":41,"key":"Block Potion"},{"floor":44,"key":"SmokeBomb"},{"floor":45,"key":"BloodPotion"}],"is_trial":false,"path_per_floor":["M","?","M","T","?","E","M","R","T","E","M","M","E","?","R","B",null,"M","M","?","$","?","R","M","R","T","R","M","M","R","E","R","B",null,"M","?","?","M","M","E","?","R","T","M","?","R","M","M","R","B",null,"R","$","E","B"],"character_chosen":"IRONCLAD","items_purchased":["Apotheosis","DollysMirror","Letter Opener","Torii"],"campfire_rested":1,"item_purchase_floors":[21,21,53,53],"current_hp_per_floor":[80,60,66,66,80,80,79,79,79,58,64,49,37,26,50,18,80,61,57,57,72,72,72,63,63,63,63,62,50,50,56,56,36,88,80,80,80,80,73,76,46,46,46,25,17,17,8,32,32,22,100,100,100,71,0,0],"gold":61,"neow_bonus":"THREE_ENEMY_KILL","is_daily":false,"chose_seed":false,"campfire_upgraded":9,"win_rate":0.0,"timestamp":1613629949,"path_taken":["M","?","M","?","?","E","M","R","T","E","M","M","E","?","R","BOSS","M","M","?","$","?","R","M","R","T","R","M","M","R","E","R","BOSS","M","?","?","M","?","E","?","R","T","M","?","R","M","M","R","BOSS","R","$","E","BOSS"],"items_purchased_type":["Card","Relic","Relic","Relic"],"build_version":"2020-12-22","purchased_purges":1,"victory":false,"max_hp_per_floor":[80,80,80,80,80,80,80,80,80,80,80,80,80,80,80,80,80,80,80,80,80,80,80,80,80,80,80,84,84,84,84,84,88,88,92,92,92,96,96,96,96,96,96,96,100,100,100,100,100,100,100,100,100,100,100,100],"card_choices":[{"not_picked":["Dark Embrace","Feel No Pain"],"picked":"Thunderclap","floor":1.0},{"not_picked":["Cleave","Sever Soul"],"picked":"Battle Trance","floor":3.0},{"not_picked":["Ghostly Armor","Blood for Blood"],"picked":"Spot Weakness","floor":6.0},{"not_picked":["Anger","Havoc"],"picked":"Heavy Blade","floor":7.0},{"not_picked":["Rampage","Pommel Strike"],"picked":"Inflame","floor":10.0},{"not_picked":["Warcry","Twin Strike"],"picked":"Limit Break","floor":11.0},{"not_picked":["Warcry","Thunderclap","Combust"],"picked":"SKIP","floor":12.0},{"not_picked":["Sword Boomerang","Shrug It Off"],"picked":"Clash","floor":13.0},{"not_picked":["Flame Barrier","Sentinel"],"picked":"Pummel","floor":15.0},{"not_picked":["Barricade","Double Tap"],"picked":"Feed","floor":16.0},{"not_picked":["Combust","Wild Strike","Pommel Strike"],"picked":"SKIP","floor":18.0},{"not_picked":["Body Slam+1","Power Through"],"picked":"Infernal Blade","floor":19.0},{"not_picked":["Body Slam","Thunderclap","Headbutt"],"picked":"SKIP","floor":24.0},{"not_picked":["Armaments+1","Sword Boomerang"],"picked":"Flex+1","floor":28.0},{"not_picked":["Rage","Headbutt","Rupture+1"],"picked":"SKIP","floor":29.0},{"not_picked":["Disarm","Perfected Strike"],"picked":"Evolve","floor":31.0},{"not_picked":["Immolate","Demon Form"],"picked":"Offering","floor":33.0},{"not_picked":["Shrug It Off","Wild Strike+1","Flame Barrier"],"picked":"SKIP","floor":35.0},{"not_picked":["Thunderclap","Clash+1"],"picked":"Cleave+1","floor":38.0},{"not_picked":["Battle Trance","True Grit+1"],"picked":"Flex+1","floor":39.0},{"not_picked":["Armaments","Hemokinesis","Fiend Fire"],"picked":"SKIP","floor":40},{"not_picked":["Warcry+1","Iron Wave","Heavy Blade"],"picked":"SKIP","floor":44},{"not_picked":["Thunderclap+1","Sword Boomerang","Heavy Blade+1"],"picked":"SKIP","floor":47},{"not_picked":["Intimidate+1","Cleave","Flex"],"picked":"SKIP","floor":48},{"not_picked":["Fire Breathing","Flex+1","Armaments"],"picked":"SKIP","floor":54}],"player_experience":144754,"relics_obtained":[{"floor":6.0,"key":"PreservedInsect"},{"floor":9.0,"key":"MealTicket"},{"floor":10.0,"key":"Bottled Lightning"},{"floor":13.0,"key":"Dream Catcher"},{"floor":26.0,"key":"Orichalcum"},{"floor":31.0,"key":"Vajra"},{"floor":40,"key":"Juzu Bracelet"},{"floor":40,"key":"Oddly Smooth Stone"},{"floor":41,"key":"Pocketwatch"},{"floor":43,"key":"Kunai"},{"floor":45,"key":"Dead Branch"},{"floor":54,"key":"Ornamental Fan"},{"floor":54,"key":"Bag of Marbles"}],"event_choices":[{"damage_healed":0.0,"max_hp_gain":0.0,"max_hp_loss":0.0,"gold_gain":0.0,"event_name":"Golden Idol","player_choice":"Take Damage","floor":2.0,"gold_loss":0.0,"damage_taken":20.0,"relics_obtained":["Golden Idol"]},{"damage_healed":20.0,"max_hp_gain":0.0,"max_hp_loss":0.0,"gold_gain":0.0,"event_name":"The Cleric","player_choice":"Healed","floor":5.0,"gold_loss":35.0,"damage_taken":0.0},{"damage_healed":0.0,"max_hp_gain":0.0,"max_hp_loss":0.0,"gold_gain":75.0,"event_name":"World of Goop","player_choice":"Gather Gold","floor":14.0,"gold_loss":0.0,"damage_taken":11.0},{"cards_removed":["Strike_R"],"damage_healed":0.0,"max_hp_gain":0.0,"max_hp_loss":0.0,"gold_gain":0.0,"event_name":"Beggar","player_choice":"Gave Gold","floor":20.0,"gold_loss":75.0,"damage_taken":0.0},{"damage_healed":0.0,"max_hp_gain":0.0,"max_hp_loss":0.0,"gold_gain":0.0,"event_name":"Vampires","player_choice":"Ignored","floor":22.0,"gold_loss":0.0,"damage_taken":0.0},{"cards_removed":["Strike_R"],"damage_healed":0.0,"max_hp_gain":0.0,"max_hp_loss":0.0,"gold_gain":0.0,"event_name":"Falling","player_choice":"Removed Attack","floor":36.0,"gold_loss":0.0,"damage_taken":0.0},{"damage_healed":0.0,"max_hp_gain":0.0,"max_hp_loss":0.0,"gold_gain":0.0,"event_name":"Designer","player_choice":"Upgraded Two","floor":37.0,"gold_loss":40.0,"damage_taken":0.0,"cards_upgraded":["Thunderclap","Defend_R"]},{"damage_healed":0,"gold_gain":0,"player_choice":"Fight","damage_taken":0,"max_hp_gain":0,"max_hp_loss":0,"event_name":"MindBloom","floor":41,"gold_loss":0},{"damage_healed":0,"gold_gain":0,"player_choice":"Fight","damage_taken":0,"max_hp_gain":0,"max_hp_loss":0,"event_name":"Mysterious Sphere","floor":45,"gold_loss":0}],"is_beta":false,"boss_relics":[{"not_picked":["SlaversCollar","Pandora\u0027s Box"],"picked":"Coffee Dripper"},{"not_picked":["Astrolabe","Cursed Key"],"picked":"Black Star"}],"items_purged_floors":[21],"is_endless":false,"potions_floor_spawned":[6,7,10,11,12,18,24,28,29,31,35,41,44,45,47],"killed_by":"The Heart","ascension_level":0}}