{"host":"p0hktren06injwdf","time":1613636113,"event":{"mods":["AchievementEnabler","BaseMod","Colored Map","DeckTracker","Minty Spire (QoL Compilation)","Permanent Neow","StSLib","SuperFastMode"],"gold_per_floor":[368,388,147,147,167,167,167,198,198,198,39,39,55,71,71,170,170,184,59,74,97,97,97,112,133,133,133,158,158,183,96,96,96,96],"floor_reached":33,"language":"KOR","playtime":596,"items_purged":["Strike_G","Defend_G","Defend_G"],"score":498,"play_id":"0cdeaf8c-4172-4b90-aee1-34a335c2ce30","local_time":"20210218171513","is_ascension_mode":true,"campfire_choices":[{"data":"Dash","floor":6,"key":"SMITH"},{"data":"Dagger Spray","floor":10,"key":"SMITH"},{"floor":15,"key":"REST"},{"floor":23,"key":"REST"},{"floor":29,"key":"REST"},{"floor":32,"key":"REST"}],"circlet_count":0,"master_deck":["AscendersBane","Strike_G","Defend_G","Defend_G","Defend_G","Survivor","Neutralize","Slice","Deadly Poison","Dash+1","Dagger Throw","Deadly Poison","Dagger Spray+1","Blur","Flying Knee","Bane","Crippling Poison","After Image","Terror+1","Night Terror+1","Distraction+1","Blade Dance","Finisher","Cloak And Dagger","Infinite Blades"],"relics":["Ring of the Snake","Strawberry","Anchor","Mercury Hourglass","Golden Idol","Astrolabe","Bag of Marbles"],"acts_visited":["Exordium","TheCity"],"potions_floor_usage":[16,24,33],"damage_taken":[{"damage":4,"enemies":"2 Louse","floor":1,"turns":6},{"damage":2,"enemies":"Jaw Worm","floor":2,"turns":4},{"damage":0,"enemies":"Small Slimes","floor":5,"turns":3},{"damage":25,"enemies":"3 Sentries","floor":8,"turns":9},{"damage":0,"enemies":"Looter","floor":13,"turns":2},{"damage":0,"enemies":"Exordium Wildlife","floor":14,"turns":3},{"damage":35,"enemies":"Slime Boss","floor":16,"turns":9},{"damage":20,"enemies":"3 Byrds","floor":18,"turns":4},{"damage":9,"enemies":"2 Thieves","floor":20,"turns":4},{"damage":10,"enemies":"Snecko","floor":21,"turns":6},{"damage":4,"enemies":"Cultist and Chosen","floor":24,"turns":5},{"damage":9,"enemies":"3 Cultists","floor":25,"turns":5},{"damage":0,"enemies":"Centurion and Healer","floor":28,"turns":5},{"damage":35,"enemies":"Sentry and Sphere","floor":30,"turns":7},{"damage":23,"enemies":"Collector","floor":33,"turns":3}],"seed_played":"1705155486058594624","potions_obtained":[{"floor":2,"key":"Weak Potion"},{"floor":8,"key":"Energy Potion"},{"floor":18,"key":"Block Potion"},{"floor":28,"key":"LiquidBronze"}],"is_trial":false,"path_per_floor":["M","M","$","?","M","R","T","E","T","R","$","?","M","M","R","B",null,"M","$","M","M","?","R","M","M","T","?","M","R","M","$","R","B"],"character_chosen":"THE_SILENT","items_purchased":["Dash","Dagger Throw","Deadly Poison","Flying Knee","Infinite Blades"],"campfire_rested":4,"item_purchase_floors":[3,3,3,11,31],"current_hp_per_floor":[40,38,38,38,38,38,45,20,20,20,20,20,20,20,39,4,51,31,31,22,12,12,31,27,18,18,18,18,37,2,2,21,0,0],"gold":96,"neow_bonus":"TWO_FIFTY_GOLD","is_daily":false,"chose_seed":false,"campfire_upgraded":2,"win_rate":0.0,"timestamp":1613636113,"path_taken":["M","M","$","?","M","R","?","E","T","R","$","?","M","M","R","BOSS","M","$","M","M","?","R","M","M","T","?","M","R","M","?","R","BOSS"],"items_purchased_type":["Card","Card","Card","Card","Card"],"build_version":"2020-12-22","purchased_purges":3,"victory":false,"max_hp_per_floor":[66,66,66,66,66,66,73,73,73,73,73,66,66,66,66,66,66,66,66,66,66,66,66,66,66,66,66,66,66,66,66,66,66,66],"card_choices":[{"not_picked":["Distraction","Deflect"],"picked":"Slice","floor":1},{"not_picked":["Setup","Quick Slash"],"picked":"Deadly Poison","floor":2},{"not_picked":["Cloak And Dagger","Blade Dance"],"picked":"Dagger Spray","floor":5},{"not_picked":["Quick Slash","Dash"],"picked":"Blur","floor":8},{"not_picked":["Setup","Outmaneuver"],"picked":"Bane","floor":13},{"not_picked":["Calculated Gamble","Well Laid Plans"],"picked":"Crippling Poison","floor":14},{"not_picked":["Grand Finale","Adrenaline"],"picked":"After Image","floor":16},{"not_picked":["Finisher","Setup","Prepared+1"],"picked":"SKIP","floor":18},{"not_picked":["Backflip","PiercingWail"],"picked":"Blade Dance","floor":20},{"not_picked":["Deflect","Dagger Spray","Slice"],"picked":"SKIP","floor":21},{"not_picked":["Terror","Quick Slash","Flying Knee+1"],"picked":"SKIP","floor":24},{"not_picked":["Masterful Stab","Flying Knee","Dagger Throw"],"picked":"SKIP","floor":25},{"not_picked":["Blur","Finisher","Acrobatics"],"picked":"SKIP","floor":28},{"not_picked":["Blur","Acrobatics"],"picked":"Finisher","floor":28},{"not_picked":["Footwork","Choke"],"picked":"Cloak And Dagger","floor":30}],"player_experience":1086598,"relics_obtained":[{"floor":7,"key":"Strawberry"},{"floor":8,"key":"Anchor"},{"floor":9,"key":"Mercury Hourglass"},{"floor":26,"key":"Bag of Marbles"}],"event_choices":[{"damage_healed":0,"gold_gain":0,"player_choice":"Ignored","damage_taken":0,"max_hp_gain":0,"max_hp_loss":0,"event_name":"Liars Game","floor":4,"gold_loss":0},{"damage_healed":0,"gold_gain":0,"player_choice":"Lose Max HP","damage_taken":0,"relics_obtained":["Golden Idol"],"max_hp_gain":0,"max_hp_loss":7,"event_name":"Golden Idol","floor":12,"gold_loss":0},{"damage_healed":0,"gold_gain":0,"player_choice":"Ignored","damage_taken":0,"max_hp_gain":0,"max_hp_loss":0,"event_name":"Vampires","floor":22,"gold_loss":0},{"damage_healed":0,"gold_gain":0,"player_choice":"Ignored","damage_taken":0,"max_hp_gain":0,"max_hp_loss":0,"event_name":"Cursed Tome","floor":27,"gold_loss":0}],"is_beta":false,"boss_relics":[{"not_picked":["Black Star","Snecko Eye"],"picked":"Astrolabe"}],"items_purged_floors":[3,11,19],"is_endless":false,"potions_floor_spawned":[2,8,14,18,28],"killed_by":"Collector","ascension_level":20}}