{"host":"8p5c6x4qt9411139","time":1613687612,"event":{"mods":["Aspiration","BaseMod","BetterRewards","Conspire","Friendly Minions","Hubris","Infinite Spire","Minty Spire (QoL Compilation)","Quick Restart","Relic Stats","Replay The Spire","Shop Mod","Spire Arcade","StSLib","The Jungle"],"gold_per_floor":[107,182,132,147,165,165,192,192,215,270,290,290,290,336,34,34,123,123,154,154,180,29,71,71,84,97,97,116,116,148,148,148,148,242,242,275,119,173,200,80,80,133,172,197,222,222,251,307,340,340,346,346],"floor_reached":51,"language":"ENG","playtime":2084,"items_purged":["Defend_R","Strike_R"],"score":1016,"play_id":"3e038db9-775a-4a80-9877-2dea6905ab17","local_time":"20210218143332","is_ascension_mode":true,"campfire_choices":[{"data":"ReplayTheSpireMod:Limb From Limb","floor":6.0,"key":"SMITH"},{"data":"Flex","floor":8.0,"key":"SMITH"},{"data":"Limit Break","floor":12.0,"key":"SMITH"},{"data":"Demonic Infusion","floor":16.0,"key":"SMITH"},{"data":"Exhume","floor":24.0,"key":"SMITH"},{"floor":29,"key":"REST"},{"data":"ReplayTheSpireMod:LeadingStrike","floor":31,"key":"SMITH"},{"floor":33,"key":"REST"},{"floor":41,"key":"DIG"},{"floor":46,"key":"DIG"},{"floor":50,"key":"REST"}],"circlet_count":0,"master_deck":["AscendersBane","Strike_R","Strike_R","Strike_R","Defend_R","Defend_R","Bash","True Grit+1","Flex+1","Limit Break+1","ReplayTheSpireMod:Limb From Limb+1","conspire:SpireCoStock","Reaper","hubris:SharpeningStone","Spot Weakness","Demonic Infusion+1","Bloodletting+1","Exhume+1","Headbutt+1","Clothesline+1","ReplayTheSpireMod:Limb From Limb","Run Through+1","ReplayTheSpireMod:LeadingStrike+1","Impervious","Heavy Blade","Limit Break","Limit Break","Pot Of Greed","Pot Of Greed","Pot Of Greed","Thunderclap+1"],"relics":["Burning Blood","Durian","Akabeko","Replay:Kaleidoscope","Boot","Nunchaku","Regal Pillow","Runic Dome","Brimstone","Ornamental Fan","Shovel","MutagenicStrength","infinitespire:EvilPickle","hubris:VirtuousBlindfold","HandDrill","Question Card","Grinning Jar","infinitespire:Golems Mask","Sundial","infinitespire:Lucky Rock","aspiration:HatOfInfinitePower","hubris:SlimyHat","aspiration:Lifesprig"],"acts_visited":["Exordium","TheCity","TheBeyond"],"potions_floor_usage":[30,34,34,43,45,51],"damage_taken":[{"damage":1.0,"enemies":"2 Louse","floor":1.0,"turns":3.0},{"damage":5.0,"enemies":"Jaw Worm","floor":4.0,"turns":2.0},{"damage":0.0,"enemies":"Cultist","floor":5.0,"turns":2.0},{"damage":11.0,"enemies":"Gremlin Nob","floor":7.0,"turns":3.0},{"damage":28.0,"enemies":"3 Sentries","floor":10.0,"turns":7.0},{"damage":22.0,"enemies":"Lots of Slimes","floor":11.0,"turns":5.0},{"damage":31.0,"enemies":"conspire:MimicChest","floor":14.0,"turns":4.0},{"damage":46.0,"enemies":"Slime Boss","floor":17.0,"turns":7.0},{"damage":29.0,"enemies":"2 Thieves","floor":19.0,"turns":3.0},{"damage":20.0,"enemies":"Shell Parasite","floor":21.0,"turns":5.0},{"damage":74.0,"enemies":"Centurion and Healer","floor":23.0,"turns":5.0},{"damage":30,"enemies":"Chosen and Byrds","floor":25,"turns":3},{"damage":24,"enemies":"Sentry and Sphere","floor":26,"turns":4},{"damage":9,"enemies":"Snake Plant","floor":28,"turns":2},{"damage":60,"enemies":"Nightmare","floor":30,"turns":5},{"damage":48,"enemies":"Pondfish","floor":34,"turns":6},{"damage":10,"enemies":"Orb Walker","floor":36,"turns":2},{"damage":19,"enemies":"3 Darklings","floor":39,"turns":3},{"damage":10,"enemies":"2 Orb Walkers","floor":42,"turns":2},{"damage":0,"enemies":"R_Hoarder","floor":43,"turns":4},{"damage":0,"enemies":"Mind Bloom Boss Battle","floor":45,"turns":3},{"damage":0,"enemies":"Sphere and 2 Shapes","floor":47,"turns":2},{"damage":50,"enemies":"Nemesis","floor":48,"turns":5},{"damage":4,"enemies":"4 Shapes","floor":49,"turns":2},{"damage":94,"enemies":"conspire:OrnateMirror","floor":51,"turns":4}],"seed_played":"-3444027799745168874","potions_obtained":[{"floor":4.0,"key":"BlessingOfTheForge"},{"floor":5.0,"key":"SteroidPotion"},{"floor":10.0,"key":"Death Potion"},{"floor":17.0,"key":"Dexterity Potion"},{"floor":25,"key":"PowerPotion"},{"floor":30,"key":"Toxic Potion"},{"floor":39,"key":"Adrenaline Potion"},{"floor":42,"key":"SteroidPotion"},{"floor":45,"key":"Block Potion"},{"floor":49,"key":"LiquidMemories"}],"is_trial":false,"path_per_floor":["M","?","?","M","M","R","E","R","T","E","M","R","?","?","$","R","B",null,"M","?","M","$","M","R","M","M","T","M","R","NM","R","?","R","B",null,"M","$","?","M","$","R","?","E","T","?","R","M","E","M","R","B"],"character_chosen":"IRONCLAD","items_purchased":["True Grit+1","Durian","Flex","Akabeko","Demonic Infusion","Bloodletting+1","Brimstone","HandDrill","Limit Break"],"campfire_rested":3,"item_purchase_floors":[0,0,0,0,15,15,22,37,40],"current_hp_per_floor":[43,32,32,33,39,39,45,45,45,33,37,37,63,46,46,46,34,69,72,72,58,58,30,30,42,24,24,21,60,35,35,35,74,80,80,76,76,76,80,80,80,76,80,80,80,80,80,53,55,80,0,0],"gold":346,"neow_bonus":"","is_daily":false,"chose_seed":false,"campfire_upgraded":6,"win_rate":0.0,"timestamp":1613687612,"path_taken":["M","?","?","M","M","R","E","R","T","E","M","R","?","?","$","R","BOSS","M","?","?","$","M","R","?","M","T","M","R","NM","R","?","R","BOSS","M","$","?","?","$","R","?","E","T","?","R","M","E","M","R","BOSS"],"items_purchased_type":["Card","Relic","Card","Relic","Card","Card","Relic","Relic","Card"],"build_version":"2020-12-22","purchased_purges":2,"victory":false,"max_hp_per_floor":[80,80,80,80,80,80,80,80,80,80,80,80,80,80,80,80,80,80,80,80,80,80,80,80,80,80,80,80,80,80,80,80,80,80,80,80,80,80,80,80,80,80,80,80,80,80,80,80,80,80,80,80],"relic_stats":{"Nunchaku":[13],"Regal Pillow":31,"Shovel":2,"counters":[31,109],"Ornamental Fan":[48],"Sundial":[0],"HandDrill":[12],"Boot":[32],"Question Card":13,"obtain_stats":[{"Ice Cream":0,"Regal Pillow":14,"aspiration:Lifesprig":48,"Vajra":0,"hubris:VirtuousBlindfold":35,"hubris:SlimyHat":46,"Whetstone":0,"Boot":9,"Burning Blood":0,"Nunchaku":10,"Shovel":30,"Sundial":43,"Pantograph":0,"Ring of Peace":4,"infinitespire:Golems Mask":42,"HandDrill":0,"hubris:ChampionShield":0,"BargainBundle":0,"Lee\u0027s Waffle":0,"aspiration:Nostalgia":0,"infinitespire:Magic Flask":0,"Replay:Kaleidoscope":7,"infinitespire:Lucky Rock":44,"Question Card":38,"Akabeko":0,"infinitespire:EvilPickle":34,"Runic Dome":18,"infinitespire:DarkRift":0,"Brimstone":22,"Ornamental Fan":27,"MutagenicStrength":32,"Simple Rune":0,"Art of War":0,"Durian":0,"Grinning Jar":41,"aspiration:HatOfInfinitePower":45,"FossilizedHelix":3},{"Ice Cream":0,"Regal Pillow":13,"aspiration:Lifesprig":29,"Vajra":3,"hubris:VirtuousBlindfold":22,"hubris:SlimyHat":27,"Whetstone":3,"Boot":10,"Burning Blood":0,"Nunchaku":11,"Shovel":21,"Sundial":26,"Pantograph":0,"Ring of Peace":5,"infinitespire:Golems Mask":25,"HandDrill":3,"hubris:ChampionShield":3,"BargainBundle":0,"Lee\u0027s Waffle":3,"aspiration:Nostalgia":3,"infinitespire:Magic Flask":3,"Replay:Kaleidoscope":10,"infinitespire:Lucky Rock":26,"Question Card":23,"Akabeko":6,"infinitespire:EvilPickle":22,"Runic Dome":14,"infinitespire:DarkRift":3,"Brimstone":16,"Ornamental Fan":19,"MutagenicStrength":21,"Simple Rune":3,"Art of War":0,"Durian":6,"Grinning Jar":24,"aspiration:HatOfInfinitePower":27,"FossilizedHelix":3},{"Ice Cream":0,"Regal Pillow":42,"aspiration:Lifesprig":103,"Vajra":8,"hubris:VirtuousBlindfold":82,"hubris:SlimyHat":96,"Whetstone":8,"Boot":26,"Burning Blood":0,"Nunchaku":33,"Shovel":76,"Sundial":93,"Pantograph":0,"Ring of Peace":15,"infinitespire:Golems Mask":89,"HandDrill":8,"hubris:ChampionShield":8,"BargainBundle":0,"Lee\u0027s Waffle":8,"aspiration:Nostalgia":8,"infinitespire:Magic Flask":8,"Replay:Kaleidoscope":26,"infinitespire:Lucky Rock":93,"Question Card":84,"Akabeko":16,"infinitespire:EvilPickle":82,"Runic Dome":49,"infinitespire:DarkRift":8,"Brimstone":57,"Ornamental Fan":69,"MutagenicStrength":76,"Simple Rune":8,"Art of War":0,"Durian":16,"Grinning Jar":87,"aspiration:HatOfInfinitePower":96,"FossilizedHelix":8}],"Burning Blood":148},"card_choices":[{"not_picked":["Sword Boomerang","Shrug It Off"],"picked":"ReplayTheSpireMod:Limb From Limb","floor":1.0},{"not_picked":["Headbutt","Rupture","Clash"],"picked":"SKIP","floor":4.0},{"not_picked":["True Grit","Perfected Strike"],"picked":"Reaper","floor":5.0},{"not_picked":["Carnage","Dual Wield","Wild Strike"],"picked":"SKIP","floor":7.0},{"not_picked":["Cleave","Barricade"],"picked":"hubris:SharpeningStone","floor":10.0},{"not_picked":["Rampage","Life Link","Heavy Blade"],"picked":"SKIP","floor":11.0},{"not_picked":["Wild Strike","Entrench"],"picked":"Spot Weakness","floor":14.0},{"not_picked":["Eclipse","Fiend Fire"],"picked":"Exhume","floor":17.0},{"not_picked":["Warcry","Abandon+1"],"picked":"Headbutt+1","floor":19.0},{"not_picked":["Sever Soul+1","Pummel","Clash"],"picked":"SKIP","floor":21.0},{"not_picked":["Shrug It Off","Sword Boomerang"],"picked":"Clothesline+1","floor":23.0},{"not_picked":["Body Slam","Burning Pact"],"picked":"ReplayTheSpireMod:Limb From Limb","floor":25},{"not_picked":["Carnage","Seeing Red"],"picked":"Run Through+1","floor":26},{"not_picked":["Heavy Blade","Sentinel","conspire:Charge"],"picked":"SKIP","floor":28},{"not_picked":["Abandon","Offering"],"picked":"ReplayTheSpireMod:LeadingStrike","floor":30},{"not_picked":["Immolate","Replay:Many Hands"],"picked":"Impervious","floor":34},{"not_picked":["Havoc","Sever Soul","Iron Wave+1"],"picked":"SKIP","floor":36},{"not_picked":["Shrug It Off","Armaments","Wild Strike+1"],"picked":"Heavy Blade","floor":39},{"not_picked":["Exhume","Headbutt","Evolve"],"picked":"Thunderclap+1","floor":43},{"not_picked":["Havoc","Wild Strike","Heavy Blade","Pommel Strike+1"],"picked":"SKIP","floor":47},{"not_picked":["Flex","Dropkick","Clothesline","hubris:ReadiedAction"],"picked":"SKIP","floor":48},{"not_picked":["Shockwave","Flame Barrier","ReplayTheSpireMod:Strike From Hell+1","Pommel Strike"],"picked":"SKIP","floor":49}],"player_experience":438356,"relics_obtained":[{"floor":7.0,"key":"Replay:Kaleidoscope"},{"floor":9.0,"key":"Boot"},{"floor":10.0,"key":"Nunchaku"},{"floor":14.0,"key":"Regal Pillow"},{"floor":27,"key":"Ornamental Fan"},{"floor":30,"key":"Shovel"},{"floor":38,"key":"Question Card"},{"floor":41,"key":"Grinning Jar"},{"floor":42,"key":"infinitespire:Golems Mask"},{"floor":43,"key":"Sundial"},{"floor":44,"key":"infinitespire:Lucky Rock"},{"floor":45,"key":"aspiration:HatOfInfinitePower"},{"floor":46,"key":"hubris:SlimyHat"},{"floor":48,"key":"aspiration:Lifesprig"}],"event_choices":[{"damage_healed":0.0,"max_hp_gain":0.0,"max_hp_loss":0.0,"gold_gain":75.0,"event_name":"World of Goop","player_choice":"Gather Gold","floor":2.0,"gold_loss":0.0,"damage_taken":11.0},{"damage_healed":0.0,"max_hp_gain":0.0,"max_hp_loss":0.0,"gold_gain":0.0,"event_name":"conspire:Investor","player_choice":"Invest 1","floor":3.0,"gold_loss":0.0,"damage_taken":0.0},{"damage_healed":26.0,"max_hp_gain":0.0,"max_hp_loss":0.0,"gold_gain":0.0,"event_name":"Big Fish","player_choice":"Banana","floor":13.0,"gold_loss":0.0,"damage_taken":0.0},{"cards_removed":["Strike_R"],"damage_healed":0.0,"max_hp_gain":0.0,"max_hp_loss":0.0,"gold_gain":0.0,"event_name":"Bonfire Elementals","player_choice":"Offered Basic","floor":20.0,"gold_loss":0.0,"damage_taken":0.0},{"damage_healed":0,"gold_gain":0,"player_choice":"Inject Mutagens","damage_taken":0,"relics_obtained":["MutagenicStrength"],"max_hp_gain":0,"max_hp_loss":0,"event_name":"Drug Dealer","floor":32,"gold_loss":0},{"damage_healed":0,"gold_gain":0,"player_choice":"Fight","damage_taken":0,"max_hp_gain":0,"max_hp_loss":0,"event_name":"Mysterious Sphere","floor":42,"gold_loss":0},{"damage_healed":0,"gold_gain":0,"player_choice":"Fight","damage_taken":0,"max_hp_gain":0,"max_hp_loss":0,"event_name":"MindBloom","floor":45,"gold_loss":0}],"is_beta":false,"boss_relics":[{"not_picked":["aspiration:FutureDiary","Runic Pyramid"],"picked":"Runic Dome"},{"not_picked":["Replay:Wanted Poster","Empty Cage"],"picked":"hubris:VirtuousBlindfold"}],"items_purged_floors":[0,15],"is_endless":false,"potions_floor_spawned":[4,5,10,17,25,26,28,30,39,42,45,49],"killed_by":"conspire:OrnateMirror","ascension_level":14}}