{"host":"avjwtc49fhlk6kym","time":1613621217,"event":{"mods":["AchievementEnabler","BaseMod","Better Match","Better Note","Better Third Choice","Colored Map","Colored Powertips","Displayed Cursed Tome","Highlight Path","Minty Spire (QoL Compilation)","Permanent Neow","Quick Restart","StSLib"],"gold_per_floor":[118,46,56,56,56,56,71,109,109,130,205,224,224,268,268,393,393,408,23,23,23,41,41,41],"floor_reached":23,"language":"ENG","playtime":737,"items_purged":[],"score":246,"play_id":"041f7350-23c6-4f5a-a442-712b68ac4e5b","local_time":"20210217230657","is_ascension_mode":true,"campfire_choices":[{"floor":6,"key":"REST"},{"data":"Trip","floor":13,"key":"SMITH"},{"data":"TalkToTheHand","floor":15,"key":"SMITH"}],"circlet_count":0,"master_deck":["Strike_P+1","Strike_P+1","Strike_P+1","Strike_P+1","Defend_P+1","Defend_P+1","Defend_P+1","Defend_P+1","Eruption","Vigilance","Trip+1","PathToVictory","ReachHeaven","FlurryOfBlows","Venomology+1","InnerPeace","Conclude","Wallop","TalkToTheHand+1","MasterReality+1","Protect"],"relics":["HolyWater","Golden Idol","Ornamental Fan","Kunai","Frozen Egg 2","WingedGreaves","Omamori","Pear"],"acts_visited":["Exordium","TheCity"],"potions_floor_usage":[8,8,10,14,14,16,16,18,22,23,23],"damage_taken":[{"damage":0,"enemies":"Jaw Worm","floor":1,"turns":2},{"damage":4,"enemies":"Small Slimes","floor":3,"turns":4},{"damage":0,"enemies":"2 Louse","floor":7,"turns":3},{"damage":0,"enemies":"Gremlin Nob","floor":8,"turns":2},{"damage":0,"enemies":"2 Fungi Beasts","floor":10,"turns":1},{"damage":0,"enemies":"Large Slime","floor":12,"turns":2},{"damage":1,"enemies":"Lagavulin","floor":14,"turns":4},{"damage":15,"enemies":"The Guardian","floor":16,"turns":10},{"damage":6,"enemies":"Chosen","floor":18,"turns":5},{"damage":6,"enemies":"Shell Parasite","floor":22,"turns":4},{"damage":70,"enemies":"Gremlin Leader","floor":23,"turns":6}],"seed_played":"-7279347142755024323","potions_obtained":[{"floor":3,"key":"LiquidMemories"},{"floor":10,"key":"SkillPotion"},{"floor":12,"key":"Explosive Potion"},{"floor":16,"key":"SpeedPotion"},{"floor":18,"key":"FearPotion"},{"floor":22,"key":"SneckoOil"}],"is_trial":false,"path_per_floor":["M","$","M","?","?","R","M","E","T","M","?","M","R","E","R","B",null,"M","$","?","$","M","E"],"character_chosen":"WATCHER","items_purchased":["ReachHeaven","Omamori","Pear"],"campfire_rested":1,"item_purchase_floors":[2,19,19],"current_hp_per_floor":[72,72,68,50,41,62,62,62,62,62,51,51,51,50,50,35,72,66,76,76,76,70,0,0],"gold":41,"neow_bonus":"RANDOM_COLORLESS","is_daily":false,"chose_seed":false,"campfire_upgraded":2,"win_rate":0.0,"timestamp":1613621217,"path_taken":["M","$","M","?","?","R","M","E","T","M","?","M","R","E","R","BOSS","M","$","?","$","M","E"],"items_purchased_type":["Card","Relic","Relic"],"build_version":"2020-12-22","purchased_purges":0,"victory":false,"max_hp_per_floor":[72,72,72,72,72,72,72,72,72,72,72,72,72,72,72,72,72,72,82,82,82,82,82,82],"card_choices":[{"not_picked":["Purity","Blind"],"picked":"Trip","floor":0},{"not_picked":["SashWhip","FlurryOfBlows"],"picked":"PathToVictory","floor":1},{"not_picked":["Crescendo","FlyingSleeves"],"picked":"FlurryOfBlows","floor":3},{"not_picked":["Halt","SashWhip"],"picked":"InnerPeace","floor":7},{"not_picked":["Wallop","CutThroughFate"],"picked":"Conclude","floor":8},{"not_picked":["EmptyBody","SashWhip"],"picked":"Wallop","floor":10},{"not_picked":["SashWhip","FollowUp"],"picked":"TalkToTheHand","floor":12},{"not_picked":["DeceiveReality","EmptyMind","Evaluate"],"picked":"SKIP","floor":14},{"not_picked":["Blasphemy","Scrawl"],"picked":"MasterReality+1","floor":16},{"not_picked":["InnerPeace+1","Adaptation+1"],"picked":"Protect","floor":18},{"not_picked":["Halt","EmptyFist","EmptyMind"],"picked":"SKIP","floor":22}],"player_experience":455640,"relics_obtained":[{"floor":8,"key":"Kunai"},{"floor":9,"key":"Frozen Egg 2"},{"floor":14,"key":"WingedGreaves"}],"event_choices":[{"damage_healed":0,"gold_gain":0,"player_choice":"Take Damage","damage_taken":18,"relics_obtained":["Golden Idol"],"max_hp_gain":0,"max_hp_loss":0,"event_name":"Golden Idol","floor":4,"gold_loss":0},{"damage_healed":0,"gold_gain":75,"player_choice":"Gold","damage_taken":11,"max_hp_gain":0,"max_hp_loss":0,"event_name":"betterThird:BetterGoop","floor":11,"gold_loss":0},{"damage_healed":0,"gold_gain":0,"player_choice":"Simplicity","damage_taken":0,"max_hp_gain":0,"max_hp_loss":8,"event_name":"betterThird:BetterWriting","floor":20,"gold_loss":0}],"is_beta":false,"boss_relics":[{"not_picked":["SacredBark","Busted Crown"],"picked":"HolyWater"}],"items_purged_floors":[],"is_endless":false,"potions_floor_spawned":[3,10,12,16,18,22],"killed_by":"Gremlin Leader","ascension_level":2}}