{"host":"24vdok87ydm8sokm","time":1613659051,"event":{"mods":["AchievementEnabler","BaseMod","Colored Map","Colored Powertips","Minty Spire (QoL Compilation)","StSLib"],"gold_per_floor":[117,130,149,149,160,194,206,238,291,17,17,43,61,94,94,190,190,203,203,203,30,30,57,57,86,154,171,205,205,230,244,244,349,349,364,414,414,414,430,460,460,476,499,529,529,555,555,565,565,565,565,565,23,52,52,52],"floor_reached":55,"language":"ENG","playtime":5895,"items_purged":["Strike_B","Strike_B","Strike_B"],"score":928,"play_id":"40329db0-dc0e-43d6-b2f2-bfafb7188e37","local_time":"20210218083731","is_ascension_mode":true,"campfire_choices":[{"data":"Streamline","floor":11,"key":"SMITH"},{"floor":15,"key":"REST"},{"data":"Loop","floor":24,"key":"SMITH"},{"floor":29,"key":"REST"},{"data":"Biased Cognition","floor":32,"key":"SMITH"},{"floor":41,"key":"REST"},{"floor":45,"key":"RECALL"},{"floor":49,"key":"REST"},{"data":"Double Energy","floor":52,"key":"SMITH"}],"circlet_count":0,"master_deck":["Defend_B","Defend_B","Defend_B+1","Zap","Dualcast","Electrodynamics","Leap+1","Redo","BootSequence","Reinforced Body","Streamline+1","Double Energy+1","Cold Snap","Skim+1","Thunder Strike","Streamline+1","Loop+1","Tempest+1","Conserve Battery+1","Biased Cognition+1","Chill+1","Capacitor","Steam Power+1","Chaos+1","Seek+1","Creative AI+1","White Noise+1","Multi-Cast+1","Lockon","Chrysalis+1","Leap+1","Consume+1"],"relics":["Cracked Core","Letter Opener","Meat on the Bone","Lee\u0027s Waffle","Toxic Egg 2","Orichalcum","Philosopher\u0027s Stone","Tiny Chest","Question Card","Dream Catcher","Sundial","Kunai","Happy Flower","Black Star","Lizard Tail","Darkstone Periapt","Potion Belt","Lantern","Omamori","Pear","Toy Ornithopter","Bronze Scales","Ginger","War Paint","Torii","Boot"],"acts_visited":["Exordium","TheCity","TheBeyond","TheEnding"],"potions_floor_usage":[7,8,16,16,25,28,33,36,46,46,46,46,46,50,54],"damage_taken":[{"damage":6,"enemies":"2 Louse","floor":1,"turns":2},{"damage":0,"enemies":"Jaw Worm","floor":2,"turns":4},{"damage":0,"enemies":"Cultist","floor":3,"turns":3},{"damage":0,"enemies":"3 Louse","floor":5,"turns":2},{"damage":18,"enemies":"3 Sentries","floor":6,"turns":4},{"damage":0,"enemies":"Gremlin Gang","floor":7,"turns":2},{"damage":13,"enemies":"Lagavulin","floor":8,"turns":7},{"damage":19,"enemies":"Gremlin Nob","floor":12,"turns":4},{"damage":6,"enemies":"Large Slime","floor":13,"turns":3},{"damage":42,"enemies":"Lagavulin","floor":14,"turns":6},{"damage":26,"enemies":"Hexaghost","floor":16,"turns":13},{"damage":5,"enemies":"Chosen","floor":18,"turns":4},{"damage":0,"enemies":"Gremlin Leader","floor":23,"turns":5},{"damage":25,"enemies":"Slavers","floor":25,"turns":3},{"damage":1,"enemies":"Spheric Guardian","floor":27,"turns":3},{"damage":10,"enemies":"Book of Stabbing","floor":28,"turns":5},{"damage":17,"enemies":"Gremlin Leader","floor":30,"turns":6},{"damage":1,"enemies":"Shelled Parasite and Fungi","floor":31,"turns":5},{"damage":1,"enemies":"Automaton","floor":33,"turns":6},{"damage":15,"enemies":"3 Darklings","floor":35,"turns":3},{"damage":0,"enemies":"Mind Bloom Boss Battle","floor":36,"turns":5},{"damage":0,"enemies":"Orb Walker","floor":39,"turns":3},{"damage":39,"enemies":"Nemesis","floor":40,"turns":9},{"damage":0,"enemies":"Transient","floor":42,"turns":5},{"damage":36,"enemies":"Reptomancer","floor":44,"turns":4},{"damage":62,"enemies":"Nemesis","floor":46,"turns":5},{"damage":50,"enemies":"Writhing Mass","floor":48,"turns":5},{"damage":58,"enemies":"Donu and Deca","floor":50,"turns":7},{"damage":28,"enemies":"Shield and Spear","floor":54,"turns":4},{"damage":57,"enemies":"The Heart","floor":55,"turns":3}],"seed_played":"-4413637884127074127","potions_obtained":[{"floor":1,"key":"Swift Potion"},{"floor":7,"key":"PowerPotion"},{"floor":8,"key":"EssenceOfSteel"},{"floor":12,"key":"SpeedPotion"},{"floor":14,"key":"EssenceOfSteel"},{"floor":16,"key":"AttackPotion"},{"floor":18,"key":"Weak Potion"},{"floor":28,"key":"Ancient Potion"},{"floor":31,"key":"GamblersBrew"},{"floor":33,"key":"DistilledChaos"},{"floor":39,"key":"FearPotion"},{"floor":42,"key":"FocusPotion"},{"floor":44,"key":"ColorlessPotion"},{"floor":48,"key":"LiquidBronze"}],"is_trial":false,"path_per_floor":["M","M","M","?","M","E","M","E","T","$","R","E","M","E","R","B",null,"M","?","T","$","?","E","R","E","T","M","E","R","E","M","R","B",null,"M","?","?","T","M","E","R","M","T","E","R","E","?","M","R","B",null,"R","$","E","B"],"character_chosen":"DEFECT","items_purchased":["Lee\u0027s Waffle","Cold Snap","Tempest+1","War Paint","Chrysalis+1","Fire Potion","Leap+1"],"campfire_rested":4,"item_purchase_floors":[10,10,21,53,53,53,53],"current_hp_per_floor":[62,62,62,55,55,37,37,24,24,75,75,56,50,20,42,28,75,70,70,70,70,70,70,70,45,45,44,46,68,51,50,50,49,75,60,60,60,60,60,33,55,55,55,41,41,16,16,41,66,25,85,85,85,57,0,0],"gold":52,"neow_bonus":"THREE_RARE_CARDS","is_daily":false,"chose_seed":false,"campfire_upgraded":4,"win_rate":0.0,"timestamp":1613659051,"path_taken":["M","M","M","?","M","E","M","E","T","$","R","E","M","E","R","BOSS","M","?","?","$","?","E","R","E","T","M","E","R","E","M","R","BOSS","M","?","?","?","M","E","R","?","T","E","R","E","?","M","R","BOSS","R","$","E","BOSS"],"items_purchased_type":["Relic","Card","Card","Relic","Card","Potion","Card"],"build_version":"2020-12-22","purchased_purges":3,"victory":false,"max_hp_per_floor":[68,68,68,68,68,68,68,68,68,75,75,75,75,75,75,75,75,75,75,75,75,75,75,75,75,75,75,75,75,75,75,75,75,75,75,75,75,75,75,75,75,75,75,85,85,85,85,85,85,85,85,85,85,85,85,85],"card_choices":[{"not_picked":["Multi-Cast","Thunder Strike"],"picked":"Electrodynamics","floor":0},{"not_picked":["Self Repair","Compile Driver"],"picked":"Leap","floor":1},{"not_picked":["Compile Driver","Doom and Gloom"],"picked":"Redo","floor":2},{"not_picked":["Beam Cell","Gash","Hello World"],"picked":"SKIP","floor":3},{"not_picked":["Sweeping Beam","Go for the Eyes"],"picked":"BootSequence","floor":5},{"not_picked":["Blizzard","Meteor Strike"],"picked":"Reinforced Body","floor":6},{"not_picked":["Go for the Eyes","Gash"],"picked":"Streamline","floor":7},{"not_picked":["Reprogram","Undo"],"picked":"Double Energy","floor":8},{"not_picked":["Undo+1","Steam+1","Doom and Gloom"],"picked":"SKIP","floor":12},{"not_picked":["Storm","Redo+1"],"picked":"Skim+1","floor":13},{"not_picked":["Sweeping Beam","Compile Driver","Barrage"],"picked":"SKIP","floor":14},{"not_picked":["Reboot+1","Fission+1"],"picked":"Thunder Strike","floor":16},{"not_picked":["Melter","Rebound"],"picked":"Streamline+1","floor":18},{"not_picked":["Go for the Eyes+1","Undo+1"],"picked":"Conserve Battery+1","floor":23},{"not_picked":["Go for the Eyes+1","Leap+1","Electrodynamics"],"picked":"Biased Cognition","floor":25},{"not_picked":["Cold Snap+1","Doom and Gloom","Compile Driver"],"picked":"Chill+1","floor":27},{"not_picked":["Rebound","Turbo+1","Force Field+1"],"picked":"Capacitor","floor":28},{"not_picked":["Beam Cell+1","Rebound","Gash+1"],"picked":"Steam Power+1","floor":29},{"not_picked":["Sweeping Beam","Aggregate+1","Capacitor"],"picked":"Chaos+1","floor":30},{"not_picked":["Beam Cell","Force Field+1","Turbo+1"],"picked":"Seek+1","floor":31},{"not_picked":["Amplify+1","Biased Cognition","Meteor Strike"],"picked":"Creative AI","floor":33},{"not_picked":["Coolheaded+1","Go for the Eyes+1","Ball Lightning"],"picked":"White Noise+1","floor":35},{"not_picked":["Sweeping Beam","Aggregate+1","Steam+1"],"picked":"Multi-Cast+1","floor":36},{"not_picked":["Ball Lightning","Skim+1","Beam Cell","Static Discharge"],"picked":"SKIP","floor":39},{"not_picked":["Coolheaded+1","Blizzard+1","Barrage","Redo+1"],"picked":"SKIP","floor":40},{"not_picked":["Skim+1","Stack+1","Buffer"],"picked":"Lockon","floor":42},{"not_picked":["Go for the Eyes","Hologram+1","Stack+1","Leap+1"],"picked":"SKIP","floor":44},{"not_picked":["Beam Cell","Barrage","Ball Lightning+1","Loop+1"],"picked":"SKIP","floor":46},{"not_picked":["BootSequence+1","Beam Cell","Gash","Streamline+1"],"picked":"SKIP","floor":48},{"not_picked":["Undo+1","Static Discharge+1","Leap+1"],"picked":"Consume+1","floor":54}],"player_experience":100702,"relics_obtained":[{"floor":6,"key":"Letter Opener"},{"floor":8,"key":"Meat on the Bone"},{"floor":12,"key":"Toxic Egg 2"},{"floor":14,"key":"Orichalcum"},{"floor":20,"key":"Tiny Chest"},{"floor":23,"key":"Question Card"},{"floor":25,"key":"Dream Catcher"},{"floor":26,"key":"Sundial"},{"floor":28,"key":"Kunai"},{"floor":30,"key":"Happy Flower"},{"floor":36,"key":"Lizard Tail"},{"floor":38,"key":"Darkstone Periapt"},{"floor":40,"key":"Potion Belt"},{"floor":40,"key":"Lantern"},{"floor":43,"key":"Omamori"},{"floor":44,"key":"Pear"},{"floor":44,"key":"Toy Ornithopter"},{"floor":46,"key":"Bronze Scales"},{"floor":46,"key":"Ginger"},{"floor":54,"key":"Torii"},{"floor":54,"key":"Boot"}],"event_choices":[{"cards_removed":["Defend_B"],"damage_healed":0,"gold_gain":0,"player_choice":"Card Removal","damage_taken":7,"max_hp_gain":0,"max_hp_loss":0,"event_name":"Golden Wing","floor":4,"gold_loss":0},{"damage_healed":0,"gold_gain":0,"player_choice":"Read","damage_taken":0,"max_hp_gain":0,"max_hp_loss":0,"event_name":"The Library","floor":19,"gold_loss":0,"cards_obtained":["Loop"]},{"cards_removed":["Strike_B"],"damage_healed":0,"gold_gain":0,"player_choice":"Purged","damage_taken":0,"max_hp_gain":0,"max_hp_loss":0,"event_name":"Purifier","floor":22,"gold_loss":0},{"damage_healed":0,"gold_gain":0,"player_choice":"Fight","damage_taken":0,"max_hp_gain":0,"max_hp_loss":0,"event_name":"MindBloom","floor":36,"gold_loss":0},{"damage_healed":0,"gold_gain":0,"player_choice":"Forge","damage_taken":0,"max_hp_gain":0,"max_hp_loss":0,"event_name":"Accursed Blacksmith","floor":37,"gold_loss":0,"cards_upgraded":["Creative AI"]},{"damage_healed":0,"gold_gain":0,"player_choice":"Ignored","damage_taken":0,"max_hp_gain":0,"max_hp_loss":0,"event_name":"Tomb of Lord Red Mask","floor":47,"gold_loss":0}],"is_beta":false,"boss_relics":[{"not_picked":["Snecko Eye","FrozenCore"],"picked":"Philosopher\u0027s Stone"},{"not_picked":["SacredBark","Empty Cage"],"picked":"Black Star"}],"items_purged_floors":[10,21,53],"is_endless":false,"potions_floor_spawned":[1,7,8,12,14,16,18,28,31,33,35,39,42,44,48],"killed_by":"The Heart","ascension_level":1}}