{"host":"p7cjtxxrilhp4dw7","time":1613680280,"event":{"mods":["BaseMod","Block Reminder","Colored Map","Curses Come First","Downfall","Highlight Path","Minty Spire (QoL Compilation)","StSLib"],"gold_per_floor":[99,117,117,117,7,7,7],"floor_reached":6,"language":"ENG","playtime":1022,"items_purged":[],"score":34,"play_id":"469924df-b546-445d-8a22-9bb0be696cd5","local_time":"20210218133120","is_ascension_mode":true,"campfire_choices":[{"data":"bronze:Mutator","floor":1,"key":"SMITH"}],"circlet_count":0,"master_deck":["bronze:Strike","bronze:Strike","bronze:Strike","bronze:Strike","bronze:Defend","bronze:Defend","bronze:Defend","bronze:Defend","bronze:Replicate","bronze:Goto","bronze:Mutator+1","bronze:BuggyMess","bronze:Spike","bronze:DazingPulse","bronze:Branch","bronze:Fortify"],"relics":["bronze:BronzeCore","Centennial Puzzle"],"acts_visited":["Exordium"],"potions_floor_usage":[5],"damage_taken":[{"damage":0,"enemies":"2 Louse","floor":2,"turns":3},{"damage":19,"enemies":"2 Louse","floor":4,"turns":8},{"damage":0,"enemies":"downfall:FleeingMerchant","floor":5,"turns":4},{"damage":25,"enemies":"3 Sentries","floor":6,"turns":5}],"seed_played":"-2995256693444384731","potions_obtained":[],"is_trial":false,"path_per_floor":["R","M","?","?","$","E"],"character_chosen":"THE_AUTOMATON","items_purchased":["Fruit Juice"],"campfire_rested":0,"item_purchase_floors":[5],"current_hp_per_floor":[70,70,45,26,31,6,6,6],"gold":7,"neow_bonus":"ONE_RANDOM_RARE_CARD","is_daily":false,"chose_seed":false,"campfire_upgraded":1,"win_rate":0.0,"timestamp":1613680280,"path_taken":["R","M","?","?","$","E"],"items_purchased_type":["Potion"],"build_version":"2020-12-22","purchased_purges":0,"victory":false,"max_hp_per_floor":[70,70,70,70,75,75,75,75],"card_choices":[{"not_picked":["bronze:ClassDefault","bronze:WhirlingStrike"],"picked":"bronze:BuggyMess","floor":2},{"not_picked":[],"picked":"bronze:Spike","floor":4},{"not_picked":[],"picked":"bronze:DazingPulse","floor":4},{"not_picked":["bronze:DelayedSlice","bronze:MaxOutput"],"picked":"bronze:Branch","floor":4},{"not_picked":["bronze:DigitalCarnage","bronze:Iterate"],"picked":"bronze:Fortify","floor":5}],"player_experience":820004,"relics_obtained":[],"event_choices":[{"damage_healed":0,"gold_gain":0,"player_choice":"Success","damage_taken":25,"relics_obtained":["Centennial Puzzle"],"max_hp_gain":0,"max_hp_loss":0,"event_name":"Scrap Ooze","floor":3,"gold_loss":0}],"is_beta":false,"boss_relics":[],"items_purged_floors":[],"is_endless":false,"potions_floor_spawned":[],"killed_by":"3 Sentries","ascension_level":1}}