{"host":"zu1swnxjkaahohqc","time":1613615884,"event":{"mods":["BaseMod","Hubris","Minty Spire (QoL Compilation)","Replay The Spire","StSLib"],"gold_per_floor":[109,109,59,59,73,98,118,153,176,186,206,50,78,78,78,182,182,202,202,221,231,231,259,327,327,327,360,0,62,76,126,126,126,126],"floor_reached":33,"language":"ENG","playtime":1710,"items_purged":["Strike_B","Defend_B"],"score":398,"play_id":"1999c71b-4396-4a40-a234-7a7ec3949bd3","local_time":"20210217213804","is_ascension_mode":true,"campfire_choices":[{"data":"Zap","floor":15,"key":"SMITH"},{"floor":25,"key":"REST"},{"floor":32,"key":"REST"}],"circlet_count":0,"master_deck":["Strike_B","Strike_B","Defend_B","Defend_B","Zap+1","Dualcast","Glacier","Doom and Gloom","Lockon+1","Electrodynamics","Consume+1","White Noise+1","Pot Of Greed","Pot Of Greed+1","Ball Lightning"],"relics":["Cracked Core","NeowsBlessing","ReplayTheSpireMod:Ring of Exchange","MealTicket","Geode","Gremlin Food","Toy Ornithopter","Nuclear Battery","SsserpentHead","Replay:Accelerometer","Grinning Jar","Replay:Rubber Ducky","Golden Egg"],"acts_visited":["Exordium","TheCity"],"potions_floor_usage":[8,11,18,33],"damage_taken":[{"damage":0,"enemies":"Small Slimes","floor":1,"turns":1},{"damage":0,"enemies":"Jaw Worm","floor":5,"turns":1},{"damage":0,"enemies":"Gremlin Nob","floor":6,"turns":1},{"damage":1,"enemies":"Cultist","floor":7,"turns":3},{"damage":21,"enemies":"Lagavulin","floor":8,"turns":10},{"damage":2,"enemies":"Looter","floor":10,"turns":3},{"damage":4,"enemies":"Lots of Slimes","floor":11,"turns":1},{"damage":8,"enemies":"Gremlin Nob","floor":13,"turns":3},{"damage":24,"enemies":"Slime Boss","floor":16,"turns":7},{"damage":2,"enemies":"Chosen","floor":18,"turns":4},{"damage":17,"enemies":"2 Thieves","floor":20,"turns":3},{"damage":14,"enemies":"Snake Plant","floor":21,"turns":4},{"damage":21,"enemies":"Slavers","floor":23,"turns":6},{"damage":3,"enemies":"3 Cultists","floor":24,"turns":3},{"damage":11,"enemies":"Book of Stabbing","floor":27,"turns":5},{"damage":38,"enemies":"Shelled Parasite and Fungi","floor":29,"turns":5},{"damage":0,"enemies":"Centurion and Healer","floor":30,"turns":3},{"damage":49,"enemies":"Champ","floor":33,"turns":6}],"seed_played":"3861683132503272658","potions_obtained":[{"floor":5,"key":"Dexterity Potion"},{"floor":8,"key":"Fire Potion"},{"floor":11,"key":"Block Potion"},{"floor":24,"key":"FearPotion"},{"floor":27,"key":"Venom Potion"}],"is_trial":false,"path_per_floor":["M","?","?","?","M","E","M","E","T","M","M","$","E","$","R","B",null,"M","?","M","M","?","E","M","R","T","E","$","M","M","?","R","B"],"character_chosen":"DEFECT","items_purchased":["Lockon","Golden Egg"],"campfire_rested":2,"item_purchase_floors":[12,28],"current_hp_per_floor":[75,75,75,68,68,68,67,46,46,44,40,55,47,62,62,38,75,73,73,56,42,42,21,18,40,40,29,44,6,6,6,28,0,0],"gold":126,"neow_bonus":"THREE_ENEMY_KILL","is_daily":false,"chose_seed":false,"campfire_upgraded":1,"win_rate":0.0,"timestamp":1613615884,"path_taken":["M","?","?","?","M","E","M","E","T","M","M","?","E","$","R","BOSS","M","?","M","M","?","E","?","R","T","E","$","?","M","?","R","BOSS"],"items_purchased_type":["Card","Relic"],"build_version":"2020-12-13","purchased_purges":2,"victory":false,"max_hp_per_floor":[75,75,75,75,75,75,75,75,75,75,75,75,75,75,75,75,75,75,75,75,75,75,75,75,75,75,75,75,75,75,75,75,75,75],"card_choices":[{"not_picked":["Panic Button","Coolheaded"],"picked":"Glacier","floor":1},{"not_picked":["Compile Driver","Cold Snap","Streamline"],"picked":"SKIP","floor":5},{"not_picked":["Reprogram","Conserve Battery","Go for the Eyes"],"picked":"SKIP","floor":6},{"not_picked":["Compile Driver","Go for the Eyes"],"picked":"Doom and Gloom","floor":7},{"not_picked":["Steam","Streamline","hubris:DoWhile"],"picked":"SKIP","floor":8},{"not_picked":["Coolheaded","Streamline","Go for the Eyes"],"picked":"SKIP","floor":10},{"not_picked":["Panic Button","Sweeping Beam","Beam Cell"],"picked":"SKIP","floor":11},{"not_picked":["Beam Cell","Compile Driver","Self Repair"],"picked":"SKIP","floor":13},{"not_picked":["Hyperbeam","hubris:DoWhile"],"picked":"Electrodynamics","floor":16},{"not_picked":["Steam","Compile Driver"],"picked":"Consume","floor":18},{"not_picked":["BasicCrystalCard","Cold Snap","Beam Cell"],"picked":"SKIP","floor":20},{"not_picked":["Gash+1","Redo","ReplaySort"],"picked":"SKIP","floor":21},{"not_picked":["Stack","Compile Driver+1","Steam+1"],"picked":"SKIP","floor":23},{"not_picked":["Cold Snap+1","Hologram+1"],"picked":"White Noise+1","floor":24},{"not_picked":["Chaos","Scrape","Streamline"],"picked":"SKIP","floor":27},{"not_picked":["Conserve Battery","Heatsinks"],"picked":"Ball Lightning","floor":29},{"not_picked":["Sunder","Darkness+1","Creative AI"],"picked":"SKIP","floor":30}],"player_experience":11762,"relics_obtained":[{"floor":2,"key":"ReplayTheSpireMod:Ring of Exchange"},{"floor":6,"key":"MealTicket"},{"floor":8,"key":"Geode"},{"floor":9,"key":"Gremlin Food"},{"floor":13,"key":"Toy Ornithopter"},{"floor":23,"key":"Replay:Accelerometer"},{"floor":26,"key":"Grinning Jar"},{"floor":27,"key":"Replay:Rubber Ducky"}],"event_choices":[{"cards_removed":["Defend_B"],"damage_healed":0,"gold_gain":0,"player_choice":"Card Removal","damage_taken":0,"max_hp_gain":0,"max_hp_loss":0,"event_name":"The Cleric","floor":3,"gold_loss":50},{"cards_removed":["Strike_B"],"damage_healed":0,"gold_gain":0,"player_choice":"Card Removal","damage_taken":7,"max_hp_gain":0,"max_hp_loss":0,"event_name":"Golden Wing","floor":4,"gold_loss":0},{"damage_healed":0,"gold_gain":0,"player_choice":"Trade","damage_taken":0,"relics_obtained":["SsserpentHead"],"max_hp_gain":0,"max_hp_loss":0,"event_name":"FaceTrader","floor":22,"gold_loss":0}],"is_beta":false,"boss_relics":[{"not_picked":["Guide Book","ChewingGum"],"picked":"Nuclear Battery"}],"items_purged_floors":[12,28],"is_endless":false,"potions_floor_spawned":[5,8,11,24,27],"killed_by":"Champ","ascension_level":4}}