{"host":"6dypmz777xraikqf","time":1613614709,"event":{"mods":["AchievementEnabler","BaseMod","BetterRewards","Colored Map","Colored Powertips","Downfall","Highlight Path","Hubris","Infinite Spire","Minty Spire (QoL Compilation)","Replay The Spire","StSLib"],"gold_per_floor":[117,117,128,147,166,191,191,25,25,83,83,83,100,100,100,113,113,210,210,229,58,78,28,48,74,74,89,89,89,89],"floor_reached":29,"language":"ENG","playtime":1473,"items_purged":["Collect"],"score":294,"play_id":"f78c95b8-1050-44d8-8e2b-14d987194d1b","local_time":"20210218021829","is_ascension_mode":true,"campfire_choices":[{"floor":7,"key":"REST"},{"data":"Nirvana","floor":12,"key":"SMITH"},{"floor":17,"key":"REST"},{"floor":26,"key":"REST"}],"circlet_count":0,"master_deck":["Eruption","Vigilance","BattleHymn","EmptyBody","Brilliance","TalkToTheHand","FollowUp","Evaluate","ThirdEye","Weave","Replay:BluntJabs","CutThroughFate","Nirvana+1","JustLucky","BattleHymn","DevaForm","SashWhip+1","Replay:Dark Deal","Prostrate","Prostrate","ThirdEye","Evaluate+1"],"relics":["Pandora\u0027s Box","Shuriken","Ancient Tea Set","Yang","Ring of Chaos","Girya","hubris:MysteriousPyramids"],"acts_visited":["Exordium","TheCity"],"potions_floor_usage":[18,29],"damage_taken":[{"damage":0,"enemies":"Cultist","floor":1,"turns":3},{"damage":6,"enemies":"2 Louse","floor":3,"turns":2},{"damage":0,"enemies":"Small Slimes","floor":4,"turns":2},{"damage":20,"enemies":"Gremlin Gang","floor":5,"turns":3},{"damage":19,"enemies":"3 Sentries","floor":6,"turns":4},{"damage":0,"enemies":"Large Slime","floor":13,"turns":2},{"damage":20,"enemies":"Lots of Slimes","floor":16,"turns":2},{"damage":39,"enemies":"The Guardian","floor":18,"turns":6},{"damage":1,"enemies":"3 Byrds","floor":20,"turns":6},{"damage":21,"enemies":"2 Thieves","floor":22,"turns":4},{"damage":37,"enemies":"Sentry and Sphere","floor":24,"turns":5},{"damage":3,"enemies":"Book of Stabbing","floor":25,"turns":2},{"damage":11,"enemies":"Shelled Parasite and Fungi","floor":27,"turns":6},{"damage":30,"enemies":"Gremlin Leader","floor":29,"turns":5}],"seed_played":"6195687370881370867","potions_obtained":[{"floor":4,"key":"EssenceOfSteel"},{"floor":6,"key":"champ:CounterPotion"},{"floor":13,"key":"Dexterity Potion"},{"floor":24,"key":"Energy Potion"},{"floor":25,"key":"ColorlessPotion"}],"is_trial":false,"path_per_floor":["M","T","M","M","M","E","R","$","T","?","?","R","M","PTL","PTL","M","R","B",null,"M","$","M","?","M","E","R","M","T","E"],"character_chosen":"WATCHER","items_purchased":["Nirvana","JustLucky","Replay:Dark Deal"],"campfire_rested":3,"item_purchase_floors":[8,8,21],"current_hp_per_floor":[72,72,66,66,46,27,48,48,48,48,48,48,48,48,48,28,49,10,72,71,71,50,50,13,10,31,20,20,0,0],"gold":89,"neow_bonus":"BOSS_RELIC","is_daily":false,"chose_seed":false,"campfire_upgraded":1,"win_rate":0.0,"timestamp":1613614709,"path_taken":["M","?","M","M","M","E","R","?","T","?","?","R","?","PTL","PTL","M","R","BOSS","M","$","M","?","M","E","R","?","T","E"],"items_purchased_type":["Card","Card","Card"],"build_version":"2020-12-22","purchased_purges":1,"victory":false,"max_hp_per_floor":[72,72,72,72,72,72,72,72,72,72,72,72,72,72,72,72,72,72,72,72,72,72,72,72,72,72,72,72,72,72],"card_choices":[{"not_picked":["FlurryOfBlows","SashWhip"],"picked":"ThirdEye","floor":1},{"not_picked":["WreathOfFlame","Collect"],"picked":"Weave","floor":3},{"not_picked":["EmptyBody","Protect"],"picked":"Replay:BluntJabs","floor":4},{"not_picked":["Swivel","Halt"],"picked":"CutThroughFate","floor":5},{"not_picked":["Replay:BluntJabs","ThirdEye","Replay:DivineShield"],"picked":"SKIP","floor":6},{"not_picked":["EmptyBody","FlyingSleeves"],"picked":"BattleHymn","floor":13},{"not_picked":["CarveReality","Study","Replay:Anticipation"],"picked":"SKIP","floor":16},{"not_picked":["Replay:LoomingThreat","MasterReality"],"picked":"DevaForm","floor":18},{"not_picked":["Replay:ManipulateFuture","Replay:Vibes"],"picked":"SashWhip+1","floor":20},{"not_picked":["SashWhip","ConjureBlade"],"picked":"Prostrate","floor":22},{"not_picked":["Crescendo","Replay:ManipulateFuture+1"],"picked":"Prostrate","floor":24},{"not_picked":["ClearTheMind","LikeWater"],"picked":"ThirdEye","floor":25},{"not_picked":["SashWhip","PathToVictory+1"],"picked":"Evaluate+1","floor":27}],"player_experience":256640,"relics_obtained":[{"floor":2,"key":"Shuriken"},{"floor":6,"key":"Ancient Tea Set"},{"floor":9,"key":"Yang"},{"floor":25,"key":"Girya"},{"floor":28,"key":"hubris:MysteriousPyramids"}],"event_choices":[{"damage_healed":0,"gold_gain":58,"player_choice":"Gained Gold","damage_taken":0,"max_hp_gain":0,"max_hp_loss":0,"event_name":"Golden Wing","floor":10,"gold_loss":0},{"cards_removed":["Blasphemy"],"damage_healed":0,"gold_gain":0,"player_choice":"Purged","damage_taken":0,"max_hp_gain":0,"max_hp_loss":0,"event_name":"Purifier","floor":11,"gold_loss":0},{"damage_healed":0,"gold_gain":0,"player_choice":"Bet on Murderer","damage_taken":0,"max_hp_gain":0,"max_hp_loss":0,"event_name":"The Joust","floor":23,"gold_loss":50}],"is_beta":false,"boss_relics":[{"not_picked":["Coffee Dripper","Replay:Drink Me"],"picked":"Ring of Chaos"}],"items_purged_floors":[8],"is_endless":false,"potions_floor_spawned":[4,6,13,16,24,25],"killed_by":"Gremlin Leader","ascension_level":4}}