{"host":"wshey5htrz8rni6u","time":1613636872,"event":{"mods":["2.2 Compatiblity","BaseMod","Block Reminder","Colored Map","Colored Powertips","Current Relic Mod","Curses Come First","Dark Map","Key Reminder","Keyboard Shortcuts","Minty Spire (QoL Compilation)","Potion Indicator Mod","Quick Restart","Random Character Button","Relic Sorter","Relic Stats","StSLib","SuperFastMode","Unceasing Turn Reminder","UnlockEverythingMod","Weighted Paths"],"gold_per_floor":[109,59,76,76,1,27,27,27,27,38,57,3,28,103,103,103,103],"floor_reached":16,"language":"ENG","playtime":725,"items_purged":["Strike_G"],"score":146,"play_id":"ef700279-5b5f-4b31-89a0-8362eee2ab06","local_time":"20210218002752","is_ascension_mode":true,"campfire_choices":[{"floor":7,"key":"REST"},{"data":"Catalyst","floor":15,"key":"SMITH"}],"circlet_count":0,"master_deck":["Strike_G","Defend_G","Defend_G","Defend_G","Defend_G","Defend_G","Survivor","Neutralize","Escape Plan","Crippling Poison","Terror","Quick Slash","Corpse Explosion","Bane","Dagger Throw","Poisoned Stab","Catalyst+1"],"relics":["Ring of the Snake","Anchor","Frozen Egg 2","Orichalcum"],"acts_visited":["Exordium"],"potions_floor_usage":[13,16],"damage_taken":[{"damage":3,"enemies":"Small Slimes","floor":1,"turns":6},{"damage":2,"enemies":"Jaw Worm","floor":3,"turns":8},{"damage":39,"enemies":"3 Sentries","floor":6,"turns":17},{"damage":1,"enemies":"2 Louse","floor":10,"turns":2},{"damage":0,"enemies":"Exordium Wildlife","floor":11,"turns":3},{"damage":9,"enemies":"Gremlin Nob","floor":13,"turns":4},{"damage":42,"enemies":"Slime Boss","floor":16,"turns":8}],"seed_played":"-5736852797343281004","potions_obtained":[{"floor":10,"key":"SteroidPotion"},{"floor":11,"key":"FearPotion"},{"floor":13,"key":"GamblersBrew"}],"is_trial":false,"path_per_floor":["M","?","M","?","$","E","R","?","T","M","M","$","E","?","R","B"],"character_chosen":"THE_SILENT","items_purchased":["Poisoned Stab"],"campfire_rested":1,"item_purchase_floors":[12],"current_hp_per_floor":[60,60,58,58,58,19,40,63,63,62,62,62,53,42,42,0,0],"gold":103,"neow_bonus":"TRANSFORM_CARD","is_daily":false,"chose_seed":false,"campfire_upgraded":1,"win_rate":0.0,"timestamp":1613636872,"path_taken":["M","?","M","?","$","E","R","?","T","?","M","$","E","?","R","BOSS"],"items_purchased_type":["Card"],"build_version":"2020-12-13","purchased_purges":1,"victory":false,"max_hp_per_floor":[70,70,70,70,70,70,70,70,70,70,70,70,70,70,70,70,70],"relic_stats":{"counters":[7,48],"Orichalcum":[30],"obtain_stats":[{"Anchor":6,"Frozen Egg 2":9,"Orichalcum":13,"Ring of the Snake":0},{"Anchor":3,"Frozen Egg 2":3,"Orichalcum":6,"Ring of the Snake":0},{"Anchor":31,"Frozen Egg 2":31,"Orichalcum":40,"Ring of the Snake":0}],"Ring of the Snake":[14]},"card_choices":[{"not_picked":["Deflect","Blade Dance"],"picked":"Crippling Poison","floor":1},{"not_picked":["Sucker Punch","Distraction"],"picked":"Terror","floor":3},{"not_picked":["Underhanded Strike","PiercingWail"],"picked":"Corpse Explosion","floor":6},{"not_picked":["Backstab","Backflip"],"picked":"Bane","floor":10},{"not_picked":["Blade Dance","PiercingWail"],"picked":"Dagger Throw","floor":11},{"not_picked":["Riddle With Holes","Distraction"],"picked":"Catalyst","floor":13}],"player_experience":102933,"relics_obtained":[{"floor":6,"key":"Anchor"},{"floor":9,"key":"Frozen Egg 2"},{"floor":13,"key":"Orichalcum"}],"event_choices":[{"cards_removed":["Strike_G"],"damage_healed":0,"gold_gain":0,"player_choice":"Card Removal","damage_taken":0,"max_hp_gain":0,"max_hp_loss":0,"event_name":"The Cleric","floor":2,"gold_loss":50},{"damage_healed":0,"gold_gain":0,"cards_transformed":["Strike_G"],"player_choice":"Change","damage_taken":0,"max_hp_gain":0,"max_hp_loss":0,"event_name":"Living Wall","floor":4,"gold_loss":0,"cards_obtained":["Quick Slash"]},{"damage_healed":23,"gold_gain":0,"player_choice":"Banana","damage_taken":0,"max_hp_gain":0,"max_hp_loss":0,"event_name":"Big Fish","floor":8,"gold_loss":0},{"damage_healed":0,"gold_gain":75,"player_choice":"Gather Gold","damage_taken":11,"max_hp_gain":0,"max_hp_loss":0,"event_name":"World of Goop","floor":14,"gold_loss":0}],"is_beta":false,"boss_relics":[],"items_purged_floors":[5],"is_endless":false,"potions_floor_spawned":[10,11,13],"killed_by":"Slime Boss","ascension_level":7}}