{"host":"qgrlfjrqk9z96gfi","time":1613628833,"event":{"mods":["BaseMod","Block Reminder","Colored Map","Custom Start","DeckTracker","Minty Spire (QoL Compilation)"],"gold_per_floor":[213,35,35,66,141,141,226,296,296,296,352,352,29,29,29,125,125,171,96,146,190,253,253,312,312,361,427,234,294,294,337,337,430,430,468,143,181,244,293,293,358,358,358,358,402,470,495,536,536,561,561],"floor_reached":52,"language":"ENG","playtime":2782,"items_purged":["Strike_G","Strike_G","Strike_G"],"score":2012,"play_id":"330fde41-319a-4db2-b223-93d50fb7f32d","local_time":"20210217201353","is_ascension_mode":true,"campfire_choices":[{"data":"HandOfGreed","floor":6.0,"key":"SMITH"},{"data":"Neutralize","floor":10.0,"key":"SMITH"},{"data":"Blade Dance","floor":12.0,"key":"SMITH"},{"data":"Leg Sweep","floor":15.0,"key":"SMITH"},{"data":"After Image","floor":23.0,"key":"SMITH"},{"floor":25.0,"key":"REST"},{"data":"Blade Dance","floor":30.0,"key":"SMITH"},{"data":"Noxious Fumes","floor":32.0,"key":"SMITH"},{"data":"Accuracy","floor":40.0,"key":"SMITH"},{"floor":42.0,"key":"REST"},{"floor":49.0,"key":"REST"}],"circlet_count":0,"master_deck":["AscendersBane","Strike_G","Strike_G","Defend_G","Defend_G","Defend_G","Defend_G","Defend_G","Survivor","Neutralize+1","Predator","HandOfGreed+1","Blade Dance+1","Leg Sweep+1","Backstab","After Image+1","Concentrate+1","Dagger Spray+1","Deflect+1","PiercingWail","Noxious Fumes+1","Blade Dance+1","Blur","Bullet Time","Endless Agony","Accuracy+1","Tools of the Trade","Burst","Neutralize","Escape Plan+1","Cloak And Dagger"],"relics":["Ring of the Snake","Meat on the Bone","Potion Belt","MealTicket","Shuriken","Kunai","Golden Idol","Runic Pyramid","PreservedInsect","Nunchaku","Mummified Hand","Ancient Tea Set","Sozu","Pen Nib","Pantograph","Darkstone Periapt","Juzu Bracelet","Toy Ornithopter"],"acts_visited":["Exordium","TheCity","TheBeyond"],"potions_floor_usage":[],"damage_taken":[{"damage":8.0,"enemies":"Jaw Worm","floor":1.0,"turns":7.0},{"damage":0.0,"enemies":"2 Louse","floor":4.0,"turns":4.0},{"damage":17.0,"enemies":"3 Sentries","floor":7.0,"turns":7.0},{"damage":0.0,"enemies":"Small Slimes","floor":8.0,"turns":4.0},{"damage":30.0,"enemies":"Gremlin Nob","floor":11.0,"turns":4.0},{"damage":10.0,"enemies":"Hexaghost","floor":16.0,"turns":13.0},{"damage":7.0,"enemies":"Chosen","floor":18.0,"turns":7.0},{"damage":1.0,"enemies":"2 Thieves","floor":21.0,"turns":4.0},{"damage":13.0,"enemies":"Shelled Parasite and Fungi","floor":22.0,"turns":5.0},{"damage":23.0,"enemies":"Gremlin Leader","floor":24.0,"turns":8.0},{"damage":5.0,"enemies":"Book of Stabbing","floor":27.0,"turns":5.0},{"damage":8.0,"enemies":"Gremlin Leader","floor":29.0,"turns":6.0},{"damage":0.0,"enemies":"Snecko","floor":31.0,"turns":6.0},{"damage":7.0,"enemies":"Champ","floor":33.0,"turns":12.0},{"damage":0.0,"enemies":"3 Darklings","floor":35.0,"turns":5.0},{"damage":0.0,"enemies":"3 Shapes","floor":37.0,"turns":5.0},{"damage":16.0,"enemies":"Sphere and 2 Shapes","floor":38.0,"turns":7.0},{"damage":3.0,"enemies":"4 Shapes","floor":39.0,"turns":7.0},{"damage":0.0,"enemies":"Nemesis","floor":41.0,"turns":5.0},{"damage":7.0,"enemies":"Jaw Worm Horde","floor":45.0,"turns":7.0},{"damage":14.0,"enemies":"Giant Head","floor":46.0,"turns":7.0},{"damage":0.0,"enemies":"Transient","floor":47.0,"turns":6.0},{"damage":26.0,"enemies":"Reptomancer","floor":48.0,"turns":6.0},{"damage":4,"enemies":"Awakened One","floor":50,"turns":13},{"damage":22,"enemies":"Time Eater","floor":51,"turns":11}],"seed_played":"8604365142664491850","potions_obtained":[{"floor":1.0,"key":"EntropicBrew"},{"floor":11.0,"key":"Fire Potion"},{"floor":18.0,"key":"SpeedPotion"},{"floor":21.0,"key":"EssenceOfSteel"},{"floor":29.0,"key":"Swift Potion"}],"is_trial":false,"path_per_floor":["M","$","?","M","?","R","E","M","T","R","E","R","$","?","R","B",null,"M","$","?","M","M","R","E","R","T","E","$","E","R","M","R","B",null,"M","$","M","M","M","R","E","R","T","?","M","E","M","E","R","B","B",null],"character_chosen":"THE_SILENT","items_purchased":["HandOfGreed","Kunai","Backstab","PiercingWail","Noxious Fumes","Pen Nib","Accuracy"],"campfire_rested":3,"item_purchase_floors":[2,13,13,28,28,36,36],"current_hp_per_floor":[51,51,33,45,34,34,29,41,41,41,23,23,38,38,38,40,55,48,60,60,59,46,46,35,53,53,48,60,52,52,52,52,45,56,56,60,60,44,41,41,41,59,59,59,52,38,38,24,42,56,38],"gold":561,"neow_bonus":"HUNDRED_GOLD","is_daily":false,"chose_seed":false,"campfire_upgraded":8,"win_rate":0.0,"timestamp":1613628833,"path_taken":["M","$","?","M","?","R","E","M","T","R","E","R","$","?","R","BOSS","M","$","?","M","M","R","E","R","T","E","$","E","R","M","R","BOSS","M","$","M","M","?","R","E","R","T","?","M","E","M","E","R","BOSS","BOSS"],"items_purchased_type":["Card","Relic","Card","Card","Card","Relic","Card"],"build_version":"2020-12-22","purchased_purges":3,"victory":true,"max_hp_per_floor":[66,66,66,66,66,66,66,66,66,66,66,66,66,60,60,60,60,60,60,60,60,60,60,60,60,60,60,60,60,60,60,60,60,60,60,60,60,60,60,60,60,60,60,60,60,60,60,60,60,60,60],"card_choices":[{"not_picked":["Leg Sweep","Calculated Gamble"],"picked":"Predator","floor":1.0},{"not_picked":["Slice","Predator","Blur"],"picked":"SKIP","floor":4.0},{"not_picked":["Deadly Poison","Blur","Riddle With Holes"],"picked":"SKIP","floor":7.0},{"not_picked":["Deadly Poison","Dodge and Roll"],"picked":"Blade Dance","floor":8.0},{"not_picked":["Storm of Steel","Slice"],"picked":"Leg Sweep","floor":11.0},{"not_picked":["Tools of the Trade","Night Terror"],"picked":"After Image","floor":16.0},{"not_picked":["Deadly Poison","Quick Slash"],"picked":"Concentrate+1","floor":18.0},{"not_picked":["Bane","Distraction"],"picked":"Dagger Spray+1","floor":21.0},{"not_picked":["Bane","Outmaneuver+1"],"picked":"Deflect+1","floor":22.0},{"not_picked":["Prepared","Well Laid Plans","Finisher"],"picked":"SKIP","floor":24.0},{"not_picked":["Quick Slash","Deflect","Storm of Steel"],"picked":"SKIP","floor":27.0},{"not_picked":["Blur","Outmaneuver"],"picked":"Blade Dance","floor":29.0},{"not_picked":["Quick Slash","Poisoned Stab"],"picked":"Blur","floor":31.0},{"not_picked":["Burst","Night Terror"],"picked":"Bullet Time","floor":33.0},{"not_picked":["Prepared","Well Laid Plans+1"],"picked":"Endless Agony","floor":35.0},{"not_picked":["Sucker Punch","Prepared","Choke"],"picked":"SKIP","floor":37.0},{"not_picked":["Quick Slash+1","Outmaneuver"],"picked":"Tools of the Trade","floor":38.0},{"not_picked":["Flying Knee","Underhanded Strike","Dash+1"],"picked":"SKIP","floor":39.0},{"not_picked":["Dash","Choke","Leg Sweep"],"picked":"SKIP","floor":41.0},{"not_picked":["Masterful Stab","Expertise+1"],"picked":"Escape Plan+1","floor":45.0},{"not_picked":["Glass Knife","Deadly Poison","Flying Knee"],"picked":"SKIP","floor":46.0},{"not_picked":["Well Laid Plans","Riddle With Holes","Slice"],"picked":"SKIP","floor":47.0},{"not_picked":["Reflex","Bouncing Flask+1"],"picked":"Cloak And Dagger","floor":48.0}],"player_experience":1157589,"relics_obtained":[{"floor":7.0,"key":"Potion Belt"},{"floor":9.0,"key":"MealTicket"},{"floor":11.0,"key":"Shuriken"},{"floor":24.0,"key":"PreservedInsect"},{"floor":26.0,"key":"Nunchaku"},{"floor":27.0,"key":"Mummified Hand"},{"floor":29.0,"key":"Ancient Tea Set"},{"floor":41.0,"key":"Pantograph"},{"floor":43.0,"key":"Darkstone Periapt"},{"floor":46.0,"key":"Juzu Bracelet"},{"floor":48.0,"key":"Toy Ornithopter"}],"event_choices":[{"damage_healed":0.0,"max_hp_gain":0.0,"max_hp_loss":0.0,"gold_gain":0.0,"event_name":"Scrap Ooze","player_choice":"Success","floor":3.0,"gold_loss":0.0,"damage_taken":18.0,"relics_obtained":["Meat on the Bone"]},{"damage_healed":0.0,"max_hp_gain":0.0,"max_hp_loss":0.0,"gold_gain":75.0,"event_name":"World of Goop","player_choice":"Gather Gold","floor":5.0,"gold_loss":0.0,"damage_taken":11.0},{"damage_healed":0.0,"max_hp_gain":0.0,"max_hp_loss":6.0,"gold_gain":0.0,"event_name":"Golden Idol","player_choice":"Lose Max HP","floor":14.0,"gold_loss":0.0,"damage_taken":0.0,"relics_obtained":["Golden Idol"]},{"damage_healed":0.0,"max_hp_gain":0.0,"max_hp_loss":0.0,"gold_gain":100.0,"event_name":"The Joust","player_choice":"Bet on Murderer","floor":20.0,"gold_loss":50.0,"damage_taken":0.0},{"damage_healed":0.0,"max_hp_gain":0.0,"max_hp_loss":0.0,"gold_gain":0.0,"event_name":"Match and Keep!","player_choice":"2 cards matched","floor":44.0,"gold_loss":0.0,"damage_taken":0.0,"cards_obtained":["Burst","Neutralize"]}],"is_beta":false,"boss_relics":[{"not_picked":["Calling Bell","HoveringKite"],"picked":"Runic Pyramid"},{"not_picked":["Tiny House","WristBlade"],"picked":"Sozu"}],"items_purged_floors":[19,28,36],"is_endless":false,"potions_floor_spawned":[1,11,18,21,29,35,38,39,47],"ascension_level":20}}