{"host":"bplbr8uekuotory4","time":1613642460,"event":{"mods":["Act Like it!","BaseMod","GungeonMod","Hermit","KinomotoSakuraMod(木之本樱)","Marisa（F雨　魔理沙）","Minty Spire (QoL Compilation)","Prisma Mod","Quick Restart","Reimu（博丽灵梦）","SOS（斯巴达之子）","Spicy Shops","StSLib","TestMod","The Blackbeard","The Cursed","The Mystic","The Saiyan","The Senshi","The Servant 0.9.4","Yuri Mod","[IsaacMod]以撒尖塔"],"gold_per_floor":[118,118,129,129,529,561,561,571,639,648,426,426,454,482,482,622,622,665,697,697,697,726,770,792,792,871,871,306,334,334,382,382,509,509,545,580,609,419,450,450,507,566,577,588,359,372,402,446,446,451,455,455,455,69,106,119],"floor_reached":57,"language":"ZHS","playtime":1697,"items_purged":["Poor:ReiMu","blackbeard:Cutlass","blackbeard:BlackbeardDefend","blackbeard:BlackbeardStrike","blackbeard:BlackbeardDefend","blackbeard:BlackbeardDefend+1","blackbeard:BlackbeardStrike","blackbeard:BlackbeardStrike","blackbeard:BlackbeardDefend+1","blackbeard:BountyHunter","blackbeard:IntimidatingStrike"],"score":4334,"play_id":"598099be-10e7-4ed8-bde6-e664e4a58336","local_time":"20210218180100","is_ascension_mode":true,"campfire_choices":[{"data":"blackbeard:CaptainsCabin","floor":15,"key":"SMITH"},{"data":"blackbeard:CaptainsHat","floor":30,"key":"SMITH"},{"data":"blackbeard:ReapersScythe","floor":32,"key":"SMITH"},{"data":"blackbeard:BoostMorale","floor":40,"key":"SMITH"},{"data":"blackbeard:MegaUpgrade","floor":44,"key":"SMITH"},{"floor":49,"key":"RECALL"},{"data":"blackbeard:Intoxication","floor":53,"key":"SMITH"}],"circlet_count":0,"master_deck":["AscendersBane","blackbeard:GoldenStrike+1","blackbeard:CaptainsCabin+1","blackbeard:ReapersScythe+1","blackbeard:GoldenCannonball+1","blackbeard:Intoxication+1","blackbeard:CaptainsHat+1","blackbeard:Toast","blackbeard:BoostMorale+1","blackbeard:MegaUpgrade+1","blackbeard:PirateStrength+1","blackbeard:TacticalRetreat+1","blackbeard:Lifeboat"],"relics":["blackbeard:LoadTheCannons","testmod-TestBox","HushsDoor","GuppysTail","testmod-AscensionHeart","NeowsBlessing","HornCleat","Prayer Wheel","YidongShenshe:ReiMu","War Paint","Juzu Bracelet","Lantern","ChampionBelt","GuppysCollar","MomsKnife","DoctorsRemote","DemoMod:WhiteGuonStone","Nilry\u0027s Codex","Dream Catcher","Smiling Mask","Pantograph","CaptainsWheel","SatanicBible","testmod-ObsoleteBoomerang","testmod-Charity","TheBean","testmod-Justice","SalivaCoin","DemoMod:GlassGuonStoneRelic","DemoMod:MonsterBlood","testmod-DeterminationOfClimber","GuppysPaw","Kunai","Gambling Chip","Oddly Smooth Stone","ClockworkSouvenir","Centennial Puzzle","CatCart","Pear","MawBank","D6","Anchor","PillsDrop","SteamSale","Akabeko","DemoMod:MeatBun","Whetstone"],"acts_visited":["Exordium","TheCity","TheBeyond","TheEnding"],"potions_floor_usage":[33,56,56],"damage_taken":[{"damage":0.0,"enemies":"Jaw Worm","floor":1.0,"turns":1.0},{"damage":0.0,"enemies":"2 Louse","floor":3.0,"turns":1.0},{"damage":0.0,"enemies":"Gremlin Nob","floor":6.0,"turns":1.0},{"damage":10.0,"enemies":"3 Sentries","floor":8.0,"turns":5.0},{"damage":0.0,"enemies":"Cultist","floor":10.0,"turns":4.0},{"damage":15.0,"enemies":"Gremlin Nob","floor":13.0,"turns":5.0},{"damage":0,"enemies":"Blue Slaver","floor":14,"turns":1},{"damage":0,"enemies":"Slime Boss","floor":16,"turns":4},{"damage":2,"enemies":"Slavers","floor":18,"turns":4},{"damage":0,"enemies":"Gremlin Leader","floor":19,"turns":3},{"damage":3,"enemies":"Book of Stabbing","floor":22,"turns":5},{"damage":0,"enemies":"Slavers","floor":23,"turns":3},{"damage":0,"enemies":"Book of Stabbing","floor":24,"turns":3},{"damage":0,"enemies":"Gremlin Leader","floor":29,"turns":1},{"damage":2,"enemies":"Slavers","floor":31,"turns":3},{"damage":0,"enemies":"Champ","floor":33,"turns":5},{"damage":0,"enemies":"Nemesis","floor":35,"turns":1},{"damage":0,"enemies":"Reptomancer","floor":36,"turns":1},{"damage":0,"enemies":"Giant Head","floor":37,"turns":2},{"damage":0,"enemies":"Reptomancer","floor":39,"turns":1},{"damage":0,"enemies":"Orin","floor":41,"turns":2},{"damage":0,"enemies":"Hiden Room Battle","floor":42,"turns":1},{"damage":0,"enemies":"Orb Walker","floor":46,"turns":1},{"damage":0,"enemies":"3 Shapes","floor":47,"turns":1},{"damage":0,"enemies":"Nemesis","floor":48,"turns":1},{"damage":0,"enemies":"Awakened One","floor":50,"turns":3},{"damage":0,"enemies":"Time Eater","floor":51,"turns":2},{"damage":0,"enemies":"Shield and Spear","floor":55,"turns":1},{"damage":0,"enemies":"The Heart","floor":56,"turns":5}],"seed_played":"-2697097833973374925","potions_obtained":[{"floor":1.0,"key":"Explosive Potion"},{"floor":13.0,"key":"SpeedPotion"},{"floor":16,"key":"Ancient Potion"},{"floor":22,"key":"Strength Potion"},{"floor":24,"key":"DemoMod:LeadSkinPotion"},{"floor":33,"key":"DuplicationPotion"}],"is_trial":false,"path_per_floor":["M","?","M","?","?","E","?","E","T","M","$","?","E","M","R","B",null,"M","M","?","?","M","E","M","?","T","T","$","M","R","M","R","B",null,"M","M","M","$","M","R","?","?","T","R","$","M","M","M","R","B","B",null,"R","$","E","B",null],"character_chosen":"BLACKBEARD_CLASS","items_purchased":["Juzu Bracelet","GuppysCollar","MomsKnife","blackbeard:CaptainsHat","testmod-Charity","TheBean","testmod-Justice","GuppysPaw","ClockworkSouvenir","Anchor","SteamSale","Akabeko","DemoMod:MeatBun"],"campfire_rested":0,"item_purchase_floors":[11,17,17,17,28,28,28,34,38,45,54,54,54],"current_hp_per_floor":[65,65,66,64,64,66,66,61,61,62,62,135,122,123,123,129,98,97,99,90,90,89,91,93,88,88,88,92,95,95,105,105,126,109,114,119,125,127,135,135,142,159,160,161,165,167,173,180,180,194,204,204,204,210,218,240],"gold":119,"neow_bonus":"THREE_ENEMY_KILL","is_daily":false,"chose_seed":false,"campfire_upgraded":6,"win_rate":0.0,"timestamp":1613642460,"path_taken":["M","?","?","?","?","E","?","E","T","M","$","?","E","M","R","BOSS","M","M","?","?","M","E","M","?","T","?","$","M","R","M","R","BOSS","M","M","M","$","M","R","?","?","T","R","$","M","M","M","R","BOSS","BOSS","R","$","E","BOSS"],"items_purchased_type":["Relic","Relic","Relic","Card","Relic","Relic","Relic","Relic","Relic","Relic","Relic","Relic","Relic"],"build_version":"2020-12-22","purchased_purges":11,"victory":true,"max_hp_per_floor":[71,71,71,71,71,72,72,73,73,73,73,146,147,147,147,152,98,99,100,100,100,101,102,103,103,103,103,107,109,109,120,120,126,109,114,119,125,127,135,135,142,159,160,161,165,167,173,180,180,194,204,204,204,210,218,240],"card_choices":[{"not_picked":[],"picked":"ChaosCard","floor":0.0},{"not_picked":["blackbeard:Sharpening","blackbeard:PirateHook"],"picked":"Bomb","floor":1.0},{"not_picked":["blackbeard:GoldenDefense","blackbeard:Dagger","blackbeard:Sword"],"picked":"SKIP","floor":3.0},{"not_picked":["blackbeard:GoldenRain","blackbeard:Salvager"],"picked":"blackbeard:BountyHunter","floor":6.0},{"not_picked":["blackbeard:GoldenRain","blackbeard:Parrot","blackbeard:Salvager"],"picked":"SKIP","floor":8.0},{"not_picked":["blackbeard:WeaponProficiency","blackbeard:Eyepatch"],"picked":"blackbeard:GoldenStrike","floor":10.0},{"not_picked":["blackbeard:CannonballSupply","blackbeard:WiseDefense"],"picked":"blackbeard:CaptainsCabin","floor":10.0},{"not_picked":["blackbeard:WeaponMastery","blackbeard:UndeadForm"],"picked":"blackbeard:ReapersScythe","floor":13.0},{"not_picked":["blackbeard:PirateEarring","blackbeard:CatONineTails"],"picked":"blackbeard:GoldenCannonball","floor":14},{"not_picked":["blackbeard:GoldenDefense","blackbeard:BlindAttacks","blackbeard:FieryDefense"],"picked":"SKIP","floor":14},{"not_picked":["blackbeard:WeaponMastery","blackbeard:Parrot"],"picked":"blackbeard:Intoxication","floor":16},{"not_picked":["blackbeard:WeaponMastery","blackbeard:Halberd","blackbeard:MegaUpgrade"],"picked":"SKIP","floor":18},{"not_picked":["blackbeard:BountyHunter","blackbeard:GoldenRain","blackbeard:TheDrunkenSailor"],"picked":"SKIP","floor":19},{"not_picked":["blackbeard:GoldenGuillotine","blackbeard:MegaUpgrade","blackbeard:Parrot"],"picked":"SKIP","floor":22},{"not_picked":["blackbeard:Halberd","blackbeard:Salvager","blackbeard:TheDrunkenSailor"],"picked":"SKIP","floor":23},{"not_picked":["blackbeard:MegaUpgrade","blackbeard:MegaUpgrade","blackbeard:Murder"],"picked":"SKIP","floor":24},{"not_picked":["blackbeard:Parrot","blackbeard:WeaponMastery","blackbeard:HumongousCannonball"],"picked":"SKIP","floor":29},{"not_picked":["blackbeard:HumongousCannonball","blackbeard:MegaUpgrade","blackbeard:UndeadForm"],"picked":"SKIP","floor":31},{"not_picked":["blackbeard:GoldenRain","blackbeard:PirateStrength"],"picked":"blackbeard:BoostMorale","floor":33},{"not_picked":["blackbeard:WeaponMastery","blackbeard:Intoxication"],"picked":"blackbeard:MegaUpgrade","floor":35},{"not_picked":["blackbeard:ReapersScythe","blackbeard:GoldenGuillotine"],"picked":"blackbeard:PirateStrength","floor":36},{"not_picked":["blackbeard:GoldenGuillotine","blackbeard:ReapersScythe","blackbeard:Halberd"],"picked":"SKIP","floor":37},{"not_picked":["blackbeard:BoostMorale","blackbeard:Halberd","blackbeard:GoldenGuillotine"],"picked":"SKIP","floor":39},{"not_picked":["blackbeard:Dagger","blackbeard:BeatUp"],"picked":"blackbeard:TacticalRetreat+1","floor":46},{"not_picked":["blackbeard:DangerousBlow","blackbeard:RearmingStrike","blackbeard:ChaoticDefense"],"picked":"SKIP","floor":46},{"not_picked":["blackbeard:PowderKeg","blackbeard:GoldenDefense+1","blackbeard:CatONineTails"],"picked":"SKIP","floor":47},{"not_picked":["blackbeard:BlindAttacks+1","blackbeard:Boarding","blackbeard:WiseDefense+1"],"picked":"SKIP","floor":47},{"not_picked":["blackbeard:GoldenGuillotine","blackbeard:WeaponMastery"],"picked":"blackbeard:Lifeboat","floor":48},{"not_picked":["blackbeard:BountyHunter","blackbeard:Murder","blackbeard:Murder"],"picked":"SKIP","floor":55}],"player_experience":1152023,"relics_obtained":[{"floor":6.0,"key":"Prayer Wheel"},{"floor":8.0,"key":"War Paint"},{"floor":13.0,"key":"Lantern"},{"floor":18,"key":"DoctorsRemote"},{"floor":19,"key":"DemoMod:WhiteGuonStone"},{"floor":20,"key":"Nilry\u0027s Codex"},{"floor":22,"key":"Dream Catcher"},{"floor":23,"key":"Smiling Mask"},{"floor":24,"key":"Pantograph"},{"floor":26,"key":"SatanicBible"},{"floor":27,"key":"testmod-ObsoleteBoomerang"},{"floor":29,"key":"SalivaCoin"},{"floor":31,"key":"DemoMod:MonsterBlood"},{"floor":35,"key":"Kunai"},{"floor":36,"key":"Gambling Chip"},{"floor":37,"key":"DemoMod:WeirdEgg"},{"floor":39,"key":"Centennial Puzzle"},{"floor":41,"key":"CatCart"},{"floor":42,"key":"Pear"},{"floor":42,"key":"MawBank"},{"floor":43,"key":"D6"},{"floor":48,"key":"PillsDrop"},{"floor":55,"key":"Whetstone"}],"event_choices":[{"cards_removed":["blackbeard:BlackbeardStrike"],"damage_healed":0.0,"max_hp_gain":0.0,"max_hp_loss":0.0,"gold_gain":0.0,"event_name":"Living Wall","player_choice":"Forget","floor":2.0,"gold_loss":0.0,"damage_taken":0.0},{"damage_healed":0.0,"max_hp_gain":0.0,"max_hp_loss":0.0,"gold_gain":0.0,"event_name":"Scrap Ooze","player_choice":"Success","floor":4.0,"gold_loss":0.0,"damage_taken":5.0,"relics_obtained":["HornCleat"]},{"damage_healed":0.0,"max_hp_gain":0.0,"max_hp_loss":0.0,"gold_gain":400.0,"event_name":"恩洛斯的盘子","player_choice":"Sell","floor":5.0,"relics_lost":["DemoMod:GlassGuonStoneRelic"],"gold_loss":0.0,"damage_taken":0.0},{"damage_healed":0.0,"max_hp_gain":0.0,"max_hp_loss":0.0,"gold_gain":0.0,"event_name":"yidonshenshe","player_choice":"带走神社","floor":7.0,"gold_loss":0.0,"damage_taken":0.0,"relics_obtained":["YidongShenshe:ReiMu"],"cards_obtained":["Poor:ReiMu"]},{"damage_healed":0.0,"max_hp_gain":0.0,"max_hp_loss":0.0,"gold_gain":0.0,"event_name":"给自己的盒子","player_choice":"Swap Relic","floor":12.0,"relics_lost":["testmod-HarvestTotem"],"gold_loss":0.0,"damage_taken":0.0,"relics_obtained":["testmod-HarvestTotem"]},{"damage_healed":0,"gold_gain":0,"player_choice":"Obtained Book","damage_taken":21,"max_hp_gain":0,"max_hp_loss":0,"event_name":"Cursed Tome","floor":20,"gold_loss":0},{"damage_healed":0,"gold_gain":0,"player_choice":"Read","damage_taken":0,"max_hp_gain":0,"max_hp_loss":0,"event_name":"The Library","floor":21,"gold_loss":0,"cards_obtained":["blackbeard:Toast"]},{"damage_healed":0,"gold_gain":0,"player_choice":"CaptainsWheel","damage_taken":0,"relics_obtained":["CaptainsWheel"],"max_hp_gain":0,"max_hp_loss":0,"event_name":"blackbeard:ShipwreckEvent","floor":25,"gold_loss":0},{"damage_healed":0,"gold_gain":0,"player_choice":"Fight","damage_taken":0,"max_hp_gain":0,"max_hp_loss":0,"event_name":"OrinTheCat","floor":41,"gold_loss":0},{"damage_healed":0,"gold_gain":0,"player_choice":"Fight","damage_taken":0,"max_hp_gain":0,"max_hp_loss":0,"event_name":"HidenRoomEvent","floor":42,"gold_loss":0}],"is_beta":false,"boss_relics":[{"not_picked":["Snecko Eye","Velvet Choker"],"picked":"ChampionBelt"},{"not_picked":[]},{"not_picked":["Coffee Dripper","blackbeard:SoberMinded"],"picked":"testmod-DeterminationOfClimber"},{"not_picked":[]}],"items_purged_floors":[11,17,28,28,34,38,45,45,54,54,54],"is_endless":false,"potions_floor_spawned":[1,13,16,22,24,31,33,39,41,42,55],"ascension_level":20}}