{"host":"l7ku00cw7dmofayg","time":1613620091,"event":{"mods":["ATMod(°¢èªMod)","BaseMod","Marisa£¨ìFÓê¡¡Ä§ÀíÉ³£©","Minty Spire (QoL Compilation)","StSLib","The Invoker Mod"],"gold_per_floor":[109,59,74,249,249,249,262,262,308,2,15,29,48,88,88,88,88],"floor_reached":16,"language":"ZHS","playtime":472,"items_purged":["Doubt"],"score":107,"play_id":"6db6dde3-a958-4f59-9dd8-7cca981c845e","local_time":"20210218114811","is_ascension_mode":true,"campfire_choices":[{"data":"AT_FamilyPortrait","floor":6,"key":"SMITH"},{"data":"Flying Knee","floor":8,"key":"SMITH"},{"data":"AT_KneejerkReflex","floor":15,"key":"SMITH"}],"circlet_count":0,"master_deck":["Strike_G","Strike_G","Strike_G","Strike_G","Defend_G","Defend_G","Defend_G","Defend_G","Defend_G","Survivor","Neutralize","AT_FamilyPortrait+1","Dagger Throw","Footwork","Flying Knee+1","AT_KneejerkReflex+1","Expertise","Noxious Fumes","AT_WindRun","Outmaneuver"],"relics":["Ring of the Snake","AT_ATBox","NeowsBlessing","Golden Idol","Vajra","PreservedInsect","AT_BellDemon"],"acts_visited":["Exordium"],"potions_floor_usage":[],"damage_taken":[{"damage":0,"enemies":"Small Slimes","floor":1,"turns":1},{"damage":0,"enemies":"2 Louse","floor":3,"turns":1},{"damage":0,"enemies":"Cultist","floor":7,"turns":1},{"damage":5,"enemies":"Looter","floor":11,"turns":3},{"damage":1,"enemies":"2 Fungi Beasts","floor":12,"turns":3},{"damage":3,"enemies":"3 Louse","floor":13,"turns":3},{"damage":26,"enemies":"3 Sentries","floor":14,"turns":6},{"damage":35,"enemies":"Slime Boss","floor":16,"turns":3}],"seed_played":"1516347828259296577","potions_obtained":[{"floor":11,"key":"Fire Potion"}],"is_trial":false,"path_per_floor":["M","?","M","?","?","R","M","R","T","$","M","M","M","E","R","B"],"character_chosen":"THE_SILENT","items_purchased":["AT_KneejerkReflex","PreservedInsect"],"campfire_rested":0,"item_purchase_floors":[10,10],"current_hp_per_floor":[70,70,70,70,53,53,53,53,53,53,48,47,44,18,18,0,0],"gold":88,"neow_bonus":"THREE_ENEMY_KILL","is_daily":false,"chose_seed":false,"campfire_upgraded":3,"win_rate":0.0,"timestamp":1613620091,"path_taken":["M","?","M","?","?","R","M","R","T","$","M","M","M","E","R","BOSS"],"items_purchased_type":["Card","Relic"],"build_version":"2020-12-22","purchased_purges":1,"victory":false,"max_hp_per_floor":[70,70,70,70,70,70,70,70,70,70,70,70,70,70,70,70,70],"card_choices":[{"not_picked":["Backflip","Predator"],"picked":"Dagger Throw","floor":1},{"not_picked":["Predator","Crippling Poison"],"picked":"Footwork","floor":3},{"not_picked":["Quick Slash","Backflip"],"picked":"Flying Knee","floor":7},{"not_picked":["AT_TwilightShroud","Poisoned Stab"],"picked":"Expertise","floor":11},{"not_picked":["Acrobatics","Footwork"],"picked":"Noxious Fumes","floor":12},{"not_picked":["Backflip","Blade Dance"],"picked":"AT_WindRun","floor":13},{"not_picked":["Crippling Poison","AT_KingSlayer"],"picked":"Outmaneuver","floor":14}],"player_experience":80801,"relics_obtained":[{"floor":9,"key":"Vajra"},{"floor":14,"key":"AT_BellDemon"}],"event_choices":[{"cards_removed":["Strike_G"],"damage_healed":0,"gold_gain":0,"player_choice":"Card Removal","damage_taken":0,"max_hp_gain":0,"max_hp_loss":0,"event_name":"The Cleric","floor":2,"gold_loss":50},{"damage_healed":0,"gold_gain":175,"player_choice":"AGREE","damage_taken":0,"max_hp_gain":0,"max_hp_loss":0,"event_name":"Liars Game","floor":4,"gold_loss":0,"cards_obtained":["Doubt"]},{"damage_healed":0,"gold_gain":0,"player_choice":"Take Damage","damage_taken":17,"relics_obtained":["Golden Idol"],"max_hp_gain":0,"max_hp_loss":0,"event_name":"Golden Idol","floor":5,"gold_loss":0}],"is_beta":false,"boss_relics":[],"items_purged_floors":[10],"is_endless":false,"potions_floor_spawned":[11],"killed_by":"Slime Boss","ascension_level":1}}