{"host":"ujyomg7d1f18u2we","time":1613620127,"event":{"mods":["AchievementEnabler","AlwaysNeverKeys","Aspiration","BaseMod","Colored Map","DeckTracker","Gremlin Skip","Highlight Path","Hubris","Minty Spire (QoL Compilation)","Quick Restart","Random Character Button","StSLib"],"gold_per_floor":[110,126,145,145,158,158,186,198,198,198,198,198,229,242,242,344,344,359,359,309,329,384,384,134,149,149,183,183,183,183,201,201,201,201],"floor_reached":33,"language":"ENG","playtime":788,"items_purged":[],"score":440,"play_id":"1982c3ea-15b9-431c-9c08-4ab595fe5cc7","local_time":"20210218004847","is_ascension_mode":true,"campfire_choices":[{"data":"Armaments","floor":6,"key":"SMITH"},{"floor":12,"key":"REST"},{"data":"Bash","floor":15,"key":"SMITH"},{"floor":23,"key":"REST"},{"floor":29,"key":"REST"},{"floor":32,"key":"REST"}],"circlet_count":0,"master_deck":["AscendersBane","Strike_R","Strike_R","Strike_R","Strike_R","Strike_R","Defend_R","Defend_R","Defend_R","Defend_R","Bash+1","Armaments+1","Shrug It Off","Cleave","Twin Strike","Demon Form"],"relics":["Burning Blood","aspiration:Nostalgia","Cracked Core","hubris:Towel","Tiny Chest","Meat on the Bone","Thread and Needle","Torii","hubris:Backtick","StrikeDummy","Regal Pillow","hubris:TinFlute","Magic Flower","HornCleat"],"acts_visited":["Exordium","TheCity"],"potions_floor_usage":[7,16,16,25,27,27],"damage_taken":[{"damage":1,"enemies":"Cultist","floor":1,"turns":3},{"damage":9,"enemies":"Jaw Worm","floor":2,"turns":3},{"damage":4,"enemies":"Small Slimes","floor":3,"turns":3},{"damage":8,"enemies":"Red Slaver","floor":5,"turns":6},{"damage":32,"enemies":"Gremlin Nob","floor":7,"turns":4},{"damage":12,"enemies":"2 Fungi Beasts","floor":8,"turns":3},{"damage":12,"enemies":"3 Sentries","floor":13,"turns":8},{"damage":0,"enemies":"3 Louse","floor":14,"turns":3},{"damage":14,"enemies":"Slime Boss","floor":16,"turns":7},{"damage":42,"enemies":"3 Byrds","floor":18,"turns":6},{"damage":2,"enemies":"Chosen","floor":21,"turns":4},{"damage":21,"enemies":"Sentry and Sphere","floor":25,"turns":5},{"damage":64,"enemies":"Slavers","floor":27,"turns":5},{"damage":13,"enemies":"Colosseum Slavers","floor":28,"turns":4},{"damage":50,"enemies":"Snake Plant","floor":31,"turns":6},{"damage":104,"enemies":"Champ","floor":33,"turns":13}],"seed_played":"-1825626314302900183","potions_obtained":[{"floor":1,"key":"PowerPotion"},{"floor":2,"key":"Strength Potion"},{"floor":13,"key":"LiquidMemories"},{"floor":14,"key":"Energy Potion"},{"floor":18,"key":"PowerPotion"},{"floor":25,"key":"SmokeBomb"}],"is_trial":false,"path_per_floor":["M","M","M","?","M","R","E","M","T","?","$","R","E","M","R","B",null,"M","?","$","M","T","R","$","M","T","E","?","R","$","M","R","B"],"character_chosen":"IRONCLAD","items_purchased":["Strength Potion","hubris:TinFlute"],"campfire_rested":4,"item_purchase_floors":[20,24],"current_hp_per_floor":[77,74,76,76,74,74,48,42,42,42,42,66,60,66,66,58,75,51,51,51,55,55,80,80,65,65,28,42,80,80,57,80,0,0],"gold":201,"neow_bonus":"NOSTALGIA","is_daily":false,"chose_seed":false,"campfire_upgraded":2,"win_rate":0.0,"timestamp":1613620127,"path_taken":["M","?","M","?","M","R","E","M","T","?","$","R","E","?","R","BOSS","M","?","$","M","?","R","$","?","T","E","?","R","$","M","R","BOSS"],"items_purchased_type":["Potion","Relic"],"build_version":"2020-12-22","purchased_purges":0,"victory":false,"max_hp_per_floor":[80,80,80,80,80,80,80,80,80,80,80,80,80,80,80,80,80,80,80,80,80,80,80,80,80,80,80,80,80,80,80,80,80,80],"card_choices":[{"not_picked":["Metallicize","Havoc"],"picked":"Armaments","floor":1},{"not_picked":["Rage","Battle Trance"],"picked":"Shrug It Off","floor":2},{"not_picked":["Combust","Flex"],"picked":"Cleave","floor":3},{"not_picked":["Clothesline","Heavy Blade","Sword Boomerang"],"picked":"SKIP","floor":5},{"not_picked":["Flex","Evolve"],"picked":"Twin Strike","floor":7},{"not_picked":["Sword Boomerang","Seeing Red","Wild Strike"],"picked":"SKIP","floor":8},{"not_picked":["Heavy Blade","Flex","Shrug It Off"],"picked":"SKIP","floor":13},{"not_picked":["Rampage","Evolve","Metallicize"],"picked":"SKIP","floor":14},{"not_picked":["Bludgeon","Feed"],"picked":"Demon Form","floor":16},{"not_picked":["Blood for Blood","Heavy Blade","Rupture"],"picked":"SKIP","floor":18},{"not_picked":["Sword Boomerang+1","Anger","Headbutt"],"picked":"SKIP","floor":21},{"not_picked":["True Grit","Thunderclap","Shrug It Off"],"picked":"SKIP","floor":25},{"not_picked":["Fire Breathing","Clash","Shrug It Off"],"picked":"SKIP","floor":27},{"not_picked":["Uppercut","hubris:CleavingFinish","Thunderclap"],"picked":"SKIP","floor":31}],"player_experience":1584193,"relics_obtained":[{"floor":7,"key":"Tiny Chest"},{"floor":9,"key":"Meat on the Bone"},{"floor":13,"key":"Torii"},{"floor":22,"key":"Regal Pillow"},{"floor":26,"key":"Magic Flower"},{"floor":27,"key":"HornCleat"}],"event_choices":[{"damage_healed":0,"gold_gain":0,"player_choice":"Gave Potion","damage_taken":0,"relics_obtained":["Thread and Needle"],"max_hp_gain":0,"max_hp_loss":0,"event_name":"WeMeetAgain","floor":10,"gold_loss":0},{"damage_healed":0,"gold_gain":0,"player_choice":"Fight","damage_taken":0,"max_hp_gain":0,"max_hp_loss":0,"event_name":"Colosseum","floor":28,"gold_loss":0},{"damage_healed":0,"gold_gain":0,"player_choice":"Fled From Nobs","damage_taken":0,"max_hp_gain":0,"max_hp_loss":0,"event_name":"Colosseum","floor":28,"gold_loss":0}],"is_beta":false,"boss_relics":[{"not_picked":["aspiration:RunicSpoon","SacredBark"],"picked":"hubris:Backtick"}],"items_purged_floors":[],"is_endless":false,"potions_floor_spawned":[1,2,5,13,14,18,25,28],"killed_by":"Champ","ascension_level":12}}