{"host":"bbld1ic1uj90ldt9","time":1613680872,"event":{"mods":["2.2 Compatiblity","AchievementEnabler","Act Like it!","BaseMod","Better Third Choice","Conspire","Downfall","Emptier Cage","Gensokyo","Hallownest","Hermit","Highlight Path","Hubris","Marisa????????","Minty Spire (QoL Compilation)","Random Character Button","Replay The Spire","StSLib","The Animator","The Bug Knight","The Cursed","The Disciple","The Hierophant","The Jungle","The Runesmith","The Servant 0.9.4"],"gold_per_floor":[99,99,114,19,33,33,57,97,27,66,119,119,119,185,235,369,369,269,326,392,462,530,530,611,689,755,755,769,769],"floor_reached":28,"language":"FRA","playtime":2184,"items_purged":[],"score":330,"play_id":"17514b60-efee-4b1c-a2a6-7633e300db1d","local_time":"20210218214112","is_ascension_mode":true,"campfire_choices":[{"floor":1,"key":"REST"},{"data":"WitchOfGreed","floor":6,"key":"SMITH"},{"floor":12,"key":"REST"},{"floor":18,"key":"REST"},{"floor":23,"key":"REST"}],"circlet_count":0,"master_deck":["Strike_MRS","Strike_MRS","Strike_MRS","Defend_MRS","Defend_MRS","Defend_MRS","MasterSpark","UpSweep","PropBag","StarBarrage","WitchOfGreed+1","PowerUp","PowerUp","SuperPerseids","PropBag","PowerUp","MysteriousBeam","StarBarrage","FinalSpark","WitchOfGreed","EnergyRecoil","DarkMatter","Sickly","SporeBomb+1","EarthLightRay"],"relics":["MiniHakkero","Hallownest:DreamNailRelic","Oddly Smooth Stone","Hallownest:StagBellRelic1","hubris:BundleOfHerbs","Replay:Bandana","Simple Rune","Cursed Key","downfall:HeartBlessingGreen","Meat on the Bone"],"acts_visited":["Hallownest:Greenpath","theJungle:Jungle"],"potions_floor_usage":[10,10,14,15,16,16,20,20,22,22,22,25,25,26,26,27,28,28],"damage_taken":[{"damage":4,"enemies":"Hallownest:monsterHuskGuard","floor":3,"turns":3},{"damage":0,"enemies":"downfall:FleeingMerchant","floor":4,"turns":4},{"damage":3,"enemies":"Hallownest:monsterHuskWarrior","floor":5,"turns":2},{"damage":5,"enemies":"Hallownest:2_Baldur","floor":8,"turns":4},{"damage":19,"enemies":"Hallownest:Guard_and_Warrior","floor":10,"turns":4},{"damage":10,"enemies":"Hallownest:eliteVengeflyKing","floor":11,"turns":8},{"damage":2,"enemies":"Hallownest:eliteMossKnight","floor":14,"turns":4},{"damage":14,"enemies":"Hallownest:monsterFoolEater","floor":15,"turns":3},{"damage":20,"enemies":"WA_ARCHETYPE_RETAIN","floor":16,"turns":5},{"damage":11,"enemies":"theJungle:GiantWrat","floor":19,"turns":4},{"damage":34,"enemies":"theJungle:MUSHROOMGANG","floor":20,"turns":4},{"damage":21,"enemies":"theJungle:Snecko_Cultist_And_Trap","floor":21,"turns":6},{"damage":13,"enemies":"theJungle:SlimyTreeVines","floor":22,"turns":6},{"damage":38,"enemies":"theJungle:JungleHuntersEncounter","floor":25,"turns":8},{"damage":12,"enemies":"Snake Plant","floor":26,"turns":2},{"damage":0,"enemies":"theJungle:2_Snecko_Cultists","floor":27,"turns":1},{"damage":19,"enemies":"theJungle:SlimyTreeVines","floor":28,"turns":3}],"seed_played":"2448460206207032367","potions_obtained":[{"floor":5,"key":"Swift Potion"},{"floor":8,"key":"BlessingOfTheForge"},{"floor":8,"key":"SteroidPotion"},{"floor":10,"key":"sneckomod:MuddlingPotion"},{"floor":11,"key":"sneckomod:MuddlingPotion"},{"floor":11,"key":"Explosive Potion"},{"floor":15,"key":"Ancient Potion"},{"floor":15,"key":"CultistPotion"},{"floor":16,"key":"Reflective Coating"},{"floor":19,"key":"Explosive Potion"},{"floor":20,"key":"champ:CounterPotion"},{"floor":20,"key":"Block Potion"},{"floor":22,"key":"BottledSpark"},{"floor":22,"key":"SpeedPotion"},{"floor":25,"key":"BlessingOfTheForge"},{"floor":25,"key":"Guardian:BlockOnCardUsePotion"},{"floor":26,"key":"hexamod:SoulburnPotion"},{"floor":26,"key":"SmokeBomb"},{"floor":26,"key":"Elixir"}],"is_trial":false,"path_per_floor":["R","?","M","$","M","R","T","M","?","M","E","R","T","E","M","B",null,"R","M","M","M","M","R","T","M","M","M","M"],"character_chosen":"MARISA","items_purchased":["WitchOfGreed","PowerUp"],"campfire_rested":4,"item_purchase_floors":[4,4],"current_hp_per_floor":[72,72,68,68,65,65,65,60,60,41,31,53,53,57,43,23,62,75,67,39,24,29,51,51,19,7,7,0,0],"gold":769,"neow_bonus":"REMOVE_TWO","is_daily":false,"chose_seed":false,"campfire_upgraded":1,"win_rate":0.0,"timestamp":1613680872,"path_taken":["R","?","?","$","M","R","T","M","?","?","E","R","?","E","M","BOSS","R","M","M","M","M","R","T","M","M","M","M"],"items_purchased_type":["Card","Card"],"build_version":"2020-12-22","purchased_purges":0,"victory":false,"max_hp_per_floor":[75,75,75,75,75,75,75,75,75,75,75,75,75,75,75,75,75,75,75,75,75,75,75,75,75,75,75,75,75],"card_choices":[{"not_picked":["DoubleSpark","IllusionStar"],"picked":"PropBag","floor":3},{"not_picked":["DragonMeteor","ShootingEcho"],"picked":"StarBarrage","floor":4},{"not_picked":["Acceleration","CollectingQuirk"],"picked":"PowerUp","floor":5},{"not_picked":["Orbital","SporeBomb"],"picked":"SuperPerseids","floor":8},{"not_picked":["ChargeUpSpray","UnstableBomb"],"picked":"PropBag","floor":10},{"not_picked":["6A","MeteoricShower"],"picked":"PowerUp","floor":11},{"not_picked":["DC","AbsoluteMagnitude"],"picked":"MysteriousBeam","floor":14},{"not_picked":["PropBag","MysteriousBeam"],"picked":"StarBarrage","floor":15},{"not_picked":["BigCrunch","StarDustReverie"],"picked":"FinalSpark","floor":16},{"not_picked":["OneTimeOff+1","MysteriousBeam"],"picked":"WitchOfGreed","floor":19},{"not_picked":["LuminesStrike","Orbital+1"],"picked":"EnergyRecoil","floor":20},{"not_picked":["DoubleSpark","DC+1","ShootTheMoon"],"picked":"SKIP","floor":21},{"not_picked":["6A","ShootTheMoon"],"picked":"DarkMatter","floor":22},{"not_picked":["ShootingEcho+1","IllusionStar"],"picked":"SporeBomb+1","floor":25},{"not_picked":["MysteriousBeam+1","NonDirectionalLaser"],"picked":"EarthLightRay","floor":26}],"player_experience":2319985,"relics_obtained":[{"floor":7,"key":"Oddly Smooth Stone"},{"floor":11,"key":"hubris:BundleOfHerbs"},{"floor":13,"key":"Replay:Bandana"},{"floor":14,"key":"Simple Rune"}],"event_choices":[],"is_beta":false,"boss_relics":[{"not_picked":["Pandora\u0027s Box","Philosopher\u0027s Stone"],"picked":"Cursed Key"}],"items_purged_floors":[],"is_endless":false,"potions_floor_spawned":[5,8,10,11,15,16,26,27],"killed_by":"theJungle:SlimyTreeVines","ascension_level":9}}