{"host":"qxeepl7ydvsgmfdb","time":1613631274,"event":{"mods":["AchievementEnabler","BaseMod","Colored Powertips","Minty Spire (QoL Compilation)","Quick Restart","slay the spire mod where everything is the same but ironclad has a cowboy hat"],"gold_per_floor":[109,109,109,34,184,184,219,219,219,249,35,52,52,63,63,141,141,154,154,154,180,199,199,199],"floor_reached":23,"language":"ENG","playtime":501,"items_purged":["Regret"],"score":453,"play_id":"9c96893f-5b7b-425d-a4cf-c5f38d24c82c","local_time":"20210218015434","is_ascension_mode":true,"campfire_choices":[{"data":"Footwork","floor":6,"key":"SMITH"},{"data":"Cloak And Dagger","floor":8,"key":"SMITH"},{"data":"Storm of Steel","floor":15,"key":"SMITH"}],"circlet_count":0,"master_deck":["AscendersBane","Strike_G","Strike_G","Strike_G","Strike_G","Defend_G","Defend_G","Defend_G","Defend_G","Defend_G","Survivor","Neutralize","Footwork+1","Cloak And Dagger+1","Storm of Steel+1","Dagger Spray","Venomology","Accuracy"],"relics":["Ring of the Snake","NeowsBlessing","Singing Bowl","Blue Candle","Darkstone Periapt","Shuriken","Omamori","Blood Vial","Empty Cage","Oddly Smooth Stone"],"acts_visited":["Exordium","TheCity"],"potions_floor_usage":[16,16,22,22,22,23,23],"damage_taken":[{"damage":0,"enemies":"Small Slimes","floor":1,"turns":1},{"damage":0,"enemies":"Gremlin Nob","floor":7,"turns":1},{"damage":0,"enemies":"Lagavulin","floor":10,"turns":1},{"damage":2,"enemies":"Jaw Worm","floor":12,"turns":3},{"damage":0,"enemies":"2 Louse","floor":14,"turns":3},{"damage":18,"enemies":"Slime Boss","floor":16,"turns":7},{"damage":36,"enemies":"Shell Parasite","floor":18,"turns":11},{"damage":0,"enemies":"Chosen","floor":22,"turns":3},{"damage":69,"enemies":"Slavers","floor":23,"turns":4}],"seed_played":"-6821868221071546626","potions_obtained":[{"floor":1,"key":"Fire Potion"},{"floor":7,"key":"ColorlessPotion"},{"floor":18,"key":"CunningPotion"},{"floor":22,"key":"Regen Potion"}],"is_trial":false,"path_per_floor":["M","?","?","$","?","R","E","R","T","E","$","M","$","M","R","B",null,"M","?","?","T","M","E"],"character_chosen":"THE_SILENT","items_purchased":["Blood Vial","Dagger Spray"],"campfire_rested":0,"item_purchase_floors":[11,11],"current_hp_per_floor":[59,48,48,48,48,48,48,48,48,48,48,50,50,54,54,38,62,30,30,44,44,46,0,0],"gold":199,"neow_bonus":"THREE_ENEMY_KILL","is_daily":false,"chose_seed":false,"campfire_upgraded":3,"win_rate":0.0,"timestamp":1613631274,"path_taken":["M","?","?","$","?","R","E","R","T","E","$","M","?","?","R","BOSS","M","?","?","?","?","E"],"items_purchased_type":["Relic","Card"],"build_version":"2020-12-22","purchased_purges":1,"victory":false,"max_hp_per_floor":[66,66,66,66,66,66,66,66,66,66,66,68,68,70,70,70,70,72,72,72,72,72,72,72],"card_choices":[{"not_picked":["Riddle With Holes","Deflect"],"picked":"Footwork","floor":1},{"not_picked":["Underhanded Strike","Dash"],"picked":"Cloak And Dagger","floor":7},{"not_picked":["Deadly Poison","Quick Slash"],"picked":"Storm of Steel","floor":10},{"not_picked":["Backflip","Eviscerate","Dodge and Roll"],"picked":"Singing Bowl","floor":12},{"not_picked":["Predator","Calculated Gamble","Bane"],"picked":"Singing Bowl","floor":14},{"not_picked":["Doppelganger","Glass Knife"],"picked":"Venomology","floor":16},{"not_picked":["Riddle With Holes","Backflip","Endless Agony"],"picked":"Singing Bowl","floor":18},{"not_picked":["Dagger Throw+1","Prepared"],"picked":"Accuracy","floor":22}],"player_experience":168829,"relics_obtained":[{"floor":7,"key":"Darkstone Periapt"},{"floor":9,"key":"Shuriken"},{"floor":10,"key":"Omamori"},{"floor":21,"key":"Oddly Smooth Stone"}],"event_choices":[{"damage_healed":0,"gold_gain":0,"player_choice":"Success","damage_taken":11,"relics_obtained":["Singing Bowl"],"max_hp_gain":0,"max_hp_loss":0,"event_name":"Scrap Ooze","floor":2,"gold_loss":0},{"damage_healed":0,"gold_gain":0,"player_choice":"Box","damage_taken":0,"relics_obtained":["Blue Candle"],"max_hp_gain":0,"max_hp_loss":0,"event_name":"Big Fish","floor":3,"gold_loss":0,"cards_obtained":["Regret"]},{"damage_healed":0,"gold_gain":150,"player_choice":"AGREE","damage_taken":0,"max_hp_gain":0,"max_hp_loss":0,"event_name":"Liars Game","floor":5,"gold_loss":0,"cards_obtained":["Doubt"]},{"damage_healed":0,"gold_gain":0,"player_choice":"Ignored","damage_taken":0,"max_hp_gain":0,"max_hp_loss":0,"event_name":"Cursed Tome","floor":19,"gold_loss":0},{"damage_healed":14,"gold_gain":0,"player_choice":"Heal","damage_taken":0,"max_hp_gain":0,"max_hp_loss":0,"event_name":"The Library","floor":20,"gold_loss":0}],"is_beta":false,"boss_relics":[{"not_picked":["Tiny House","Cursed Key"],"picked":"Empty Cage"}],"items_purged_floors":[4],"is_endless":false,"potions_floor_spawned":[1,7,18,22],"killed_by":"Slavers","ascension_level":17}}