{"host":"0awa854l6bexpjrv","time":1613624041,"event":{"mods":["BaseMod","Block Reminder","Colored Map","Colored Powertips","Downfall","Highlight Path","Minty Spire (QoL Compilation)","Quick Restart","Rare Cards Sparkle","StSLib","SuperFastMode"],"gold_per_floor":[116,116,2,22,22,52,52,62,113,131,131,149,183,183,183,288,288,300,18,18,18,34,34,34,34,57,57,57,68,68,68],"floor_reached":30,"language":"ENG","playtime":995,"items_purged":["Strike_B","Parasite"],"score":295,"play_id":"75f2dba7-cf35-4799-af73-05b1b565383d","local_time":"20210217205401","is_ascension_mode":true,"campfire_choices":[{"data":"Zap","floor":7.0,"key":"SMITH"},{"floor":15.0,"key":"REST"},{"floor":23,"key":"REST"},{"floor":25,"key":"REST"},{"data":"Buffer","floor":27,"key":"SMITH"}],"circlet_count":0,"master_deck":["Defend_B","Defend_B","Defend_B","Defend_B","Zap","Dualcast","Trip","Static Discharge","Doom and Gloom","Streamline","Zap+1","Ball Lightning","Self Repair","Lockon","Coolheaded","Ball Lightning","Thunder Strike","Buffer+1","Genetic Algorithm+1","Consume","BootSequence","Slimebound:Tackle+1","Slimebound:Tackle+1","Slimebound:Tackle+1","Necronomicurse","Leap"],"relics":["FrozenCore","Blue Candle","Art of War","Centennial Puzzle","DataDisk","Lantern","Boot","Necronomicon"],"acts_visited":["Exordium","TheCity"],"potions_floor_usage":[29],"damage_taken":[{"damage":0.0,"enemies":"2 Louse","floor":1.0,"turns":2.0},{"damage":3.0,"enemies":"Jaw Worm","floor":4.0,"turns":4.0},{"damage":10.0,"enemies":"Gremlin Nob","floor":6.0,"turns":3.0},{"damage":0.0,"enemies":"Cultist","floor":8.0,"turns":2.0},{"damage":6.0,"enemies":"Looter","floor":10.0,"turns":2.0},{"damage":1.0,"enemies":"3 Louse","floor":12.0,"turns":2.0},{"damage":10.0,"enemies":"Lagavulin","floor":13.0,"turns":3.0},{"damage":39.0,"enemies":"The Guardian","floor":16.0,"turns":6.0},{"damage":16.0,"enemies":"Spheric Guardian","floor":18.0,"turns":4.0},{"damage":40,"enemies":"2 Thieves","floor":22,"turns":3},{"damage":26,"enemies":"3 Cultists","floor":29,"turns":5},{"damage":24,"enemies":"Shelled Parasite and Fungi","floor":30,"turns":3}],"seed_played":"-2733135540391000839","potions_obtained":[{"floor":6.0,"key":"Energy Potion"},{"floor":8.0,"key":"SpeedPotion"},{"floor":10.0,"key":"sneckomod:MuddlingPotion"},{"floor":12.0,"key":"hexamod:SoulburnPotion"},{"floor":18.0,"key":"CultistPotion"}],"is_trial":false,"path_per_floor":["M","?","$","M","?","E","R","M","T","M","?","M","E","?","R","B",null,"M","$","?","?","M","R","?","R","T","R","?","M","M"],"character_chosen":"DEFECT","items_purchased":["Doom and Gloom","Consume","Lantern"],"campfire_rested":3,"item_purchase_floors":[3,19,19],"current_hp_per_floor":[75,70,70,67,67,57,57,64,64,58,75,74,64,57,75,36,65,56,56,56,56,23,44,44,65,65,65,49,30,6,6],"gold":68,"neow_bonus":"RANDOM_COLORLESS","is_daily":false,"chose_seed":false,"campfire_upgraded":2,"win_rate":0.0,"timestamp":1613624041,"path_taken":["M","?","$","M","?","E","R","M","T","?","?","M","E","?","R","BOSS","M","$","?","?","M","R","?","R","T","R","?","?","M"],"items_purchased_type":["Card","Card","Relic"],"build_version":"2020-12-22","purchased_purges":2,"victory":false,"max_hp_per_floor":[75,75,75,75,75,75,75,75,75,75,75,75,75,75,75,75,75,75,72,72,72,72,72,72,72,72,72,72,72,72,72],"card_choices":[{"not_picked":["Forethought","Finesse"],"picked":"Trip","floor":0.0},{"not_picked":["Coolheaded","Loop"],"picked":"Static Discharge","floor":1.0},{"not_picked":["Reprogram","Tempest"],"picked":"Streamline","floor":4.0},{"not_picked":["Steam","Thunder Strike"],"picked":"Self Repair","floor":6.0},{"not_picked":["Sweeping Beam","Loop"],"picked":"Lockon","floor":8.0},{"not_picked":["Self Repair","Rebound"],"picked":"Coolheaded","floor":10.0},{"not_picked":["Cold Snap","Go for the Eyes"],"picked":"Ball Lightning","floor":12.0},{"not_picked":["Force Field","Fusion"],"picked":"Thunder Strike","floor":13.0},{"not_picked":["Meteor Strike","Rainbow"],"picked":"Buffer","floor":16.0},{"not_picked":["Beam Cell","Coolheaded"],"picked":"Genetic Algorithm+1","floor":18.0},{"not_picked":["Rip and Tear","Go for the Eyes"],"picked":"BootSequence","floor":22},{"not_picked":["Stack","Self Repair"],"picked":"Leap","floor":29}],"player_experience":795300,"relics_obtained":[{"floor":6.0,"key":"Art of War"},{"floor":9.0,"key":"Centennial Puzzle"},{"floor":13.0,"key":"DataDisk"},{"floor":26,"key":"Boot"},{"floor":28,"key":"Necronomicon"}],"event_choices":[{"damage_healed":0.0,"max_hp_gain":0.0,"max_hp_loss":0.0,"gold_gain":0.0,"event_name":"Match and Keep!","player_choice":"2 cards matched","floor":5.0,"gold_loss":0.0,"damage_taken":0.0,"cards_obtained":["Zap","Ball Lightning"]},{"damage_healed":18.0,"max_hp_gain":0.0,"max_hp_loss":0.0,"gold_gain":0.0,"event_name":"Mushrooms","player_choice":"Healed and dodged fight","floor":11.0,"gold_loss":0.0,"damage_taken":0.0,"cards_obtained":["Parasite"]},{"cards_removed":["Strike_B"],"damage_healed":0.0,"max_hp_gain":0.0,"max_hp_loss":0.0,"gold_gain":0.0,"event_name":"Golden Wing","player_choice":"Card Removal","floor":14.0,"gold_loss":0.0,"damage_taken":7.0},{"damage_healed":0.0,"max_hp_gain":0.0,"max_hp_loss":0.0,"gold_gain":0.0,"event_name":"Ghosts","player_choice":"Ignored","floor":20.0,"gold_loss":0.0,"damage_taken":0.0},{"damage_healed":0,"gold_gain":0,"player_choice":"Obtained Book","damage_taken":16,"max_hp_gain":0,"max_hp_loss":0,"event_name":"Cursed Tome","floor":28,"gold_loss":0}],"is_beta":false,"boss_relics":[{"not_picked":["Snecko Eye","Coffee Dripper"],"picked":"FrozenCore"}],"items_purged_floors":[3,19],"is_endless":false,"potions_floor_spawned":[6,8,10,12,18],"killed_by":"Shelled Parasite and Fungi","ascension_level":5}}