{"host":"c3mohl8225ccym5l","time":1613616987,"event":{"mods":["Act Like it!","BaseMod","Beaked The Cultist","BetterRewards","Card Forge","Downfall","Duelist Mod","Glutton Mod","GungeonMod","Hallownest","Hermit","Ironclad Rager","Jorbs\u0027s Wanderer Trilogy","Koishi","Marisa????????","Marked Mod","Minty Spire (QoL Compilation)","Pikachu Mod","Shade Mod","Shop Mod","StSLib","Td1madao Mod","The Administrix","The Blackbeard","The Bladedancer","The Bug Knight","The Clintock","The Construct","The Cursed","The Disciple","The Hierophant","The Jungle","The Kombatant","The Marked","The Necromancer","The Poker Player","The Senshi","The Servant 0.9.4","The Wild Card","TheBandit","TheFirefly","TheVacant","Yuri Mod"],"gold_per_floor":[117,137,212,240,259,330,369,369,369,399,424,388,406,422,422,524,524,546,556,578,578,605,605,630,630,630,630,660,660,660,681,681,691,691],"floor_reached":33,"language":"ENG","playtime":2281,"items_purged":[],"score":253,"play_id":"d3f60247-1e10-415d-9d4b-a6bc80b9af5a","local_time":"20210217205627","is_ascension_mode":false,"campfire_choices":[{"data":"stsjorbsmod:OldPocket","floor":8,"key":"SMITH"},{"floor":15,"key":"REST"},{"data":"stsjorbsmod:ChainLightning","floor":23,"key":"SMITH"},{"data":"stsjorbsmod:Prepare","floor":25,"key":"SMITH"},{"data":"stsjorbsmod:FreshAdventure","floor":27,"key":"SMITH"},{"data":"stsjorbsmod:FracturedMind","floor":32,"key":"SMITH"}],"circlet_count":0,"master_deck":["stsjorbsmod:ForbiddenGrimoire+1","stsjorbsmod:Strike_Wanderer","stsjorbsmod:Defend_Wanderer","stsjorbsmod:Defend_Wanderer","stsjorbsmod:Defend_Wanderer","stsjorbsmod:Defend_Wanderer","stsjorbsmod:FreshAdventure+1","stsjorbsmod:EyeOfTheStorm","stsjorbsmod:WanderingMind","stsjorbsmod:OldPocket+1","stsjorbsmod:BlackTentacles","stsjorbsmod:FracturedMind","stsjorbsmod:HedgeWizard","stsjorbsmod:FindFamiliar","stsjorbsmod:ChainLightning+1","stsjorbsmod:DoubleCheck","stsjorbsmod:Prestidigitation","stsjorbsmod:ArcaneForm","stsjorbsmod:Mania","stsjorbsmod:OldPocket+1","stsjorbsmod:Prepare+1","stsjorbsmod:Materialize+1","stsjorbsmod:FracturedMind+1","stsjorbsmod:Pyromancy","stsjorbsmod:ParryingBlow"],"relics":["stsjorbsmod:GrimoireRelic","Hammer of Thor","Seething Fire","Anvil of the Gods","Boot","Peace Pipe","Oddly Smooth Stone","Odd Mushroom","construct:WeddingRing","Eternal Feather"],"acts_visited":["Exordium","TheCity"],"potions_floor_usage":[14],"damage_taken":[{"damage":10,"enemies":"2 Louse","floor":1,"turns":2},{"damage":0,"enemies":"Cultist","floor":2,"turns":5},{"damage":9,"enemies":"Jaw Worm","floor":4,"turns":5},{"damage":0,"enemies":"Looter","floor":5,"turns":4},{"damage":26,"enemies":"Lagavulin","floor":7,"turns":7},{"damage":22,"enemies":"The Mushroom Lair","floor":10,"turns":4},{"damage":0,"enemies":"Blue Slaver","floor":11,"turns":5},{"damage":0,"enemies":"Gremlin Gang","floor":13,"turns":3},{"damage":4,"enemies":"Looter","floor":14,"turns":3},{"damage":21,"enemies":"Hexaghost","floor":16,"turns":9},{"damage":20,"enemies":"Spheric Guardian","floor":18,"turns":6},{"damage":0,"enemies":"3 Byrds","floor":19,"turns":2},{"damage":0,"enemies":"3 Cultists","floor":20,"turns":5},{"damage":10,"enemies":"Snake Plant","floor":22,"turns":6},{"damage":11,"enemies":"Shelled Parasite and Fungi","floor":24,"turns":7},{"damage":18,"enemies":"Snecko","floor":28,"turns":6},{"damage":8,"enemies":"Centurion and Healer","floor":31,"turns":6},{"damage":75,"enemies":"Automaton","floor":33,"turns":7}],"seed_played":"-4176321238126039752","potions_obtained":[{"floor":4,"key":"sneckomod:MuddlingPotion"},{"floor":5,"key":"Weak Potion"},{"floor":13,"key":"construct:ShiftPotion"},{"floor":14,"key":"champ:CounterPotion"},{"floor":24,"key":"ColorlessPotion"}],"is_trial":false,"path_per_floor":["M","M","?","M","M","?","E","R","T","?","M","?","M","M","R","B",null,"M","M","M","?","M","R","M","R","T","R","M","?","?","M","R","B"],"character_chosen":"WANDERER","items_purchased":[],"campfire_rested":1,"item_purchase_floors":[],"current_hp_per_floor":[59,61,55,49,51,51,25,25,25,4,8,8,10,8,28,7,68,51,55,62,62,59,59,52,52,52,64,50,50,50,53,68,0,0],"gold":691,"neow_bonus":"RANDOM_COMMON_RELIC","is_daily":false,"chose_seed":false,"campfire_upgraded":5,"win_rate":0.0,"timestamp":1613616987,"path_taken":["M","M","?","M","?","?","E","R","T","?","M","?","M","M","R","BOSS","M","M","M","?","?","R","M","R","T","R","M","?","?","M","R","BOSS"],"items_purchased_type":[],"build_version":"2020-12-22","purchased_purges":0,"victory":false,"max_hp_per_floor":[68,68,68,68,68,68,68,68,68,68,68,68,68,68,68,68,68,68,68,68,68,68,68,68,68,68,68,68,68,68,72,72,72,72],"card_choices":[{"not_picked":["stsjorbsmod:Firebolt","stsjorbsmod:Hurt"],"picked":"stsjorbsmod:WanderingMind","floor":1},{"not_picked":["stsjorbsmod:TrueStrike","stsjorbsmod:RayOfFrost"],"picked":"stsjorbsmod:OldPocket","floor":2},{"not_picked":["stsjorbsmod:Index","stsjorbsmod:Message"],"picked":"stsjorbsmod:BlackTentacles","floor":4},{"not_picked":["stsjorbsmod:AnimateObjects","stsjorbsmod:Index"],"picked":"stsjorbsmod:FracturedMind","floor":5},{"not_picked":["stsjorbsmod:BlackTentacles","stsjorbsmod:FlameWard"],"picked":"stsjorbsmod:HedgeWizard","floor":7},{"not_picked":["stsjorbsmod:MirrorImage","stsjorbsmod:Patron"],"picked":"stsjorbsmod:FindFamiliar","floor":10},{"not_picked":["stsjorbsmod:Inferno","stsjorbsmod:Message"],"picked":"stsjorbsmod:ChainLightning","floor":11},{"not_picked":["stsjorbsmod:WanderingMind","stsjorbsmod:ArcaneWeapon"],"picked":"stsjorbsmod:DoubleCheck","floor":13},{"not_picked":["stsjorbsmod:FlameWard","stsjorbsmod:Feast"],"picked":"stsjorbsmod:Prestidigitation","floor":14},{"not_picked":["stsjorbsmod:Entangle","stsjorbsmod:Rediscovery"],"picked":"stsjorbsmod:ArcaneForm","floor":16},{"not_picked":["stsjorbsmod:WeightOfMemory+1","stsjorbsmod:Prepare+1","stsjorbsmod:Hibernate"],"picked":"SKIP","floor":18},{"not_picked":["stsjorbsmod:Message","stsjorbsmod:BurningFlask"],"picked":"stsjorbsmod:Mania","floor":19},{"not_picked":["stsjorbsmod:CorrodingBarrier","stsjorbsmod:Hibernate+1"],"picked":"stsjorbsmod:OldPocket+1","floor":20},{"not_picked":["stsjorbsmod:Hurt+1","stsjorbsmod:WeightOfMemory","stsjorbsmod:Aid"],"picked":"SKIP","floor":22},{"not_picked":["stsjorbsmod:LoseGrip","stsjorbsmod:FlameWard"],"picked":"stsjorbsmod:Prepare","floor":24},{"not_picked":["stsjorbsmod:ThirstingSword","stsjorbsmod:RayOfFrost"],"picked":"stsjorbsmod:Materialize+1","floor":28},{"not_picked":["stsjorbsmod:RayOfFrost+1","stsjorbsmod:Message+1"],"picked":"stsjorbsmod:ParryingBlow","floor":31}],"player_experience":207174,"relics_obtained":[{"floor":7,"key":"Peace Pipe"},{"floor":9,"key":"Oddly Smooth Stone"},{"floor":10,"key":"Odd Mushroom"},{"floor":26,"key":"Eternal Feather"}],"event_choices":[{"damage_healed":0,"gold_gain":75,"player_choice":"Touch","damage_taken":6,"max_hp_gain":0,"max_hp_loss":0,"event_name":"FaceTrader","floor":3,"gold_loss":0},{"damage_healed":0,"gold_gain":71,"player_choice":"Gained Gold","damage_taken":0,"max_hp_gain":0,"max_hp_loss":0,"event_name":"Golden Wing","floor":6,"gold_loss":0},{"damage_healed":0,"gold_gain":0,"player_choice":"Fought Mushrooms","damage_taken":0,"max_hp_gain":0,"max_hp_loss":0,"event_name":"Mushrooms","floor":10,"gold_loss":0},{"damage_healed":0,"gold_gain":0,"player_choice":"Left Gold","damage_taken":0,"max_hp_gain":0,"max_hp_loss":0,"event_name":"World of Goop","floor":12,"gold_loss":36},{"cards_removed":["stsjorbsmod:Strike_Wanderer"],"damage_healed":0,"gold_gain":0,"player_choice":"Purged","damage_taken":0,"max_hp_gain":0,"max_hp_loss":0,"event_name":"Purifier","floor":21,"gold_loss":0},{"damage_healed":0,"gold_gain":0,"cards_transformed":["stsjorbsmod:Strike_Wanderer","stsjorbsmod:Strike_Wanderer"],"player_choice":"Became Test Subject","damage_taken":0,"max_hp_gain":0,"max_hp_loss":0,"event_name":"Drug Dealer","floor":30,"gold_loss":0,"cards_obtained":["stsjorbsmod:FracturedMind","stsjorbsmod:Pyromancy"]}],"is_beta":false,"boss_relics":[{"not_picked":["SacredBark","beaked:SacredDeck"],"picked":"construct:WeddingRing"}],"items_purged_floors":[],"is_endless":false,"potions_floor_spawned":[4,5,13,14,16,18,24,31],"killed_by":"Automaton","ascension_level":0}}