{"host":"pmmuxs046gii331m","time":1613673101,"event":{"mods":["AchievementEnabler","BaseMod","Colored Powertips","Downfall","Gold Saver","Infinite Spire","Minty Spire (QoL Compilation)","Permanent Neow","Quick Restart","StSLib"],"gold_per_floor":[5859,5468,5468,5468,5468,5468,5468,5100,5181,5193,5223,5223,5223,5234,5234,5335,5335,5347,5347,5347,5446,5475,5508,5508,5508,5508,4953,4953,4953,4988,4144,4144,4243,4243,4255,4268,3640,3654,3226,3226,3226,3254,3254,3254,3279,3279,2950,2967,2967,3064,3114,3118,3190,3198,3198,2654,2654,2673,2698,2698,2728,2046,2054,2054,2054,2054,2161,2161,2166,2193,1678,1678,1685,1714,1714,1714,1738,1758,1758,1776,1483,1514,1514,1587,1587,1593,1689,1742,1777,1470,1479,1479,1479,1479,1479,1479,1479,208,219,219,288,288,292,31,34,218,218,218,58,82,82,82,82,99,199,274,274,361,361,365,390,390,390,390,410,425,425,425,423,423,165,165,165,165,241,241,249,258,258,258,480,480,480,498,498,498,498,498,498,516,516,567,567,567,52,52,96],"floor_reached":158,"language":"ENG","playtime":15728,"items_purged":["Gash","Gash","Leap","Coolheaded+1","infinitespire:NeuralNetwork+1","Doubt","Rip and Tear+1"],"score":4636,"play_id":"9805e7e2-53ed-4bf7-9bf6-5d1b88ba4eaf","local_time":"20210218133141","daily_mods":["Draft","Heirloom","Time Dilation","Flight"],"is_ascension_mode":false,"campfire_choices":[{"data":"Darkness","floor":6.0,"key":"SMITH"},{"data":"Chaos","floor":7.0,"key":"SMITH"},{"data":"Loop","floor":12.0,"key":"SMITH"},{"data":"Beam Cell","floor":13.0,"key":"SMITH"},{"data":"Coolheaded","floor":15.0,"key":"SMITH"},{"data":"infinitespire:Oblivion","floor":24.0,"key":"SMITH"},{"data":"Turbo","floor":25.0,"key":"SMITH"},{"data":"Rip and Tear","floor":28.0,"key":"SMITH"},{"data":"Steam","floor":32.0,"key":"SMITH"},{"data":"Seek","floor":40.0,"key":"SMITH"},{"data":"Melter","floor":41.0,"key":"SMITH"},{"data":"Multi-Cast","floor":44.0,"key":"SMITH"},{"data":"Compile Driver","floor":46.0,"key":"SMITH"},{"data":"Doom and Gloom","floor":49.0,"key":"SMITH"},{"floor":57.0,"key":"REST"},{"data":"White Noise","floor":66.0,"key":"SMITH"},{"data":"Doom and Gloom","floor":83,"key":"SMITH"},{"data":"infinitespire:Oblivion","floor":92,"key":"SMITH"},{"floor":95,"key":"REST"},{"floor":96,"key":"DIG"},{"data":"Double Energy","floor":97,"key":"SMITH"},{"floor":100,"key":"DIG"},{"floor":108,"key":"DIG"},{"floor":113,"key":"DIG"},{"floor":117,"key":"DIG"},{"floor":130,"key":"DIG"},{"floor":134,"key":"DIG"},{"floor":142,"key":"DIG"},{"data":"1","floor":143,"key":"LIFT"},{"data":"2","floor":146,"key":"LIFT"},{"data":"3","floor":148,"key":"LIFT"},{"floor":149,"key":"DIG"},{"floor":151,"key":"DIG"},{"data":"Barrage","floor":154,"key":"SMITH"}],"circlet_count":0,"master_deck":["Loop+1","Steam+1","Turbo+1","Conserve Battery+1","Leap+1","Compile Driver+1","Melter+1","Darkness+1","Multi-Cast+1","Seek+1","Self Repair+1","Mayhem+1","Lockon+1","Redo+1","Defragment+1","Doom and Gloom+1","Capacitor+1","White Noise+1","Core Surge+1","Doom and Gloom+1","infinitespire:Oblivion+1","Double Energy+1","Echo Form+1","Heatsinks+1","Creative AI+1","Darkness+1","Barrage+1","Rainbow+1","Defragment+1"],"relics":["Cracked Core","Torii","Lantern","Bottled Lightning","Gremlin Horn","Vajra","War Paint","StrikeDummy","White Beast Statue","Busted Crown","bronze:MakeshiftBattery","Bag of Preparation","Red Mask","Sundial","Frozen Egg 2","Kunai","infinitespire:Satchel","champ:DuelingGlove","Turnip","OrangePellets","infinitespire:WardingShard","Slimebound:PreparedRelic","Nuclear Battery","sneckomod:BlankCard","HandDrill","infinitespire:Beetle Shell","Frozen Eye","Nunchaku","Mummified Hand","Bottled Tornado","InkBottle","infinitespire:SolderingIron","Tiny House","infinitespire:Bottled Soul","hexamod:CandleOfCauterizing","Anchor","Lee\u0027s Waffle","Tiny Chest","hexamod:BolsterEngine","MawBank","Ornamental Fan","infinitespire:Lychee Nut","Pear","TheAbacus","Black Star","Akabeko","Bloody Idol","Philosopher\u0027s Stone","Whetstone","Symbiotic Virus","Blue Candle","Bag of Marbles","infinitespire:BottledMercury","Thread and Needle","CeramicFish","Regal Pillow","Letter Opener","Toy Ornithopter","DataDisk","Pen Nib","Runic Capacitor","Strawberry","Juzu Bracelet","Runic Pyramid","Shovel","Centennial Puzzle","TungstenRod","ClockworkSouvenir","Slimebound:StickyStick","Boot","The Courier","Meat on the Bone","infinitespire:Joker Card","Shuriken","Cables","Potion Belt","bronze:BronzeIdol","FossilizedHelix","Bird Faced Urn","MealTicket","Bronze Scales","Orichalcum","infinitespire:Cupcake","Oddly Smooth Stone","infinitespire:ShieldingShard","infinitespire:Magic Flask","Blood Vial","Happy Flower","infinitespire:FocusingShard","Smiling Mask","infinitespire:Freezer","Guardian:PocketSentry","Ancient Tea Set","Eternal Feather","Inserter","Art of War","MutagenicStrength","Mercury Hourglass","infinitespire:PuzzleCube","Emotion Chip","Omamori","Calling Bell","Omamori","Question Card","Gambling Chip","infinitespire:Lucky Rock","Pantograph","Du-Vu Doll","PreservedInsect","Singing Bowl","HornCleat","SlaversCollar","infinitespire:Midas Blood","Girya","infinitespire:Eraser","Bottled Flame","Toxic Egg 2","Incense Burner","Prayer Wheel","StoneCalendar","SacredBark","infinitespire:CursedDice","Ginger","Calipers","infinitespire:Golems Mask"],"acts_visited":["Exordium","TheCity","TheBeyond","Exordium","TheCity","TheBeyond","Exordium","TheCity","TheBeyond","TheEnding"],"potions_floor_usage":[101,114,114,114,129,135,135,144,144,152,152,152,156],"damage_taken":[{"damage":0.0,"enemies":"Cultist","floor":1.0,"turns":3.0},{"damage":0.0,"enemies":"Jaw Worm","floor":10.0,"turns":2.0},{"damage":0.0,"enemies":"3 Sentries","floor":11.0,"turns":4.0},{"damage":0.0,"enemies":"Small Slimes","floor":14.0,"turns":2.0},{"damage":1.0,"enemies":"The Guardian","floor":16.0,"turns":6.0},{"damage":11.0,"enemies":"2 Thieves","floor":18.0,"turns":3.0},{"damage":0.0,"enemies":"Masked Bandits","floor":22.0,"turns":2.0},{"damage":1.0,"enemies":"Slavers","floor":23.0,"turns":5.0},{"damage":0.0,"enemies":"Nightmare","floor":30.0,"turns":3.0},{"damage":0.0,"enemies":"Collector","floor":33.0,"turns":4.0},{"damage":0.0,"enemies":"Orb Walker","floor":35.0,"turns":1.0},{"damage":3.0,"enemies":"3 Shapes","floor":36.0,"turns":1.0},{"damage":1.0,"enemies":"3 Darklings","floor":38.0,"turns":3.0},{"damage":0.0,"enemies":"Reptomancer","floor":42.0,"turns":2.0},{"damage":0.0,"enemies":"Giant Head","floor":45.0,"turns":3.0},{"damage":3.0,"enemies":"4 Shapes","floor":48.0,"turns":2.0},{"damage":18.0,"enemies":"infinitespire:MassOfShapes","floor":50.0,"turns":4.0},{"damage":0.0,"enemies":"Cultist","floor":52.0,"turns":2.0},{"damage":0.0,"enemies":"2 Louse","floor":54.0,"turns":1.0},{"damage":0.0,"enemies":"Lagavulin","floor":58.0,"turns":2.0},{"damage":0.0,"enemies":"3 Sentries","floor":61.0,"turns":1.0},{"damage":0.0,"enemies":"Small Slimes","floor":63.0,"turns":1.0},{"damage":0.0,"enemies":"Slime Boss","floor":67.0,"turns":2.0},{"damage":0.0,"enemies":"2 Thieves","floor":69.0,"turns":1.0},{"damage":0.0,"enemies":"3 Byrds","floor":73.0,"turns":1.0},{"damage":0.0,"enemies":"Gremlin Leader","floor":74.0,"turns":1.0},{"damage":0.0,"enemies":"Slavers","floor":78.0,"turns":1.0},{"damage":0.0,"enemies":"Book of Stabbing","floor":80.0,"turns":1.0},{"damage":0.0,"enemies":"Gremlin Leader","floor":82.0,"turns":1.0},{"damage":0,"enemies":"Collector","floor":84,"turns":2},{"damage":0,"enemies":"Orb Walker","floor":86,"turns":1},{"damage":0,"enemies":"infinitespire:Three Voidlings","floor":87,"turns":1},{"damage":44,"enemies":"Nightmare_Alpha","floor":87,"turns":5},{"damage":0,"enemies":"2 Orb Walkers","floor":89,"turns":2},{"damage":82,"enemies":"Nemesis","floor":91,"turns":3},{"damage":0,"enemies":"Giant Head","floor":99,"turns":2},{"damage":0,"enemies":"Awakened One","floor":101,"turns":3},{"damage":0,"enemies":"Cultist","floor":103,"turns":2},{"damage":0,"enemies":"Jaw Worm","floor":105,"turns":1},{"damage":0,"enemies":"Lagavulin","floor":110,"turns":1},{"damage":0,"enemies":"Nightmare","floor":114,"turns":2},{"damage":0,"enemies":"Hexaghost","floor":118,"turns":2},{"damage":0,"enemies":"Shell Parasite","floor":120,"turns":1},{"damage":0,"enemies":"Gremlin Leader","floor":125,"turns":1},{"damage":0,"enemies":"Slavers","floor":126,"turns":1},{"damage":0,"enemies":"Nightmare","floor":129,"turns":3},{"damage":0,"enemies":"Champ","floor":135,"turns":2},{"damage":0,"enemies":"3 Darklings","floor":137,"turns":1},{"damage":0,"enemies":"Reptomancer","floor":144,"turns":2},{"damage":0,"enemies":"Giant Head","floor":150,"turns":2},{"damage":79,"enemies":"infinitespire:LordOfFortification","floor":152,"turns":6},{"damage":0,"enemies":"Shield and Spear","floor":156,"turns":3},{"damage":0,"enemies":"The Heart","floor":157,"turns":5}],"seed_played":"4263615247681662796","potions_obtained":[{"floor":10.0,"key":"Fire Potion"},{"floor":11.0,"key":"LiquidMemories"},{"floor":16.0,"key":"FearPotion"},{"floor":18.0,"key":"FocusPotion"},{"floor":22.0,"key":"Weak Potion"},{"floor":30.0,"key":"SmokeBomb"},{"floor":36.0,"key":"FairyPotion"},{"floor":50.0,"key":"champ:CounterPotion"},{"floor":63.0,"key":"infinitespire:BlackPotion"},{"floor":80.0,"key":"Fruit Juice"},{"floor":82,"key":"BlessingOfTheForge"},{"floor":89,"key":"FairyPotion"},{"floor":99,"key":"PotionOfCapacity"},{"floor":101,"key":"SkillPotion"},{"floor":103,"key":"CultistPotion"},{"floor":114,"key":"Strength Potion"},{"floor":118,"key":"Regen Potion"},{"floor":120,"key":"SpeedPotion"},{"floor":129,"key":"Regen Potion"},{"floor":135,"key":"LiquidBronze"},{"floor":137,"key":"champ:CounterPotion"},{"floor":144,"key":"SteroidPotion"},{"floor":150,"key":"FearPotion"},{"floor":152,"key":"Fire Potion"},{"floor":156,"key":"Fire Potion"},{"floor":157,"key":"FocusPotion"}],"is_trial":true,"path_per_floor":["M","$","?","T","?","R","R","$","T","M","E","R","R","M","R","B",null,"M","AVR","?","?","?","E","R","R","T","$","R","T","NM","$","R","B",null,"M","M","$","M","$","R","R","E","T","R","E","R","$","M","R","B",null,"M","?","M","?","$","R","E","T","T","E","$","M","AVR","?","R","B",null,"M","T","$","?","M","E","?","T","T","E","?","E","$","E","R","B",null,"M","?","T","?","$","E","R","?","T","R","R","R","$","E","R","B",null,"M","$","M","?","T","R","$","E","T","?","R","NM","?","?","R","B",null,"M","T","?","?","?","E","E","AVR","T","NM","R","$","T","?","R","B",null,"M","?","?","T","?","R","R","E","T","R","?","R","R","E","R","B",null,"R","$","E","B",null],"character_chosen":"DEFECT","items_purchased":["Lantern","Bottled Lightning","Vajra","War Paint","LiquidBronze","Kunai","infinitespire:Satchel","Self Repair+1","OrangePellets","infinitespire:WardingShard","Slimebound:PreparedRelic","FairyPotion","sneckomod:BlankCard","HandDrill","infinitespire:Beetle Shell","Mayhem+1","Frozen Eye","Nunchaku","infinitespire:SolderingIron","Defragment+1","hexamod:CandleOfCauterizing","Anchor","Lee\u0027s Waffle","infinitespire:Lychee Nut","Pear","TheAbacus","Symbiotic Virus","Blue Candle","Pen Nib","Runic Capacitor","ClockworkSouvenir","Slimebound:StickyStick","Shuriken","Cables","Potion Belt","bronze:BronzeIdol","FossilizedHelix","Bird Faced Urn","Oddly Smooth Stone","Singing Bowl","infinitespire:CursedDice","Ginger","Defragment+1"],"campfire_rested":2,"item_purchase_floors":[2,2,8,8,8,27,27,27,31,31,31,31,37,37,37,37,39,39,47,47,56,56,56,62,62,62,71,71,81,81,90,90,98,98,98,98,98,98,104,131,155,155,155],"current_hp_per_floor":[75,75,75,75,75,75,75,75,75,75,75,75,75,75,75,74,75,64,64,64,64,64,63,63,63,63,63,63,63,73,73,73,75,75,75,75,75,75,75,75,75,75,75,75,75,75,75,75,75,67,80,80,80,80,68,87,87,87,87,87,87,75,75,75,57,57,70,75,75,75,75,75,75,75,75,75,75,75,75,80,80,87,87,87,87,87,76,81,87,87,20,20,20,20,61,61,61,61,87,87,87,87,87,87,87,87,87,87,87,87,87,87,87,87,87,82,82,87,87,87,87,87,71,71,92,92,92,92,92,92,92,92,92,92,94,94,96,96,96,96,96,96,96,98,98,98,100,100,100,100,100,53,100,100,100,102,104],"gold":96,"neow_bonus":"","is_daily":false,"chose_seed":false,"campfire_upgraded":19,"win_rate":0.0,"timestamp":1613673101,"path_taken":["M","$","?","?","?","R","R","$","T","?","E","R","R","M","R","BOSS","M","AVR","?","?","?","E","R","R","T","?","R","?","NM","$","R","BOSS","M","?","$","?","?","R","R","E","T","R","E","R","?","M","R","BOSS","M","?","M","?","$","R","E","?","T","E","$","?","AVR","?","R","BOSS","M","?","$","?","?","E","?","?","T","E","?","E","?","E","R","BOSS","M","?","?","?","$","E","R","?","T","R","R","R","$","E","R","BOSS","M","$","M","?","?","R","$","E","T","?","R","NM","?","?","R","BOSS","M","?","?","?","?","E","E","AVR","T","NM","R","$","?","?","R","BOSS","M","?","?","?","?","R","R","E","T","R","?","R","R","E","R","BOSS","R","$","E","BOSS"],"items_purchased_type":["Relic","Relic","Relic","Relic","Potion","Relic","Relic","Card","Relic","Relic","Relic","Potion","Relic","Relic","Relic","Card","Relic","Relic","Relic","Card","Relic","Relic","Relic","Relic","Relic","Relic","Relic","Relic","Relic","Relic","Relic","Relic","Relic","Relic","Relic","Relic","Relic","Relic","Relic","Relic","Relic","Relic","Card"],"build_version":"2020-12-22","purchased_purges":7,"victory":true,"max_hp_per_floor":[75,75,75,75,75,75,75,75,75,75,75,75,75,75,75,75,75,75,75,75,75,75,75,75,75,75,75,75,75,75,75,75,75,75,75,75,75,75,75,75,75,75,75,75,75,75,75,75,75,75,80,80,80,80,80,87,87,87,87,87,87,75,75,75,75,75,75,75,75,75,75,75,75,75,75,75,75,75,75,80,80,87,87,87,87,87,87,87,87,87,87,87,87,87,87,87,87,87,87,87,87,87,87,87,87,87,87,87,87,87,87,87,87,87,87,87,87,87,87,87,87,87,92,92,92,92,92,92,92,92,92,92,92,92,94,94,96,96,96,96,96,96,96,98,98,98,100,100,100,100,100,100,100,100,100,102,104],"card_choices":[{"not_picked":["Beam Cell","Barrage"],"picked":"Gash","floor":0.0},{"not_picked":["Tempest","Double Energy"],"picked":"Loop","floor":0.0},{"not_picked":["Blizzard","Lockon"],"picked":"Steam","floor":0.0},{"not_picked":["Redo","Genetic Algorithm"],"picked":"Beam Cell","floor":0.0},{"not_picked":["Recycle","Beam Cell"],"picked":"Coolheaded","floor":0.0},{"not_picked":["Static Discharge","Skim"],"picked":"Turbo","floor":0.0},{"not_picked":["Sweeping Beam","Steam"],"picked":"Conserve Battery","floor":0.0},{"not_picked":["Barrage","Turbo"],"picked":"Coolheaded","floor":0.0},{"not_picked":["Heatsinks","Consume"],"picked":"Gash","floor":0.0},{"not_picked":["Go for the Eyes","Hologram"],"picked":"Leap","floor":0.0},{"not_picked":["Rebound","Stack"],"picked":"Compile Driver","floor":0.0},{"not_picked":["Barrage","Rebound"],"picked":"Melter","floor":0.0},{"not_picked":["Cold Snap","Redo"],"picked":"Darkness","floor":0.0},{"not_picked":["Reprogram","Rebound"],"picked":"Leap","floor":0.0},{"not_picked":["Turbo","Barrage"],"picked":"Gash","floor":0.0},{"not_picked":["Sunder","Beam Cell"],"picked":"Chaos","floor":1.0},{"not_picked":["White Noise","Chill","Coolheaded"],"picked":"SKIP","floor":10.0},{"not_picked":["Force Field","Compile Driver"],"picked":"Multi-Cast","floor":11.0},{"not_picked":["Compile Driver","Go for the Eyes","Hologram"],"picked":"SKIP","floor":14.0},{"not_picked":["Fission","Machine Learning"],"picked":"Seek","floor":16.0},{"not_picked":["Undo"],"picked":"SKIP","floor":18.0},{"not_picked":[],"picked":"Rip and Tear","floor":23.0},{"not_picked":["Force Field+1"],"picked":"SKIP","floor":30.0},{"not_picked":["Force Field+1"],"picked":"SKIP","floor":30.0},{"not_picked":["Self Repair+1"],"picked":"SKIP","floor":35.0},{"not_picked":["Rebound"],"picked":"SKIP","floor":36.0},{"not_picked":[],"picked":"Lockon+1","floor":38.0},{"not_picked":["Hello World+1"],"picked":"SKIP","floor":42.0},{"not_picked":[],"picked":"Redo+1","floor":45.0},{"not_picked":[],"picked":"Doom and Gloom","floor":48.0},{"not_picked":["Steam"],"picked":"SKIP","floor":52.0},{"not_picked":["Steam"],"picked":"SKIP","floor":52.0},{"not_picked":["Hologram"],"picked":"SKIP","floor":54.0},{"not_picked":[],"picked":"Capacitor+1","floor":58.0},{"not_picked":["Auto Shields"],"picked":"SKIP","floor":61.0},{"not_picked":[],"picked":"White Noise","floor":63.0},{"not_picked":[],"picked":"Core Surge","floor":67.0},{"not_picked":["Gash+1"],"picked":"SKIP","floor":69.0},{"not_picked":["White Noise"],"picked":"SKIP","floor":73.0},{"not_picked":["Compile Driver+1"],"picked":"SKIP","floor":74.0},{"not_picked":["Coolheaded"],"picked":"SKIP","floor":78.0},{"not_picked":["Stack"],"picked":"SKIP","floor":80.0},{"not_picked":[],"picked":"Doom and Gloom","floor":82},{"not_picked":["Hologram"],"picked":"SKIP","floor":86},{"not_picked":["infinitespire:Starlight","infinitespire:FutureSight"],"picked":"infinitespire:Oblivion","floor":87},{"not_picked":[],"picked":"Double Energy","floor":87},{"not_picked":["infinitespire:Gouge","infinitespire:Punishment"],"picked":"infinitespire:NeuralNetwork","floor":87},{"not_picked":["Melter+1"],"picked":"SKIP","floor":91},{"not_picked":["Go for the Eyes+1"],"picked":"SKIP","floor":99},{"not_picked":[],"picked":"Echo Form+1","floor":101},{"not_picked":["Undo"],"picked":"SKIP","floor":103},{"not_picked":["Fusion"],"picked":"SKIP","floor":105},{"not_picked":["Hologram"],"picked":"SKIP","floor":110},{"not_picked":[],"picked":"Heatsinks+1","floor":114},{"not_picked":[],"picked":"Creative AI+1","floor":118},{"not_picked":["Glacier+1"],"picked":"SKIP","floor":120},{"not_picked":["Coolheaded"],"picked":"SKIP","floor":125},{"not_picked":["Conserve Battery"],"picked":"SKIP","floor":126},{"not_picked":["Conserve Battery"],"picked":"SKIP","floor":126},{"not_picked":["Ball Lightning+1","Turbo"],"picked":"SKIP","floor":129},{"not_picked":["Meteor Strike","Biased Cognition+1"],"picked":"Singing Bowl","floor":135},{"not_picked":["Gash","Turbo+1"],"picked":"Singing Bowl","floor":137},{"not_picked":["Leap","Reinforced Body"],"picked":"Singing Bowl","floor":144},{"not_picked":["Panache+1","Magnetism+1"],"picked":"Singing Bowl","floor":147},{"not_picked":["Meteor Strike"],"picked":"Barrage","floor":150},{"not_picked":["Seek+1"],"picked":"Rainbow+1","floor":152},{"not_picked":["Aggregate+1","Compile Driver+1"],"picked":"Singing Bowl","floor":156},{"not_picked":["Reboot+1","Rainbow+1"],"picked":"Singing Bowl","floor":157}],"player_experience":547286,"relics_obtained":[{"floor":4.0,"key":"Gremlin Horn"},{"floor":9.0,"key":"StrikeDummy"},{"floor":11.0,"key":"White Beast Statue"},{"floor":22.0,"key":"Red Mask"},{"floor":23.0,"key":"Sundial"},{"floor":26.0,"key":"Frozen Egg 2"},{"floor":29.0,"key":"champ:DuelingGlove"},{"floor":30.0,"key":"Turnip"},{"floor":42.0,"key":"Mummified Hand"},{"floor":43.0,"key":"Bottled Tornado"},{"floor":45.0,"key":"InkBottle"},{"floor":58.0,"key":"Tiny Chest"},{"floor":59.0,"key":"hexamod:BolsterEngine"},{"floor":60.0,"key":"MawBank"},{"floor":61.0,"key":"Ornamental Fan"},{"floor":70.0,"key":"Whetstone"},{"floor":74.0,"key":"Bag of Marbles"},{"floor":74.0,"key":"infinitespire:BottledMercury"},{"floor":76.0,"key":"Thread and Needle"},{"floor":77.0,"key":"CeramicFish"},{"floor":78.0,"key":"Regal Pillow"},{"floor":78.0,"key":"Letter Opener"},{"floor":80.0,"key":"Toy Ornithopter"},{"floor":80.0,"key":"DataDisk"},{"floor":82,"key":"Strawberry"},{"floor":82,"key":"Juzu Bracelet"},{"floor":87,"key":"Shovel"},{"floor":88,"key":"Centennial Puzzle"},{"floor":89,"key":"TungstenRod"},{"floor":91,"key":"Boot"},{"floor":91,"key":"The Courier"},{"floor":94,"key":"Meat on the Bone"},{"floor":96,"key":"infinitespire:Joker Card"},{"floor":99,"key":"MealTicket"},{"floor":99,"key":"Bronze Scales"},{"floor":100,"key":"Orichalcum"},{"floor":107,"key":"infinitespire:ShieldingShard"},{"floor":108,"key":"infinitespire:Magic Flask"},{"floor":110,"key":"Blood Vial"},{"floor":110,"key":"Happy Flower"},{"floor":111,"key":"infinitespire:FocusingShard"},{"floor":113,"key":"infinitespire:Freezer"},{"floor":114,"key":"Guardian:PocketSentry"},{"floor":114,"key":"Ancient Tea Set"},{"floor":117,"key":"Eternal Feather"},{"floor":121,"key":"Art of War"},{"floor":125,"key":"Mercury Hourglass"},{"floor":126,"key":"infinitespire:PuzzleCube"},{"floor":126,"key":"Emotion Chip"},{"floor":127,"key":"Omamori"},{"floor":127,"key":"Question Card"},{"floor":127,"key":"Gambling Chip"},{"floor":128,"key":"infinitespire:Lucky Rock"},{"floor":129,"key":"Pantograph"},{"floor":129,"key":"Du-Vu Doll"},{"floor":130,"key":"PreservedInsect"},{"floor":132,"key":"HornCleat"},{"floor":140,"key":"infinitespire:Midas Blood"},{"floor":142,"key":"Girya"},{"floor":144,"key":"infinitespire:Eraser"},{"floor":144,"key":"Bottled Flame"},{"floor":145,"key":"Toxic Egg 2"},{"floor":149,"key":"Incense Burner"},{"floor":150,"key":"Prayer Wheel"},{"floor":151,"key":"StoneCalendar"},{"floor":156,"key":"Calipers"},{"floor":156,"key":"infinitespire:Golems Mask"}],"event_choices":[{"cards_removed":["Gash"],"damage_healed":5.0,"max_hp_gain":0.0,"max_hp_loss":0.0,"gold_gain":0.0,"event_name":"Bonfire Elementals","player_choice":"Offered Common","floor":5.0,"gold_loss":0.0,"damage_taken":0.0},{"cards_removed":["Gash"],"damage_healed":5.0,"max_hp_gain":0.0,"max_hp_loss":0.0,"gold_gain":0.0,"event_name":"Bonfire Elementals","player_choice":"Offered Special","floor":5.0,"gold_loss":0.0,"damage_taken":0.0},{"cards_removed":["Coolheaded"],"damage_healed":0.0,"max_hp_gain":0.0,"max_hp_loss":0.0,"gold_gain":0.0,"event_name":"Back to Basics","player_choice":"Elegance","floor":20.0,"gold_loss":0.0,"damage_taken":0.0},{"damage_healed":0.0,"max_hp_gain":0.0,"max_hp_loss":0.0,"gold_gain":99.0,"event_name":"Nest","player_choice":"Stole From Cult","floor":21.0,"gold_loss":0.0,"damage_taken":0.0},{"damage_healed":0.0,"max_hp_gain":0.0,"max_hp_loss":0.0,"gold_gain":0.0,"event_name":"Masked Bandits","player_choice":"Fought Bandits","floor":22.0,"gold_loss":0.0,"damage_taken":0.0},{"damage_healed":0.0,"max_hp_gain":0.0,"max_hp_loss":0.0,"gold_gain":72.0,"event_name":"Golden Wing","player_choice":"Gained Gold","floor":53.0,"gold_loss":0.0,"damage_taken":0.0},{"damage_healed":0.0,"max_hp_gain":0.0,"max_hp_loss":0.0,"gold_gain":0.0,"event_name":"Scrap Ooze","player_choice":"Success","floor":55.0,"gold_loss":0.0,"damage_taken":12.0,"relics_obtained":["infinitespire:Bottled Soul"]},{"damage_healed":0.0,"max_hp_gain":0.0,"max_hp_loss":0.0,"gold_gain":0.0,"event_name":"Golden Idol","player_choice":"Take Damage","floor":65.0,"gold_loss":0.0,"damage_taken":18.0,"relics_obtained":["Golden Idol"]},{"cards_removed":["Beam Cell"],"damage_healed":0.0,"max_hp_gain":0.0,"max_hp_loss":0.0,"gold_gain":0.0,"event_name":"Purifier","player_choice":"Purged","floor":72.0,"gold_loss":0.0,"damage_taken":0.0},{"damage_healed":0.0,"max_hp_gain":0.0,"max_hp_loss":0.0,"gold_gain":0.0,"event_name":"Forgotten Altar","player_choice":"Gave Idol","floor":75.0,"relics_lost":["Golden Idol"],"gold_loss":0.0,"damage_taken":0.0,"relics_obtained":["Bloody Idol"]},{"damage_healed":0.0,"max_hp_gain":0.0,"max_hp_loss":0.0,"gold_gain":0.0,"event_name":"Cursed Tome","player_choice":"Ignored","floor":79.0,"gold_loss":0.0,"damage_taken":0.0},{"damage_healed":0,"gold_gain":0,"player_choice":"Fight","damage_taken":0,"max_hp_gain":0,"max_hp_loss":0,"event_name":"Mysterious Sphere","floor":89,"gold_loss":0},{"cards_removed":["infinitespire:Oblivion"],"damage_healed":0,"gold_gain":0,"player_choice":"Removed Attack","damage_taken":0,"max_hp_gain":0,"max_hp_loss":0,"event_name":"Falling","floor":93,"gold_loss":0},{"damage_healed":0,"gold_gain":175,"player_choice":"AGREE","damage_taken":0,"max_hp_gain":0,"max_hp_loss":0,"event_name":"Liars Game","floor":106,"gold_loss":0,"cards_obtained":["Doubt"]},{"cards_removed":["Chaos"],"damage_healed":0,"gold_gain":0,"player_choice":"Gave Card","damage_taken":0,"relics_obtained":["Smiling Mask"],"max_hp_gain":0,"max_hp_loss":0,"event_name":"WeMeetAgain","floor":112,"gold_loss":0},{"damage_healed":0,"gold_gain":100,"player_choice":"Gold","damage_taken":0,"max_hp_gain":0,"max_hp_loss":0,"event_name":"Wheel of Change","floor":115,"gold_loss":0},{"damage_healed":0,"gold_gain":75,"player_choice":"Gather Gold","damage_taken":11,"max_hp_gain":0,"max_hp_loss":0,"event_name":"World of Goop","floor":116,"gold_loss":0},{"damage_healed":0,"gold_gain":0,"player_choice":"Shed Blood","damage_taken":22,"max_hp_gain":5,"max_hp_loss":0,"event_name":"Forgotten Altar","floor":123,"gold_loss":0},{"damage_healed":0,"gold_gain":0,"player_choice":"Inject Mutagens","damage_taken":0,"relics_obtained":["MutagenicStrength"],"max_hp_gain":0,"max_hp_loss":0,"event_name":"Drug Dealer","floor":124,"gold_loss":0},{"damage_healed":0,"gold_gain":0,"player_choice":"Copied","damage_taken":0,"max_hp_gain":0,"max_hp_loss":0,"event_name":"Duplicator","floor":138,"gold_loss":0,"cards_obtained":["Darkness"]},{"damage_healed":0,"gold_gain":0,"player_choice":"Ignored","damage_taken":0,"max_hp_gain":0,"max_hp_loss":0,"event_name":"Accursed Blacksmith","floor":139,"gold_loss":0},{"damage_healed":0,"gold_gain":222,"player_choice":"Wore Mask","damage_taken":0,"max_hp_gain":0,"max_hp_loss":0,"event_name":"Tomb of Lord Red Mask","floor":141,"gold_loss":0},{"damage_healed":0,"gold_gain":0,"player_choice":"Memory 1","damage_taken":0,"max_hp_gain":0,"max_hp_loss":0,"event_name":"SensoryStone","floor":147,"gold_loss":0}],"is_beta":false,"boss_relics":[{"not_picked":["FrozenCore","Fusion Hammer"],"picked":"Busted Crown"},{"not_picked":["Velvet Choker","SacredBark"],"picked":"Nuclear Battery"},{"not_picked":["Runic Dome","Astrolabe"],"picked":"Tiny House"},{"not_picked":["Snecko Eye","SlaversCollar"],"picked":"Philosopher\u0027s Stone"},{"not_picked":["Astrolabe","Coffee Dripper"],"picked":"Runic Pyramid"},{"not_picked":["Inserter","Fusion Hammer"],"picked":"infinitespire:Cupcake"},{"not_picked":["Empty Cage","FrozenCore"],"picked":"Inserter"},{"not_picked":["Runic Dome","sneckomod:SneckoTalon"],"picked":"SlaversCollar"},{"not_picked":["Astrolabe","Snecko Eye"],"picked":"SacredBark"}],"items_purged_floors":[27,31,39,98,104,109,131],"is_endless":true,"potions_floor_spawned":[10,11,14,16,18,22,23,30,33,35,36,38,42,45,48,50,52,54,58,61,63,67,69,73,74,78,80,82,84,86,87,87,89,91,99,101,103,105,110,114,118,120,125,126,129,135,137,144,150,152,156,157],"ascension_level":0}}