{"host":"6pietnjer90du4bs","time":1613646109,"event":{"mods":["Aspiration","BaseMod","Bossed Relics","Colored Map","Infinite Spire","Minty Spire (QoL Compilation)","Replay The Spire","StSLib"],"gold_per_floor":[113,113,127,139,139,139,164,89,89,89,89,117,117,137,152,52,52,125,125,139,156,156,156,156,156,184,184,484,484,484,484,484,498,498,498,498],"floor_reached":35,"language":"ENG","playtime":1023,"items_purged":["Distraction","Defend_R","Defend_R+1"],"score":719,"play_id":"52818219-fbf8-4b26-beae-7c594a7f0a6a","local_time":"20210218120149","is_ascension_mode":true,"campfire_choices":[{"data":"Flex","floor":6,"key":"SMITH"},{"floor":17,"key":"REST"},{"data":"J.A.X.","floor":25,"key":"SMITH"},{"data":"Brutality","floor":27,"key":"SMITH"},{"data":"Bite","floor":32,"key":"SMITH"},{"floor":34,"key":"REST"}],"circlet_count":0,"master_deck":["AscendersBane","Bash+1","Bloodletting","Flying Knee","Poisoned Stab","Flex+1","Brutality+1","Brutality+1","Hemokinesis","Spot Weakness","J.A.X.+1","Bite+1","Bite","Bite","Bite","Bite","Languid","Flex"],"relics":["Burning Blood","NeowsBlessing","Simple Rune","Eternal Feather","infinitespire:CheckeredPen","Tiny House","Thread and Needle","ReplayTheSpireMod:Ninjato","Old Coin","Mirror","infinitespire:PuzzleCube","aspiration:RitualStick"],"acts_visited":["Exordium","TheCity"],"potions_floor_usage":[7,18,18,20,33,33],"damage_taken":[{"damage":0,"enemies":"2 Louse","floor":1,"turns":2},{"damage":0,"enemies":"Cultist","floor":3,"turns":1},{"damage":0,"enemies":"Jaw Worm","floor":4,"turns":1},{"damage":2,"enemies":"Gremlin Nob","floor":7,"turns":3},{"damage":27,"enemies":"Lagavulin","floor":12,"turns":4},{"damage":10,"enemies":"Large Slime","floor":14,"turns":5},{"damage":39,"enemies":"Exordium Thugs","floor":15,"turns":3},{"damage":46,"enemies":"Fading Forest","floor":18,"turns":13},{"damage":11,"enemies":"3 Byrds","floor":20,"turns":3},{"damage":27,"enemies":"2 Thieves","floor":21,"turns":3},{"damage":18,"enemies":"Nightmare","floor":26,"turns":6},{"damage":39,"enemies":"Shelled Parasite and Fungi","floor":33,"turns":3},{"damage":67,"enemies":"Champ","floor":35,"turns":7}],"seed_played":"101893456069859717","potions_obtained":[{"floor":4,"key":"Weak Potion"},{"floor":7,"key":"BlessingOfTheForge"},{"floor":12,"key":"CultistPotion"},{"floor":18,"key":"Explosive Potion"},{"floor":21,"key":"Strength Potion"},{"floor":26,"key":"ColorlessPotion"}],"is_trial":false,"path_per_floor":["M","?","M","M","?","R","E","$","PTL","PTL","T","E","?","M","M","$","R","B",null,"M","M","?","?","T","R","NM","R","T","AVR","?","?","R","M","R_BF","B"],"character_chosen":"IRONCLAD","items_purchased":[],"campfire_rested":2,"item_purchase_floors":[],"current_hp_per_floor":[74,74,75,75,75,75,75,75,75,75,75,54,54,50,17,17,45,53,70,65,44,44,44,44,52,52,52,52,52,52,39,48,28,52,0,0],"gold":498,"neow_bonus":"THREE_ENEMY_KILL","is_daily":false,"chose_seed":false,"campfire_upgraded":4,"win_rate":0.0,"timestamp":1613646109,"path_taken":["M","?","M","?","?","R","E","$","PTL","PTL","T","E","?","?","M","$","R","BOSS","M","M","?","?","?","R","NM","R","T","AVR","?","?","R","M","R_BF","BOSS"],"items_purchased_type":[],"build_version":"2020-12-22","purchased_purges":3,"victory":false,"max_hp_per_floor":[75,75,75,75,75,75,75,75,75,75,75,75,75,75,75,75,75,75,75,75,75,75,52,52,52,52,52,52,52,52,52,52,52,52,52,52],"card_choices":[{"not_picked":["True Grit","Headbutt"],"picked":"Bloodletting","floor":1},{"not_picked":["Run Through","ReplayTheSpireMod:Strike From Hell"],"picked":"Flex","floor":3},{"not_picked":["Pommel Strike","Iron Wave","Infernal Blade"],"picked":"SKIP","floor":4},{"not_picked":["Sentinel","Flex"],"picked":"Brutality","floor":7},{"not_picked":["infinitespire:OneForAll","Havoc","Disarm"],"picked":"SKIP","floor":12},{"not_picked":["Metallicize","Pommel Strike","Perfected Strike"],"picked":"SKIP","floor":14},{"not_picked":["Abandon","Pommel Strike"],"picked":"Hemokinesis","floor":15},{"not_picked":["Headbutt","Clash+1"],"picked":"Spot Weakness","floor":20},{"not_picked":["ReplayTheSpireMod:Corrosion Curse","Havoc","True Grit"],"picked":"SKIP","floor":21},{"not_picked":["Armaments","Cleave+1","Twin Strike"],"picked":"SKIP","floor":26},{"not_picked":["Flame Barrier+1","True Grit"],"picked":"Flex","floor":33}],"player_experience":731366,"relics_obtained":[{"floor":7,"key":"Simple Rune"},{"floor":11,"key":"Eternal Feather"},{"floor":12,"key":"infinitespire:CheckeredPen"},{"floor":24,"key":"Thread and Needle"},{"floor":26,"key":"ReplayTheSpireMod:Ninjato"},{"floor":28,"key":"Old Coin"}],"event_choices":[{"damage_healed":0,"gold_gain":0,"player_choice":"Upgraded","damage_taken":0,"max_hp_gain":0,"max_hp_loss":0,"event_name":"Upgrade Shrine","floor":13,"gold_loss":0,"cards_upgraded":["Bash"]},{"damage_healed":0,"gold_gain":0,"player_choice":"Obtain J.A.X.","damage_taken":0,"max_hp_gain":0,"max_hp_loss":0,"event_name":"Drug Dealer","floor":22,"gold_loss":0,"cards_obtained":["J.A.X."]},{"damage_healed":0,"gold_gain":0,"player_choice":"Became a vampire","damage_taken":0,"max_hp_gain":0,"max_hp_loss":23,"event_name":"Vampires","floor":23,"gold_loss":0,"cards_obtained":["Bite","Bite","Bite","Bite","Bite"]}],"is_beta":false,"boss_relics":[{"not_picked":["SlaversCollar","Honey Jar"],"picked":"Tiny House"}],"items_purged_floors":[8,16,29],"is_endless":true,"potions_floor_spawned":[4,7,12,18,21,26],"killed_by":"Champ","ascension_level":19}}