{"host":"q4axc00jr2bozlh9","time":1613640550,"event":{"mods":["AchievementEnabler","BaseMod","Bestiary","Colored Map","Colored Powertips","Curses Come First","Minty Spire (QoL Compilation)","Relic Stats","StSLib","SuperFastMode","UnlockEverythingMod"],"gold_per_floor":[110,35,47,58,78,105,119,132,132,142,42,42,58,8,8,113,113,126,126,146,146,164,181,38,57,57,157,60,72,106,106,106],"floor_reached":31,"language":"ENG","playtime":1251,"items_purged":["Strike_R","Strike_R"],"score":313,"play_id":"921f92c0-7752-44b1-bbd9-463d29bd77a9","local_time":"20210218102910","is_ascension_mode":false,"campfire_choices":[{"data":"Armaments","floor":12.0,"key":"SMITH"},{"floor":15.0,"key":"REST"}],"circlet_count":0,"master_deck":["Strike_R","Strike_R","Defend_R","Defend_R","Defend_R","Bash","Inflame+1","Heavy Blade","True Grit","Armaments+1","Flex","Inflame","Thunderclap","Feed","Dropkick","Barricade","Metallicize","Shrug It Off","Spot Weakness+1","Disarm+1"],"relics":["Burning Blood","Sundial","Sozu","Tiny Chest","Mango","StoneCalendar"],"acts_visited":["Exordium","TheCity"],"potions_floor_usage":[30],"damage_taken":[{"damage":7.0,"enemies":"Small Slimes","floor":1.0,"turns":5.0},{"damage":3.0,"enemies":"Jaw Worm","floor":3.0,"turns":4.0},{"damage":1.0,"enemies":"Cultist","floor":4.0,"turns":3.0},{"damage":9.0,"enemies":"Blue Slaver","floor":5.0,"turns":4.0},{"damage":37.0,"enemies":"Lagavulin","floor":6.0,"turns":12.0},{"damage":15.0,"enemies":"Exordium Thugs","floor":7.0,"turns":5.0},{"damage":6.0,"enemies":"Red Slaver","floor":8.0,"turns":2.0},{"damage":0.0,"enemies":"2 Fungi Beasts","floor":10.0,"turns":4.0},{"damage":5.0,"enemies":"Looter","floor":13.0,"turns":4.0},{"damage":55.0,"enemies":"The Guardian","floor":16.0,"turns":8.0},{"damage":16,"enemies":"Spheric Guardian","floor":18,"turns":4},{"damage":5,"enemies":"Chosen","floor":20,"turns":6},{"damage":12,"enemies":"3 Cultists","floor":22,"turns":5},{"damage":25,"enemies":"Centurion and Healer","floor":23,"turns":6},{"damage":14,"enemies":"Chosen and Byrds","floor":25,"turns":6},{"damage":13,"enemies":"Snake Plant","floor":29,"turns":4},{"damage":56,"enemies":"Book of Stabbing","floor":30,"turns":7},{"damage":18,"enemies":"Shelled Parasite and Fungi","floor":31,"turns":1}],"seed_played":"-1268427536530812535","potions_obtained":[{"floor":1.0,"key":"HeartOfIron"},{"floor":3.0,"key":"LiquidMemories"},{"floor":7.0,"key":"Dexterity Potion"},{"floor":10.0,"key":"ElixirPotion"},{"floor":16.0,"key":"SpeedPotion"}],"is_trial":false,"path_per_floor":["M","$","M","M","M","E","M","M","T","M","$","R","M","?","R","B",null,"M","?","M","?","M","M","$","M","T","?","$","M","E","M"],"character_chosen":"IRONCLAD","items_purchased":["Tiny Chest","Metallicize","Shrug It Off"],"campfire_rested":1,"item_purchase_floors":[24,28,28],"current_hp_per_floor":[87,87,88,88,85,54,45,45,45,51,51,51,52,52,78,29,88,78,78,83,83,80,64,64,56,70,70,70,63,13,0,0],"gold":106,"neow_bonus":"TEN_PERCENT_HP_BONUS","is_daily":false,"chose_seed":false,"campfire_upgraded":1,"win_rate":0.0,"timestamp":1613640550,"path_taken":["M","$","M","M","M","E","M","M","T","M","$","R","M","?","R","BOSS","M","?","M","?","M","?","$","M","T","?","?","M","E","M"],"items_purchased_type":["Relic","Card","Card"],"build_version":"2020-12-22","purchased_purges":2,"victory":false,"max_hp_per_floor":[88,88,88,88,88,88,88,88,88,88,88,88,88,88,88,88,88,88,88,92,92,95,98,98,98,112,112,112,112,112,112,112],"relic_stats":{"Sozu":3,"counters":[18,90],"Sundial":[12],"Tiny Chest":0,"StoneCalendar":[0],"obtain_stats":[{"Sozu":17,"Sundial":6,"Tiny Chest":24,"Mango":26,"StoneCalendar":30,"Burning Blood":0},{"Sozu":10,"Sundial":5,"Tiny Chest":14,"Mango":15,"StoneCalendar":17,"Burning Blood":0},{"Sozu":51,"Sundial":28,"Tiny Chest":72,"Mango":78,"StoneCalendar":89,"Burning Blood":0}],"Burning Blood":95},"card_choices":[{"not_picked":["Metallicize","Cleave"],"picked":"Inflame","floor":1.0},{"not_picked":["Havoc","Flex"],"picked":"Heavy Blade","floor":3.0},{"not_picked":["Whirlwind","Uppercut"],"picked":"True Grit","floor":4.0},{"not_picked":["Offering","Power Through"],"picked":"Armaments","floor":5.0},{"not_picked":["Bludgeon","Clothesline"],"picked":"Flex","floor":6.0},{"not_picked":["Perfected Strike","Cleave"],"picked":"Inflame","floor":7.0},{"not_picked":["Sword Boomerang","True Grit"],"picked":"Thunderclap","floor":8.0},{"not_picked":["Twin Strike","Clash","Second Wind"],"picked":"SKIP","floor":10.0},{"not_picked":["Havoc","Pommel Strike","Body Slam"],"picked":"SKIP","floor":13.0},{"not_picked":["Impervious","Berserk"],"picked":"Feed","floor":16.0},{"not_picked":["Havoc","Thunderclap","Burning Pact"],"picked":"SKIP","floor":18},{"not_picked":["Bloodletting","Iron Wave"],"picked":"Dropkick","floor":20},{"not_picked":["Body Slam","Power Through","Reckless Charge+1"],"picked":"SKIP","floor":22},{"not_picked":["Twin Strike","Thunderclap","Pommel Strike"],"picked":"SKIP","floor":23},{"not_picked":["Hemokinesis","Carnage"],"picked":"Barricade","floor":25},{"not_picked":["Body Slam+1","Iron Wave"],"picked":"Spot Weakness+1","floor":29},{"not_picked":["Armaments","Rage+1"],"picked":"Disarm+1","floor":30}],"player_experience":276160,"relics_obtained":[{"floor":6.0,"key":"Sundial"},{"floor":26,"key":"Mango"},{"floor":30,"key":"StoneCalendar"}],"event_choices":[{"cards_removed":["Defend_R"],"damage_healed":0.0,"max_hp_gain":0.0,"max_hp_loss":0.0,"gold_gain":0.0,"event_name":"The Cleric","player_choice":"Card Removal","floor":14.0,"gold_loss":50.0,"damage_taken":0.0},{"cards_removed":["Strike_R"],"damage_healed":0,"gold_gain":0,"player_choice":"Elegance","damage_taken":0,"max_hp_gain":0,"max_hp_loss":0,"event_name":"Back to Basics","floor":19,"gold_loss":0},{"damage_healed":0,"gold_gain":0,"player_choice":"Upgraded","damage_taken":0,"max_hp_gain":0,"max_hp_loss":0,"event_name":"Upgrade Shrine","floor":21,"gold_loss":0,"cards_upgraded":["Inflame"]},{"damage_healed":0,"gold_gain":100,"player_choice":"Pray","damage_taken":0,"max_hp_gain":0,"max_hp_loss":0,"event_name":"Golden Shrine","floor":27,"gold_loss":0}],"is_beta":false,"boss_relics":[{"not_picked":["Cursed Key","Runic Cube"],"picked":"Sozu"}],"items_purged_floors":[2,11],"is_endless":false,"potions_floor_spawned":[1,3,7,10,16,20,22,23],"killed_by":"Shelled Parasite and Fungi","ascension_level":0}}