{"host":"Slaske","time":1613677616,"event":{"mods":["AchievementEnabler","BaseMod","Colored Map","Colored Powertips","Minty Spire (QoL Compilation)","Random Character Button","Relic Stats","slay the spire mod where everything is the same but ironclad has a cowboy hat"],"gold_per_floor":[112,112,125,300,300,333,346,381,381,391,410,76,76,93,93,196,196,196,196],"floor_reached":18,"language":"ENG","playtime":3466,"items_purged":["Doubt"],"score":206,"play_id":"9594ed91-853b-48f4-83d6-05f0e662f4b3","local_time":"20210218204656","is_ascension_mode":true,"campfire_choices":[{"floor":13,"key":"REST"},{"floor":15,"key":"REST"}],"circlet_count":0,"master_deck":["Strike_B","Strike_B","Strike_B","Strike_B","Defend_B","Defend_B","Defend_B","Defend_B","Zap","Dualcast","Streamline+1","Go for the Eyes","Tempest","Glacier","Core Surge","Genetic Algorithm","Cold Snap","White Noise","Reboot"],"relics":["FrozenCore","Bottled Flame","Bronze Scales","Omamori","InkBottle"],"acts_visited":["Exordium","TheCity"],"potions_floor_usage":[6,8,11],"damage_taken":[{"damage":2,"enemies":"Jaw Worm","floor":1,"turns":3},{"damage":6,"enemies":"2 Louse","floor":3,"turns":3},{"damage":30,"enemies":"3 Sentries","floor":6,"turns":6},{"damage":0,"enemies":"Cultist","floor":7,"turns":3},{"damage":18,"enemies":"Lagavulin","floor":8,"turns":4},{"damage":13,"enemies":"Exordium Wildlife","floor":10,"turns":4},{"damage":0,"enemies":"Large Slime","floor":11,"turns":4},{"damage":8,"enemies":"Exordium Thugs","floor":14,"turns":4},{"damage":48,"enemies":"Hexaghost","floor":16,"turns":11},{"damage":0,"enemies":"3 Byrds","floor":18,"turns":1}],"seed_played":"-6421345960641632587","potions_obtained":[{"floor":1,"key":"PowerPotion"},{"floor":6,"key":"Block Potion"},{"floor":10,"key":"Fruit Juice"},{"floor":11,"key":"Swift Potion"}],"is_trial":false,"path_per_floor":["M","?","M","?","T","E","M","E","T","M","M","$","R","M","R","B",null,"M"],"character_chosen":"DEFECT","items_purchased":["InkBottle"],"campfire_rested":2,"item_purchase_floors":[12],"current_hp_per_floor":[80,80,74,74,74,44,44,26,26,13,18,18,44,36,62,14,87,87,87],"gold":196,"neow_bonus":"TEN_PERCENT_HP_BONUS","is_daily":false,"chose_seed":false,"campfire_upgraded":0,"win_rate":0.0,"timestamp":1613677616,"path_taken":["M","?","M","?","?","E","M","E","T","M","M","$","R","M","R","BOSS","M"],"items_purchased_type":["Relic"],"build_version":"2020-12-18","purchased_purges":1,"victory":false,"max_hp_per_floor":[82,82,82,82,82,82,82,82,82,82,87,87,87,87,87,87,87,87,87],"relic_stats":{"counters":[10,43],"Bronze Scales":[93],"obtain_stats":[{"Bottled Flame":5,"Bronze Scales":6,"Omamori":8,"Cracked Core":0,"InkBottle":12,"FrozenCore":17},{"Bottled Flame":2,"Bronze Scales":3,"Omamori":5,"Cracked Core":0,"InkBottle":7,"FrozenCore":9},{"Bottled Flame":6,"Bronze Scales":12,"Omamori":19,"Cracked Core":0,"InkBottle":27,"FrozenCore":42}],"InkBottle":[4],"FrozenCore":[0]},"card_choices":[{"not_picked":["Capacitor","Sweeping Beam"],"picked":"Streamline","floor":1},{"not_picked":["Leap","Gash"],"picked":"Go for the Eyes","floor":3},{"not_picked":["Ball Lightning","Reprogram"],"picked":"Tempest","floor":6},{"not_picked":["Sweeping Beam","Compile Driver"],"picked":"Glacier","floor":7},{"not_picked":["Go for the Eyes","Beam Cell"],"picked":"Core Surge","floor":8},{"not_picked":["Rebound","Turbo"],"picked":"Genetic Algorithm","floor":10},{"not_picked":["Heatsinks","Streamline"],"picked":"Cold Snap","floor":11},{"not_picked":["Sweeping Beam","Steam"],"picked":"White Noise","floor":14},{"not_picked":["Hyperbeam","Machine Learning"],"picked":"Reboot","floor":16}],"player_experience":530163,"relics_obtained":[{"floor":5,"key":"Bottled Flame"},{"floor":6,"key":"Bronze Scales"},{"floor":8,"key":"Omamori"}],"event_choices":[{"damage_healed":0,"gold_gain":0,"player_choice":"Grow","damage_taken":0,"max_hp_gain":0,"max_hp_loss":0,"event_name":"Living Wall","floor":2,"gold_loss":0,"cards_upgraded":["Streamline"]},{"damage_healed":0,"gold_gain":175,"player_choice":"AGREE","damage_taken":0,"max_hp_gain":0,"max_hp_loss":0,"event_name":"Liars Game","floor":4,"gold_loss":0,"cards_obtained":["Doubt"]}],"is_beta":true,"boss_relics":[{"not_picked":["Snecko Eye","SacredBark"],"picked":"FrozenCore"}],"items_purged_floors":[12],"is_endless":false,"potions_floor_spawned":[1,6,10,11],"killed_by":"3 Byrds","ascension_level":4}}