{"host":"00olc56ucl6mk3pv","time":1613623845,"event":{"mods":["AchievementEnabler","BaseMod","Keyboard Shortcuts","Minty Spire (QoL Compilation)","Quick Restart","SuperFastMode"],"gold_per_floor":[113,127,127,11,11,11,52,70,70,86,107,121,45,45,45,45,45],"floor_reached":16,"language":"KOR","playtime":687,"items_purged":["Strike_B"],"score":258,"play_id":"2a5513cb-cbca-42e6-a819-b51cef6e4e57","local_time":"20210218135045","is_ascension_mode":true,"campfire_choices":[{"data":"Dualcast","floor":6.0,"key":"SMITH"},{"floor":15.0,"key":"REST"}],"circlet_count":0,"master_deck":["AscendersBane","Strike_B","Strike_B","Strike_B","Defend_B","Defend_B","Defend_B","Defend_B","Zap","Dualcast+1","Sweeping Beam","Ball Lightning","Loop","Defragment","Cold Snap","Conserve Battery","Hologram","Gash","Seek"],"relics":["Cracked Core","NeowsBlessing","Golden Idol","InkBottle","Mummified Hand"],"acts_visited":["Exordium"],"potions_floor_usage":[],"damage_taken":[{"damage":0.0,"enemies":"Jaw Worm","floor":1.0,"turns":1.0},{"damage":0.0,"enemies":"Small Slimes","floor":2.0,"turns":1.0},{"damage":0.0,"enemies":"Lagavulin","floor":7.0,"turns":1.0},{"damage":11.0,"enemies":"2 Louse","floor":8.0,"turns":2.0},{"damage":18.0,"enemies":"Exordium Thugs","floor":10.0,"turns":3.0},{"damage":8.0,"enemies":"Lots of Slimes","floor":11.0,"turns":3.0},{"damage":0.0,"enemies":"2 Fungi Beasts","floor":12.0,"turns":2.0},{"damage":0.0,"enemies":"Exordium Wildlife","floor":14.0,"turns":1.0},{"damage":26,"enemies":"Slime Boss","floor":16,"turns":3}],"seed_played":"-8623963871377955211","potions_obtained":[{"floor":7.0,"key":"SmokeBomb"},{"floor":8.0,"key":"ColorlessPotion"},{"floor":10.0,"key":"FearPotion"},{"floor":11.0,"key":"DistilledChaos"}],"is_trial":false,"path_per_floor":["M","M","?","$","?","R","E","M","T","M","M","M","$","M","R","B"],"character_chosen":"DEFECT","items_purchased":["Loop","Seek"],"campfire_rested":1,"item_purchase_floors":[4,13],"current_hp_per_floor":[64,64,40,40,40,40,40,29,29,11,3,3,3,3,24,0,0],"gold":45,"neow_bonus":"THREE_ENEMY_KILL","is_daily":false,"chose_seed":false,"campfire_upgraded":1,"win_rate":0.0,"timestamp":1613623845,"path_taken":["M","M","?","$","?","R","E","M","T","M","M","M","?","M","R","BOSS"],"items_purchased_type":["Card","Card"],"build_version":"2020-12-22","purchased_purges":1,"victory":false,"max_hp_per_floor":[71,71,71,71,71,71,71,71,71,71,71,71,71,71,71,71,71],"card_choices":[{"not_picked":["Compile Driver","Undo"],"picked":"Sweeping Beam","floor":1.0},{"not_picked":["Skim","Rebound"],"picked":"Ball Lightning","floor":2.0},{"not_picked":["Rebound","Compile Driver"],"picked":"Defragment","floor":7.0},{"not_picked":["Turbo","Rebound"],"picked":"Cold Snap","floor":8.0},{"not_picked":["Aggregate","Scrape"],"picked":"Conserve Battery","floor":10.0},{"not_picked":["Compile Driver","Stack"],"picked":"Hologram","floor":11.0},{"not_picked":["Auto Shields","Conserve Battery"],"picked":"Gash","floor":12.0}],"player_experience":594607,"relics_obtained":[{"floor":7.0,"key":"InkBottle"},{"floor":9.0,"key":"Mummified Hand"}],"event_choices":[{"damage_healed":0.0,"max_hp_gain":0.0,"max_hp_loss":0.0,"gold_gain":0.0,"event_name":"Golden Idol","player_choice":"Take Damage","floor":3.0,"gold_loss":0.0,"damage_taken":24.0,"relics_obtained":["Golden Idol"]},{"damage_healed":0.0,"max_hp_gain":0.0,"max_hp_loss":0.0,"gold_gain":0.0,"event_name":"Liars Game","player_choice":"Ignored","floor":5.0,"gold_loss":0.0,"damage_taken":0.0}],"is_beta":false,"boss_relics":[],"items_purged_floors":[4],"is_endless":false,"potions_floor_spawned":[7,8,10,11],"killed_by":"Slime Boss","ascension_level":20}}