{"host":"tsnif9umxyqokjak","time":1613650522,"event":{"mods":["2.2 Compatiblity","AchievementEnabler","Act Like it!","Astrologer","BaseMod","Bestiary","Better Note","Better Skull","Better Third Choice","Better Vampires","Block Reminder","Challenge The Spire","Clockwork Mod","Colored Powertips","Curses Come First","Custom Start","Disable Question Mark Monsters","Displayed Cursed Tome","Downfall","Filter the Spire","Friendly Minions","Hallownest","Hermit","Highlight Path","Infinite Spire","Marisa????????","Minty Spire (QoL Compilation)","Quick Restart","Rare Cards Sparkle","Red Circlet Mod","Reimu??????","Remilia??????","Robot Space Explorer","Smile Girya","Spicy Shops","StSLib","The Administrix","The Animator","The Bug Knight","The Construct","The Cursed","The Disciple","The Elementalist","The Gatherer","The Runesmith","The Sage","The Servant 0.9.4","The Spell Scribe","The Valiant","The Wild Card","Unknown Chances"],"gold_per_floor":[110,9,26,26,41,58,58,58,58,76,116,143,143,188,188,300,300,327,377,377,408,408,451,451,462,489,521,44,44,71,71,71],"floor_reached":31,"language":"ENG","playtime":2342,"items_purged":["animator:Curse_Nutcracker"],"score":404,"play_id":"93e7bd8d-4e8c-4a45-9a7a-301f01f5caa5","local_time":"20210218131522","is_ascension_mode":true,"campfire_choices":[{"data":"SporeBomb","floor":7.0,"key":"SMITH"},{"data":"OortCloud","floor":13.0,"key":"SMITH"},{"data":"PowerUp","floor":15.0,"key":"SMITH"},{"floor":24.0,"key":"REST"}],"circlet_count":0,"master_deck":["Strike_MRS","Strike_MRS","Strike_MRS+1","Strike_MRS+1","Defend_MRS+1","Defend_MRS","Defend_MRS","Defend_MRS+1","MasterSpark+1","UpSweep","DoubleSpark","PowerUp+1","DC","GrandCross","SporeBomb+1","WitchOfGreed","OortCloud+1","AsteroidBelt+1","TreasureHunter","OortCloud+1","RefractionSpark","Lust_TH","DeepEcoloBomb+1","6A","GalacticHalo","EnergyFlow","ChargeUpSpray"],"relics":["MiniHakkero","Sundial","Ancient Tea Set","Mastiff:ReiMu","ExperimentalFamiliar","Winged Necklace","Dream Catcher","Anchor","War Paint","Bag of Marbles","Whetstone","Enchiridion","RuthlessExorcism:ReiMu"],"acts_visited":["Exordium","TheCity"],"potions_floor_usage":[27,27,30,30,30],"damage_taken":[{"damage":1.0,"enemies":"Cultist","floor":1.0,"turns":4.0},{"damage":2.0,"enemies":"Jaw Worm","floor":3.0,"turns":3.0},{"damage":0.0,"enemies":"Small Slimes","floor":5.0,"turns":2.0},{"damage":6.0,"enemies":"3 Louse","floor":6.0,"turns":3.0},{"damage":6.0,"enemies":"Looter","floor":10.0,"turns":2.0},{"damage":2.0,"enemies":"Gremlin Nob","floor":11.0,"turns":3.0},{"damage":25.0,"enemies":"Lagavulin","floor":14.0,"turns":4.0},{"damage":0.0,"enemies":"Slime Boss","floor":16.0,"turns":4.0},{"damage":9.0,"enemies":"Shell Parasite","floor":18.0,"turns":4.0},{"damage":3.0,"enemies":"Spheric Guardian","floor":21.0,"turns":3.0},{"damage":27.0,"enemies":"Slavers","floor":23.0,"turns":7.0},{"damage":0,"enemies":"Snake Plant","floor":25,"turns":2},{"damage":8,"enemies":"Book of Stabbing","floor":27,"turns":4},{"damage":46,"enemies":"Gremlin Leader","floor":30,"turns":8}],"seed_played":"-1420622510158044514","potions_obtained":[{"floor":3.0,"key":"Guardian:BlockOnCardUsePotion"},{"floor":6.0,"key":"GamblersBrew"},{"floor":11.0,"key":"Strength Potion"},{"floor":11.0,"key":"Strength Potion"},{"floor":14.0,"key":"CultistPotion"},{"floor":16.0,"key":"sneckomod:MuddlingPotion"},{"floor":18.0,"key":"construct:ShiftPotion"},{"floor":21.0,"key":"FearPotion"},{"floor":23.0,"key":"ZuzhouPotion:ReiMu"},{"floor":23.0,"key":"SkillPotion"},{"floor":27,"key":"sneckomod:MuddlingPotion"},{"floor":30,"key":"Weak Potion"}],"is_trial":false,"path_per_floor":["M","$","M","?","M","M","R","$","T","M","E","T","R","E","R","B",null,"M","?","?","M","?","E","R","M","T","E","$","?","E","$"],"character_chosen":"MARISA","items_purchased":["PowerUp","EnergyFlow","Bag of Marbles","Whetstone","Block Potion"],"campfire_rested":1,"item_purchase_floors":[2,28,28,28,28],"current_hp_per_floor":[88,88,86,86,86,80,80,80,80,74,72,72,72,47,47,47,89,80,80,80,77,77,50,76,76,76,68,68,52,6,6,6],"gold":71,"neow_bonus":"TWENTY_PERCENT_HP_BONUS","is_daily":false,"chose_seed":false,"campfire_upgraded":3,"win_rate":0.0,"timestamp":1613650522,"path_taken":["M","$","M","?","M","M","R","$","T","M","E","?","R","E","R","BOSS","M","?","?","M","?","E","R","M","T","E","$","?","E","?"],"items_purchased_type":["Card","Card","Relic","Relic","Potion"],"build_version":"2020-12-22","purchased_purges":1,"victory":false,"max_hp_per_floor":[89,89,89,89,89,89,89,89,89,89,89,89,89,89,89,89,89,89,89,89,89,89,89,89,89,89,89,89,89,89,89,89],"card_choices":[{"not_picked":["WitchLeyline","DarkSpark"],"picked":"DoubleSpark","floor":1.0},{"not_picked":["MysteriousBeam","AbsoluteMagnitude"],"picked":"DC","floor":3.0},{"not_picked":["WitchLeyline","GasGiant"],"picked":"GrandCross","floor":5.0},{"not_picked":["GravityBeat","SprinkleStarSeal"],"picked":"SporeBomb","floor":6.0},{"not_picked":["MilkyWay","OrrerysSun"],"picked":"WitchOfGreed","floor":10.0},{"not_picked":["JA","IllusionStar"],"picked":"OortCloud","floor":11.0},{"not_picked":["EarthLightRay","BinaryStars"],"picked":"AsteroidBelt","floor":14.0},{"not_picked":["BlazingStar","ManaRampage"],"picked":"TreasureHunter","floor":16.0},{"not_picked":["IllusionStar","DarkSpark"],"picked":"OortCloud+1","floor":18.0},{"not_picked":["MysteriousBeam","GrandCross+1"],"picked":"RefractionSpark","floor":21.0},{"not_picked":["StarBarrage","GasGiant"],"picked":"DeepEcoloBomb+1","floor":23.0},{"not_picked":["EventHorizon","NonDirectionalLaser"],"picked":"6A","floor":24.0},{"not_picked":["ManaConvection","Occultation","GasGiant"],"picked":"SKIP","floor":25},{"not_picked":["Occultation+1","SporeBomb"],"picked":"GalacticHalo","floor":27},{"not_picked":["SatelliteIllusion","ShootingEcho"],"picked":"ChargeUpSpray","floor":30}],"player_experience":716911,"relics_obtained":[{"floor":9.0,"key":"Sundial"},{"floor":12.0,"key":"Ancient Tea Set"},{"floor":14.0,"key":"Mastiff:ReiMu"},{"floor":23.0,"key":"Winged Necklace"},{"floor":23.0,"key":"Dream Catcher"},{"floor":26,"key":"Anchor"},{"floor":27,"key":"War Paint"},{"floor":30,"key":"RuthlessExorcism:ReiMu"}],"event_choices":[{"damage_healed":0,"gold_gain":0,"player_choice":"Obtained Book","damage_taken":16,"max_hp_gain":0,"max_hp_loss":0,"event_name":"Cursed Tome","floor":29,"gold_loss":0}],"is_beta":false,"boss_relics":[{"not_picked":["Empty Cage","Fusion Hammer"],"picked":"ExperimentalFamiliar"}],"items_purged_floors":[2],"is_endless":false,"potions_floor_spawned":[3,6,11,23,27,30],"ascension_level":3}}