{"host":"Vegetablebread","time":1613669827,"event":{"mods":["BaseMod","Bestiary","Minty Spire (QoL Compilation)","Relic Stats","Slay the Relics Exporter"],"gold_per_floor":[99,99,24,0,0,0,0,0,0,0,0,0,0,0,0,0,0,0,0,0,0,0,0,0,0],"floor_reached":24,"language":"ENG","playtime":2821,"items_purged":[],"score":476,"play_id":"8330de59-6a90-4d1f-811c-400b7dc53aad","local_time":"20210218093707","is_ascension_mode":true,"campfire_choices":[{"data":"Pommel Strike","floor":13.0,"key":"SMITH"},{"data":"True Grit","floor":15.0,"key":"SMITH"}],"circlet_count":0,"master_deck":["AscendersBane","Strike_R","Strike_R","Strike_R","Strike_R","Defend_R","Defend_R","Defend_R","Defend_R","Bash","Rampage","Feel No Pain","Pommel Strike+1","Iron Wave","Carnage","Headbutt","True Grit+1","Seeing Red","Impervious","Disarm","Ghostly Armor","Necronomicurse","RitualDagger"],"relics":["Ectoplasm","Kunai","Lantern","MealTicket","InkBottle","SlaversCollar","Necronomicon","Magic Flower"],"acts_visited":["Exordium","TheCity"],"potions_floor_usage":[19,24],"damage_taken":[{"damage":6.0,"enemies":"Small Slimes","floor":1.0,"turns":4.0},{"damage":2.0,"enemies":"Jaw Worm","floor":2.0,"turns":3.0},{"damage":0.0,"enemies":"2 Louse","floor":5.0,"turns":2.0},{"damage":6.0,"enemies":"Gremlin Nob","floor":6.0,"turns":3.0},{"damage":1.0,"enemies":"Exordium Wildlife","floor":7.0,"turns":2.0},{"damage":12.0,"enemies":"Lagavulin","floor":8.0,"turns":4.0},{"damage":8.0,"enemies":"Gremlin Nob","floor":10.0,"turns":3.0},{"damage":0.0,"enemies":"Looter","floor":11.0,"turns":1.0},{"damage":7.0,"enemies":"Large Slime","floor":12.0,"turns":4.0},{"damage":5.0,"enemies":"Blue Slaver","floor":14.0,"turns":2.0},{"damage":15.0,"enemies":"The Guardian","floor":16.0,"turns":9.0},{"damage":0,"enemies":"Chosen","floor":18,"turns":5},{"damage":12,"enemies":"2 Thieves","floor":19,"turns":5},{"damage":18,"enemies":"Gremlin Leader","floor":23,"turns":5},{"damage":17,"enemies":"Shelled Parasite and Fungi","floor":24,"turns":3}],"seed_played":"-2941745792464113408","potions_obtained":[{"floor":1.0,"key":"SkillPotion"},{"floor":5.0,"key":"Energy Potion"},{"floor":8.0,"key":"LiquidBronze"},{"floor":14.0,"key":"CultistPotion"},{"floor":16.0,"key":"SpeedPotion"},{"floor":23,"key":"Strength Potion"}],"is_trial":false,"path_per_floor":["M","M","?","?","M","E","M","E","T","E","M","M","R","M","R","B",null,"M","M","$","?","?","E","M"],"character_chosen":"IRONCLAD","items_purchased":[],"campfire_rested":0,"item_purchase_floors":[],"current_hp_per_floor":[62,60,60,60,60,54,53,41,41,33,33,26,26,21,21,6,58,58,46,61,40,34,16,0,0],"gold":0,"neow_bonus":"BOSS_RELIC","is_daily":false,"chose_seed":false,"campfire_upgraded":2,"win_rate":0.0,"timestamp":1613669827,"path_taken":["M","M","?","?","M","E","M","E","T","E","M","M","R","M","R","BOSS","M","M","$","?","?","E","M"],"items_purchased_type":[],"build_version":"2020-12-18","purchased_purges":0,"victory":false,"max_hp_per_floor":[75,75,75,75,75,75,75,75,75,75,75,75,75,75,75,75,75,75,75,75,75,75,75,75,75],"relic_stats":{"counters":[15,55],"Magic Flower":[0],"MealTicket":15,"Ectoplasm":306,"Necronomicon":[5],"Kunai":[28],"obtain_stats":[{"SlaversCollar":17,"Lantern":8,"Magic Flower":23,"MealTicket":9,"Ectoplasm":0,"Necronomicon":21,"Kunai":6,"Burning Blood":0,"InkBottle":10},{"SlaversCollar":11,"Lantern":6,"Magic Flower":14,"MealTicket":6,"Ectoplasm":0,"Necronomicon":13,"Kunai":4,"Burning Blood":0,"InkBottle":7},{"SlaversCollar":37,"Lantern":18,"Magic Flower":52,"MealTicket":18,"Ectoplasm":0,"Necronomicon":47,"Kunai":12,"Burning Blood":0,"InkBottle":21}],"InkBottle":[12]},"card_choices":[{"not_picked":["Headbutt","True Grit"],"picked":"Rampage","floor":1.0},{"not_picked":["Body Slam","Warcry"],"picked":"Feel No Pain","floor":2.0},{"not_picked":["Cleave","Fire Breathing"],"picked":"Pommel Strike","floor":5.0},{"not_picked":["Dual Wield","Warcry"],"picked":"Iron Wave","floor":6.0},{"not_picked":["Wild Strike","Twin Strike"],"picked":"Carnage","floor":7.0},{"not_picked":["Thunderclap","Shrug It Off"],"picked":"Headbutt","floor":8.0},{"not_picked":["Clash","Clothesline","Blood for Blood"],"picked":"SKIP","floor":10.0},{"not_picked":["Perfected Strike","Heavy Blade"],"picked":"True Grit","floor":11.0},{"not_picked":["Searing Blow","Body Slam"],"picked":"Seeing Red","floor":12.0},{"not_picked":["Warcry","Havoc","Perfected Strike"],"picked":"SKIP","floor":14.0},{"not_picked":["Berserk","Barricade"],"picked":"Impervious","floor":16.0},{"not_picked":["Rupture","Cleave"],"picked":"Disarm","floor":18},{"not_picked":["Twin Strike","Heavy Blade"],"picked":"Ghostly Armor","floor":19},{"not_picked":["Dropkick","Hemokinesis","Searing Blow"],"picked":"SKIP","floor":23}],"player_experience":10554866,"relics_obtained":[{"floor":6.0,"key":"Kunai"},{"floor":8.0,"key":"Lantern"},{"floor":9.0,"key":"MealTicket"},{"floor":10.0,"key":"InkBottle"},{"floor":21,"key":"Necronomicon"},{"floor":23,"key":"Magic Flower"}],"event_choices":[{"cards_removed":["Strike_R"],"damage_healed":0.0,"max_hp_gain":0.0,"max_hp_loss":0.0,"gold_gain":0.0,"event_name":"The Cleric","player_choice":"Card Removal","floor":3.0,"gold_loss":75.0,"damage_taken":0.0},{"damage_healed":0.0,"max_hp_gain":0.0,"max_hp_loss":0.0,"gold_gain":0.0,"event_name":"World of Goop","player_choice":"Left Gold","floor":4.0,"gold_loss":24.0,"damage_taken":0.0},{"damage_healed":0,"gold_gain":0,"player_choice":"Obtained Book","damage_taken":21,"max_hp_gain":0,"max_hp_loss":0,"event_name":"Cursed Tome","floor":21,"gold_loss":0},{"damage_healed":0,"gold_gain":0,"player_choice":"Joined the Cult","damage_taken":6,"max_hp_gain":0,"max_hp_loss":0,"event_name":"Nest","floor":22,"gold_loss":0,"cards_obtained":["RitualDagger"]}],"is_beta":true,"boss_relics":[{"not_picked":["Runic Cube","Runic Dome"],"picked":"SlaversCollar"}],"items_purged_floors":[],"is_endless":false,"potions_floor_spawned":[1,5,8,14,16,23],"killed_by":"Shelled Parasite and Fungi","ascension_level":20}}