{"host":"6jrd8fn9k88n08be","time":1613637013,"event":{"mods":["BaseMod","Minty Spire (QoL Compilation)","StSLib","The Animator"],"gold_per_floor":[113,133,133,149,23,58,73,73,73,86,116,116,116],"floor_reached":12,"language":"ENG","playtime":1539,"items_purged":["animator:Strike"],"score":80,"play_id":"7002a65f-dd3a-4335-aa46-fbd557bd49bd","local_time":"20210218033013","is_ascension_mode":false,"campfire_choices":[{"floor":8,"key":"REST"}],"circlet_count":0,"master_deck":["animator:Strike_Konosuba","animator:Defend_Konosuba+1","animator:Strike","animator:Strike","animator:Defend","animator:Defend+1","animator:Defend","animator:Kazuma","animator:Aqua","animator:Demiurge","animator:Souei","animator:Entoma","animator:Vanir","animator:Cocytus","animator:Demiurge","animator:ShinjiMatou"],"relics":["animator:LivingPicture","animator:TheMissingPiece","animator:PurgingStone","Golden Idol","War Paint","Toy Ornithopter"],"acts_visited":["Exordium"],"potions_floor_usage":[6],"damage_taken":[{"damage":16,"enemies":"Cultist","floor":1,"turns":7},{"damage":0,"enemies":"2 Louse","floor":2,"turns":6},{"damage":0,"enemies":"Small Slimes","floor":4,"turns":6},{"damage":40,"enemies":"Lagavulin","floor":6,"turns":8},{"damage":3,"enemies":"Blue Slaver","floor":7,"turns":4},{"damage":2,"enemies":"Red Slaver","floor":10,"turns":3},{"damage":49,"enemies":"Gremlin Nob","floor":12,"turns":4}],"seed_played":"4989348310120923325","potions_obtained":[{"floor":2,"key":"BlessingOfTheForge"},{"floor":4,"key":"AttackPotion"}],"is_trial":false,"path_per_floor":["M","M","?","M","$","E","M","R","T","M","?","E"],"character_chosen":"THE_ANIMATOR","items_purchased":["animator:Vanir"],"campfire_rested":1,"item_purchase_floors":[5],"current_hp_per_floor":[56,58,58,60,60,22,21,41,41,41,41,0,0],"gold":116,"neow_bonus":"TEN_PERCENT_HP_BONUS","is_daily":false,"chose_seed":false,"campfire_upgraded":0,"win_rate":0.0,"timestamp":1613637013,"path_taken":["M","?","?","M","$","E","M","R","T","M","?","E"],"items_purchased_type":["Card"],"build_version":"2020-12-22","purchased_purges":1,"victory":false,"max_hp_per_floor":[72,72,67,67,67,67,67,67,67,67,67,67,67],"card_choices":[{"not_picked":["animator:Verdia","animator:Tet"],"picked":"animator:Demiurge","floor":1},{"not_picked":["animator:Shion","animator:Gluttony"],"picked":"animator:Souei","floor":2},{"not_picked":["animator:IrohaTamaki","animator:YachiyoNanami"],"picked":"animator:Entoma","floor":4},{"not_picked":["animator:Sebas","animator:PandorasActor"],"picked":"animator:Cocytus","floor":6},{"not_picked":["animator:ElricEdward","animator:Jibril"],"picked":"animator:Demiurge","floor":7},{"not_picked":["animator:CowGirl","animator:MetalKnight"],"picked":"animator:ShinjiMatou","floor":10}],"player_experience":192834,"relics_obtained":[{"floor":6,"key":"War Paint"},{"floor":9,"key":"Toy Ornithopter"}],"event_choices":[{"damage_healed":0,"gold_gain":0,"player_choice":"Lose Max HP","damage_taken":0,"relics_obtained":["Golden Idol"],"max_hp_gain":0,"max_hp_loss":5,"event_name":"Golden Idol","floor":3,"gold_loss":0},{"damage_healed":0,"gold_gain":30,"player_choice":"Searched \u00271\u0027 times","damage_taken":0,"max_hp_gain":0,"max_hp_loss":0,"event_name":"Dead Adventurer","floor":11,"gold_loss":0}],"is_beta":false,"boss_relics":[],"items_purged_floors":[5],"is_endless":false,"potions_floor_spawned":[2,4],"killed_by":"Gremlin Nob","ascension_level":0}}