{"host":"6bsan6hkua32tfq7","time":1613687393,"event":{"mods":["BaseMod","Better Third Choice","Colored Map","Highlight Path","Minty Spire (QoL Compilation)","StSLib"],"gold_per_floor":[15,15,15,15,27,27,59,78,78,78,78,108,121,2,2,2,2],"floor_reached":16,"language":"ENG","playtime":295,"items_purged":["Defend_R"],"score":216,"play_id":"aab84833-c0ba-49a6-96be-900950e1d14d","local_time":"20210218232953","is_ascension_mode":true,"campfire_choices":[{"data":"Uppercut","floor":6,"key":"SMITH"},{"data":"True Grit","floor":10,"key":"SMITH"},{"data":"Double Tap","floor":15,"key":"SMITH"}],"circlet_count":0,"master_deck":["AscendersBane","Strike_R","Strike_R","Strike_R","Strike_R","Strike_R","Defend_R","Defend_R","Bash+1","Immolate+1","Feel No Pain","Uppercut+1","Cleave","True Grit+1","Anger","Feel No Pain","Double Tap+1"],"relics":["Burning Blood","The Courier","Shuriken","Blue Candle"],"acts_visited":["Exordium"],"potions_floor_usage":[16],"damage_taken":[{"damage":0,"enemies":"2 Louse","floor":1,"turns":1},{"damage":7,"enemies":"Small Slimes","floor":5,"turns":2},{"damage":20,"enemies":"Lagavulin","floor":7,"turns":7},{"damage":0,"enemies":"Cultist","floor":8,"turns":3},{"damage":10,"enemies":"3 Sentries","floor":12,"turns":3},{"damage":13,"enemies":"Blue Slaver","floor":13,"turns":2},{"damage":62,"enemies":"Hexaghost","floor":16,"turns":7}],"seed_played":"4413390627797623677","potions_obtained":[{"floor":7,"key":"ColorlessPotion"}],"is_trial":false,"path_per_floor":["M","?","?","?","M","R","E","M","T","R","?","E","M","$","R","B"],"character_chosen":"IRONCLAD","items_purchased":["Double Tap"],"campfire_rested":0,"item_purchase_floors":[14],"current_hp_per_floor":[74,74,74,74,73,73,59,65,65,65,65,61,54,54,54,0,0],"gold":2,"neow_bonus":"THREE_RARE_CARDS","is_daily":false,"chose_seed":false,"campfire_upgraded":3,"win_rate":0.0,"timestamp":1613687393,"path_taken":["M","?","?","?","?","R","E","M","T","R","?","E","?","?","R","BOSS"],"items_purchased_type":["Card"],"build_version":"2020-12-22","purchased_purges":1,"victory":false,"max_hp_per_floor":[75,75,75,75,75,75,75,75,75,75,75,75,75,75,75,75,75],"card_choices":[{"not_picked":["Impervious","Limit Break"],"picked":"Immolate","floor":0},{"not_picked":["Cleave","Warcry"],"picked":"Feel No Pain","floor":1},{"not_picked":["Twin Strike","Heavy Blade"],"picked":"Uppercut","floor":5},{"not_picked":["Shrug It Off","Power Through"],"picked":"Cleave","floor":7},{"not_picked":["Headbutt","Burning Pact"],"picked":"True Grit","floor":8},{"not_picked":["Rage","Second Wind"],"picked":"Anger","floor":12},{"not_picked":["Cleave","Spot Weakness"],"picked":"Feel No Pain","floor":13}],"player_experience":5439001,"relics_obtained":[{"floor":7,"key":"The Courier"},{"floor":9,"key":"Shuriken"},{"floor":12,"key":"Blue Candle"}],"event_choices":[{"cards_removed":["Defend_R"],"damage_healed":0,"gold_gain":0,"player_choice":"Forget","damage_taken":0,"max_hp_gain":0,"max_hp_loss":0,"event_name":"Living Wall","floor":2,"gold_loss":0},{"damage_healed":0,"gold_gain":0,"player_choice":"Ignored","damage_taken":15,"max_hp_gain":0,"max_hp_loss":0,"event_name":"betterThird:BetterSerpent","floor":3,"gold_loss":0},{"damage_healed":0,"gold_gain":0,"player_choice":"Upgraded","damage_taken":0,"max_hp_gain":0,"max_hp_loss":0,"event_name":"Upgrade Shrine","floor":4,"gold_loss":0,"cards_upgraded":["Immolate"]},{"damage_healed":0,"gold_gain":0,"player_choice":"Forge","damage_taken":0,"max_hp_gain":0,"max_hp_loss":0,"event_name":"Accursed Blacksmith","floor":11,"gold_loss":0,"cards_upgraded":["Bash"]}],"is_beta":false,"boss_relics":[],"items_purged_floors":[14],"is_endless":false,"potions_floor_spawned":[7],"killed_by":"Hexaghost","ascension_level":20}}