{"host":"czzthkrvfe6r7fjf","time":1613643409,"event":{"mods":["ATMod(∞¢Ë™Mod)","Act Like it!","BaseMod","Downfall","GungeonMod","Marisa£®ÏF”Í°°ƒß¿Ì…≥£©","Minty Spire (QoL Compilation)","Quick Restart","StSLib","The Servant 0.9.4","Waifu the Spire","°æπ¶ƒ‹Mod°øªÏ„Á÷Æª∑–ﬁ∏¥≤π∂°"],"gold_per_floor":[114,114,138,213,138,174,174,212,257,13,13,32,32,48,48,173,173,196,216,416,416,416],"floor_reached":21,"language":"ZHS","playtime":424,"items_purged":["Strike_R","Strike_R"],"score":284,"play_id":"f4a1803f-22a1-47fe-9b87-10567a039f91","local_time":"20210218181649","is_ascension_mode":true,"campfire_choices":[{"data":"AT_OneInchPunch","floor":7.0,"key":"SMITH"},{"data":"Armaments","floor":15.0,"key":"SMITH"}],"circlet_count":0,"master_deck":["Strike_R","Strike_R","Strike_R","Defend_R","Defend_R","Defend_R","Defend_R","Bash","AT_OneInchPunch+1","Sword Boomerang","Injury","Searing Blow","Flex","Armaments+1","Regret","AT_ShrugMaster","Offering"],"relics":["Burning Blood","AT_ATBox","NeowsBlessing","Golden Idol","Juzu Bracelet","Tiny Chest","DemoMod:PoisonVial","Chemical X","DemoMod:RingOfEthereal","DemoMod:JetPack","Black Star"],"acts_visited":["Exordium","TheCity"],"potions_floor_usage":[],"damage_taken":[{"damage":0.0,"enemies":"Small Slimes","floor":1.0,"turns":2.0},{"damage":0.0,"enemies":"2 Louse","floor":3.0,"turns":1.0},{"damage":0.0,"enemies":"Lagavulin","floor":6.0,"turns":1.0},{"damage":0.0,"enemies":"Gremlin Nob","floor":8.0,"turns":2.0},{"damage":6.0,"enemies":"Jaw Worm","floor":12.0,"turns":3.0},{"damage":0.0,"enemies":"Looter","floor":14.0,"turns":1.0},{"damage":27,"enemies":"Hexaghost","floor":16,"turns":8},{"damage":8,"enemies":"2 Thieves","floor":18,"turns":3},{"damage":52,"enemies":"3 Byrds","floor":19,"turns":8},{"damage":54,"enemies":"Cultist and Chosen","floor":21,"turns":4}],"seed_played":"265199035600871007","potions_obtained":[{"floor":6.0,"key":"SkillPotion"},{"floor":14.0,"key":"Energy Potion"},{"floor":19,"key":"EssenceOfSteel"}],"is_trial":false,"path_per_floor":["M","?","M","?","$","E","R","E","T","$","?","M","?","M","R","B",null,"M","M","?","M"],"character_chosen":"IRONCLAD","items_purchased":["Chemical X"],"campfire_rested":0,"item_purchase_floors":[10],"current_hp_per_floor":[80,80,80,69,69,75,75,80,80,80,80,80,62,68,68,47,80,78,32,32,0,0],"gold":416,"neow_bonus":"THREE_ENEMY_KILL","is_daily":false,"chose_seed":false,"campfire_upgraded":2,"win_rate":0.0,"timestamp":1613643409,"path_taken":["M","?","M","?","$","E","R","E","T","$","?","M","?","M","R","BOSS","M","M","?","M"],"items_purchased_type":["Relic"],"build_version":"2020-12-22","purchased_purges":2,"victory":false,"max_hp_per_floor":[80,80,80,80,80,80,80,80,80,80,80,80,80,80,80,80,80,80,80,80,80,80],"card_choices":[{"not_picked":["Pommel Strike","Headbutt"],"picked":"Sword Boomerang","floor":1.0},{"not_picked":["Seeing Red","Havoc"],"picked":"Searing Blow","floor":3.0},{"not_picked":["Immolate","Warcry"],"picked":"Flex","floor":6.0},{"not_picked":["Carnage","Warcry"],"picked":"Armaments","floor":8.0},{"not_picked":["Body Slam","Iron Wave"],"picked":"AT_ShrugMaster","floor":12.0},{"not_picked":["Havoc","DemoMod:BlackBlade","Body Slam"],"picked":"SKIP","floor":14.0},{"not_picked":["Corruption","Reaper"],"picked":"Offering","floor":16},{"not_picked":["Twin Strike+1","Warcry","Second Wind+1"],"picked":"SKIP","floor":18},{"not_picked":["AT_CaressingTears+1","Perfected Strike","Anger+1"],"picked":"SKIP","floor":19}],"player_experience":143980,"relics_obtained":[{"floor":6.0,"key":"Juzu Bracelet"},{"floor":8.0,"key":"Tiny Chest"},{"floor":9.0,"key":"DemoMod:PoisonVial"}],"event_choices":[{"damage_healed":0.0,"max_hp_gain":0.0,"max_hp_loss":0.0,"gold_gain":0.0,"event_name":"Golden Idol","player_choice":"Take Wound","floor":2.0,"gold_loss":0.0,"damage_taken":0.0,"relics_obtained":["Golden Idol"],"cards_obtained":["Injury"]},{"damage_healed":0.0,"max_hp_gain":0.0,"max_hp_loss":0.0,"gold_gain":75.0,"event_name":"World of Goop","player_choice":"Gather Gold","floor":4.0,"gold_loss":0.0,"damage_taken":11.0},{"damage_healed":0.0,"max_hp_gain":0.0,"max_hp_loss":0.0,"gold_gain":0.0,"event_name":"Big Fish","player_choice":"Box","floor":11.0,"gold_loss":0.0,"damage_taken":0.0,"relics_obtained":["DemoMod:RingOfEthereal"],"cards_obtained":["Regret"]},{"damage_healed":0.0,"max_hp_gain":0.0,"max_hp_loss":0.0,"gold_gain":0.0,"event_name":"Scrap Ooze","player_choice":"Success","floor":13.0,"gold_loss":0.0,"damage_taken":18.0,"relics_obtained":["DemoMod:JetPack"]},{"damage_healed":0,"gold_gain":200,"player_choice":"Gold","damage_taken":0,"max_hp_gain":0,"max_hp_loss":0,"event_name":"Wheel of Change","floor":20,"gold_loss":0}],"is_beta":false,"boss_relics":[{"not_picked":["Sozu","SlaversCollar"],"picked":"Black Star"}],"items_purged_floors":[5,10],"is_endless":false,"potions_floor_spawned":[6,14,19],"killed_by":"Cultist and Chosen","ascension_level":4}}