{"host":"y64g3erquapiaw2n","time":1613658076,"event":{"mods":["BaseMod","Colored Map","Colored Powertips","Downfall","Googly Eyes","Minty Spire (QoL Compilation)","Quick Restart","Rare Cards Sparkle","StSLib"],"gold_per_floor":[99,116,134,134,134,309,385,400,417,417,432,33,18,35,54,54,54,54],"floor_reached":16,"language":"ENG","playtime":1378,"items_purged":[],"score":94,"play_id":"075d14e9-5b15-4fdd-9c20-40e99752102d","local_time":"20210218092116","is_ascension_mode":false,"campfire_choices":[{"data":"champ:Taunt","floor":1,"key":"SMITH"}],"circlet_count":0,"master_deck":["champ:Strike","champ:Strike","champ:Strike","champ:Defend","champ:Defend","champ:Defend","champ:Defend","champ:Execute","champ:Taunt+1","champ:PreciseThrust","champ:EndlessRage","Doubt","champ:BladeFlurry","champ:StanceDance","champ:DeathBlow","champ:Devastate","champ:GladiatorStyle","champ:BerserkersShout","champ:ShieldWall","champ:Haymaker","champ:StanceDance"],"relics":["champ:ChampionCrown","champ:LiftRelic","Gremlin Horn","MealTicket","Bottled Tornado"],"acts_visited":["Exordium"],"potions_floor_usage":[],"damage_taken":[{"damage":6,"enemies":"2 Louse","floor":2,"turns":4},{"damage":13,"enemies":"Jaw Worm","floor":3,"turns":3},{"damage":29,"enemies":"Small Slimes","floor":8,"turns":4},{"damage":28,"enemies":"Gremlin Gang","floor":9,"turns":5},{"damage":13,"enemies":"3 Louse","floor":11,"turns":3},{"damage":25,"enemies":"downfall:FleeingMerchant","floor":12,"turns":4},{"damage":30,"enemies":"downfall:FleeingMerchant","floor":13,"turns":4},{"damage":60,"enemies":"downfall:LooterAlt","floor":14,"turns":5},{"damage":37,"enemies":"Lots of Slimes","floor":15,"turns":3},{"damage":13,"enemies":"DF_ARCHETYPE_STREAMLINE","floor":16,"turns":5}],"seed_played":"7017536946842696230","potions_obtained":[{"floor":2,"key":"SkillPotion"},{"floor":3,"key":"Energy Potion"},{"floor":11,"key":"PowerPotion"},{"floor":14,"key":"champ:OpenerPotion"}],"is_trial":false,"path_per_floor":["R","M","M","?","?","?","T","M","M","T","M","$","$","M","M","B"],"character_chosen":"THE_CHAMP","items_purchased":["Bottled Tornado","champ:GladiatorStyle","champ:BerserkersShout"],"campfire_rested":0,"item_purchase_floors":[12,12,12],"current_hp_per_floor":[99,93,90,90,90,90,90,81,68,68,55,65,70,40,13,0,0,0],"gold":54,"neow_bonus":"TEN_PERCENT_HP_BONUS","is_daily":false,"chose_seed":false,"campfire_upgraded":1,"win_rate":0.0,"timestamp":1613658076,"path_taken":["R","M","M","?","?","?","T","M","M","?","M","?","$","M","M","BOSS"],"items_purchased_type":["Relic","Card","Card"],"build_version":"2020-12-22","purchased_purges":0,"victory":false,"max_hp_per_floor":[99,99,99,99,99,99,99,99,99,99,99,99,99,99,99,99,99,99],"card_choices":[{"not_picked":["champ:FocusedDefense","champ:Backstep"],"picked":"champ:PreciseThrust","floor":2},{"not_picked":["champ:PreemptiveStrike","champ:RapidStrikes"],"picked":"champ:EndlessRage","floor":3},{"not_picked":["champ:RisingSlash","champ:EnGarde"],"picked":"champ:BladeFlurry","floor":8},{"not_picked":["champ:Backstep","champ:CrookedStrike"],"picked":"champ:StanceDance","floor":9},{"not_picked":["champ:IronFortress","champ:EnragedBash"],"picked":"champ:DeathBlow","floor":11},{"not_picked":["champ:BerserkersShout","champ:Backstep"],"picked":"champ:Devastate","floor":12},{"not_picked":["champ:CalledShot","champ:BerserkersShout"],"picked":"champ:ShieldWall","floor":13},{"not_picked":["champ:BladeFlurry","champ:ShieldWall"],"picked":"champ:Haymaker","floor":14},{"not_picked":["champ:DefensiveShout","champ:CalledShot"],"picked":"champ:StanceDance","floor":15}],"player_experience":68707,"relics_obtained":[{"floor":7,"key":"Gremlin Horn"},{"floor":10,"key":"MealTicket"}],"event_choices":[],"is_beta":false,"boss_relics":[],"items_purged_floors":[],"is_endless":false,"potions_floor_spawned":[2,3,11,14],"killed_by":"DF_ARCHETYPE_STREAMLINE","ascension_level":0}}