{"host":"89iuq2p5kwriuwfq","time":1613654671,"event":{"mods":["BaseMod","Curses Come First","Minty Spire (QoL Compilation)","Permanent Neow","StSLib"],"gold_per_floor":[117,130,147,163,163,163,177,208,208,228,248,266,291,304,304,378,378,396,30,44,64,96,96,96,96,119,119,119],"floor_reached":27,"language":"ENG","playtime":1472,"items_purged":[],"score":419,"play_id":"a412e690-2e6e-4de7-89e6-f6fec615124b","local_time":"20210218132431","is_ascension_mode":true,"campfire_choices":[{"data":"Defragment","floor":6.0,"key":"SMITH"},{"data":"Capacitor","floor":15.0,"key":"SMITH"},{"floor":23.0,"key":"REST"}],"circlet_count":0,"master_deck":["AscendersBane","Strike_B","Strike_B","Strike_B","Strike_B","Defend_B","Defend_B","Defend_B","Defend_B","Zap","Dualcast","Ball Lightning","Chill","Defragment+1","Cold Snap","Capacitor+1","Storm","White Noise","Seek","Multi-Cast","Skim","Biased Cognition","White Noise","Darkness","Conserve Battery+1","Heatsinks","Fission","Fusion"],"relics":["Cracked Core","Emotion Chip","CultistMask","Symbiotic Virus","Pear","Happy Flower","Black Star","Unceasing Top","Red Mask","Blood Vial"],"acts_visited":["Exordium","TheCity"],"potions_floor_usage":[],"damage_taken":[{"damage":8.0,"enemies":"2 Louse","floor":1.0,"turns":2.0},{"damage":1.0,"enemies":"Cultist","floor":2.0,"turns":3.0},{"damage":7.0,"enemies":"Jaw Worm","floor":3.0,"turns":3.0},{"damage":5.0,"enemies":"Looter","floor":4.0,"turns":3.0},{"damage":7.0,"enemies":"3 Louse","floor":7.0,"turns":2.0},{"damage":0.0,"enemies":"3 Sentries","floor":8.0,"turns":5.0},{"damage":0.0,"enemies":"2 Fungi Beasts","floor":10.0,"turns":4.0},{"damage":4.0,"enemies":"Large Slime","floor":11.0,"turns":4.0},{"damage":6.0,"enemies":"Exordium Thugs","floor":12.0,"turns":4.0},{"damage":12.0,"enemies":"Lagavulin","floor":13.0,"turns":4.0},{"damage":12.0,"enemies":"Blue Slaver","floor":14.0,"turns":3.0},{"damage":1.0,"enemies":"Hexaghost","floor":16.0,"turns":8.0},{"damage":7.0,"enemies":"Chosen","floor":18.0,"turns":3.0},{"damage":17.0,"enemies":"2 Thieves","floor":20.0,"turns":3.0},{"damage":12.0,"enemies":"Cultist and Chosen","floor":21.0,"turns":3.0},{"damage":17.0,"enemies":"Masked Bandits","floor":22.0,"turns":3.0},{"damage":38,"enemies":"Gremlin Leader","floor":27,"turns":8}],"seed_played":"-456447277603109950","potions_obtained":[{"floor":2.0,"key":"SpeedPotion"},{"floor":3.0,"key":"DistilledChaos"},{"floor":8.0,"key":"SteroidPotion"},{"floor":12.0,"key":"PowerPotion"},{"floor":14.0,"key":"Dexterity Potion"},{"floor":16.0,"key":"Explosive Potion"},{"floor":21.0,"key":"Strength Potion"}],"is_trial":false,"path_per_floor":["M","M","M","M","?","R","M","E","T","M","M","M","E","M","R","B",null,"M","$","M","M","?","R","?","?","T","E"],"character_chosen":"DEFECT","items_purchased":["Darkness","Unceasing Top"],"campfire_rested":1,"item_purchase_floors":[19,19],"current_hp_per_floor":[60,59,52,47,47,47,40,40,50,50,46,40,28,16,16,15,62,55,55,38,26,9,32,32,32,32,0,0],"gold":119,"neow_bonus":"ONE_RARE_RELIC","is_daily":false,"chose_seed":false,"campfire_upgraded":2,"win_rate":0.0,"timestamp":1613654671,"path_taken":["M","M","M","M","?","R","M","E","T","M","M","M","E","M","R","BOSS","M","$","?","?","?","R","?","?","T","E"],"items_purchased_type":["Card","Relic"],"build_version":"2020-12-22","purchased_purges":0,"victory":false,"max_hp_per_floor":[68,68,68,68,68,68,68,68,78,78,78,78,78,78,78,78,78,78,78,78,78,78,78,78,78,78,78,78],"card_choices":[{"not_picked":["Beam Cell","Leap"],"picked":"Ball Lightning","floor":1.0},{"not_picked":["Compile Driver","Barrage"],"picked":"Chill","floor":2.0},{"not_picked":["Leap","Beam Cell"],"picked":"Defragment","floor":3.0},{"not_picked":["Conserve Battery","Beam Cell","Turbo"],"picked":"SKIP","floor":4.0},{"not_picked":["Rebound","Barrage"],"picked":"Cold Snap","floor":7.0},{"not_picked":["Go for the Eyes","Steam Power"],"picked":"Capacitor","floor":8.0},{"not_picked":["Streamline","Redo"],"picked":"Storm","floor":10.0},{"not_picked":["Rebound","Leap"],"picked":"White Noise","floor":11.0},{"not_picked":["Compile Driver","Reprogram"],"picked":"Seek","floor":12.0},{"not_picked":["Lockon","Gash"],"picked":"Multi-Cast","floor":13.0},{"not_picked":["Rebound","Go for the Eyes"],"picked":"Skim","floor":14.0},{"not_picked":["Echo Form","All For One"],"picked":"Biased Cognition","floor":16.0},{"not_picked":["Steam","Melter"],"picked":"White Noise","floor":18.0},{"not_picked":["Barrage","Reinforced Body"],"picked":"Conserve Battery+1","floor":20.0},{"not_picked":["Turbo","Go for the Eyes"],"picked":"Heatsinks","floor":21.0},{"not_picked":["Tempest","Hologram"],"picked":"Fission","floor":22.0}],"player_experience":716889,"relics_obtained":[{"floor":8.0,"key":"Symbiotic Virus"},{"floor":9.0,"key":"Pear"},{"floor":13.0,"key":"Happy Flower"},{"floor":22.0,"key":"Red Mask"},{"floor":26.0,"key":"Blood Vial"}],"event_choices":[{"damage_healed":0.0,"max_hp_gain":0.0,"max_hp_loss":0.0,"gold_gain":0.0,"event_name":"FaceTrader","player_choice":"Trade","floor":5.0,"gold_loss":0.0,"damage_taken":0.0,"relics_obtained":["CultistMask"]},{"damage_healed":0.0,"max_hp_gain":0.0,"max_hp_loss":0.0,"gold_gain":0.0,"event_name":"Masked Bandits","player_choice":"Fought Bandits","floor":22.0,"gold_loss":0.0,"damage_taken":0.0},{"damage_healed":0.0,"max_hp_gain":0.0,"max_hp_loss":0.0,"gold_gain":0.0,"event_name":"The Library","player_choice":"Read","floor":24.0,"gold_loss":0.0,"damage_taken":0.0,"cards_obtained":["Fusion"]},{"damage_healed":0.0,"max_hp_gain":0.0,"max_hp_loss":0.0,"gold_gain":0.0,"event_name":"Vampires","player_choice":"Ignored","floor":25.0,"gold_loss":0.0,"damage_taken":0.0}],"is_beta":false,"boss_relics":[{"not_picked":["Fusion Hammer","Ectoplasm"],"picked":"Black Star"}],"items_purged_floors":[],"is_endless":false,"potions_floor_spawned":[2,3,8,12,14,16,21],"killed_by":"Gremlin Leader","ascension_level":13}}