{"host":"x730sfaw5rd1mxd8","time":1613619177,"event":{"mods":["BaseMod","BetterRewards","Colored Powertips","Downfall","Highlight Path","Minty Spire (QoL Compilation)","Relic Sorter","Relic Stats","Reliquary","Replay The Spire","StSLib"],"gold_per_floor":[99,113,213,226,226,226,250,279,279,306,321,332,350,362,376,471,471,471,489,502,514,150,180,203,233,233,255,295,295,295,320,349,460,460,460,480,480,480,390,420,420,420,305,315,325,325,325,335,351,351,351,351],"floor_reached":50,"language":"ENG","playtime":6119,"items_purged":["Slimebound:Strike_Slimebound","Slimebound:Strike_Slimebound"],"score":598,"play_id":"77f56cb9-34a9-45ac-ad5f-22d83f674b8d","local_time":"20210217223257","is_ascension_mode":true,"campfire_choices":[{"data":"Slimebound:CorrosiveSpit","floor":1.0,"key":"SMITH"},{"data":"Slimebound:Grow","floor":6.0,"key":"SMITH"},{"data":"Slimebound:GoopSpray","floor":9.0,"key":"SMITH"},{"data":"Slimebound:OozeBath","floor":18.0,"key":"SMITH"},{"floor":26.0,"key":"REST"},{"data":"Slimebound:Equalize","floor":30.0,"key":"SMITH"},{"data":"Slimebound:SlimeSlap","floor":35.0,"key":"SMITH"},{"floor":42,"key":"RECALL"},{"data":"Replay:SS_forest_2","floor":46,"key":"SMITH"}],"circlet_count":0,"master_deck":["Slimebound:Tackle+1","Slimebound:Defend_Slimebound","Slimebound:Defend_Slimebound","Slimebound:Defend_Slimebound","Slimebound:Defend_Slimebound","Slimebound:Split+1","Slimebound:CorrosiveSpit+1","Slimebound:Grow+1","Slimebound:GoopSpray+1","Slimebound:LeechingTouch","Slimebound:LeadByExample","Slimebound:RollThrough+1","Slimebound:ItLooksTasty","Slimebound:OozeBath+1","Slimebound:SpikyOuterGoop+1","Slimebound:LevelUp+1","Slimebound:ForwardTackle+1","Slimebound:LivingWall+1","Slimebound:Equalize+1","Slimebound:Equalize","Slimebound:MinionMaster","Slimebound:SpikyOuterGoop+1","Slimebound:LevelUp+1","Slimebound:Gluttony+1","Slimebound:SplitBruiser","Slimebound:SlimeSlap+1","Replay:SS_forest_2","Replay:SS_forest_2+1","Replay:SS_hec_1","Slimebound:LivingWall","Slimebound:GoopTackle+1","Slimebound:LivingWall+1","Slimebound:LivingWall+1"],"relics":["Slimebound:AbsorbEndCombat","reliquary:PorcupineQuills","Orichalcum","SlaversCollar","Anchor","Thread and Needle","ReplayTheSpireMod:TigerMarble","Darkstone Periapt","reliquary:RedPaperclip","Whetstone","Replay:Towering Pillar of Hats"],"acts_visited":["Exordium","TheCity","TheBeyond"],"potions_floor_usage":[50,50,50],"damage_taken":[{"damage":0.0,"enemies":"Small Slimes","floor":2.0,"turns":4.0},{"damage":2.0,"enemies":"Cultist","floor":4.0,"turns":4.0},{"damage":14.0,"enemies":"Lagavulin","floor":8.0,"turns":6.0},{"damage":2.0,"enemies":"Replay:BlueRogue","floor":10.0,"turns":6.0},{"damage":0.0,"enemies":"2 Louse","floor":11.0,"turns":2.0},{"damage":8.0,"enemies":"Exordium Thugs","floor":12.0,"turns":4.0},{"damage":12.0,"enemies":"3 Louse","floor":13.0,"turns":3.0},{"damage":14.0,"enemies":"Exordium Wildlife","floor":14.0,"turns":5.0},{"damage":0.0,"enemies":"Lots of Slimes","floor":15.0,"turns":1.0},{"damage":5.0,"enemies":"SI_SHIV_ARCHETYPE","floor":16.0,"turns":7.0},{"damage":5.0,"enemies":"3 Byrds","floor":19.0,"turns":4.0},{"damage":21.0,"enemies":"downfall:LooterAlt2","floor":20.0,"turns":5.0},{"damage":6.0,"enemies":"3 Cultists","floor":21.0,"turns":4.0},{"damage":3.0,"enemies":"downfall:FleeingMerchant","floor":22.0,"turns":4.0},{"damage":31.0,"enemies":"Slavers","floor":23.0,"turns":6.0},{"damage":26.0,"enemies":"Gremlin Leader","floor":25.0,"turns":4.0},{"damage":11.0,"enemies":"Shelled Parasite and Fungi","floor":27.0,"turns":5.0},{"damage":4.0,"enemies":"Replay:Snechameleon","floor":28.0,"turns":6.0},{"damage":23.0,"enemies":"Snake Plant","floor":31.0,"turns":7.0},{"damage":23.0,"enemies":"Cultist and Chosen","floor":32.0,"turns":8.0},{"damage":23.0,"enemies":"WA_ARCHETYPE_CALM","floor":33.0,"turns":8.0},{"damage":8.0,"enemies":"Orb Walker","floor":36.0,"turns":4.0},{"damage":0,"enemies":"downfall:FleeingMerchant","floor":39,"turns":4},{"damage":15,"enemies":"Nemesis","floor":40,"turns":7},{"damage":10,"enemies":"downfall:FleeingMerchant","floor":43,"turns":4},{"damage":0,"enemies":"3 Darklings","floor":44,"turns":6},{"damage":21,"enemies":"Writhing Mass","floor":45,"turns":6},{"damage":11,"enemies":"4 Shapes","floor":48,"turns":8},{"damage":38,"enemies":"3 Darklings","floor":49,"turns":6},{"damage":52,"enemies":"IC_BLOCK_ARCHETYPE","floor":50,"turns":4}],"seed_played":"-7767646415613639702","potions_obtained":[{"floor":8.0,"key":"Energy Potion"},{"floor":10.0,"key":"ColorlessPotion"},{"floor":12.0,"key":"LiquidBronze"},{"floor":16.0,"key":"hexamod:SoulburnPotion"},{"floor":25.0,"key":"Cursed Concoction"},{"floor":31.0,"key":"bronze:BurnAndBuffPotion"},{"floor":32.0,"key":"champ:CounterPotion"},{"floor":33.0,"key":"LiquidBronze"},{"floor":40,"key":"Elixir"}],"is_trial":false,"path_per_floor":["R","M","?","M","?","R","T","E","R","E","M","M","M","M","M","B",null,"R","M","M","M","$","E","T","E","R","M","E","?","R","M","M","B",null,"R","M","?","?","$","E","T","R","$","M","M","R","?","M","M","B"],"character_chosen":"SLIMEBOUND","items_purchased":["reliquary:FerryPass","Anchor","Slimebound:Equalize"],"campfire_rested":1,"item_purchase_floors":[22,22,22],"current_hp_per_floor":[65,65,65,63,63,63,63,57,57,61,65,59,53,47,55,58,65,65,62,49,51,54,39,39,27,46,43,57,57,57,65,61,65,65,65,59,59,49,59,48,48,48,48,65,48,48,48,45,31,0,0,0],"gold":351,"neow_bonus":"UPGRADE_CARD","is_daily":false,"chose_seed":false,"campfire_upgraded":7,"win_rate":0.0,"timestamp":1613619177,"path_taken":["R","M","?","M","?","R","T","E","R","E","M","M","?","M","M","BOSS","R","M","M","M","$","E","T","E","R","M","E","?","R","M","M","BOSS","R","M","?","?","$","E","T","R","?","M","?","R","?","?","M","BOSS"],"items_purchased_type":["Relic","Relic","Card"],"build_version":"2020-12-22","purchased_purges":2,"victory":false,"max_hp_per_floor":[65,65,65,65,65,65,65,65,65,65,65,65,65,65,65,65,65,65,65,65,65,65,65,65,65,65,65,65,65,65,65,65,65,65,65,65,65,65,65,65,65,65,65,65,65,65,65,65,65,65,65,65],"relic_stats":{"Darkstone Periapt":0,"counters":[30,146],"Whetstone":["Slimebound:Tackle","Slimebound:RollThrough"],"Orichalcum":[120],"obtain_stats":[{"Darkstone Periapt":28,"Replay:Towering Pillar of Hats":41,"reliquary:Aerogel":8,"CeramicFish":25,"Thread and Needle":23,"Whetstone":40,"Orichalcum":10,"reliquary:FerryPass":22,"SlaversCollar":17,"Anchor":22,"reliquary:PorcupineQuills":7,"reliquary:RedPaperclip":34,"Slimebound:AbsorbEndCombat":0,"ReplayTheSpireMod:TigerMarble":23},{"Darkstone Periapt":18,"Replay:Towering Pillar of Hats":24,"reliquary:Aerogel":3,"CeramicFish":16,"Thread and Needle":15,"Whetstone":24,"Orichalcum":4,"reliquary:FerryPass":14,"SlaversCollar":10,"Anchor":14,"reliquary:PorcupineQuills":2,"reliquary:RedPaperclip":21,"Slimebound:AbsorbEndCombat":0,"ReplayTheSpireMod:TigerMarble":15},{"Darkstone Periapt":76,"Replay:Towering Pillar of Hats":113,"reliquary:Aerogel":12,"CeramicFish":65,"Thread and Needle":62,"Whetstone":113,"Orichalcum":18,"reliquary:FerryPass":57,"SlaversCollar":40,"Anchor":57,"reliquary:PorcupineQuills":7,"reliquary:RedPaperclip":98,"Slimebound:AbsorbEndCombat":0,"ReplayTheSpireMod:TigerMarble":62}]},"card_choices":[{"not_picked":["Slimebound:SplitBruiser","Slimebound:TongueLash"],"picked":"Slimebound:Grow","floor":2.0},{"not_picked":["Slimebound:SplitAcid","Slimebound:SplitBruiser","Slimebound:SplitLeeching"],"picked":"SKIP","floor":4.0},{"not_picked":["Slimebound:FlameTackle","Slimebound:RejuvenatingLick"],"picked":"Slimebound:GoopSpray","floor":8.0},{"not_picked":["Slimebound:SplitAcid","Slimebound:Grow"],"picked":"Slimebound:LeechingTouch","floor":10.0},{"not_picked":["Slimebound:GoopTackle","Slimebound:Schlurp"],"picked":"Slimebound:LeadByExample","floor":11.0},{"not_picked":["Slimebound:SamplingLick","Slimebound:SplitMire","Slimebound:Prepare"],"picked":"SKIP","floor":12.0},{"not_picked":["Slimebound:SamplingLick","Slimebound:SplitAcid"],"picked":"Slimebound:RollThrough","floor":13.0},{"not_picked":["Slimebound:DisruptingSlam","Slimebound:GoopTackle"],"picked":"Slimebound:ItLooksTasty","floor":14.0},{"not_picked":["Slimebound:SamplingLick","Slimebound:SplitLeeching","Slimebound:RollThrough"],"picked":"SKIP","floor":15.0},{"not_picked":["Slimebound:MassFeed","Slimebound:MinionMaster"],"picked":"Slimebound:OozeBath","floor":16.0},{"not_picked":["Slimebound:HauntingLick","Slimebound:FinishingTackle"],"picked":"Slimebound:SpikyOuterGoop+1","floor":19.0},{"not_picked":["Slimebound:GoopSpray","Slimebound:LeadByExample"],"picked":"Slimebound:LevelUp+1","floor":20.0},{"not_picked":["Slimebound:LeadByExample","Slimebound:SplitBruiser"],"picked":"Slimebound:ForwardTackle+1","floor":21.0},{"not_picked":["Slimebound:MegaLick+1","Slimebound:Schlurp"],"picked":"Slimebound:LivingWall+1","floor":22.0},{"not_picked":["Slimebound:SlimeSpikes","Slimebound:SplitMire"],"picked":"Slimebound:MinionMaster","floor":23.0},{"not_picked":["Slimebound:LeechingTouch","Slimebound:FinishingTackle","Slimebound:SplitAcid"],"picked":"SKIP","floor":25.0},{"not_picked":["Slimebound:ItLooksTasty","Slimebound:ComboTackle"],"picked":"Slimebound:SpikyOuterGoop+1","floor":27.0},{"not_picked":["Slimebound:LeechEnergy+1","Slimebound:Nibble"],"picked":"Slimebound:LevelUp","floor":28.0},{"not_picked":["Slimebound:SamplingLick","Slimebound:SplitMire"],"picked":"Slimebound:Gluttony+1","floor":31.0},{"not_picked":["Slimebound:SplitLeeching","Slimebound:SpikyOuterGoop"],"picked":"Slimebound:SplitBruiser","floor":32.0},{"not_picked":["Slimebound:OneTwoCombo","Slimebound:MinionMaster"],"picked":"Slimebound:SlimeSlap","floor":33.0},{"not_picked":["Slimebound:Prepare","Slimebound:ItLooksTasty","Slimebound:Chomp"],"picked":"SKIP","floor":36.0},{"not_picked":["expansioncontent:AwakenDeath","expansioncontent:LastStand"],"picked":"Replay:SS_forest_2","floor":38},{"not_picked":["expansioncontent:PolyBeam","expansioncontent:Hexaburn"],"picked":"Replay:SS_forest_2","floor":38},{"not_picked":["Replay:SS_fish_1","expansioncontent:Chronoboost"],"picked":"Replay:SS_hec_1","floor":38},{"not_picked":["Slimebound:PressTheAttack+1","Slimebound:FormOfPuddle"],"picked":"Slimebound:LivingWall","floor":39},{"not_picked":["Slimebound:SplitBruiser+1","Slimebound:ComboTackle","Slimebound:Teamwork"],"picked":"SKIP","floor":40},{"not_picked":["Slimebound:SplitMire","Slimebound:DisruptingSlam","Slimebound:PressTheAttack"],"picked":"SKIP","floor":43},{"not_picked":["Slimebound:SlimeSpikes","Slimebound:SplitLeeching"],"picked":"Slimebound:GoopTackle+1","floor":44},{"not_picked":["Slimebound:SlimeSpikes+1","Slimebound:GrowthPunch","Slimebound:TongueLash+1"],"picked":"SKIP","floor":45},{"not_picked":["Slimebound:PressTheAttack","Slimebound:GoopTackle"],"picked":"Slimebound:LivingWall+1","floor":48},{"not_picked":["Slimebound:SplitLeeching","Slimebound:RallyTheTroops"],"picked":"Slimebound:LivingWall+1","floor":49}],"player_experience":4191887,"relics_obtained":[{"floor":7.0,"key":"reliquary:PorcupineQuills"},{"floor":8.0,"key":"reliquary:Aerogel"},{"floor":10.0,"key":"Orichalcum"},{"floor":23.0,"key":"Thread and Needle"},{"floor":23.0,"key":"ReplayTheSpireMod:TigerMarble"},{"floor":25.0,"key":"CeramicFish"},{"floor":28.0,"key":"Darkstone Periapt"},{"floor":40,"key":"Whetstone"},{"floor":41,"key":"Replay:Towering Pillar of Hats"}],"event_choices":[{"damage_healed":0.0,"max_hp_gain":0.0,"max_hp_loss":0.0,"gold_gain":0.0,"event_name":"Accursed Blacksmith","player_choice":"Forge","floor":29.0,"gold_loss":0.0,"damage_taken":0.0,"cards_upgraded":["Slimebound:LevelUp"]}],"is_beta":false,"boss_relics":[{"not_picked":["Replay:Drink Me","Ring of Chaos"],"picked":"SlaversCollar"},{"not_picked":["Painkiller Herb","Empty Cage"],"picked":"reliquary:RedPaperclip"}],"items_purged_floors":[39,43],"is_endless":false,"potions_floor_spawned":[8,10,12,16,19,25,31,32,33,40,44],"killed_by":"IC_BLOCK_ARCHETYPE","ascension_level":1}}