{"host":"r6z36w6seh15s9tg","time":1613669024,"event":{"mods":["ATMod(∞¢Ë™Mod)","Act Like it!","Arknights","BaseMod","Gensokyo","Minty Spire (QoL Compilation)","Reimu£®≤©¿ˆ¡È√Œ£©","Remilia£®¿Ÿ√◊¿Ú—«£©","StSLib","The Marked","The Senshi","The Servant 0.9.4","WarShipGirlsR/’ΩΩ¢…Ÿ≈ÆR mod","°æ“≈ŒÔø®≈∆°øREMEMod"],"gold_per_floor":[118,128,143,8,24,337,350,190,243,243,103,28,60,60,60,159,159,175,175,0,11,24,53,71,83,83,114,114,114],"floor_reached":28,"language":"ZHS","playtime":5585,"items_purged":["rmod:defend"],"score":287,"play_id":"41a27b2f-f071-47ae-b420-53f453b77833","local_time":"20210219012344","is_ascension_mode":false,"campfire_choices":[{"data":"rmod:expedition","floor":10,"key":"SMITH"},{"data":"rmod:expedition+1","floor":15,"key":"SMITH"}],"circlet_count":0,"master_deck":["rmod:strick","rmod:strick","rmod:strick","rmod:strick","rmod:defend","rmod:defend","rmod:defend","rmod:basicallowance","rmod:maingunfire","rmod:expedition+2","theMarked:BiggerThanFate","rmod:ammunitionsupply","rmod:mineteam","rmod:wife+1","rmod:firesupport","rmod:desperatesituation","rmod:tearstotiara","Necronomicurse","rmod:expeditionaryescort+1","rmod:supportaircraftcarrier","Gensokyo:FourOfAKind","Gensokyo:FourOfAKind","Gensokyo:FourOfAKind+1","Gensokyo:FourOfAKind","rmod:circuitoustactics+1","rmod:aviationdawn+1","rmod:u235","rmod:fletcherpendant","rmod:fuelsupply+1","rmod:intelligenceanalysis"],"relics":["rmod:firstchargereward","AT_ATBox","REME_ComplimentaryCards","Necronomicon","AT_EbonyIvory","Dead Branch","Pocketwatch","Calipers","Strawberry","Fusion Hammer","Blood Vial","Nunchaku","Boot"],"acts_visited":["Gensokyo:Gensokyo","Gensokyo:Gensokyoer"],"potions_floor_usage":[16,16,28],"damage_taken":[{"damage":0.0,"enemies":"Gensokyo:2_Kodama","floor":1.0,"turns":3.0},{"damage":0.0,"enemies":"Gensokyo:3_Fairies","floor":2.0,"turns":4.0},{"damage":7,"enemies":"Gensokyo:Gryphon","floor":3,"turns":3},{"damage":8,"enemies":"Gensokyo:VengefulSpirit","floor":5,"turns":5},{"damage":12,"enemies":"Gensokyo:3_Kodama","floor":6,"turns":6},{"damage":25,"enemies":"Gensokyo:LivingMonolith","floor":7,"turns":4},{"damage":2,"enemies":"Gensokyo:Mamizou","floor":13,"turns":6},{"damage":24,"enemies":"Gensokyo:Reimu","floor":16,"turns":5},{"damage":15,"enemies":"Gensokyo:3_Dogs","floor":18,"turns":4},{"damage":0,"enemies":"Gensokyo:Chomper","floor":21,"turns":2},{"damage":6,"enemies":"Gensokyo:Wraith","floor":22,"turns":3},{"damage":15,"enemies":"Gensokyo:Koishi","floor":23,"turns":2},{"damage":6,"enemies":"Gensokyo:Chomper_and_Gloop","floor":24,"turns":3},{"damage":23,"enemies":"Gensokyo:Slime_Group","floor":25,"turns":3},{"damage":15,"enemies":"Gensokyo:Reisen","floor":27,"turns":3},{"damage":10,"enemies":"Gensokyo:Mirror_and_Dog","floor":28,"turns":3}],"seed_played":"-725375378022349621","potions_obtained":[{"floor":3,"key":"SkillPotion"},{"floor":6,"key":"BlessingOfTheForge"},{"floor":16,"key":"LiquidMemories"},{"floor":22,"key":"MagicPotion:ReiMu"},{"floor":25,"key":"Swift Potion"}],"is_trial":false,"path_per_floor":["M","M","M","COS","M","M","M","?","T","R","?","$","E","?","R","B",null,"M","?","?","M","M","E","M","M","T","E","M"],"character_chosen":"PRAEFECT","items_purchased":[],"campfire_rested":0,"item_purchase_floors":[],"current_hp_per_floor":[82,82,75,75,67,55,30,30,30,30,30,30,28,25,25,1,89,74,63,63,63,57,42,38,17,17,4,0,0],"gold":114,"neow_bonus":"TEN_PERCENT_HP_BONUS","is_daily":false,"chose_seed":false,"campfire_upgraded":2,"win_rate":0.0,"timestamp":1613669024,"path_taken":["M","M","M","COS","M","?","M","?","T","R","?","?","E","?","R","BOSS","M","?","?","M","?","E","M","M","T","E","M"],"items_purchased_type":[],"build_version":"2020-12-22","purchased_purges":1,"victory":false,"max_hp_per_floor":[82,82,82,82,82,82,82,82,82,82,82,82,82,89,89,89,89,89,63,63,63,63,63,63,63,63,63,63,63],"card_choices":[{"not_picked":["rmod:aluminumsupply","rmod:punchline"],"picked":"rmod:expedition","floor":1.0},{"not_picked":["rmod:circuitoustactics","rmod:capitalist"],"picked":"rmod:ammunitionsupply","floor":2.0},{"not_picked":["rmod:victimresponsibility","rmod:fuelsupply"],"picked":"rmod:mineteam","floor":3},{"not_picked":["rmod:punchline+1","rmod:intelligenceanalysis+1"],"picked":"rmod:wife+1","floor":5},{"not_picked":["rmod:unsinkable","rmod:fletcherpendant"],"picked":"rmod:firesupport","floor":5},{"not_picked":["rmod:wife","rmod:firesupport"],"picked":"rmod:desperatesituation","floor":6},{"not_picked":["rmod:garrisonisland","rmod:wife"],"picked":"rmod:tearstotiara","floor":7},{"not_picked":["rmod:mineteam","rmod:victimresponsibility","rmod:fuelsupply"],"picked":"SKIP","floor":13},{"not_picked":["rmod:ridicule","rmod:acesubmarine"],"picked":"rmod:expeditionaryescort","floor":16},{"not_picked":["rmod:steelsupply","rmod:fletcherpendant"],"picked":"rmod:supportaircraftcarrier","floor":18},{"not_picked":["rmod:tearstotiara","rmod:unsinkable"],"picked":"rmod:circuitoustactics+1","floor":21},{"not_picked":["rmod:rockthrower","rmod:smokecover+1"],"picked":"rmod:aviationdawn+1","floor":22},{"not_picked":["rmod:circuitoustactics","rmod:diamondstrike","rmod:garrisonisland"],"picked":"SKIP","floor":23},{"not_picked":["rmod:robin+1","rmod:fletcherpendant+1"],"picked":"rmod:u235","floor":24},{"not_picked":["rmod:steelsupply+1","rmod:diaomin"],"picked":"rmod:fuelsupply+1","floor":25},{"not_picked":["rmod:fletcherpendant","rmod:generalist"],"picked":"rmod:intelligenceanalysis","floor":27}],"player_experience":93640,"relics_obtained":[{"floor":9,"key":"AT_EbonyIvory"},{"floor":13,"key":"Calipers"},{"floor":23,"key":"Blood Vial"},{"floor":26,"key":"Nunchaku"},{"floor":27,"key":"Boot"}],"event_choices":[],"is_beta":false,"boss_relics":[{"not_picked":["Pandora\u0027s Box","Runic Pyramid"],"picked":"Fusion Hammer"}],"items_purged_floors":[12],"is_endless":false,"potions_floor_spawned":[3,6,16,22,25],"killed_by":"Gensokyo:Mirror_and_Dog","ascension_level":0}}