{"host":"f0gpob8hq9vgebej","time":1613667909,"event":{"mods":["AchievementEnabler","BaseMod","Minty Spire (QoL Compilation)","Quick Restart","SuperFastMode"],"gold_per_floor":[109,124,124,124,178,178,208,208,261,290,306,322,322,335,335,414,414,432,432,411,411,411],"floor_reached":21,"language":"KOR","playtime":473,"items_purged":[],"score":442,"play_id":"042edb59-ccdf-4f02-8486-99df11c5d5eb","local_time":"20210219020509","is_ascension_mode":true,"campfire_choices":[{"data":"Terror","floor":6.0,"key":"SMITH"},{"data":"Leg Sweep","floor":13.0,"key":"SMITH"},{"data":"Poisoned Stab","floor":15,"key":"SMITH"}],"circlet_count":0,"master_deck":["AscendersBane","Strike_G","Strike_G","Strike_G","Strike_G","Strike_G","Defend_G","Defend_G","Defend_G","Defend_G","Defend_G","Survivor","Neutralize","Terror+1","Dagger Throw","Backstab","Leg Sweep+1","Poisoned Stab+1","Bullet Time","Skewer","Sucker Punch+1"],"relics":["Ring of the Snake","NeowsBlessing","PreservedInsect","Snake Skull","HornCleat","Tiny Chest","Happy Flower","HoveringKite"],"acts_visited":["Exordium","TheCity"],"potions_floor_usage":[],"damage_taken":[{"damage":0.0,"enemies":"Small Slimes","floor":1.0,"turns":1.0},{"damage":0.0,"enemies":"Jaw Worm","floor":2.0,"turns":1.0},{"damage":0.0,"enemies":"Gremlin Nob","floor":7.0,"turns":1.0},{"damage":0.0,"enemies":"Lagavulin","floor":10.0,"turns":3.0},{"damage":0.0,"enemies":"2 Louse","floor":11.0,"turns":3.0},{"damage":0.0,"enemies":"2 Fungi Beasts","floor":12.0,"turns":3.0},{"damage":1,"enemies":"Looter","floor":14,"turns":3},{"damage":12,"enemies":"The Guardian","floor":16,"turns":15},{"damage":45,"enemies":"Chosen","floor":18,"turns":8},{"damage":6,"enemies":"2 Thieves","floor":20,"turns":4},{"damage":18,"enemies":"Cultist and Chosen","floor":21,"turns":6}],"seed_played":"7147163686775570587","potions_obtained":[{"floor":1.0,"key":"ColorlessPotion"},{"floor":7.0,"key":"AttackPotion"},{"floor":10.0,"key":"Explosive Potion"},{"floor":12.0,"key":"Ancient Potion"},{"floor":14,"key":"Regen Potion"}],"is_trial":false,"path_per_floor":["M","M","?","?","T","R","E","?","T","E","M","M","R","M","R","B",null,"M","?","M","M"],"character_chosen":"THE_SILENT","items_purchased":[],"campfire_rested":0,"item_purchase_floors":[],"current_hp_per_floor":[59,59,41,41,41,41,41,46,46,46,46,46,46,45,45,33,62,17,17,11,0,0],"gold":411,"neow_bonus":"THREE_ENEMY_KILL","is_daily":false,"chose_seed":false,"campfire_upgraded":3,"win_rate":0.0,"timestamp":1613667909,"path_taken":["M","M","?","?","?","R","E","?","T","E","M","M","R","M","R","BOSS","M","?","M","M"],"items_purchased_type":[],"build_version":"2020-12-22","purchased_purges":0,"victory":false,"max_hp_per_floor":[66,66,66,66,66,66,66,71,71,71,71,71,71,71,71,71,71,71,71,71,71,71],"card_choices":[{"not_picked":["Slice","Bane"],"picked":"Terror","floor":1.0},{"not_picked":["Slice","Quick Slash"],"picked":"Dagger Throw","floor":2.0},{"not_picked":["Calculated Gamble","Deflect","Heel Hook"],"picked":"SKIP","floor":7.0},{"not_picked":["Outmaneuver","Flying Knee","Concentrate"],"picked":"SKIP","floor":10.0},{"not_picked":["Underhanded Strike","Prepared"],"picked":"Backstab","floor":11.0},{"not_picked":["Dagger Spray","Sucker Punch"],"picked":"Leg Sweep","floor":12.0},{"not_picked":["Quick Slash","Slice"],"picked":"Poisoned Stab","floor":14},{"not_picked":["Storm of Steel","Night Terror"],"picked":"Bullet Time","floor":16},{"not_picked":["Outmaneuver","Caltrops+1"],"picked":"Skewer","floor":18},{"not_picked":["Flying Knee","Poisoned Stab"],"picked":"Sucker Punch+1","floor":20}],"player_experience":386284,"relics_obtained":[{"floor":5.0,"key":"Snake Skull"},{"floor":7.0,"key":"HornCleat"},{"floor":9.0,"key":"Tiny Chest"},{"floor":10.0,"key":"Happy Flower"}],"event_choices":[{"damage_healed":0.0,"max_hp_gain":0.0,"max_hp_loss":0.0,"gold_gain":0.0,"event_name":"Scrap Ooze","player_choice":"Success","floor":3.0,"gold_loss":0.0,"damage_taken":18.0,"relics_obtained":["PreservedInsect"]},{"damage_healed":0.0,"max_hp_gain":0.0,"max_hp_loss":0.0,"gold_gain":0.0,"event_name":"Golden Idol","player_choice":"Ignored","floor":4.0,"gold_loss":0.0,"damage_taken":0.0},{"damage_healed":0.0,"max_hp_gain":5.0,"max_hp_loss":0.0,"gold_gain":0.0,"event_name":"Big Fish","player_choice":"Donut","floor":8.0,"gold_loss":0.0,"damage_taken":0.0},{"damage_healed":0,"gold_gain":0,"player_choice":"Ignored","damage_taken":0,"max_hp_gain":0,"max_hp_loss":0,"event_name":"Vampires","floor":19,"gold_loss":0}],"is_beta":false,"boss_relics":[{"not_picked":["Cursed Key","Black Star"],"picked":"HoveringKite"}],"items_purged_floors":[],"is_endless":false,"potions_floor_spawned":[1,7,10,12,14],"killed_by":"Cultist and Chosen","ascension_level":17}}