{"host":"qdluzwl0w2iptkmi","time":1613628010,"event":{"mods":["AchievementEnabler","BaseMod","BetterRewards","DeckTracker","Keyboard Shortcuts","Minty Spire (QoL Compilation)","Quick Restart","Relic Stats","StSLib","SuperFastMode"],"gold_per_floor":[114,133,133,144,162,162,196,206,206,222,255,269,333,333,333,429,429,443,99,117,117,67,67,102,102,182,193,205,217,217,65,65,163,163,183,198,198,209,228,257,257,275,275,150,150,161,161,180,180,180,180],"floor_reached":50,"language":"KOR","playtime":2459,"items_purged":["Defend_G","Strike_G","Writhe"],"score":583,"play_id":"d92be629-55fe-4f4a-965d-114a6eb9a6ee","local_time":"20210218150010","is_ascension_mode":false,"campfire_choices":[{"data":"Bouncing Flask","floor":6.0,"key":"SMITH"},{"data":"Deadly Poison","floor":15.0,"key":"SMITH"},{"data":"Adrenaline","floor":23.0,"key":"SMITH"},{"data":"Adrenaline","floor":25,"key":"SMITH"},{"data":"Noxious Fumes","floor":32,"key":"SMITH"},{"floor":41,"key":"RECALL"},{"data":"Burst","floor":45,"key":"SMITH"},{"data":"Panache","floor":47,"key":"SMITH"},{"data":"Neutralize","floor":49,"key":"SMITH"}],"circlet_count":0,"master_deck":["Strike_G","Strike_G","Strike_G","Defend_G","Defend_G","Defend_G","Defend_G","Survivor","Neutralize+1","Deadly Poison+1","Bouncing Flask+1","Infinite Blades","Backstab","Burst+1","Dagger Spray","Noxious Fumes+1","Adrenaline+1","Escape Plan+1","Adrenaline+1","Panache+1","Blur","Escape Plan","Escape Plan+1","Escape Plan","Blade Dance"],"relics":["Ring of the Snake","Darkstone Periapt","Singing Bowl","Ornamental Fan","Nunchaku","Philosopher\u0027s Stone","Blood Vial","InkBottle","CaptainsWheel","Cursed Key","Regal Pillow"],"acts_visited":["Exordium","TheCity","TheBeyond"],"potions_floor_usage":[24,24,33,33,33,40,50,50,50],"damage_taken":[{"damage":9.0,"enemies":"Jaw Worm","floor":1.0,"turns":5.0},{"damage":2.0,"enemies":"Small Slimes","floor":2.0,"turns":4.0},{"damage":0.0,"enemies":"2 Louse","floor":4.0,"turns":3.0},{"damage":0.0,"enemies":"Exordium Wildlife","floor":5.0,"turns":3.0},{"damage":21.0,"enemies":"Lagavulin","floor":7.0,"turns":5.0},{"damage":5.0,"enemies":"Looter","floor":8.0,"turns":3.0},{"damage":0.0,"enemies":"Lots of Slimes","floor":10.0,"turns":2.0},{"damage":2.0,"enemies":"Gremlin Nob","floor":11.0,"turns":3.0},{"damage":0.0,"enemies":"2 Fungi Beasts","floor":12.0,"turns":3.0},{"damage":6.0,"enemies":"Gremlin Nob","floor":13.0,"turns":3.0},{"damage":27.0,"enemies":"The Guardian","floor":16.0,"turns":7.0},{"damage":18.0,"enemies":"2 Thieves","floor":18.0,"turns":3.0},{"damage":0.0,"enemies":"Spheric Guardian","floor":20.0,"turns":3.0},{"damage":21,"enemies":"Book of Stabbing","floor":24,"turns":4},{"damage":2,"enemies":"Centurion and Healer","floor":27,"turns":4},{"damage":20,"enemies":"Snake Plant","floor":28,"turns":4},{"damage":0,"enemies":"3 Cultists","floor":29,"turns":3},{"damage":9,"enemies":"Champ","floor":33,"turns":8},{"damage":0,"enemies":"3 Darklings","floor":35,"turns":3},{"damage":0,"enemies":"Orb Walker","floor":36,"turns":2},{"damage":0,"enemies":"Transient","floor":38,"turns":5},{"damage":4,"enemies":"Jaw Worm Horde","floor":39,"turns":3},{"damage":23,"enemies":"Nemesis","floor":40,"turns":5},{"damage":8,"enemies":"Sphere and 2 Shapes","floor":42,"turns":3},{"damage":0,"enemies":"Spire Growth","floor":46,"turns":3},{"damage":0,"enemies":"Transient","floor":48,"turns":5},{"damage":112,"enemies":"Time Eater","floor":50,"turns":8}],"seed_played":"-9164316656204445573","potions_obtained":[{"floor":5.0,"key":"Poison Potion"},{"floor":7.0,"key":"Strength Potion"},{"floor":8.0,"key":"Block Potion"},{"floor":11.0,"key":"SteroidPotion"},{"floor":16.0,"key":"SpeedPotion"},{"floor":20.0,"key":"SteroidPotion"},{"floor":28,"key":"SkillPotion"},{"floor":29,"key":"FearPotion"},{"floor":35,"key":"AttackPotion"},{"floor":36,"key":"GamblersBrew"},{"floor":46,"key":"Regen Potion"},{"floor":48,"key":"GamblersBrew"}],"is_trial":false,"path_per_floor":["M","M","?","M","M","R","E","M","T","M","E","M","?","?","R","B",null,"M","$","M","?","?","R","E","R","T","M","M","M","?","$","R","B",null,"M","M","?","M","M","E","R","M","T","$","R","M","R","M","R","B"],"character_chosen":"THE_SILENT","items_purchased":["Adrenaline","Panache","BlessingOfTheForge"],"campfire_rested":0,"item_purchase_floors":[19,19,31],"current_hp_per_floor":[68,66,71,71,71,71,50,45,45,47,45,47,43,36,36,9,88,70,70,72,72,72,72,53,53,53,53,35,37,37,37,37,32,94,96,98,98,100,96,77,77,73,79,79,79,83,83,87,87,0,0],"gold":180,"neow_bonus":"TEN_PERCENT_HP_BONUS","is_daily":false,"chose_seed":false,"campfire_upgraded":8,"win_rate":0.0,"timestamp":1613628010,"path_taken":["M","M","?","M","M","R","E","M","T","M","E","M","?","?","R","BOSS","M","$","M","?","?","R","E","R","T","?","M","M","?","?","R","BOSS","M","M","?","M","M","E","R","M","T","$","R","M","R","M","R","BOSS"],"items_purchased_type":["Card","Card","Potion"],"build_version":"2020-12-22","purchased_purges":3,"victory":false,"max_hp_per_floor":[77,77,82,82,82,82,82,82,82,84,84,86,88,88,88,88,88,88,88,90,90,90,90,92,92,92,92,92,92,92,92,92,94,94,96,98,98,100,100,102,102,104,110,110,110,112,112,114,114,114,114],"relic_stats":{"Darkstone Periapt":6,"Blood Vial":18,"Nunchaku":[20],"Regal Pillow":0,"Singing Bowl":26,"counters":[27,107],"Ornamental Fan":[168],"Cursed Key":1,"obtain_stats":[{"Darkstone Periapt":7,"Blood Vial":24,"Nunchaku":13,"CaptainsWheel":30,"Regal Pillow":40,"Singing Bowl":9,"Ornamental Fan":11,"Philosopher\u0027s Stone":17,"Cursed Key":34,"InkBottle":26,"Ring of the Snake":0},{"Darkstone Periapt":5,"Blood Vial":14,"Nunchaku":9,"CaptainsWheel":17,"Regal Pillow":23,"Singing Bowl":6,"Ornamental Fan":8,"Philosopher\u0027s Stone":11,"Cursed Key":18,"InkBottle":14,"Ring of the Snake":0},{"Darkstone Periapt":20,"Blood Vial":51,"Nunchaku":31,"CaptainsWheel":62,"Regal Pillow":88,"Singing Bowl":23,"Ornamental Fan":28,"Philosopher\u0027s Stone":41,"Cursed Key":70,"InkBottle":51,"Ring of the Snake":0}],"InkBottle":[49],"Ring of the Snake":[54]},"card_choices":[{"not_picked":["Backflip","Deflect"],"picked":"Deadly Poison","floor":1.0},{"not_picked":["Flying Knee","Tactician"],"picked":"Bouncing Flask","floor":2.0},{"not_picked":["Deflect","Dodge and Roll"],"picked":"Infinite Blades","floor":4.0},{"not_picked":["Finisher","Underhanded Strike"],"picked":"Backstab","floor":5.0},{"not_picked":["Cloak And Dagger","Bane"],"picked":"Burst","floor":7.0},{"not_picked":["Dodge and Roll","Deadly Poison"],"picked":"Dagger Spray","floor":8.0},{"not_picked":["Dodge and Roll","Riddle With Holes","Quick Slash"],"picked":"Singing Bowl","floor":10.0},{"not_picked":["Calculated Gamble","Heel Hook"],"picked":"Noxious Fumes","floor":11.0},{"not_picked":["Deflect","Envenom","Sucker Punch"],"picked":"Singing Bowl","floor":12.0},{"not_picked":["Cloak And Dagger","Leg Sweep","Deflect"],"picked":"Singing Bowl","floor":13.0},{"not_picked":["Bullet Time","Glass Knife"],"picked":"Adrenaline","floor":16.0},{"not_picked":["Tactician","Underhanded Strike"],"picked":"Escape Plan+1","floor":18.0},{"not_picked":["Quick Slash+1","Dagger Spray","Crippling Poison"],"picked":"Singing Bowl","floor":20.0},{"not_picked":["Predator","Flechettes","Slice"],"picked":"Singing Bowl","floor":24},{"not_picked":["Deadly Poison","Blur+1"],"picked":"Escape Plan","floor":27},{"not_picked":["PiercingWail+1","Heel Hook"],"picked":"Escape Plan+1","floor":28},{"not_picked":["Backflip","Expertise+1"],"picked":"Escape Plan","floor":29},{"not_picked":["Envenom","Bullet Time","Night Terror"],"picked":"Singing Bowl","floor":33},{"not_picked":["Cloak And Dagger","Reflex+1","Slice+1"],"picked":"Singing Bowl","floor":35},{"not_picked":["Sucker Punch+1","Deflect","Quick Slash"],"picked":"Singing Bowl","floor":36},{"not_picked":["Poisoned Stab+1","Backflip","Expertise"],"picked":"Singing Bowl","floor":38},{"not_picked":["All Out Attack","Acrobatics+1"],"picked":"Blade Dance","floor":39},{"not_picked":["Backflip","Venomology","Flechettes+1"],"picked":"Singing Bowl","floor":40},{"not_picked":["Leg Sweep+1","Sucker Punch","Predator"],"picked":"Singing Bowl","floor":42},{"not_picked":["Deflect+1","Sucker Punch+1","Dodge and Roll"],"picked":"Singing Bowl","floor":46},{"not_picked":["Underhanded Strike+1","Poisoned Stab","Dodge and Roll+1"],"picked":"Singing Bowl","floor":48}],"player_experience":1268032,"relics_obtained":[{"floor":7.0,"key":"Darkstone Periapt"},{"floor":9.0,"key":"Singing Bowl"},{"floor":11.0,"key":"Ornamental Fan"},{"floor":24,"key":"Blood Vial"},{"floor":26,"key":"InkBottle"},{"floor":30,"key":"CaptainsWheel"},{"floor":40,"key":"Regal Pillow"}],"event_choices":[{"damage_healed":0.0,"max_hp_gain":5.0,"max_hp_loss":0.0,"gold_gain":0.0,"event_name":"Big Fish","player_choice":"Donut","floor":3.0,"gold_loss":0.0,"damage_taken":0.0},{"damage_healed":0.0,"max_hp_gain":0.0,"max_hp_loss":0.0,"gold_gain":0.0,"event_name":"Dead Adventurer","player_choice":"Searched \u00272\u0027 times","floor":13.0,"gold_loss":0.0,"damage_taken":0.0,"relics_obtained":["Nunchaku"]},{"cards_removed":["Strike_G"],"damage_healed":0.0,"max_hp_gain":0.0,"max_hp_loss":0.0,"gold_gain":0.0,"event_name":"Golden Wing","player_choice":"Card Removal","floor":14.0,"gold_loss":0.0,"damage_taken":7.0},{"damage_healed":0.0,"max_hp_gain":0.0,"max_hp_loss":0.0,"gold_gain":0.0,"event_name":"The Library","player_choice":"Read","floor":21.0,"gold_loss":0.0,"damage_taken":0.0,"cards_obtained":["Blur"]},{"damage_healed":0.0,"max_hp_gain":0.0,"max_hp_loss":0.0,"gold_gain":0.0,"event_name":"The Joust","player_choice":"Bet on Owner","floor":22.0,"gold_loss":50.0,"damage_taken":0.0},{"damage_healed":0,"gold_gain":0,"player_choice":"Relic","damage_taken":0,"max_hp_gain":0,"max_hp_loss":0,"event_name":"Wheel of Change","floor":30,"gold_loss":0},{"damage_healed":0,"gold_gain":0,"player_choice":"Ignored","damage_taken":0,"max_hp_gain":0,"max_hp_loss":0,"event_name":"SecretPortal","floor":37,"gold_loss":0}],"is_beta":false,"boss_relics":[{"not_picked":["Fusion Hammer","SacredBark"],"picked":"Philosopher\u0027s Stone"},{"not_picked":["Coffee Dripper","WristBlade"],"picked":"Cursed Key"}],"items_purged_floors":[19,31,44],"is_endless":false,"potions_floor_spawned":[5,7,8,11,16,20,28,29,35,36,46,48],"killed_by":"Time Eater","ascension_level":0}}