{"host":"qxeepl7ydvsgmfdb","time":1613669189,"event":{"mods":["AchievementEnabler","BaseMod","Colored Powertips","Minty Spire (QoL Compilation)","Quick Restart","slay the spire mod where everything is the same but ironclad has a cowboy hat"],"gold_per_floor":[114,6,20,95,245,271,236,236,236,251,251,251,174,184,184,255,255,268,279,75,75,98,110,122,134,146,158,12,12,12,12,12,88,88,107,125,125,125,82,82,82,114,114,114,114,114,130,30,30,30,30],"floor_reached":50,"language":"ENG","playtime":1016,"items_purged":["Writhe","Decay"],"score":922,"play_id":"e401fe52-7b0e-49aa-80b4-c82c29f44422","local_time":"20210218122629","is_ascension_mode":true,"campfire_choices":[{"data":"Blade Dance","floor":8.0,"key":"SMITH"},{"data":"Deadly Poison","floor":12.0,"key":"SMITH"},{"floor":15.0,"key":"REST"},{"floor":23,"key":"REST"},{"floor":27,"key":"REST"},{"floor":32,"key":"REST"},{"floor":40,"key":"REST"},{"floor":44,"key":"REST"},{"floor":49,"key":"REST"}],"circlet_count":0,"master_deck":["AscendersBane","Strike_G+1","Strike_G+1","Strike_G+1","Strike_G+1","Defend_G+1","Defend_G+1","Defend_G+1","Defend_G+1","Defend_G+1","Survivor","Neutralize+1","Dagger Spray","Blade Dance+1","Blade Dance","Deadly Poison+1","All Out Attack+1","Blade Dance","Poisoned Stab+1","Finisher+1","Slice+1","Envenom","Backstab+1","After Image+1","Catalyst","Noxious Fumes","Writhe"],"relics":["Ring of the Snake","NeowsBlessing","Molten Egg 2","Centennial Puzzle","Kunai","Empty Cage","Juzu Bracelet","MawBank","MutagenicStrength","Pantograph","WristBlade","Paper Crane","Tingsha"],"acts_visited":["Exordium","TheCity","TheBeyond"],"potions_floor_usage":[16,19,33,42,50],"damage_taken":[{"damage":0.0,"enemies":"Jaw Worm","floor":1.0,"turns":1.0},{"damage":0.0,"enemies":"Cultist","floor":3.0,"turns":1.0},{"damage":0.0,"enemies":"Gremlin Nob","floor":6.0,"turns":1.0},{"damage":0.0,"enemies":"Small Slimes","floor":10.0,"turns":2.0},{"damage":0.0,"enemies":"2 Fungi Beasts","floor":14.0,"turns":2.0},{"damage":39,"enemies":"The Guardian","floor":16,"turns":10},{"damage":6,"enemies":"3 Byrds","floor":18,"turns":4},{"damage":15,"enemies":"Spheric Guardian","floor":19,"turns":5},{"damage":23,"enemies":"Snecko","floor":22,"turns":5},{"damage":33,"enemies":"Automaton","floor":33,"turns":8},{"damage":22,"enemies":"3 Shapes","floor":35,"turns":4},{"damage":0,"enemies":"Orb Walker","floor":36,"turns":1},{"damage":46,"enemies":"Reptomancer","floor":42,"turns":4},{"damage":17,"enemies":"4 Shapes","floor":47,"turns":3},{"damage":82,"enemies":"Donu and Deca","floor":50,"turns":5}],"seed_played":"-6265981234856567632","potions_obtained":[{"floor":1.0,"key":"Strength Potion"},{"floor":6.0,"key":"AttackPotion"},{"floor":16,"key":"CultistPotion"},{"floor":36,"key":"FearPotion"},{"floor":42,"key":"SpeedPotion"}],"is_trial":false,"path_per_floor":["M","?","M","?","?","E","?","R","T","M","?","R","$","M","R","B",null,"M","M","$","?","M","R","?","?","T","R","$","$","?","?","R","B",null,"M","M","$","?","$","R","?","E","T","R","?","?","M","$","R","B"],"character_chosen":"THE_SILENT","items_purchased":["All Out Attack+1","Juzu Bracelet","Finisher+1","Envenom","Noxious Fumes"],"campfire_rested":7,"item_purchase_floors":[13,20,20,28,39],"current_hp_per_floor":[59,59,59,48,48,48,64,64,64,64,44,44,44,44,63,24,56,50,35,35,35,12,31,31,31,31,50,50,50,29,29,48,33,58,36,36,36,36,36,55,55,9,9,28,41,41,24,24,43,0,0],"gold":30,"neow_bonus":"THREE_ENEMY_KILL","is_daily":false,"chose_seed":false,"campfire_upgraded":2,"win_rate":0.0,"timestamp":1613669189,"path_taken":["M","?","?","?","?","E","?","R","T","M","?","R","?","M","R","BOSS","M","M","$","?","M","R","?","?","T","R","?","$","?","?","R","BOSS","M","M","$","?","$","R","?","E","T","R","?","?","M","$","R","BOSS"],"items_purchased_type":["Card","Relic","Card","Card","Card"],"build_version":"2020-12-22","purchased_purges":2,"victory":false,"max_hp_per_floor":[66,66,66,66,66,66,66,66,66,66,66,66,66,66,66,66,66,66,66,66,66,66,66,66,66,66,66,66,66,66,66,66,66,66,66,66,66,66,66,66,66,66,66,66,66,66,66,66,66,66,66],"card_choices":[{"not_picked":["Expertise","Bane"],"picked":"Dagger Spray","floor":1.0},{"not_picked":["Poisoned Stab+1","Deadly Poison"],"picked":"Blade Dance","floor":3.0},{"not_picked":["Finisher+1","Choke+1"],"picked":"Blade Dance","floor":6.0},{"not_picked":["Underhanded Strike+1","Prepared"],"picked":"Deadly Poison","floor":10.0},{"not_picked":["Deflect","Quick Slash+1"],"picked":"Blade Dance","floor":14.0},{"not_picked":["Dodge and Roll","Quick Slash+1","All Out Attack+1"],"picked":"SKIP","floor":18},{"not_picked":["Dodge and Roll","Concentrate"],"picked":"Poisoned Stab+1","floor":19},{"not_picked":["Poisoned Stab+1","Outmaneuver"],"picked":"Slice+1","floor":22},{"not_picked":["Adrenaline","Wraith Form v2"],"picked":"After Image","floor":33},{"not_picked":["Dodge and Roll","Quick Slash+1"],"picked":"Catalyst","floor":35},{"not_picked":["Dagger Throw+1","Quick Slash+1","Well Laid Plans"],"picked":"SKIP","floor":36},{"not_picked":["Catalyst","Footwork","Dodge and Roll"],"picked":"SKIP","floor":42},{"not_picked":["Bane+1","Backflip","Cloak And Dagger+1"],"picked":"SKIP","floor":47}],"player_experience":168829,"relics_obtained":[{"floor":6.0,"key":"Centennial Puzzle"},{"floor":9.0,"key":"Kunai"},{"floor":26,"key":"Pantograph"},{"floor":42,"key":"Paper Crane"},{"floor":43,"key":"Tingsha"}],"event_choices":[{"damage_healed":0.0,"max_hp_gain":0.0,"max_hp_loss":0.0,"gold_gain":0.0,"event_name":"WeMeetAgain","player_choice":"Paid Gold","floor":2.0,"gold_loss":108.0,"damage_taken":0.0,"relics_obtained":["Molten Egg 2"]},{"damage_healed":0.0,"max_hp_gain":0.0,"max_hp_loss":0.0,"gold_gain":75.0,"event_name":"World of Goop","player_choice":"Gather Gold","floor":4.0,"gold_loss":0.0,"damage_taken":11.0},{"damage_healed":0.0,"max_hp_gain":0.0,"max_hp_loss":0.0,"gold_gain":150.0,"event_name":"Liars Game","player_choice":"AGREE","floor":5.0,"gold_loss":0.0,"damage_taken":0.0,"cards_obtained":["Doubt"]},{"damage_healed":16.0,"max_hp_gain":0.0,"max_hp_loss":0.0,"gold_gain":0.0,"event_name":"The Cleric","player_choice":"Healed","floor":7.0,"gold_loss":35.0,"damage_taken":0.0},{"damage_healed":0.0,"max_hp_gain":0.0,"max_hp_loss":0.0,"gold_gain":0.0,"event_name":"Shining Light","player_choice":"Entered Light","floor":11.0,"gold_loss":0.0,"damage_taken":20.0,"cards_upgraded":["Neutralize","Strike_G"]},{"damage_healed":0,"gold_gain":0,"player_choice":"Opened","damage_taken":0,"relics_obtained":["MawBank"],"max_hp_gain":0,"max_hp_loss":0,"event_name":"The Mausoleum","floor":21,"gold_loss":0,"cards_obtained":["Writhe"]},{"damage_healed":0,"gold_gain":0,"player_choice":"Simplicity","damage_taken":0,"max_hp_gain":0,"max_hp_loss":0,"event_name":"Back to Basics","floor":24,"gold_loss":0,"cards_upgraded":["Strike_G","Strike_G","Strike_G","Defend_G","Defend_G","Defend_G","Defend_G","Defend_G"]},{"damage_healed":0,"gold_gain":0,"player_choice":"Inject Mutagens","damage_taken":0,"relics_obtained":["MutagenicStrength"],"max_hp_gain":0,"max_hp_loss":0,"event_name":"Drug Dealer","floor":25,"gold_loss":0},{"damage_healed":0,"gold_gain":0,"player_choice":"Obtained Book","damage_taken":21,"max_hp_gain":0,"max_hp_loss":0,"event_name":"Cursed Tome","floor":30,"gold_loss":0},{"damage_healed":0,"gold_gain":0,"player_choice":"Read","damage_taken":0,"max_hp_gain":0,"max_hp_loss":0,"event_name":"The Library","floor":31,"gold_loss":0,"cards_obtained":["Backstab"]},{"damage_healed":0,"gold_gain":0,"player_choice":"Memory 1","damage_taken":0,"max_hp_gain":0,"max_hp_loss":0,"event_name":"SensoryStone","floor":38,"gold_loss":0},{"damage_healed":0,"gold_gain":0,"player_choice":"Cursed","damage_taken":0,"max_hp_gain":0,"max_hp_loss":0,"event_name":"Wheel of Change","floor":41,"gold_loss":0,"cards_obtained":["Decay"]},{"damage_healed":13,"gold_gain":0,"player_choice":"Writhe","damage_taken":0,"max_hp_gain":0,"max_hp_loss":0,"event_name":"Winding Halls","floor":45,"gold_loss":0,"cards_obtained":["Writhe"]},{"damage_healed":0,"gold_gain":0,"player_choice":"Upgraded","damage_taken":0,"max_hp_gain":0,"max_hp_loss":0,"event_name":"Upgrade Shrine","floor":46,"gold_loss":0,"cards_upgraded":["After Image"]}],"is_beta":false,"boss_relics":[{"not_picked":["Ring of the Serpent","Cursed Key"],"picked":"Empty Cage"},{"not_picked":["Sozu","Snecko Eye"],"picked":"WristBlade"}],"items_purged_floors":[28,48],"is_endless":false,"potions_floor_spawned":[1,6,16,36,42],"killed_by":"Donu and Deca","ascension_level":17}}