{"host":"kdt6w7ix8lwe69i9","time":1613666991,"event":{"mods":["100% Spire Juice","BaseMod","ChefMod","Evolution","Koishi","Minty Spire (QoL Compilation)","Poor People Problems","Reimu（博丽灵梦）","Robot Space Explorer","Shade Mod","Shapeshifter Mod","StSLib","The Druid","The Gatherer","The Poker Player","The Servant 0.9.4","TheSurvivalist"],"gold_per_floor":[114,214,224,234,251,283,383,24,24,42,42,42,42,42,42,145,145,159,159,169,179,179,179,192,219,219,237,249,92,109,127,127,228,228,259,105,119,119,119,119,119],"floor_reached":40,"language":"ENG","playtime":6162,"items_purged":[],"score":460,"play_id":"267175e9-9421-4a20-9cc5-839b1e08b94c","local_time":"20210218114951","is_ascension_mode":false,"campfire_choices":[{"floor":13,"key":"REST"},{"data":"StSShapeShifter:ClimbTree","floor":15,"key":"SMITH"},{"floor":23,"key":"REST"},{"data":"StSShapeShifter:Efflorescence","floor":32,"key":"SMITH"}],"circlet_count":0,"master_deck":["StSShapeShifter:BloomingSlash","StSShapeShifter:BloomingSlash","StSShapeShifter:BloomingSlash","StSShapeShifter:BloomingSlash","StSShapeShifter:ShapeShifter_Defend","StSShapeShifter:ShapeShifter_Defend","StSShapeShifter:ShapeShifter_Defend","StSShapeShifter:ShapeShifter_Defend","StSShapeShifter:RockSlide","StSShapeShifter:ReplenishingNectar","StSShapeShifter:GoldenBerries","StSShapeShifter:Evolution","StSShapeShifter:MysticalSeed","StSShapeShifter:PorcupineForm","StSShapeShifter:BaskInBloom","StSShapeShifter:ClimbTree+1","StSShapeShifter:StormGryphonForm","StSShapeShifter:WolfsBane","StSShapeShifter:FruitBasket+1","StSShapeShifter:FoxForm","StSShapeShifter:BloomingSlash","StSShapeShifter:ClimbTree","StSShapeShifter:PoisonIvy","StSShapeShifter:BurstingSpore","StSShapeShifter:Rest+1","StSShapeShifter:TopazSkin","StSShapeShifter:MammothForm","StSShapeShifter:FesteringBite","StSShapeShifter:FesteringBite","StSShapeShifter:Sapling+1","StSShapeShifter:ShiftingStrike","StSShapeShifter:BurstOfLifeEscapeDeath","StSShapeShifter:Efflorescence+1","StSShapeShifter:Forgiveness","StSShapeShifter:IntimidatingAura+1","StSShapeShifter:BarkSkin+1","Panacea","Discovery","Chrysalis"],"relics":["StSShapeShifter:AnimalHeart","StSShapeShifter:TheShapeShiftersMagnolia","EVO:Axolotl","RuthlessExorcism:ReiMu","Mercury Hourglass","StSShapeShifter:FrogOfVitality","StSShapeShifter:ThornsOfSummi","SacredBark","Gremlin Horn","Pantograph","Orrery","StSShapeShifter:LemurHeaddress","Strange Spoon"],"acts_visited":["Exordium","TheCity","TheBeyond"],"potions_floor_usage":[6,16,21,28,30,33,40],"damage_taken":[{"damage":7,"enemies":"Jaw Worm","floor":1,"turns":3},{"damage":1,"enemies":"Cultist","floor":3,"turns":3},{"damage":0,"enemies":"Small Slimes","floor":4,"turns":1},{"damage":0,"enemies":"3 Louse","floor":5,"turns":1},{"damage":35,"enemies":"Lagavulin","floor":6,"turns":6},{"damage":0,"enemies":"Gremlin Gang","floor":10,"turns":2},{"damage":30,"enemies":"Hexaghost","floor":16,"turns":9},{"damage":25,"enemies":"Spheric Guardian","floor":18,"turns":7},{"damage":23,"enemies":"Chosen","floor":20,"turns":6},{"damage":24,"enemies":"3 Cultists","floor":21,"turns":4},{"damage":10,"enemies":"Chosen and Byrds","floor":24,"turns":6},{"damage":24,"enemies":"Gremlin Leader","floor":25,"turns":6},{"damage":42,"enemies":"Snecko","floor":27,"turns":6},{"damage":10,"enemies":"Centurion and Healer","floor":28,"turns":5},{"damage":0,"enemies":"Chosen and Byrds","floor":30,"turns":4},{"damage":15,"enemies":"Snecko","floor":31,"turns":6},{"damage":82,"enemies":"Automaton","floor":33,"turns":8},{"damage":3,"enemies":"3 Shapes","floor":35,"turns":5},{"damage":23,"enemies":"3 Darklings","floor":37,"turns":6},{"damage":133,"enemies":"Giant Head","floor":40,"turns":9}],"seed_played":"-6821941523427978736","potions_obtained":[{"floor":5,"key":"BlessingOfTheForge"},{"floor":6,"key":"EssenceOfSteel"},{"floor":16,"key":"Fire Potion"},{"floor":25,"key":"Explosive Potion"},{"floor":27,"key":"SkillPotion"},{"floor":30,"key":"Fire Potion"},{"floor":33,"key":"Regen Potion"}],"is_trial":false,"path_per_floor":["M","?","M","M","M","E","?","$","T","M","$","$","R","?","R","B",null,"M","?","M","M","?","R","M","E","T","M","M","$","M","M","R","B",null,"M","$","M","$","?","E"],"character_chosen":"SHAPESHIFTER","items_purchased":["StSShapeShifter:FrogOfVitality","StSShapeShifter:PorcupineForm","StSShapeShifter:BaskInBloom","Orrery","Strange Spoon"],"campfire_rested":2,"item_purchase_floors":[8,8,8,29,36],"current_hp_per_floor":[71,71,70,70,70,42,42,42,42,44,44,44,67,60,60,45,80,64,64,54,41,41,65,70,59,59,28,38,38,50,47,47,11,81,81,81,82,82,72,0,0],"gold":119,"neow_bonus":"RANDOM_COMMON_RELIC","is_daily":false,"chose_seed":false,"campfire_upgraded":2,"win_rate":0.0,"timestamp":1613666991,"path_taken":["M","?","?","M","M","E","?","$","T","M","?","$","R","?","R","BOSS","M","?","?","?","?","R","M","E","T","M","?","?","M","M","R","BOSS","M","?","M","?","?","E"],"items_purchased_type":["Relic","Card","Card","Relic","Relic"],"build_version":"2020-12-22","purchased_purges":0,"victory":false,"max_hp_per_floor":[78,78,78,78,78,78,78,78,78,78,78,78,78,78,78,80,80,80,80,80,80,80,80,80,80,80,80,80,80,81,81,81,81,81,82,82,82,82,82,82,82],"card_choices":[{"not_picked":["StSShapeShifter:SunflowerShuriken","StSShapeShifter:Consume"],"picked":"StSShapeShifter:RockSlide","floor":1},{"not_picked":["StSShapeShifter:Guard","StSShapeShifter:BloomingSlash"],"picked":"StSShapeShifter:ReplenishingNectar","floor":3},{"not_picked":["StSShapeShifter:FallingLeaves","StSShapeShifter:OakBlade"],"picked":"StSShapeShifter:GoldenBerries","floor":4},{"not_picked":["StSShapeShifter:OakBlade","StSShapeShifter:FesteringBite"],"picked":"StSShapeShifter:Evolution","floor":5},{"not_picked":["StSShapeShifter:Guard","StSShapeShifter:Evolution"],"picked":"StSShapeShifter:MysticalSeed","floor":6},{"not_picked":["StSShapeShifter:SquirrelForm","StSShapeShifter:Roar"],"picked":"StSShapeShifter:ClimbTree","floor":10},{"not_picked":["StSShapeShifter:Forgiveness","StSShapeShifter:BurrBomb"],"picked":"StSShapeShifter:WolfsBane","floor":16},{"not_picked":["StSShapeShifter:Rest","StSShapeShifter:ThornToss"],"picked":"StSShapeShifter:FruitBasket+1","floor":18},{"not_picked":["StSShapeShifter:DeerForm+1","StSShapeShifter:ThornToss"],"picked":"StSShapeShifter:FoxForm","floor":20},{"not_picked":["StSShapeShifter:Roar","StSShapeShifter:RockSlide"],"picked":"StSShapeShifter:BloomingSlash","floor":21},{"not_picked":["StSShapeShifter:Rest+1","StSShapeShifter:CursedApple"],"picked":"StSShapeShifter:PoisonIvy","floor":24},{"not_picked":["StSShapeShifter:DeerForm","StSShapeShifter:Summon_Mountains"],"picked":"StSShapeShifter:BurstingSpore","floor":25},{"not_picked":["StSShapeShifter:SunflowerShuriken","StSShapeShifter:FlowerShield"],"picked":"StSShapeShifter:Rest+1","floor":27},{"not_picked":["StSShapeShifter:Guard","StSShapeShifter:Maul"],"picked":"StSShapeShifter:TopazSkin","floor":28},{"not_picked":["StSShapeShifter:DeepWound+1","StSShapeShifter:BloomingSlash"],"picked":"StSShapeShifter:MammothForm","floor":29},{"not_picked":["StSShapeShifter:Rest+1","StSShapeShifter:ForestFire+1"],"picked":"StSShapeShifter:FesteringBite","floor":29},{"not_picked":["StSShapeShifter:SquirrelForm+1","StSShapeShifter:Hunt"],"picked":"StSShapeShifter:FesteringBite","floor":29},{"not_picked":["StSShapeShifter:Consume","StSShapeShifter:SunflowerShuriken"],"picked":"StSShapeShifter:Sapling+1","floor":29},{"not_picked":["StSShapeShifter:Roar","StSShapeShifter:Consume"],"picked":"StSShapeShifter:ShiftingStrike","floor":29},{"not_picked":["StSShapeShifter:SunflowerShuriken","StSShapeShifter:ShiftingStrike"],"picked":"StSShapeShifter:BurstOfLifeEscapeDeath","floor":30},{"not_picked":["StSShapeShifter:SunflowerShuriken","StSShapeShifter:BurstingSpore"],"picked":"StSShapeShifter:Efflorescence","floor":31},{"not_picked":["StSShapeShifter:RitualOfTheElders","StSShapeShifter:Blossom2"],"picked":"StSShapeShifter:Forgiveness","floor":33},{"not_picked":["StSShapeShifter:DeerForm","StSShapeShifter:AdaptiveStrikes+1"],"picked":"StSShapeShifter:IntimidatingAura+1","floor":35},{"not_picked":["StSShapeShifter:DeerForm","StSShapeShifter:SunflowerShuriken+1"],"picked":"StSShapeShifter:BarkSkin+1","floor":37},{"not_picked":["Forethought","Finesse"],"picked":"Panacea","floor":39},{"not_picked":["PanicButton","Finesse"],"picked":"Discovery","floor":39},{"not_picked":["Panache","Forethought"],"picked":"Chrysalis","floor":39}],"player_experience":1630681,"relics_obtained":[{"floor":6,"key":"Mercury Hourglass"},{"floor":9,"key":"StSShapeShifter:ThornsOfSummi"},{"floor":25,"key":"Gremlin Horn"},{"floor":26,"key":"Pantograph"}],"event_choices":[{"damage_healed":0,"gold_gain":100,"player_choice":"Pray","damage_taken":0,"max_hp_gain":0,"max_hp_loss":0,"event_name":"Golden Shrine","floor":2,"gold_loss":0},{"damage_healed":0,"gold_gain":100,"player_choice":"Gold","damage_taken":0,"max_hp_gain":0,"max_hp_loss":0,"event_name":"Wheel of Change","floor":7,"gold_loss":0},{"cards_removed":["StSShapeShifter:ShapeShifter_Strike"],"damage_healed":0,"gold_gain":0,"player_choice":"Purged","damage_taken":0,"max_hp_gain":0,"max_hp_loss":0,"event_name":"Purifier","floor":19,"gold_loss":0},{"damage_healed":0,"gold_gain":0,"cards_transformed":["StSShapeShifter:ShapeShifter_Defend"],"player_choice":"Transformed","damage_taken":0,"max_hp_gain":0,"max_hp_loss":0,"event_name":"Transmorgrifier","floor":22,"gold_loss":0,"cards_obtained":["StSShapeShifter:ClimbTree"]},{"damage_healed":0,"gold_gain":0,"player_choice":"Memory 3","damage_taken":10,"max_hp_gain":0,"max_hp_loss":0,"event_name":"SensoryStone","floor":39,"gold_loss":0}],"is_beta":false,"boss_relics":[{"not_picked":["Velvet Choker","Empty Cage"],"picked":"SacredBark"},{"not_picked":["Calling Bell","Busted Crown"],"picked":"StSShapeShifter:LemurHeaddress"}],"items_purged_floors":[],"is_endless":false,"potions_floor_spawned":[5,6,16,25,27,30,33],"killed_by":"Giant Head","ascension_level":0}}