{"host":"0xnlke9dn7m72v1t","time":1613646751,"event":{"mods":["AchievementEnabler","BaseMod","BetterRewards","Colored Map","Minty Spire (QoL Compilation)","StSLib","SuperFastMode"],"gold_per_floor":[119,132,132,207,227,227,248,260,260,260,260],"floor_reached":10,"language":"DEU","playtime":486,"items_purged":[],"score":58,"play_id":"0b1ade0d-a6bc-4605-8214-f54b3afcf9ce","local_time":"20210218121231","is_ascension_mode":false,"campfire_choices":[],"circlet_count":0,"master_deck":["Strike_R","Strike_R","Strike_R","Strike_R","Strike_R","Defend_R","Defend_R","Defend_R","Defend_R","Bash","Feel No Pain+1","Warcry"],"relics":["Burning Blood","FossilizedHelix","MealTicket","Peace Pipe","Odd Mushroom","Matryoshka"],"acts_visited":["Exordium"],"potions_floor_usage":[],"damage_taken":[{"damage":0,"enemies":"Jaw Worm","floor":1,"turns":5},{"damage":0,"enemies":"2 Louse","floor":2,"turns":2},{"damage":0,"enemies":"Small Slimes","floor":5,"turns":4},{"damage":48,"enemies":"The Mushroom Lair","floor":7,"turns":7},{"damage":0,"enemies":"Exordium Wildlife","floor":8,"turns":4},{"damage":41,"enemies":"Lagavulin","floor":10,"turns":8}],"seed_played":"3697205637776042171","potions_obtained":[{"floor":1,"key":"Energy Potion"},{"floor":5,"key":"Block Potion"}],"is_trial":false,"path_per_floor":["M","M","?","?","M","?","?","M","T","E"],"character_chosen":"IRONCLAD","items_purchased":["FossilizedHelix","MealTicket"],"campfire_rested":0,"item_purchase_floors":[0,0],"current_hp_per_floor":[70,76,76,65,71,71,29,35,35,0,0],"gold":260,"neow_bonus":"","is_daily":false,"chose_seed":false,"campfire_upgraded":0,"win_rate":0.0,"timestamp":1613646751,"path_taken":["M","M","?","?","M","?","?","M","T","E"],"items_purchased_type":["Relic","Relic"],"build_version":"2020-12-22","purchased_purges":0,"victory":false,"max_hp_per_floor":[80,80,80,80,80,80,80,80,80,80,80],"card_choices":[{"not_picked":["Iron Wave","Clothesline","Disarm"],"picked":"SKIP","floor":1},{"not_picked":["Twin Strike","Thunderclap"],"picked":"Feel No Pain","floor":2},{"not_picked":["Entrench","Body Slam"],"picked":"Warcry","floor":5},{"not_picked":["Body Slam","True Grit","Pommel Strike"],"picked":"SKIP","floor":8}],"player_experience":9946,"relics_obtained":[{"floor":7,"key":"Odd Mushroom"},{"floor":9,"key":"Matryoshka"}],"event_choices":[{"damage_healed":0,"gold_gain":0,"player_choice":"Grow","damage_taken":0,"max_hp_gain":0,"max_hp_loss":0,"event_name":"Living Wall","floor":3,"gold_loss":0,"cards_upgraded":["Feel No Pain"]},{"damage_healed":0,"gold_gain":75,"player_choice":"Gather Gold","damage_taken":11,"max_hp_gain":0,"max_hp_loss":0,"event_name":"World of Goop","floor":4,"gold_loss":0},{"damage_healed":0,"gold_gain":0,"player_choice":"Ignored","damage_taken":0,"max_hp_gain":0,"max_hp_loss":0,"event_name":"Liars Game","floor":6,"gold_loss":0},{"damage_healed":0,"gold_gain":0,"player_choice":"Fought Mushrooms","damage_taken":0,"max_hp_gain":0,"max_hp_loss":0,"event_name":"Mushrooms","floor":7,"gold_loss":0}],"is_beta":false,"boss_relics":[],"items_purged_floors":[],"is_endless":false,"potions_floor_spawned":[1,5],"killed_by":"Lagavulin","ascension_level":0}}