{"host":"8yon5n5je7lh4vc0","time":1613638134,"event":{"mods":["AchievementEnabler","BaseMod","Downfall","Gold Saver","Highlight Path","Hubris","Infinite Spire","Minty Spire (QoL Compilation)","Permanent Neow","Quick Restart","Remilia（蕾米莉亚）","Remove Card Discount Mod","Replay The Spire","Shop Mod","Spicy Shops","StSLib","SuperFastMode","TestMod","The Jungle","篝火指南"],"gold_per_floor":[116,135,410,427,437,38,48,81,81,101,101,101,13,23,23,23,23],"floor_reached":16,"language":"ZHS","playtime":1185,"items_purged":["Regret","Normality","Strike_R","Defend_R","Defend_R","Strike_R","Strike_R","Strike_R","Strike_R"],"score":150,"play_id":"c5101a54-4da4-4371-9b36-89924ed9d285","local_time":"20210218164854","is_ascension_mode":true,"campfire_choices":[{"floor":12.0,"key":"REST"},{"data":"Feel No Pain","floor":15.0,"key":"SMITH"}],"circlet_count":0,"master_deck":["Defend_R","Defend_R+1","Bash","Heavy Blade","ReplayTheSpireMod:Strike From Hell","ReplayTheSpireMod:Strike From Hell","Feel No Pain+1","Burning Pact","hubris:SharpeningStone","Cleave+1","ReplayTheSpireMod:Strike From Hell+1","ReplayTheSpireMod:Strike From Hell+1","Run Through+1","Run Through+1"],"relics":["Burning Blood","testmod-TestBox","testmod-IWantAll","testmod-IntensifyImprint","Molten Egg 2","ScarletDevilRocket","testmod-DragonStarHat","Replay:Mystery Machine"],"acts_visited":["Exordium"],"potions_floor_usage":[16,16],"damage_taken":[{"damage":0.0,"enemies":"Small Slimes","floor":1.0,"turns":3.0},{"damage":1.0,"enemies":"Cultist","floor":2.0,"turns":3.0},{"damage":9.0,"enemies":"2 Louse","floor":4.0,"turns":3.0},{"damage":8.0,"enemies":"Exordium Wildlife","floor":5.0,"turns":3.0},{"damage":14.0,"enemies":"2 Fungi Beasts","floor":7.0,"turns":4.0},{"damage":21.0,"enemies":"3 Sentries","floor":8.0,"turns":8.0},{"damage":16.0,"enemies":"Looter","floor":10.0,"turns":3.0},{"damage":10.0,"enemies":"Blue Slaver","floor":14.0,"turns":3.0},{"damage":66,"enemies":"The Guardian","floor":16,"turns":6}],"seed_played":"-7440828435539392182","potions_obtained":[{"floor":1.0,"key":"SkillPotion"},{"floor":2.0,"key":"PowerPotion"},{"floor":10.0,"key":"Adrenaline Potion"},{"floor":14.0,"key":"Adrenaline Potion"}],"is_trial":false,"path_per_floor":["M","M","?","M","M","R","M","E","T","M","?","R","$","M","R","B"],"character_chosen":"IRONCLAD","items_purchased":["Feel No Pain","Burning Pact","Molten Egg 2","Replay:Mystery Machine"],"campfire_rested":1,"item_purchase_floors":[6,6,6,13],"current_hp_per_floor":[80,80,80,77,75,75,67,52,52,42,42,66,66,62,62,0,0],"gold":23,"neow_bonus":"ONE_RARE_RELIC","is_daily":false,"chose_seed":false,"campfire_upgraded":1,"win_rate":0.0,"timestamp":1613638134,"path_taken":["M","M","?","?","M","R","M","E","T","M","?","R","?","M","R","BOSS"],"items_purchased_type":["Card","Card","Relic","Relic"],"build_version":"2020-12-22","purchased_purges":9,"victory":false,"max_hp_per_floor":[80,80,80,80,80,80,80,80,80,80,80,80,80,80,80,80,80],"card_choices":[{"not_picked":["Havoc","Fire Breathing","Massacre"],"picked":"SKIP","floor":1.0},{"not_picked":["Armaments","Second Wind"],"picked":"Heavy Blade","floor":2.0},{"not_picked":["Body Slam","Perfected Strike","True Grit"],"picked":"SKIP","floor":4.0},{"not_picked":["Havoc","Clothesline"],"picked":"ReplayTheSpireMod:Strike From Hell","floor":5.0},{"not_picked":["Havoc","Clothesline"],"picked":"ReplayTheSpireMod:Strike From Hell","floor":5.0},{"not_picked":["Power Through","Shrug It Off"],"picked":"hubris:SharpeningStone","floor":7.0},{"not_picked":["Heavy Blade+1","Carnage+1"],"picked":"Cleave+1","floor":8.0},{"not_picked":["Warcry","Pommel Strike+1"],"picked":"ReplayTheSpireMod:Strike From Hell+1","floor":10.0},{"not_picked":["Warcry","Pommel Strike+1"],"picked":"ReplayTheSpireMod:Strike From Hell+1","floor":10.0},{"not_picked":["Demonic Infusion","Blood for Blood+1"],"picked":"Run Through+1","floor":14.0},{"not_picked":["Demonic Infusion","Blood for Blood+1"],"picked":"Run Through+1","floor":14.0}],"player_experience":48567,"relics_obtained":[{"floor":8.0,"key":"ScarletDevilRocket"},{"floor":9.0,"key":"testmod-DragonStarHat"}],"event_choices":[{"damage_healed":0.0,"max_hp_gain":0.0,"max_hp_loss":0.0,"gold_gain":275.0,"event_name":"Golden Shrine","player_choice":"Desecrate","floor":3.0,"gold_loss":0.0,"damage_taken":0.0,"cards_obtained":["Regret"]}],"is_beta":false,"boss_relics":[],"items_purged_floors":[6,6,6,6,13,13,13,13,13],"is_endless":false,"potions_floor_spawned":[1,2,10,14],"killed_by":"The Guardian","ascension_level":4}}