{"host":"2wfkxmfk74kgfdwc","time":1613663130,"event":{"mods":["Act Like it!","BaseMod","Bossed Relics","Colored Map","Colored Powertips","Curses Come First","Minty Spire (QoL Compilation)","Permanent Neow","Quick Restart","Relic Filter Mod","Relic Stats","Reliquary","Ruina","Spire Arcade","StSLib","óô»ðÖ¸ÄÏ"],"gold_per_floor":[13,25,25,35,35,63,63,63,63],"floor_reached":8,"language":"ZHS","playtime":1170,"items_purged":[],"score":81,"play_id":"a8411b07-4db1-4d6d-b60d-ab239a2a7df9","local_time":"20210218234530","is_ascension_mode":true,"campfire_choices":[{"data":"Bash","floor":7,"key":"SMITH"}],"circlet_count":0,"master_deck":["Strike_R","Strike_R","Strike_R","Strike_R","Strike_R","Defend_R","Defend_R","Bash+1","Sword Boomerang","Offering"],"relics":["Burning Blood","Eternal Feather"],"acts_visited":["Exordium"],"potions_floor_usage":[6],"damage_taken":[{"damage":7,"enemies":"Jaw Worm","floor":1,"turns":3},{"damage":1,"enemies":"Cultist","floor":2,"turns":3},{"damage":0,"enemies":"Small Slimes","floor":4,"turns":3},{"damage":50,"enemies":"Lagavulin","floor":6,"turns":7},{"damage":10,"enemies":"3 Sentries","floor":8,"turns":2}],"seed_played":"-3144844204665439530","potions_obtained":[{"floor":2,"key":"Weak Potion"},{"floor":6,"key":"Weak Potion"}],"is_trial":false,"path_per_floor":["M","M","?","M","?","E","R","E"],"character_chosen":"IRONCLAD","items_purchased":[],"campfire_rested":0,"item_purchase_floors":[],"current_hp_per_floor":[71,76,76,80,72,28,34,24,24],"gold":63,"neow_bonus":"REMOVE_TWO","is_daily":false,"chose_seed":false,"campfire_upgraded":1,"win_rate":0.0,"timestamp":1613663130,"path_taken":["M","M","?","?","?","E","R","E"],"items_purchased_type":[],"build_version":"2020-12-22","purchased_purges":0,"victory":false,"max_hp_per_floor":[80,80,80,80,80,80,80,80,80],"relic_stats":{"counters":[5,18],"Eternal Feather":6,"obtain_stats":[{"Eternal Feather":6,"Burning Blood":0},{"Eternal Feather":4,"Burning Blood":0},{"Eternal Feather":16,"Burning Blood":0}],"Burning Blood":22},"card_choices":[{"not_picked":["Headbutt","Combust","Heavy Blade"],"picked":"SKIP","floor":1},{"not_picked":["Warcry","Anger"],"picked":"Sword Boomerang","floor":2},{"not_picked":["Anger","Warcry","Spot Weakness"],"picked":"SKIP","floor":4},{"not_picked":["Intimidate","Sword Boomerang"],"picked":"Offering","floor":6}],"player_experience":26283,"relics_obtained":[{"floor":6,"key":"Eternal Feather"}],"event_choices":[{"damage_healed":0,"gold_gain":0,"player_choice":"0 cards matched","damage_taken":0,"max_hp_gain":0,"max_hp_loss":0,"event_name":"Match and Keep!","floor":3,"gold_loss":0,"cards_obtained":[]},{"damage_healed":0,"gold_gain":0,"player_choice":"Damaged","damage_taken":8,"max_hp_gain":0,"max_hp_loss":0,"event_name":"Wheel of Change","floor":5,"gold_loss":0}],"is_beta":false,"boss_relics":[],"items_purged_floors":[],"is_endless":false,"potions_floor_spawned":[2,6],"killed_by":"3 Sentries","ascension_level":9}}