{"host":"g1qzxxy7a24sg3a3","time":1613661427,"event":{"mods":["ATMod(阿瑾Mod)","Act Like it!","Arknights","BaseMod","Conspire","Custom Start","Gensokyo","GungeonMod","Hallownest","Lobotomy","LobotomyExtend","Minty Spire (QoL Compilation)","MostiFishMod","Pale of the Ancients","Reliquary","Replay The Spire","SOS（斯巴达之子）","Shop Mod","Spicy Shops","StSLib","TestMod","The Administrix","The Bug Knight","Waifu the Spire","WarShipGirlsR/战舰少女R mod","Yakumo Yukari mod","[IsaacMod]以撒尖塔","【遗物卡牌】REMEMod","残留之物"],"gold_per_floor":[115,115,115,67,67,95,95,107,175,175,188,205,80,110,110,213,213,227,245,255,270,113,147,165,199,273,303,316,360,387,402,402,502,502,521,521,521,532,548,548,448,476,546,546,402,562,562,572,572,572,572,572,572,447,475,475],"floor_reached":57,"language":"ZHS","playtime":2040,"items_purged":["Regret","Defend_R","Battle Trance+1","Defend_R"],"score":2129,"play_id":"f5f56ac5-cc66-4699-9547-fa4c73836157","local_time":"20210218231707","is_ascension_mode":true,"campfire_choices":[{"data":"Entrench","floor":7,"key":"SMITH"},{"data":"Juggernaut","floor":10,"key":"SMITH"},{"data":"ReplayTheSpireMod:Strike From Hell","floor":15,"key":"SMITH"},{"data":"True Grit","floor":32,"key":"SMITH"},{"floor":40,"key":"RECALL"},{"data":"REME_ACTH","floor":47,"key":"SMITH"},{"data":"MostiFishMod:UltimateDefense","floor":49,"key":"SMITH"},{"data":"MostiFishMod:UltimateDefense+1","floor":53,"key":"SMITH"}],"circlet_count":0,"master_deck":["ReplayTheSpireMod:Strike From Hell+1","Entrench+1","Juggernaut+1","True Grit+1","Offering","Body Slam","MostiFishMod:UltimateDefense+2","AT_BodySlamDance","AT_ShrugMaster","REME_ACTH+1"],"relics":["Burning Blood","AT_ATBox","DaveBox","testmod-TestBox","REME_ComplimentaryCards","HushsDoor","JellyFishMachine","testmod-CrystalShield","GuppysTail","SynthV:TestCard","Mirror","DeadEye","DemoMod:GlassGuonStoneRelic","AT_EbonyIvory","Ooze Armor","SynthV:C4","HowToJump","DemoMod:WeirdEgg","DemoMod:MemoryAlloy","testmod-ArcanaOfDestiny","Matryoshka","testmod-Recursion","AT_ChloranthyRing","Pear","PlaceholderMod:FlatBlood","Hallownest:GodTamersBeastRelic","Red Skull"],"acts_visited":["Exordium","Hallownest:CityofTears","Hallownest:KingdomsEdge","TheEnding"],"potions_floor_usage":[6,33],"damage_taken":[{"damage":7.0,"enemies":"Jaw Worm","floor":1.0,"turns":7.0},{"damage":10,"enemies":"Lagavulin","floor":6,"turns":11},{"damage":4,"enemies":"2 Louse","floor":8,"turns":5},{"damage":3,"enemies":"ats:Genji","floor":11,"turns":3},{"damage":1,"enemies":"3 Louse","floor":12,"turns":2},{"damage":0,"enemies":"Replay:BlueRogue","floor":14,"turns":4},{"damage":0,"enemies":"Hexaghost","floor":16,"turns":6},{"damage":6,"enemies":"Hallownest:3_Youths","floor":18,"turns":3},{"damage":6,"enemies":"Hallownest:2_Mistakes","floor":19,"turns":3},{"damage":6,"enemies":"Hallownest:Master_and_Novice","floor":20,"turns":2},{"damage":6,"enemies":"Hallownest:2_Husk_Sentries","floor":21,"turns":2},{"damage":6,"enemies":"Hallownest:Nosk","floor":23,"turns":3},{"damage":6,"enemies":"Hallownest:Warrior_and_Youth","floor":24,"turns":2},{"damage":6,"enemies":"Hallownest:eliteSoulWarrior","floor":25,"turns":2},{"damage":6,"enemies":"Hallownest:Nosk","floor":27,"turns":3},{"damage":6,"enemies":"Hallownest:monsterMisterMushroom","floor":28,"turns":2},{"damage":6,"enemies":"Hallownest:Glutton_and_Coward","floor":29,"turns":3},{"damage":6,"enemies":"Hallownest:eliteWatcherKnight","floor":30,"turns":6},{"damage":6,"enemies":"Hallownest:Warrior_and_Youth","floor":31,"turns":2},{"damage":6,"enemies":"Hallownest:BossMantisLord","floor":33,"turns":4},{"damage":6,"enemies":"Hallownest:3_Siblings","floor":35,"turns":2},{"damage":6,"enemies":"Hallownest:Shield_Heavy","floor":38,"turns":1},{"damage":6,"enemies":"Hallownest:2_Great","floor":39,"turns":1},{"damage":6,"enemies":"Hallownest:eliteHiveKnight","floor":42,"turns":1},{"damage":6,"enemies":"Hallownest:eliteHiveKnight","floor":46,"turns":1},{"damage":6,"enemies":"Hallownest:eliteHiveKnight","floor":46,"turns":1},{"damage":6,"enemies":"Hallownest:eliteHiveKnight","floor":46,"turns":1},{"damage":6,"enemies":"Hallownest:eliteHiveKnight","floor":46,"turns":2},{"damage":6,"enemies":"Hallownest:monsterPrimalAspid","floor":48,"turns":1},{"damage":6,"enemies":"Hallownest:BossHollowKnight","floor":50,"turns":1},{"damage":6,"enemies":"Shield and Spear","floor":55,"turns":1},{"damage":9,"enemies":"The Heart","floor":56,"turns":2}],"seed_played":"-489555732845619652","potions_obtained":[{"floor":1.0,"key":"Doom Potion"},{"floor":11,"key":"Ancient Potion"},{"floor":16,"key":"DemoMod:LeadSkinPotion"},{"floor":18,"key":"LifebloodPotion"},{"floor":33,"key":"EssenceOfSteel"}],"is_trial":false,"path_per_floor":["M","?","?","$","?","E","R","M","T","R","M","M","$","E","R","B",null,"M","M","M","M","$","E","M","E","T","E","M","M","E","M","R","B",null,"M","?","$","M","M","R","$","E","T","?","$","?","R","M","R","B",null,null,"R","$","E","B",null],"character_chosen":"IRONCLAD","items_purchased":["ReplayTheSpireMod:Strike From Hell","True Grit","SynthV:C4","PlaceholderMod:FlatBlood"],"campfire_rested":0,"item_purchase_floors":[4,13,22,45],"current_hp_per_floor":[79,80,80,80,80,76,76,78,78,78,80,80,80,80,80,80,80,80,80,80,80,80,80,80,80,80,80,80,80,80,80,80,80,75,75,75,75,75,75,75,75,75,85,85,85,85,85,85,85,85,85,85,85,85,85,82],"gold":475,"neow_bonus":"THREE_CARDS","is_daily":false,"chose_seed":false,"campfire_upgraded":7,"win_rate":0.0,"timestamp":1613661427,"path_taken":["M","?","?","$","?","E","R","M","T","R","M","?","?","E","R","BOSS","M","M","M","?","$","E","?","E","T","E","M","M","E","M","R","BOSS","M","?","?","M","M","R","$","E","T","?","$","?","R","?","R","BOSS","R","$","E","BOSS"],"items_purchased_type":["Card","Card","Relic","Relic"],"build_version":"2020-12-22","purchased_purges":4,"victory":true,"max_hp_per_floor":[80,80,80,80,80,80,80,80,80,80,80,80,80,80,80,80,80,80,80,80,80,80,80,80,80,80,80,80,80,80,80,80,80,75,75,75,75,75,75,75,75,75,85,85,85,85,85,85,85,85,85,85,85,85,85,85],"card_choices":[{"not_picked":["Wild Strike","AT_ManFootWork"],"picked":"Metallicize","floor":1.0},{"not_picked":["MostiFishMod:BrandingRite","Clash","Pommel Strike","Run Through"],"picked":"Entrench","floor":6},{"not_picked":["Seeing Red","Dropkick","Clash","REME_FearOfPain"],"picked":"Juggernaut","floor":8},{"not_picked":["AT_GerminateFire","Iron Wave","AT_CaressingTears","Heavy Blade","Rage"],"picked":"SKIP","floor":11},{"not_picked":["Power Through","Rage","ReplayTheSpireMod:Corrosion Curse","Second Wind","Cleave"],"picked":"SKIP","floor":12},{"not_picked":["Dark Embrace","Anger","Sword Boomerang","ReplayTheSpireMod:Stacked","REME_FearOfPain"],"picked":"SKIP","floor":14},{"not_picked":["conspire:Purge","Exhume","MostiFishMod:DarkDeal","Berserk"],"picked":"Offering","floor":16},{"not_picked":["ReplayTheSpireMod:Strike From Hell+1","Replay:Undeath\u0027s Touch","Pommel Strike","Thunderclap"],"picked":"Body Slam","floor":18},{"not_picked":["Twin Strike","REME_Scribble","Defy Death+1","Clash+1","Intimidate"],"picked":"SKIP","floor":19},{"not_picked":["Feel No Pain","conspire:ExplosiveBarrier","Heavy Blade+1","Thunderclap"],"picked":"Battle Trance+1","floor":20},{"not_picked":["Cleave+1","Twin Strike","Shockwave+1","Clothesline","Thunderclap"],"picked":"SKIP","floor":21},{"not_picked":["Disarm","Run Through","MostiFishMod:#F4004","Havoc","ReplayTheSpireMod:Strike From Hell"],"picked":"SKIP","floor":23},{"not_picked":["Combust","AT_IchimonjiDouble","Flex+1","Clash+1","Replay:Many Hands"],"picked":"SKIP","floor":24},{"not_picked":["AT_IchimonjiDouble","Flex","ReplayTheSpireMod:Strike From Hell","ReplayTheSpireMod:LeadingStrike","REME_Scribble"],"picked":"SKIP","floor":25},{"not_picked":["Rupture+1","MostiFishMod:DarkDeal","Abandon+1","MostiFishMod:#F4004","Pommel Strike"],"picked":"SKIP","floor":27},{"not_picked":["Sword Boomerang","Flex","Twin Strike","MostiFishMod:PerfectStrikeMKII","Wild Strike"],"picked":"SKIP","floor":28},{"not_picked":["Battle Trance","Flex+1","Sever Soul","Pommel Strike","Dropkick"],"picked":"SKIP","floor":29},{"not_picked":["Juggernaut","Whirlwind","Warcry","Fire Breathing","Shrug It Off+1"],"picked":"SKIP","floor":30},{"not_picked":["Havoc","Sword Boomerang","Pommel Strike+1","Wild Strike","ReplayTheSpireMod:Limb From Limb"],"picked":"SKIP","floor":31},{"not_picked":["MostiFishMod:WingOfPhoenix","Bludgeon","Exhume","MostiFishMod:HellRitual"],"picked":"MostiFishMod:UltimateDefense","floor":33},{"not_picked":["AT_DrawKnifeCut+1","Anger","Flex","Clothesline"],"picked":"AT_BodySlamDance","floor":35},{"not_picked":["Fire Breathing","Anger","REME_FearOfPain","Inflame+1"],"picked":"AT_ShrugMaster","floor":38},{"not_picked":["Havoc+1","REME_Scribble+1","REME_Cut","Wild Strike"],"picked":"REME_ACTH","floor":39},{"not_picked":["Intimidate+1","Anger+1","Clash","Entrench","Rupture"],"picked":"SKIP","floor":42},{"not_picked":["Wild Strike","Clash","Flame Barrier+1","Reaper","Shrug It Off+1"],"picked":"SKIP","floor":48},{"not_picked":["Replay:Undeath\u0027s Touch+1","Life Link","Anger+1","Searing Blow","Headbutt+1"],"picked":"SKIP","floor":55}],"player_experience":96524,"relics_obtained":[{"floor":1.0,"key":"SynthV:TestCard"},{"floor":6,"key":"DeadEye"},{"floor":14,"key":"AT_EbonyIvory"},{"floor":23,"key":"HowToJump"},{"floor":25,"key":"DemoMod:WeirdEgg"},{"floor":26,"key":"DemoMod:MemoryAlloy"},{"floor":27,"key":"testmod-ArcanaOfDestiny"},{"floor":30,"key":"Matryoshka"},{"floor":43,"key":"AT_ChloranthyRing"},{"floor":43,"key":"Pear"},{"floor":55,"key":"Red Skull"}],"event_choices":[{"damage_healed":0.0,"max_hp_gain":0.0,"max_hp_loss":0.0,"gold_gain":0.0,"event_name":"Big Fish","player_choice":"Box","floor":3.0,"gold_loss":0.0,"damage_taken":0.0,"relics_obtained":["Mirror"],"cards_obtained":["Regret"]}],"is_beta":false,"boss_relics":[{"not_picked":["testmod-Nine","FeatherPendant"],"picked":"Ooze Armor"},{"not_picked":[]},{"not_picked":["Replay:Wanted Poster","reliquary:KinkedSpring"],"picked":"testmod-Recursion"},{"not_picked":[]}],"items_purged_floors":[13,34,41,54],"is_endless":false,"potions_floor_spawned":[1,11,14,16,18,23,24,27,28,33,35,42,46,46,46,48],"ascension_level":4}}