{"host":"rylkjufw9dlhr07b","time":1613607463,"event":{"mods":["AchievementEnabler","BaseMod","Better Note","BetterRewards","Hubris","Minty Spire (QoL Compilation)","Quick Restart","StSLib","The Servant 0.9.4"],"gold_per_floor":[111,111,111,123,3,29,204,204,229,261,261,261,281,293,293,394,694,708,708,287,377,377,409,428,44,92,104,104,115,125,125,125,227,227,237,256,210,210,230,230,243,243,266,292,311,18,18,18,18,18,18],"floor_reached":50,"language":"FRA","playtime":2069,"items_purged":[],"score":758,"play_id":"1b03e295-143c-4731-b71f-f1129877fd95","local_time":"20210218011743","is_ascension_mode":true,"campfire_choices":[{"data":"Doubt","floor":12.0,"key":"PURGE"},{"data":"Foresight","floor":15,"key":"SMITH"},{"floor":32,"key":"REST"},{"data":"LightFlow","floor":40,"key":"SMITH"},{"floor":49,"key":"REST"}],"circlet_count":0,"master_deck":["Strike_S","Strike_S","Strike_S","Defend_S","Defend_S","Defend_S","Defend_S+1","KidneyShot","Exchange","Luminosity","GearUp","Foresight+1","Moonlight","DoubleEdge","Defy","LightFlow","CurseOfTheBell","Ricochet","MoonPhase+1","Spin","Finesse+1","Defy+1","Ricochet","Potential","Finesse","FanOfKnives+1","Collapse","RealityMarble+1","LightFlow+1","Spin","SilverBlades+1","Rearm","Barrier","hubris:DuctTapeCard","ShatteredReality+1","Finesse","Panache+1"],"relics":["Uniform","NeowsBlessing","Peace Pipe","hubris:Icosahedron","Boot","Eternal Feather","hubris:Metronome","Calling Bell","Oddly Smooth Stone","PaperSwan","Old Coin","FaceOfCleric","Frozen Egg 2","PocketWatch","InkBottle","Juzu Bracelet","hubris:Towel","StoneMask","War Paint","hubris:DuctTape","Pan"],"acts_visited":["Exordium","TheCity","TheBeyond"],"potions_floor_usage":[14,16,23,23,27,31,39,44,45,45,50],"damage_taken":[{"damage":0.0,"enemies":"Jaw Worm","floor":1.0,"turns":1.0},{"damage":0.0,"enemies":"Small Slimes","floor":4.0,"turns":2.0},{"damage":0.0,"enemies":"Gremlin Nob","floor":6.0,"turns":1.0},{"damage":7.0,"enemies":"3 Sentries","floor":10.0,"turns":12.0},{"damage":0.0,"enemies":"Cultist","floor":13.0,"turns":3.0},{"damage":8,"enemies":"3 Louse","floor":14,"turns":2},{"damage":0,"enemies":"Slime Boss","floor":16,"turns":6},{"damage":9,"enemies":"3 Byrds","floor":18,"turns":4},{"damage":0,"enemies":"Gremlin Leader","floor":23,"turns":3},{"damage":0,"enemies":"Shell Parasite","floor":24,"turns":2},{"damage":8,"enemies":"Cultist and Chosen","floor":27,"turns":4},{"damage":0,"enemies":"3 Cultists","floor":29,"turns":2},{"damage":0,"enemies":"Sentry and Sphere","floor":30,"turns":2},{"damage":2,"enemies":"Colosseum Slavers","floor":31,"turns":2},{"damage":22,"enemies":"Automaton","floor":33,"turns":9},{"damage":2,"enemies":"3 Darklings","floor":35,"turns":4},{"damage":13,"enemies":"Orb Walker","floor":36,"turns":3},{"damage":29,"enemies":"Spire Growth","floor":39,"turns":4},{"damage":12,"enemies":"4 Shapes","floor":41,"turns":3},{"damage":37,"enemies":"Reptomancer","floor":44,"turns":6},{"damage":18,"enemies":"Jaw Worm Horde","floor":45,"turns":4},{"damage":75,"enemies":"Awakened One","floor":50,"turns":6}],"seed_played":"9178314701855828656","potions_obtained":[{"floor":4.0,"key":"SteroidPotion"},{"floor":6.0,"key":"Dexterity Potion"},{"floor":18,"key":"Ancient Potion"},{"floor":22,"key":"LiquidMemories"},{"floor":27,"key":"Energy Potion"},{"floor":30,"key":"Energy Potion"},{"floor":35,"key":"BlessingOfTheForge"},{"floor":36,"key":"ColorlessPotion"},{"floor":41,"key":"Energy Potion"},{"floor":44,"key":"SmokeBomb"}],"is_trial":false,"path_per_floor":["M","?","?","M","$","E","?","?","T","E","T","R","M","M","R","B",null,"M","?","$","?","?","E","M","$","T","M","?","M","M","?","R","B",null,"M","M","$","?","M","R","M","?","T","E","M","$","?","?","R","B"],"character_chosen":"THE_SERVANT","items_purchased":["GearUp","Foresight","Frozen Egg 2","MoonPhase+1","Spin","Finesse","Potential","InkBottle","Finesse","ShatteredReality","Pan","Strength Potion","Finesse"],"campfire_rested":2,"item_purchase_floors":[5,5,20,20,20,20,25,25,25,37,46,46,46],"current_hp_per_floor":[65,68,68,68,68,68,68,68,68,61,61,68,68,60,68,68,68,59,59,59,35,35,36,37,37,37,30,30,31,32,31,71,50,75,77,68,68,68,43,61,62,62,62,29,21,21,21,21,68,0,0],"gold":18,"neow_bonus":"THREE_ENEMY_KILL","is_daily":false,"chose_seed":false,"campfire_upgraded":2,"win_rate":0.0,"timestamp":1613607463,"path_taken":["M","?","?","?","$","E","?","?","T","E","?","R","?","M","R","BOSS","M","?","$","?","?","E","?","$","T","M","?","M","M","?","R","BOSS","M","M","$","?","M","R","M","?","T","E","M","$","?","?","R","BOSS"],"items_purchased_type":["Card","Card","Relic","Card","Card","Card","Card","Relic","Card","Card","Relic","Potion","Card"],"build_version":"2020-12-22","purchased_purges":0,"victory":false,"max_hp_per_floor":[65,68,68,68,68,68,68,68,68,68,68,68,68,68,68,68,68,68,68,68,68,68,69,70,70,70,71,71,72,73,74,74,75,75,77,79,79,75,77,77,82,82,82,84,88,88,88,88,88,90,90],"card_choices":[{"not_picked":["Alleviate","Misdirection"],"picked":"Luminosity","floor":1.0},{"not_picked":["Replace","Rewind","Revamp"],"picked":"SKIP","floor":4.0},{"not_picked":["Revamp","Unruled"],"picked":"Potential","floor":6.0},{"not_picked":["Comet","Starlight"],"picked":"Moonlight","floor":10.0},{"not_picked":["ShiftingGears","Starlight"],"picked":"DoubleEdge","floor":13.0},{"not_picked":["Rewind","Rearm"],"picked":"Defy","floor":14},{"not_picked":["MurderousAura","TheWorld"],"picked":"LightFlow","floor":16},{"not_picked":["SurpressingFire","DoubleEdge"],"picked":"Ricochet","floor":18},{"not_picked":["Moonlight+1","DoubleEdge"],"picked":"Defy+1","floor":23},{"not_picked":["Alleviate","ReturningBlade"],"picked":"Ricochet","floor":24},{"not_picked":["Defy+1","ReturningBlade"],"picked":"FanOfKnives+1","floor":27},{"not_picked":["Ricochet","BottledTime"],"picked":"Collapse","floor":29},{"not_picked":["Reset","Rewind"],"picked":"RealityMarble+1","floor":30},{"not_picked":["Sunlight","KillingDoll"],"picked":"LightFlow","floor":33},{"not_picked":["Alleviate+1","TimeTheft+1"],"picked":"Spin","floor":35},{"not_picked":["Spin","TheWorld"],"picked":"SilverBlades+1","floor":36},{"not_picked":["Ricochet","Desolation","Alleviate+1"],"picked":"SKIP","floor":39},{"not_picked":["GearUp+1","ReturningBlade+1"],"picked":"Rearm","floor":41},{"not_picked":["Unruled+1","TimeWarp+1"],"picked":"Barrier","floor":44},{"not_picked":["Unruled+1","Starlight+1"],"picked":"ShatteredReality+1","floor":45},{"not_picked":["hubris:Insight","PanicButton"],"picked":"Panache+1","floor":47}],"player_experience":612351,"relics_obtained":[{"floor":6.0,"key":"Peace Pipe"},{"floor":9.0,"key":"Boot"},{"floor":10.0,"key":"Eternal Feather"},{"floor":11.0,"key":"hubris:Metronome"},{"floor":17,"key":"Oddly Smooth Stone"},{"floor":17,"key":"PaperSwan"},{"floor":17,"key":"Old Coin"},{"floor":23,"key":"PocketWatch"},{"floor":26,"key":"Juzu Bracelet"},{"floor":43,"key":"War Paint"},{"floor":44,"key":"hubris:DuctTape"}],"event_choices":[{"cards_removed":["Strike_S"],"damage_healed":0.0,"max_hp_gain":0.0,"max_hp_loss":0.0,"gold_gain":0.0,"event_name":"Bonfire Elementals","player_choice":"Offered Basic","floor":3.0,"gold_loss":0.0,"damage_taken":0.0},{"damage_healed":0.0,"max_hp_gain":0.0,"max_hp_loss":0.0,"gold_gain":175.0,"event_name":"Liars Game","player_choice":"AGREE","floor":7.0,"gold_loss":0.0,"damage_taken":0.0,"cards_obtained":["Doubt"]},{"damage_healed":0,"gold_gain":0,"player_choice":"Trade","damage_taken":0,"relics_obtained":["FaceOfCleric"],"max_hp_gain":0,"max_hp_loss":0,"event_name":"FaceTrader","floor":19,"gold_loss":0},{"damage_healed":0,"gold_gain":90,"player_choice":"POTION GOLD CARD ","damage_taken":24,"max_hp_gain":0,"max_hp_loss":0,"event_name":"Knowing Skull","floor":21,"potions_obtained":["ColorlessPotion"],"gold_loss":0,"cards_obtained":["Dramatic Entrance"]},{"damage_healed":0,"gold_gain":0,"player_choice":"Got Potions","damage_taken":0,"max_hp_gain":0,"max_hp_loss":0,"event_name":"Lab","floor":22,"gold_loss":0},{"damage_healed":0,"gold_gain":0,"player_choice":"Fight","damage_taken":0,"max_hp_gain":0,"max_hp_loss":0,"event_name":"Colosseum","floor":31,"gold_loss":0},{"damage_healed":0,"gold_gain":0,"player_choice":"Fled From Nobs","damage_taken":0,"max_hp_gain":0,"max_hp_loss":0,"event_name":"Colosseum","floor":31,"gold_loss":0},{"damage_healed":0,"gold_gain":0,"player_choice":"Max HP","damage_taken":0,"max_hp_gain":0,"max_hp_loss":4,"event_name":"Winding Halls","floor":38,"gold_loss":0},{"cards_removed":["Dramatic Entrance"],"damage_healed":0,"gold_gain":0,"player_choice":"Removed Attack","damage_taken":0,"max_hp_gain":0,"max_hp_loss":0,"event_name":"Falling","floor":42,"gold_loss":0},{"damage_healed":0,"gold_gain":0,"player_choice":"Memory 1","damage_taken":0,"max_hp_gain":0,"max_hp_loss":0,"event_name":"SensoryStone","floor":47,"gold_loss":0},{"damage_healed":0,"gold_gain":0,"player_choice":"Ignored","damage_taken":0,"max_hp_gain":0,"max_hp_loss":0,"event_name":"SecretPortal","floor":48,"gold_loss":0}],"is_beta":false,"boss_relics":[{"not_picked":["SacredBark","Astrolabe"],"picked":"Calling Bell"},{"not_picked":["Tiny House","Sozu"],"picked":"StoneMask"}],"items_purged_floors":[],"is_endless":false,"potions_floor_spawned":[4,6,18,27,30,35,36,41,44],"killed_by":"Awakened One","ascension_level":2}}