{"host":"sc0o2qwpf9j16a4i","time":1613663160,"event":{"mods":["AchievementEnabler","BaseMod","BetterRewards","Block Reminder","Colored Map","Colored Powertips","Custom Start","Highlight Path","Minty Spire (QoL Compilation)","Relic Stats"],"gold_per_floor":[118,118,24,43,43,73,103,145,184,227,239,279,322,22,22,123,123,139,139,139,139,10,38,38,68,116,142,177,23,50,75,75,175,175,187,1186,1186,398,451,483,483,518,541,576,609,87,113,146,146,146],"floor_reached":51,"language":"ENG","playtime":2109,"items_purged":["Normality"],"score":1723,"play_id":"5da44e00-a180-425a-857c-3b48414638e0","local_time":"20210218174600","daily_mods":["SealedDeck","Flight","Elite Swarm"],"is_ascension_mode":false,"campfire_choices":[{"data":"Limit Break","floor":15,"key":"SMITH"},{"data":"Corruption","floor":24,"key":"SMITH"},{"data":"Demon Form","floor":32,"key":"SMITH"},{"data":"Feel No Pain","floor":49,"key":"SMITH"}],"circlet_count":0,"master_deck":["Uppercut","Fire Breathing","True Grit+1","Feel No Pain+1","True Grit","Power Through","Shockwave","Spot Weakness","Whirlwind","Thunderclap","Wild Strike","Juggernaut","Shrug It Off+1","Thunderclap","Bludgeon+1","Feed+1","Barricade","Corruption+1","Limit Break+1","Immolate+1","Heavy Blade+1","Bludgeon+1","Shrug It Off","Impervious","Demon Form+1","Limit Break","Impervious","Impervious","Reaper+1","Feed+1","Bludgeon+1","Armaments+1","Uppercut+1","Flame Barrier","Clothesline+1","Impervious","Reaper+1","The Bomb","Combust+1","Barricade+1","Demon Form+1"],"relics":["Burning Blood","Molten Egg 2","Anchor","MawBank","Lantern","Omamori","Nunchaku","Potion Belt","Mummified Hand","Centennial Puzzle","Medical Kit","Snecko Eye","Nilry\u0027s Codex","War Paint","Turnip","Happy Flower","Regal Pillow","White Beast Statue","Paper Frog","Art of War","Mark of Pain","ClockworkSouvenir","Mercury Hourglass","Ancient Tea Set","Ice Cream","Bag of Marbles","Self Forming Clay","Bronze Scales","Pear","Bottled Flame","Frozen Egg 2","Singing Bowl","Toy Ornithopter"],"acts_visited":["Exordium","TheCity","TheBeyond"],"potions_floor_usage":[6,8,18,23,23,25,28,28,35,39,40,50,50,50,50,50],"damage_taken":[{"damage":2,"enemies":"Jaw Worm","floor":1,"turns":4},{"damage":0,"enemies":"2 Louse","floor":4,"turns":3},{"damage":13,"enemies":"Lagavulin","floor":6,"turns":6},{"damage":24,"enemies":"Gremlin Nob","floor":7,"turns":4},{"damage":5,"enemies":"Lagavulin","floor":8,"turns":6},{"damage":21,"enemies":"3 Sentries","floor":10,"turns":4},{"damage":14,"enemies":"Lagavulin","floor":12,"turns":8},{"damage":0,"enemies":"Gremlin Nob","floor":13,"turns":2},{"damage":0,"enemies":"Slime Boss","floor":16,"turns":6},{"damage":0,"enemies":"Spheric Guardian","floor":18,"turns":2},{"damage":0,"enemies":"Slavers","floor":23,"turns":2},{"damage":0,"enemies":"Gremlin Leader","floor":25,"turns":8},{"damage":0,"enemies":"Slavers","floor":27,"turns":3},{"damage":0,"enemies":"Book of Stabbing","floor":28,"turns":3},{"damage":0,"enemies":"Gremlin Leader","floor":30,"turns":5},{"damage":0,"enemies":"Slavers","floor":31,"turns":4},{"damage":0,"enemies":"Automaton","floor":33,"turns":4},{"damage":0,"enemies":"3 Darklings","floor":35,"turns":2},{"damage":0,"enemies":"2 Orb Walkers","floor":39,"turns":5},{"damage":0,"enemies":"Reptomancer","floor":40,"turns":4},{"damage":0,"enemies":"Giant Head","floor":42,"turns":3},{"damage":0,"enemies":"Nemesis","floor":44,"turns":5},{"damage":0,"enemies":"Giant Head","floor":45,"turns":4},{"damage":0,"enemies":"Nemesis","floor":47,"turns":3},{"damage":0,"enemies":"Reptomancer","floor":48,"turns":3},{"damage":0,"enemies":"Awakened One","floor":50,"turns":5}],"seed_played":"1254152171481915160","potions_obtained":[{"floor":4,"key":"Energy Potion"},{"floor":7,"key":"AttackPotion"},{"floor":12,"key":"Weak Potion"},{"floor":13,"key":"Explosive Potion"},{"floor":16,"key":"Block Potion"},{"floor":18,"key":"FearPotion"},{"floor":27,"key":"DuplicationPotion"},{"floor":28,"key":"LiquidBronze"},{"floor":30,"key":"EssenceOfSteel"},{"floor":31,"key":"HeartOfIron"},{"floor":33,"key":"Fruit Juice"},{"floor":35,"key":"SkillPotion"},{"floor":39,"key":"DuplicationPotion"},{"floor":40,"key":"SteroidPotion"},{"floor":42,"key":"DistilledChaos"},{"floor":45,"key":"CultistPotion"}],"is_trial":true,"path_per_floor":["M","?","$","M","T","E","E","E","T","E","?","E","E","$","R","B",null,"M","?","?","?","$","E","R","E","T","E","E","$","E","E","R","B",null,"M","?","?","$","?","E","?","E","T","E","E","$","E","E","R","B",null],"character_chosen":"IRONCLAD","items_purchased":["Fire Breathing","Shrug It Off","Medical Kit","Heavy Blade+1","Inflame","SkillPotion","LiquidMemories","AttackPotion","Impervious","ClockworkSouvenir","Mercury Hourglass","Ancient Tea Set","Uppercut+1","Flame Barrier","Frozen Egg 2","The Bomb","Combust+1"],"campfire_rested":0,"item_purchase_floors":[3,3,14,14,14,14,22,22,29,38,38,38,38,38,46,46,46],"current_hp_per_floor":[80,80,80,80,80,73,55,60,60,45,45,41,47,47,47,53,88,88,88,72,72,72,82,82,92,92,100,104,104,108,112,112,112,112,117,117,117,117,117,117,117,117,117,131,131,131,131,135,135,135],"gold":146,"neow_bonus":"","is_daily":false,"chose_seed":false,"campfire_upgraded":4,"win_rate":0.0,"timestamp":1613663160,"path_taken":["M","?","?","?","?","E","E","E","T","E","?","E","E","$","R","BOSS","M","?","?","?","?","E","R","E","T","E","E","$","E","E","R","BOSS","M","?","?","$","?","E","?","E","T","E","E","?","E","E","R","BOSS"],"items_purchased_type":["Card","Card","Relic","Card","Card","Potion","Potion","Potion","Card","Relic","Relic","Relic","Card","Card","Relic","Card","Card"],"build_version":"2020-12-22","purchased_purges":1,"victory":true,"max_hp_per_floor":[80,80,80,80,80,80,80,84,84,84,84,88,88,88,88,88,88,88,88,88,88,88,92,92,96,96,100,104,104,108,112,112,112,112,117,117,117,117,117,117,117,117,117,131,131,131,131,135,135,135],"relic_stats":{"Regal Pillow":0,"Happy Flower":[17],"Singing Bowl":0,"counters":[26,107],"Self Forming Clay":[0],"War Paint":["Shrug It Off","True Grit"],"MawBank":84,"Medical Kit":[39],"Burning Blood":60,"Mercury Hourglass":[121],"Nunchaku":[12],"Centennial Puzzle":[0],"Mummified Hand":[134],"Bronze Scales":[52],"Snecko Eye":[109,112,125,96],"Turnip":[0],"Art of War":[5],"obtain_stats":[{"Ice Cream":39,"Lantern":8,"Regal Pillow":27,"Singing Bowl":47,"Nilry\u0027s Codex":20,"Ancient Tea Set":38,"Burning Blood":0,"ClockworkSouvenir":38,"Nunchaku":10,"Centennial Puzzle":13,"Mummified Hand":12,"Paper Frog":30,"Potion Belt":11,"Pear":44,"Happy Flower":26,"Self Forming Clay":42,"Omamori":9,"War Paint":23,"Frozen Egg 2":46,"MawBank":7,"Medical Kit":14,"White Beast Statue":28,"Mercury Hourglass":38,"Anchor":6,"Bottled Flame":45,"Bronze Scales":43,"Snecko Eye":17,"Molten Egg 2":5,"Turnip":25,"Mark of Pain":34,"Art of War":31,"Bag of Marbles":40,"Toy Ornithopter":48},{"Ice Cream":19,"Lantern":5,"Regal Pillow":13,"Singing Bowl":24,"Nilry\u0027s Codex":10,"Ancient Tea Set":18,"Burning Blood":0,"ClockworkSouvenir":18,"Nunchaku":6,"Centennial Puzzle":8,"Mummified Hand":7,"Paper Frog":15,"Potion Belt":6,"Pear":22,"Happy Flower":12,"Self Forming Clay":21,"Omamori":5,"War Paint":11,"Frozen Egg 2":23,"MawBank":4,"Medical Kit":8,"White Beast Statue":14,"Mercury Hourglass":18,"Anchor":3,"Bottled Flame":23,"Bronze Scales":21,"Snecko Eye":9,"Molten Egg 2":2,"Turnip":12,"Mark of Pain":17,"Art of War":16,"Bag of Marbles":20,"Toy Ornithopter":25},{"Ice Cream":80,"Lantern":23,"Regal Pillow":58,"Singing Bowl":99,"Nilry\u0027s Codex":45,"Ancient Tea Set":76,"Burning Blood":0,"ClockworkSouvenir":76,"Nunchaku":27,"Centennial Puzzle":37,"Mummified Hand":35,"Paper Frog":66,"Potion Belt":27,"Pear":92,"Happy Flower":55,"Self Forming Clay":87,"Omamori":23,"War Paint":47,"Frozen Egg 2":96,"MawBank":17,"Medical Kit":37,"White Beast Statue":61,"Mercury Hourglass":76,"Anchor":13,"Bottled Flame":96,"Bronze Scales":87,"Snecko Eye":43,"Molten Egg 2":7,"Turnip":55,"Mark of Pain":74,"Art of War":70,"Bag of Marbles":84,"Toy Ornithopter":102}],"Toy Ornithopter":0},"card_choices":[{"not_picked":["Flex","Pommel Strike"],"picked":"Wild Strike","floor":1},{"not_picked":["Hemokinesis","Cleave"],"picked":"Thunderclap","floor":4},{"not_picked":["Exhume","Double Tap"],"picked":"Bludgeon+1","floor":6},{"not_picked":["Offering","Corruption"],"picked":"Feed+1","floor":7},{"not_picked":["Double Tap","Exhume"],"picked":"Barricade","floor":8},{"not_picked":["Brutality","Fiend Fire+1"],"picked":"Corruption","floor":10},{"not_picked":["Barricade","Exhume"],"picked":"Limit Break","floor":12},{"not_picked":["Barricade","Feed+1"],"picked":"Immolate+1","floor":13},{"not_picked":["Corruption","Juggernaut"],"picked":"Bludgeon+1","floor":16},{"not_picked":["Sword Boomerang+1","Ghostly Armor"],"picked":"Shrug It Off","floor":18},{"not_picked":["Berserk","Brutality"],"picked":"Impervious","floor":23},{"not_picked":["Bludgeon+1","Double Tap"],"picked":"Demon Form","floor":25},{"not_picked":["Juggernaut","Corruption"],"picked":"Limit Break","floor":27},{"not_picked":["Feed+1","Bludgeon+1"],"picked":"Impervious","floor":28},{"not_picked":["Juggernaut","Brutality"],"picked":"Reaper+1","floor":30},{"not_picked":["Limit Break","Demon Form"],"picked":"Feed+1","floor":31},{"not_picked":["Juggernaut","Offering"],"picked":"Bludgeon+1","floor":33},{"not_picked":["Perfected Strike+1","Headbutt+1"],"picked":"Armaments+1","floor":35},{"not_picked":["Reckless Charge+1","Twin Strike+1"],"picked":"Clothesline+1","floor":39},{"not_picked":["Corruption","Juggernaut","Berserk"],"picked":"SKIP","floor":40},{"not_picked":["Brutality","Bludgeon+1"],"picked":"Impervious","floor":42},{"not_picked":["Fiend Fire+1","Offering","Corruption"],"picked":"SKIP","floor":44},{"not_picked":["Berserk","Double Tap"],"picked":"Reaper+1","floor":45},{"not_picked":["Immolate+1","Double Tap"],"picked":"Barricade+1","floor":47},{"not_picked":["Juggernaut+1","Feed+1"],"picked":"Demon Form+1","floor":48}],"player_experience":1464509,"relics_obtained":[{"floor":5,"key":"Molten Egg 2"},{"floor":6,"key":"Anchor"},{"floor":7,"key":"MawBank"},{"floor":8,"key":"Lantern"},{"floor":9,"key":"Omamori"},{"floor":10,"key":"Nunchaku"},{"floor":12,"key":"Mummified Hand"},{"floor":13,"key":"Centennial Puzzle"},{"floor":20,"key":"Nilry\u0027s Codex"},{"floor":23,"key":"War Paint"},{"floor":25,"key":"Turnip"},{"floor":26,"key":"Happy Flower"},{"floor":27,"key":"Regal Pillow"},{"floor":28,"key":"White Beast Statue"},{"floor":30,"key":"Paper Frog"},{"floor":31,"key":"Art of War"},{"floor":39,"key":"Ice Cream"},{"floor":40,"key":"Bag of Marbles"},{"floor":42,"key":"Self Forming Clay"},{"floor":43,"key":"Bronze Scales"},{"floor":44,"key":"Pear"},{"floor":45,"key":"Bottled Flame"},{"floor":47,"key":"Singing Bowl"},{"floor":48,"key":"Toy Ornithopter"}],"event_choices":[{"damage_healed":0,"gold_gain":0,"player_choice":"1 cards matched","damage_taken":0,"max_hp_gain":0,"max_hp_loss":0,"event_name":"Match and Keep!","floor":2,"gold_loss":0,"cards_obtained":["Juggernaut"]},{"damage_healed":0,"gold_gain":0,"player_choice":"Box","damage_taken":0,"relics_obtained":["Potion Belt"],"max_hp_gain":0,"max_hp_loss":0,"event_name":"Big Fish","floor":11,"gold_loss":0,"cards_obtained":["Regret"]},{"cards_removed":["Fire Breathing"],"damage_healed":0,"gold_gain":0,"player_choice":"Elegance","damage_taken":0,"max_hp_gain":0,"max_hp_loss":0,"event_name":"Back to Basics","floor":19,"gold_loss":0},{"damage_healed":0,"gold_gain":0,"player_choice":"Obtained Book","damage_taken":16,"max_hp_gain":0,"max_hp_loss":0,"event_name":"Cursed Tome","floor":20,"gold_loss":0},{"damage_healed":0,"gold_gain":0,"player_choice":"Ignored","damage_taken":0,"max_hp_gain":0,"max_hp_loss":0,"event_name":"Beggar","floor":21,"gold_loss":0},{"damage_healed":0,"gold_gain":999,"player_choice":"Gold","damage_taken":0,"max_hp_gain":0,"max_hp_loss":0,"event_name":"MindBloom","floor":36,"gold_loss":0,"cards_obtained":["Normality","Normality"]},{"damage_healed":0,"gold_gain":0,"player_choice":"Ignored","damage_taken":0,"max_hp_gain":0,"max_hp_loss":0,"event_name":"Tomb of Lord Red Mask","floor":37,"gold_loss":0},{"damage_healed":0,"gold_gain":0,"player_choice":"Fight","damage_taken":0,"max_hp_gain":0,"max_hp_loss":0,"event_name":"Mysterious Sphere","floor":39,"gold_loss":0},{"cards_removed":["Inflame"],"damage_healed":0,"gold_gain":0,"player_choice":"Removed Power","damage_taken":0,"max_hp_gain":0,"max_hp_loss":0,"event_name":"Falling","floor":41,"gold_loss":0}],"is_beta":false,"boss_relics":[{"not_picked":["Runic Dome","Calling Bell"],"picked":"Snecko Eye"},{"not_picked":["Busted Crown","Runic Cube"],"picked":"Mark of Pain"}],"items_purged_floors":[38],"is_endless":false,"potions_floor_spawned":[4,7,12,13,16,18,27,28,30,31,33,35,39,40,42,44,45,47,48],"ascension_level":0}}