{"host":"gyvm9iplrwbfzexe","time":1613675984,"event":{"mods":["BaseMod","Minty Spire (QoL Compilation)","StSLib"],"gold_per_floor":[118,132,150,165,177,177,212,289,289,306,20,0,19,32,32,135,135,149,36,50,70,70,70,88,6,29,29,29],"floor_reached":27,"language":"ENG","playtime":1497,"items_purged":[],"score":263,"play_id":"478eed11-95a7-4a09-94c1-8c4a4aff14e7","local_time":"20210218131944","is_ascension_mode":true,"campfire_choices":[{"data":"Backflip","floor":6,"key":"SMITH"},{"floor":15,"key":"REST"},{"data":"Accuracy","floor":23,"key":"SMITH"}],"circlet_count":0,"master_deck":["Strike_G","Strike_G","Strike_G","Strike_G","Strike_G","Defend_G","Defend_G","Defend_G","Defend_G","Defend_G","Survivor","Neutralize","Backflip+1","Well Laid Plans","Poisoned Stab","Acrobatics","Prepared","Underhanded Strike","Blade Dance","Masterful Stab","Underhanded Strike","Bandage Up","Prepared","Blur","Accuracy+1","Infinite Blades","Glass Knife","Deflect+1","Storm of Steel","Prepared","Blade Dance","Underhanded Strike"],"relics":["Ring of the Snake","NeowsBlessing","Nunchaku","The Courier","Shuriken","SlaversCollar","Lantern"],"acts_visited":["Exordium","TheCity"],"potions_floor_usage":[7,14,16,18,21,24,27],"damage_taken":[{"damage":0,"enemies":"Cultist","floor":1,"turns":1},{"damage":0,"enemies":"Small Slimes","floor":2,"turns":1},{"damage":0,"enemies":"2 Louse","floor":3,"turns":1},{"damage":3,"enemies":"Looter","floor":4,"turns":3},{"damage":14,"enemies":"Large Slime","floor":5,"turns":7},{"damage":13,"enemies":"3 Sentries","floor":7,"turns":10},{"damage":18,"enemies":"Lots of Slimes","floor":10,"turns":5},{"damage":9,"enemies":"3 Louse","floor":13,"turns":4},{"damage":0,"enemies":"Large Slime","floor":14,"turns":4},{"damage":33,"enemies":"The Guardian","floor":16,"turns":7},{"damage":25,"enemies":"3 Byrds","floor":18,"turns":4},{"damage":21,"enemies":"2 Thieves","floor":20,"turns":3},{"damage":20,"enemies":"Centurion and Healer","floor":21,"turns":7},{"damage":13,"enemies":"Snake Plant","floor":24,"turns":5},{"damage":12,"enemies":"Snecko","floor":27,"turns":3}],"seed_played":"-6086045853692959872","potions_obtained":[{"floor":2,"key":"SkillPotion"},{"floor":3,"key":"LiquidBronze"},{"floor":5,"key":"DistilledChaos"},{"floor":13,"key":"DuplicationPotion"},{"floor":16,"key":"Poison Potion"},{"floor":18,"key":"PowerPotion"},{"floor":21,"key":"BlessingOfTheForge"}],"is_trial":false,"path_per_floor":["M","M","M","M","M","R","E","T","T","M","$","?","M","M","R","B",null,"M","$","M","M","?","R","M","$","T","M"],"character_chosen":"THE_SILENT","items_purchased":["Blade Dance","Masterful Stab","Underhanded Strike","Bandage Up","Prepared","Blur","Storm of Steel","Dexterity Potion","Dexterity Potion"],"campfire_rested":1,"item_purchase_floors":[11,11,11,11,11,11,19,25,25],"current_hp_per_floor":[70,70,70,67,53,53,40,40,40,22,22,22,17,21,42,13,70,45,45,28,12,17,17,8,8,8,0,0],"gold":29,"neow_bonus":"THREE_ENEMY_KILL","is_daily":false,"chose_seed":false,"campfire_upgraded":2,"win_rate":0.0,"timestamp":1613675984,"path_taken":["M","M","M","M","M","R","E","?","T","M","$","?","M","M","R","BOSS","M","$","M","M","?","R","M","?","T","?"],"items_purchased_type":["Card","Card","Card","Card","Card","Card","Card","Potion","Potion"],"build_version":"2020-12-22","purchased_purges":0,"victory":false,"max_hp_per_floor":[70,70,70,70,70,70,70,70,70,70,70,70,70,70,70,70,70,70,70,70,70,70,70,70,70,70,70,70],"card_choices":[{"not_picked":["Dagger Throw","Predator"],"picked":"Backflip","floor":1},{"not_picked":["Reflex","Predator"],"picked":"Well Laid Plans","floor":2},{"not_picked":["Backstab","PiercingWail"],"picked":"Poisoned Stab","floor":3},{"not_picked":["Dagger Throw","Prepared"],"picked":"Poisoned Stab","floor":4},{"not_picked":["Reflex","Cloak And Dagger"],"picked":"Acrobatics","floor":5},{"not_picked":["Sucker Punch","Crippling Poison"],"picked":"Prepared","floor":7},{"not_picked":["Well Laid Plans","Distraction"],"picked":"Underhanded Strike","floor":10},{"not_picked":["Footwork","Terror"],"picked":"Accuracy","floor":13},{"not_picked":["Deadly Poison","Sucker Punch"],"picked":"Infinite Blades","floor":14},{"not_picked":["A Thousand Cuts","Envenom"],"picked":"Glass Knife","floor":16},{"not_picked":["Sucker Punch","Flechettes"],"picked":"Deflect+1","floor":18},{"not_picked":["Expertise","Skewer"],"picked":"Prepared","floor":20},{"not_picked":["Acrobatics","Glass Knife"],"picked":"Blade Dance","floor":21},{"not_picked":["Acrobatics","Dagger Spray"],"picked":"Underhanded Strike","floor":24}],"player_experience":57235,"relics_obtained":[{"floor":7,"key":"Nunchaku"},{"floor":8,"key":"The Courier"},{"floor":9,"key":"Shuriken"},{"floor":26,"key":"Lantern"}],"event_choices":[{"damage_healed":0,"gold_gain":0,"player_choice":"Left Gold","damage_taken":0,"max_hp_gain":0,"max_hp_loss":0,"event_name":"World of Goop","floor":12,"gold_loss":20},{"cards_removed":["Poisoned Stab"],"damage_healed":5,"gold_gain":0,"player_choice":"Offered Common","damage_taken":0,"max_hp_gain":0,"max_hp_loss":0,"event_name":"Bonfire Elementals","floor":22,"gold_loss":0},{"cards_removed":["Poisoned Stab"],"damage_healed":5,"gold_gain":0,"player_choice":"Offered Special","damage_taken":0,"max_hp_gain":0,"max_hp_loss":0,"event_name":"Bonfire Elementals","floor":22,"gold_loss":0}],"is_beta":false,"boss_relics":[{"not_picked":["Philosopher\u0027s Stone","Sozu"],"picked":"SlaversCollar"}],"items_purged_floors":[],"is_endless":false,"potions_floor_spawned":[2,3,5,13,16,18,21],"killed_by":"Snecko","ascension_level":4}}