{"host":"c3mohl8225ccym5l","time":1613607924,"event":{"mods":["Act Like it!","BaseMod","Beaked The Cultist","BetterRewards","Card Forge","Downfall","Duelist Mod","Glutton Mod","GungeonMod","Hallownest","Hermit","Ironclad Rager","Jorbs\u0027s Wanderer Trilogy","Koishi","Marisa????????","Marked Mod","Minty Spire (QoL Compilation)","Pikachu Mod","Shade Mod","Shop Mod","StSLib","Td1madao Mod","The Administrix","The Blackbeard","The Bladedancer","The Bug Knight","The Clintock","The Construct","The Cursed","The Disciple","The Hierophant","The Jungle","The Kombatant","The Marked","The Necromancer","The Poker Player","The Senshi","The Servant 0.9.4","The Wild Card","TheBandit","TheFirefly","TheVacant","Yuri Mod"],"gold_per_floor":[19,19,31,48,60,60,74,74,149,149,175,175,206,261,261,357,357,377,389,234,234,234,234,234,244,290,307,307,317,327,340,340,441,441,453,157,207,223,223,223,241,257,257,275,275,225,236,236,236,236,236],"floor_reached":50,"language":"ENG","playtime":3614,"items_purged":[],"score":505,"play_id":"6b6e1e78-5897-49ac-b924-13a785de374e","local_time":"20210217182524","is_ascension_mode":false,"campfire_choices":[{"data":"theVacant:Crunch","floor":6,"key":"SMITH"},{"data":"theVacant:Hex","floor":10,"key":"SMITH"},{"data":"theVacant:Yeet","floor":12,"key":"SMITH"},{"data":"theVacant:EmbraceDarkness","floor":15,"key":"SMITH"},{"data":"theVacant:Jab","floor":23,"key":"SMITH"},{"data":"theVacant:Release","floor":28,"key":"SMITH"},{"data":"theVacant:Husk","floor":32,"key":"SMITH"},{"floor":40,"key":"RECALL"},{"data":"theVacant:Husk","floor":45,"key":"SMITH"},{"data":"theVacant:ShutAway","floor":49,"key":"SMITH"}],"circlet_count":0,"master_deck":["theVacant:VacantStarterStrike","theVacant:VacantStarterDefend","theVacant:VacantStarterDefend","theVacant:VacantStarterDefend","theVacant:VacantStarterDefend","theVacant:Release+1","theVacant:Crunch+1","theVacant:CursedBlast","theVacant:Dig","theVacant:ShutAway","theVacant:Hex+1","theVacant:Barrage","theVacant:Yeet+1","theVacant:PitOfDespair","theVacant:EmbraceDarkness+1","theVacant:Rejection","theVacant:Barrage","theVacant:Jab+1","theVacant:Immaterialize+1","theVacant:EyePoke+1","theVacant:Cower","theVacant:Husk+1","theVacant:Spinshield","theVacant:Prevent","theVacant:Fling+1","theVacant:SurpriseAttack","theVacant:Snowball+1","theVacant:ShutAway+1","theVacant:Husk+1","theVacant:Whip"],"relics":["theVacant:BrassGoblet","Hammer of Thor","Seething Fire","Anvil of the Gods","DemoMod:PartiallyEatenCheese","Bottled Lightning","DemoMod:GreenGuonStone","Ancient Tea Set","DemoMod:PoisonVial","SlaversCollar","Strange Spoon","theJungle:SpiritDisease","Spirit Poop","Black Star","DemoMod:WhiteGuonStone","FossilizedHelix","DemoMod:MeltedRock"],"acts_visited":["Exordium","Exordium","TheBeyond"],"potions_floor_usage":[27,33,33,33],"damage_taken":[{"damage":0,"enemies":"Cultist","floor":1,"turns":4},{"damage":0,"enemies":"Jaw Worm","floor":3,"turns":3},{"damage":0,"enemies":"2 Louse","floor":4,"turns":2},{"damage":0,"enemies":"Blue Slaver","floor":5,"turns":5},{"damage":0,"enemies":"Looter","floor":7,"turns":2},{"damage":0,"enemies":"Lagavulin","floor":11,"turns":5},{"damage":0,"enemies":"Gremlin Nob","floor":13,"turns":2},{"damage":0,"enemies":"Lagavulin Event","floor":14,"turns":3},{"damage":24,"enemies":"Hexaghost","floor":16,"turns":7},{"damage":2,"enemies":"theJungle:MUSHROOMGANG","floor":18,"turns":4},{"damage":6,"enemies":"theJungle:GiantWrat","floor":19,"turns":3},{"damage":0,"enemies":"theJungle:Lyon","floor":25,"turns":1},{"damage":0,"enemies":"theJungle:2_Flameangoes","floor":27,"turns":3},{"damage":1,"enemies":"theJungle:2_Snecko_Cultists","floor":29,"turns":4},{"damage":3,"enemies":"theJungle:Snecko_Cultist_And_Trap","floor":30,"turns":4},{"damage":14,"enemies":"theJungle:2_Flameangoes","floor":31,"turns":6},{"damage":49,"enemies":"theJungle:TotemBoss","floor":33,"turns":8},{"damage":8,"enemies":"3 Shapes","floor":35,"turns":6},{"damage":0,"enemies":"Mind Bloom Boss Battle","floor":37,"turns":4},{"damage":8,"enemies":"3 Darklings","floor":38,"turns":7},{"damage":0,"enemies":"Transient","floor":41,"turns":5},{"damage":1,"enemies":"Writhing Mass","floor":42,"turns":3},{"damage":22,"enemies":"Sphere and 2 Shapes","floor":44,"turns":5},{"damage":15,"enemies":"Jaw Worm Horde","floor":47,"turns":3},{"damage":70,"enemies":"Time Eater","floor":50,"turns":7}],"seed_played":"6706502370204747275","potions_obtained":[{"floor":3,"key":"SpeedPotion"},{"floor":5,"key":"construct:ShiftPotion"},{"floor":7,"key":"LiquidBronze"},{"floor":16,"key":"DemoMod:BlankPotion"},{"floor":18,"key":"PowerPotion"},{"floor":25,"key":"ColorlessPotion"},{"floor":31,"key":"hexamod:SoulburnPotion"},{"floor":33,"key":"EssenceOfSteel"},{"floor":35,"key":"construct:ShiftPotion"}],"is_trial":false,"path_per_floor":["M","$","M","M","M","R","M","T","T","R","E","R","E","?","R","B",null,"M","M","$","?","?","R","?","M","T","M","R","M","M","M","R","B",null,"M","$","?","M","?","R","M","M","T","M","R","$","M","?","R","B"],"character_chosen":"THE_VACANT","items_purchased":["Strange Spoon","DemoMod:WhiteGuonStone","theVacant:Prevent","DemoMod:LeadSkinPotion"],"campfire_rested":0,"item_purchase_floors":[20,36,36,46],"current_hp_per_floor":[80,80,80,80,80,80,80,80,80,80,80,80,80,80,80,62,80,78,72,72,72,72,72,72,72,72,72,72,71,68,66,66,23,80,72,72,72,64,64,64,64,63,63,47,47,47,32,70,70,0,0],"gold":236,"neow_bonus":"ONE_RARE_RELIC","is_daily":false,"chose_seed":false,"campfire_upgraded":9,"win_rate":0.0,"timestamp":1613607924,"path_taken":["M","?","M","M","M","R","M","?","T","R","E","R","E","?","R","BOSS","M","M","$","?","?","R","?","M","T","M","R","M","M","M","R","BOSS","M","$","?","M","?","R","M","?","T","M","R","$","M","?","R","BOSS"],"items_purchased_type":["Relic","Relic","Card","Undefined"],"build_version":"2020-12-22","purchased_purges":0,"victory":false,"max_hp_per_floor":[80,80,80,80,80,80,80,80,80,80,80,80,80,80,80,80,80,80,80,80,80,80,80,80,80,80,80,80,80,80,80,80,80,80,80,80,80,80,80,80,80,80,80,80,80,80,80,70,70,70,70],"card_choices":[{"not_picked":["theVacant:OnSecondThought","theVacant:Cower"],"picked":"theVacant:CursedBlast","floor":1},{"not_picked":["theVacant:FranticBlow","theVacant:EmbraceDarkness"],"picked":"theVacant:Dig","floor":3},{"not_picked":["theVacant:ShriekingBlast","theVacant:Necromancy"],"picked":"theVacant:ShutAway","floor":4},{"not_picked":["theVacant:ShriekingBlast","theVacant:EyePoke"],"picked":"theVacant:Hex","floor":5},{"not_picked":["theVacant:FromNothing","theVacant:CursedBlast"],"picked":"theVacant:Barrage","floor":7},{"not_picked":["theVacant:LashOut","theVacant:Prevent"],"picked":"theVacant:Yeet","floor":11},{"not_picked":["theVacant:CleanseSoul","theVacant:Barrage"],"picked":"theVacant:PitOfDespair","floor":13},{"not_picked":["theVacant:Spinshield","theVacant:EyePoke"],"picked":"theVacant:EmbraceDarkness","floor":14},{"not_picked":["theVacant:DeathSpiral","theVacant:MindBreak"],"picked":"theVacant:Rejection","floor":16},{"not_picked":["theVacant:Yeet+1","theVacant:EyePoke"],"picked":"theVacant:Barrage","floor":18},{"not_picked":["theVacant:EmptyShield","theVacant:LashOut"],"picked":"theVacant:Jab","floor":19},{"not_picked":["theVacant:BattleScars","theVacant:DeathSpiral","theVacant:Enrage"],"picked":"SKIP","floor":25},{"not_picked":["theVacant:Jab","theVacant:EyePoke"],"picked":"theVacant:Immaterialize+1","floor":27},{"not_picked":["theVacant:CursedBlast","theVacant:BattleScars"],"picked":"theVacant:EyePoke+1","floor":29},{"not_picked":["theVacant:Jab","theVacant:FranticBlow"],"picked":"theVacant:Cower","floor":30},{"not_picked":["theVacant:OnSecondThought","theVacant:Cower+1"],"picked":"theVacant:Husk","floor":31},{"not_picked":["theVacant:Dig","theVacant:Soothe+1"],"picked":"theVacant:Spinshield","floor":35},{"not_picked":["theVacant:Spinshield+1","theVacant:EmptyShield+1"],"picked":"theVacant:Fling+1","floor":37},{"not_picked":["theVacant:WaitInWrath","theVacant:OnSecondThought"],"picked":"theVacant:SurpriseAttack","floor":38},{"not_picked":["theVacant:Fortify+1","theVacant:Yeet"],"picked":"theVacant:Snowball+1","floor":41},{"not_picked":["theVacant:Thoughtseize","theVacant:OnSecondThought"],"picked":"theVacant:ShutAway","floor":42},{"not_picked":["theVacant:IntoTheAbyss+1","theVacant:Fortify"],"picked":"theVacant:Husk","floor":44},{"not_picked":["theVacant:OnSecondThought","theVacant:HolyWater+1"],"picked":"theVacant:Whip","floor":47}],"player_experience":194948,"relics_obtained":[{"floor":8,"key":"Bottled Lightning"},{"floor":11,"key":"DemoMod:GreenGuonStone"},{"floor":13,"key":"Ancient Tea Set"},{"floor":26,"key":"Spirit Poop"},{"floor":37,"key":"FossilizedHelix"},{"floor":43,"key":"DemoMod:MeltedRock"}],"event_choices":[{"damage_healed":0,"gold_gain":0,"player_choice":"Searched \u00272\u0027 times","damage_taken":0,"relics_obtained":["DemoMod:PoisonVial"],"max_hp_gain":0,"max_hp_loss":0,"event_name":"Dead Adventurer","floor":14,"gold_loss":0},{"damage_healed":0,"gold_gain":0,"player_choice":"Fight","damage_taken":0,"max_hp_gain":0,"max_hp_loss":0,"event_name":"MindBloom","floor":37,"gold_loss":0},{"damage_healed":0,"gold_gain":0,"player_choice":"Ignored","damage_taken":0,"max_hp_gain":0,"max_hp_loss":0,"event_name":"NoteForYourself","floor":39,"gold_loss":0},{"damage_healed":70,"gold_gain":0,"player_choice":"Heal","damage_taken":0,"max_hp_gain":0,"max_hp_loss":10,"event_name":"The Moai Head","floor":48,"gold_loss":0}],"is_beta":false,"boss_relics":[{"not_picked":["Runic Dome","Ectoplasm"],"picked":"SlaversCollar"},{"not_picked":["Astrolabe","Philosopher\u0027s Stone"],"picked":"Black Star"}],"items_purged_floors":[],"is_endless":false,"potions_floor_spawned":[3,5,7,11,16,18,25,31,33,35,37,47],"killed_by":"Time Eater","ascension_level":0}}