{"host":"82hffqp29db0c9y2","time":1613612973,"event":{"mods":["BaseMod","Downfall","Googly Eyes","Marisa£®ÏF”Í°°ƒß¿Ì…≥£©","Minty Spire (QoL Compilation)","Replay The Spire","StSLib","The Cursed","The Disciple","The Servant 0.9.4"],"gold_per_floor":[110,110,130,130,143,159,175,175,175,189,189,189,189,189,200,200,200,296,296,315,315,331,331,347,378,378,378,378,11,11,11,25,52,52,153,153,166,166,184,197,157,188,188,188,188,188,188,37,48,58,70,81,81,81,81,81,6,35,35],"floor_reached":60,"language":"ZHS","playtime":5707,"items_purged":["Strike_R"],"score":1281,"play_id":"7f43c3ed-a6a6-41b1-a41d-8f6629495469","local_time":"20210218104933","is_ascension_mode":false,"campfire_choices":[{"floor":8,"key":"RECALL"},{"data":"WeaponsOverheat","floor":11,"key":"SMITH"},{"floor":17,"key":"REST"},{"data":"Armaments","floor":26,"key":"SMITH"},{"data":"Ghostly","floor":31,"key":"SMITH"},{"data":"Ghostly","floor":34,"key":"SMITH"},{"data":"Beam Cell","floor":43,"key":"SMITH"},{"data":"Barricade","floor":46,"key":"SMITH"},{"data":"Ghostly","floor":53,"key":"SMITH"},{"data":"Ghostly","floor":56,"key":"SMITH"}],"circlet_count":0,"master_deck":["Strike_R","Strike_R","Strike_R","Defend_R+1","Defend_R+1","Defend_R+1","Defend_R+1","Bash","Sever Soul","Beam Cell+1","Recycle","Bloodletting","WeaponsOverheat+1","Intimidate","Armaments+1","Reaper","ReplayTheSpireMod:Strike From Hell","Necronomicurse","Shrug It Off","ReplayTheSpireMod:Limb From Limb","Armaments+1","Ghostly+1","Ghostly+1","Ghostly+1","Ghostly+1","Ghostly","Sadistic Nature","Dark Shackles","Replay:Undeath\u0027s Touch","Havoc+1","Barricade+1","Shrug It Off+1","Feed+1","Replay:Undeath\u0027s Touch","Anger+1","Uppercut+1","Flame Barrier","True Grit+1"],"relics":["Dead Branch","Iron Core","ReplayTheSpireMod:Shallot","Replay:Bottled Eggs","Runic Pyramid","Necronomicon","InkBottle","Charon\u0027s Ashes","Replay:Bottled Steam","Bag of Preparation","Mark of Pain","Blood Vial","Paper Frog","ClockworkSouvenir","StoneCalendar"],"acts_visited":["Exordium","TheCity","TheBeyond","TheEnding"],"potions_floor_usage":[6,18,20,25,25,35,54,54,54,54,54,54],"damage_taken":[{"damage":5,"enemies":"Jaw Worm","floor":1,"turns":5},{"damage":0,"enemies":"Small Slimes","floor":3,"turns":3},{"damage":4,"enemies":"Cultist","floor":5,"turns":4},{"damage":6,"enemies":"Large Slime","floor":6,"turns":4},{"damage":12,"enemies":"Blue Slaver","floor":7,"turns":7},{"damage":11,"enemies":"2 Fungi Beasts","floor":10,"turns":4},{"damage":1,"enemies":"Exordium Wildlife","floor":15,"turns":4},{"damage":37,"enemies":"The Guardian","floor":18,"turns":11},{"damage":2,"enemies":"Shell Parasite","floor":20,"turns":7},{"damage":13,"enemies":"3 Byrds","floor":22,"turns":7},{"damage":39,"enemies":"3 Cultists","floor":24,"turns":6},{"damage":32,"enemies":"Gremlin Leader","floor":25,"turns":7},{"damage":1,"enemies":"Snecko","floor":32,"turns":4},{"damage":3,"enemies":"Book of Stabbing","floor":33,"turns":4},{"damage":16,"enemies":"Collector","floor":35,"turns":8},{"damage":1,"enemies":"3 Shapes","floor":37,"turns":2},{"damage":2,"enemies":"Orb Walker","floor":39,"turns":3},{"damage":7,"enemies":"Maw","floor":40,"turns":7},{"damage":7,"enemies":"Giant Head","floor":42,"turns":8},{"damage":3,"enemies":"3 Darklings","floor":49,"turns":7},{"damage":16,"enemies":"4 Shapes","floor":50,"turns":3},{"damage":1,"enemies":"Sphere and 2 Shapes","floor":51,"turns":5},{"damage":0,"enemies":"3 Darklings","floor":52,"turns":5},{"damage":34,"enemies":"Time Eater","floor":54,"turns":11},{"damage":2,"enemies":"Shield and Spear","floor":58,"turns":4},{"damage":45,"enemies":"The Heart","floor":59,"turns":11}],"seed_played":"-1360090010380690293","potions_obtained":[{"floor":3,"key":"Fire Potion"},{"floor":10,"key":"Energy Potion"},{"floor":15,"key":"Milkshake"},{"floor":22,"key":"SteroidPotion"},{"floor":24,"key":"champ:CounterPotion"},{"floor":33,"key":"BlessingOfTheForge"},{"floor":35,"key":"Swift Potion"},{"floor":37,"key":"EntropicBrew"}],"is_trial":false,"path_per_floor":["M","?","M","?","M","M","M","R","T","M","R","PTL","PTL","?","M","T","R","B",null,"M","?","M","T","M","E","R","?","T","$","?","R","M","E","R","B",null,"M","?","M","M","?","E","R","PTL","PTL","R","T","$","M","M","M","M","R","B",null,"R","$","E","B",null],"character_chosen":"IRONCLAD","items_purchased":["PowerPotion","Block Potion","Sadistic Nature","Dark Shackles","ClockworkSouvenir"],"campfire_rested":1,"item_purchase_floors":[29,29,29,29,48],"current_hp_per_floor":[72,72,72,72,68,62,50,50,50,39,39,39,39,32,31,31,52,15,72,70,54,53,53,42,32,32,32,32,32,32,32,31,28,28,23,36,35,35,33,34,34,27,27,27,27,27,27,27,30,41,47,48,48,35,48,48,48,46,22],"gold":35,"neow_bonus":"ONE_RARE_RELIC","is_daily":false,"chose_seed":false,"campfire_upgraded":8,"win_rate":0.0,"timestamp":1613612973,"path_taken":["M","?","M","?","M","M","?","R","T","M","R","PTL","PTL","?","M","?","R","BOSS","M","?","M","?","M","E","R","?","T","$","?","R","M","E","R","BOSS","M","?","M","?","?","E","R","PTL","PTL","R","T","$","M","M","M","M","R","BOSS","R","$","E","BOSS"],"items_purchased_type":["Potion","Potion","Card","Card","Relic"],"build_version":"2020-12-22","purchased_purges":1,"victory":true,"max_hp_per_floor":[72,72,72,72,72,72,72,72,72,72,72,72,72,72,72,72,72,72,72,72,72,72,72,72,72,72,36,36,36,36,36,36,36,36,36,36,36,36,36,36,36,36,36,36,36,36,36,36,40,44,48,48,48,48,48,48,48,48,52],"card_choices":[{"not_picked":["Wild Strike","Armaments"],"picked":"Sever Soul","floor":1},{"not_picked":["Clash","Turbo"],"picked":"Beam Cell","floor":3},{"not_picked":["Pommel Strike","Armaments"],"picked":"Recycle","floor":5},{"not_picked":["Perfected Strike","Wild Strike"],"picked":"Bloodletting","floor":6},{"not_picked":["Replay:Undeath\u0027s Touch","Massacre"],"picked":"WeaponsOverheat","floor":7},{"not_picked":["Headbutt","Flex"],"picked":"Intimidate","floor":10},{"not_picked":["Anger","Run Through"],"picked":"Armaments","floor":15},{"not_picked":["Impervious","Firewall"],"picked":"Reaper","floor":18},{"not_picked":["Second Wind+1","ReplayTheSpireMod:Muscle Training"],"picked":"ReplayTheSpireMod:Strike From Hell","floor":20},{"not_picked":["Cleave+1","Uppercut"],"picked":"Shrug It Off","floor":22},{"not_picked":["Fire Breathing","Pommel Strike"],"picked":"ReplayTheSpireMod:Limb From Limb","floor":24},{"not_picked":["Reckless Charge","Bludgeon"],"picked":"Armaments+1","floor":25},{"not_picked":["Anger","Flex"],"picked":"Replay:Undeath\u0027s Touch","floor":32},{"not_picked":["Body Slam+1","Combust"],"picked":"Havoc+1","floor":33},{"not_picked":["Eclipse","Replay:Many Hands"],"picked":"Barricade","floor":35},{"not_picked":["Heavy Blade+1","Evolve"],"picked":"Shrug It Off+1","floor":37},{"not_picked":["Pommel Strike+1","Perfected Strike","Warcry+1"],"picked":"SKIP","floor":39},{"not_picked":["Replay:Undeath\u0027s Touch+1","Flex"],"picked":"Feed","floor":40},{"not_picked":["Headbutt","Sword Boomerang","Cleave+1"],"picked":"SKIP","floor":42},{"not_picked":["Pommel Strike+1","Abandon+1"],"picked":"Replay:Undeath\u0027s Touch","floor":49},{"not_picked":["Sword Boomerang","Power Through"],"picked":"Anger+1","floor":50},{"not_picked":["Clothesline+1","Headbutt+1"],"picked":"Uppercut+1","floor":51},{"not_picked":["Thunderclap","Whirlwind+1"],"picked":"Flame Barrier","floor":52},{"not_picked":["Eclipse","Double Tap"],"picked":"True Grit+1","floor":58}],"player_experience":347569,"relics_obtained":[{"floor":16,"key":"Replay:Bottled Eggs"},{"floor":21,"key":"Necronomicon"},{"floor":23,"key":"InkBottle"},{"floor":25,"key":"Charon\u0027s Ashes"},{"floor":28,"key":"Replay:Bottled Steam"},{"floor":33,"key":"Bag of Preparation"},{"floor":42,"key":"Blood Vial"},{"floor":47,"key":"Paper Frog"},{"floor":58,"key":"StoneCalendar"}],"event_choices":[{"cards_removed":["Self Repair"],"damage_healed":0,"gold_gain":0,"player_choice":"Offered Uncommon","damage_taken":0,"max_hp_gain":0,"max_hp_loss":0,"event_name":"Bonfire Elementals","floor":4,"gold_loss":0},{"damage_healed":0,"gold_gain":0,"player_choice":"Success","damage_taken":7,"relics_obtained":["ReplayTheSpireMod:Shallot"],"max_hp_gain":0,"max_hp_loss":0,"event_name":"Scrap Ooze","floor":14,"gold_loss":0},{"damage_healed":0,"gold_gain":0,"player_choice":"Obtained Book","damage_taken":16,"max_hp_gain":0,"max_hp_loss":0,"event_name":"Cursed Tome","floor":21,"gold_loss":0},{"damage_healed":0,"gold_gain":0,"player_choice":"Became a Ghost","damage_taken":0,"max_hp_gain":0,"max_hp_loss":36,"event_name":"Ghosts","floor":27,"gold_loss":0,"cards_obtained":["Ghostly","Ghostly","Ghostly","Ghostly","Ghostly"]},{"damage_healed":0,"gold_gain":0,"player_choice":"Ignored","damage_taken":0,"max_hp_gain":0,"max_hp_loss":0,"event_name":"The Mausoleum","floor":30,"gold_loss":0},{"cards_removed":["Strike_R"],"damage_healed":0,"gold_gain":0,"player_choice":"Purged","damage_taken":0,"max_hp_gain":0,"max_hp_loss":0,"event_name":"Purifier","floor":38,"gold_loss":0},{"damage_healed":0,"gold_gain":0,"player_choice":"Upgrade","damage_taken":0,"max_hp_gain":0,"max_hp_loss":0,"event_name":"Designer","floor":41,"gold_loss":40,"cards_upgraded":["Feed"]}],"is_beta":false,"boss_relics":[{"not_picked":["Velvet Choker","Pandora\u0027s Box"],"picked":"Runic Pyramid"},{"not_picked":["SacredBark","Empty Cage"],"picked":"Mark of Pain"}],"items_purged_floors":[57],"is_endless":false,"potions_floor_spawned":[3,10,15,22,24,33,35,37,39,52],"ascension_level":0}}