{"host":"56xwnffi6e9z5l58","time":1613664474,"event":{"mods":["Aspiration","BaseMod","Better Match","Better Note","Better Sensory Stone","BetterRewards","Colored Map","Colored Powertips","Conspire","Downfall","GifTheSpireLib","Hermit","Highlight Path","Hubris","Infinite Spire","Key Reminder","Minty Spire (QoL Compilation)","Permanent Neow","Quick Restart","Rare Cards Sparkle","Replay The Spire","StSLib","Stuff the Spire","SuperFastMode","Unceasing Turn Reminder"],"gold_per_floor":[99,112,127,37,55,85,85,118,118,131,149,94,94,120,134,134,134,134],"floor_reached":16,"language":"ENG","playtime":498,"items_purged":["bronze:NullPointer"],"score":122,"play_id":"e6bf23cd-5e2e-433e-ba89-3d542ff08e9c","local_time":"20210219000754","is_ascension_mode":false,"campfire_choices":[{"floor":1,"key":"DIG"},{"floor":9,"key":"REST"},{"floor":13,"key":"REST"}],"circlet_count":0,"master_deck":["bronze:Strike","bronze:Strike","bronze:Strike","bronze:Defend","bronze:Defend","bronze:Defend","bronze:Replicate","bronze:Goto","bronze:Flail","bronze:Frontload","bronze:ChosenStrike","bronze:Format","bronze:Overheat","bronze:ForceShield","bronze:DelayedSlice","bronze:Break","bronze:SpaghettiCode","bronze:MaxOutput","bronze:FineTuning"],"relics":["bronze:BronzeCore","infinitespire:Lychee Nut","Iron Hammer","infinitespire:BottledMercury","hubris:TenFootPole"],"acts_visited":["Exordium"],"potions_floor_usage":[16,16,16],"damage_taken":[{"damage":10,"enemies":"Cultist","floor":2,"turns":4},{"damage":0,"enemies":"2 Louse","floor":3,"turns":2},{"damage":10,"enemies":"downfall:FleeingMerchant","floor":4,"turns":4},{"damage":6,"enemies":"Jaw Worm","floor":5,"turns":2},{"damage":22,"enemies":"Gremlin Nob","floor":6,"turns":4},{"damage":18,"enemies":"Lagavulin","floor":8,"turns":4},{"damage":5,"enemies":"Red Slaver","floor":10,"turns":2},{"damage":2,"enemies":"Large Slime","floor":11,"turns":3},{"damage":10,"enemies":"downfall:FleeingMerchant","floor":12,"turns":4},{"damage":17,"enemies":"3 Sentries","floor":14,"turns":5},{"damage":0,"enemies":"3 Louse","floor":15,"turns":1},{"damage":36,"enemies":"DF_ARCHETYPE_STREAMLINE","floor":16,"turns":4}],"seed_played":"-572053863308656237","potions_obtained":[{"floor":2,"key":"Elixir"},{"floor":8,"key":"champ:CounterPotion"},{"floor":10,"key":"Explosive Potion"},{"floor":11,"key":"Strength Potion"}],"is_trial":false,"path_per_floor":["R_BF","M","M","$","M","E","T","E","R","M","M","$","R","E","M","B"],"character_chosen":"THE_AUTOMATON","items_purchased":["bronze:MaxOutput"],"campfire_rested":2,"item_purchase_floors":[12],"current_hp_per_floor":[47,38,41,37,34,18,18,6,20,18,21,17,31,20,20,0,0,0],"gold":134,"neow_bonus":"TRANSFORM_TWO_CARDS","is_daily":false,"chose_seed":false,"campfire_upgraded":0,"win_rate":0.0,"timestamp":1613664474,"path_taken":["R_BF","M","M","$","M","E","T","E","R","M","M","$","R","E","M","BOSS"],"items_purchased_type":["Card"],"build_version":"2020-12-22","purchased_purges":1,"victory":false,"max_hp_per_floor":[47,47,47,47,47,47,47,47,47,47,47,47,47,47,47,47,47,47],"card_choices":[{"not_picked":["bronze:Constructor","bronze:Shield"],"picked":"bronze:Frontload","floor":2},{"not_picked":["bronze:Turbo","bronze:BitShift"],"picked":"bronze:ChosenStrike","floor":3},{"not_picked":["bronze:Iterate","bronze:Virus"],"picked":"bronze:Format","floor":4},{"not_picked":["bronze:Invalidate","bronze:GetLatest"],"picked":"bronze:Overheat","floor":5},{"not_picked":["bronze:FineTuning","bronze:ChildClass"],"picked":"bronze:ForceShield","floor":6},{"not_picked":["bronze:Overheat","bronze:Flail"],"picked":"bronze:DelayedSlice","floor":8},{"not_picked":["bronze:MaxOutput","bronze:WildBeam"],"picked":"bronze:Break","floor":10},{"not_picked":["bronze:Deprecate","bronze:Turbo","bronze:Separator"],"picked":"SKIP","floor":11},{"not_picked":["bronze:Separator","bronze:Overheat"],"picked":"bronze:SpaghettiCode","floor":12},{"not_picked":["bronze:Format","bronze:BitShift","bronze:WildBeam"],"picked":"SKIP","floor":14},{"not_picked":["bronze:Turbo","bronze:Branch"],"picked":"bronze:FineTuning","floor":15}],"player_experience":1041706,"relics_obtained":[{"floor":1,"key":"infinitespire:Lychee Nut"},{"floor":6,"key":"Iron Hammer"},{"floor":7,"key":"infinitespire:BottledMercury"},{"floor":14,"key":"hubris:TenFootPole"}],"event_choices":[],"is_beta":false,"boss_relics":[],"items_purged_floors":[4],"is_endless":false,"potions_floor_spawned":[2,8,10,11],"killed_by":"DF_ARCHETYPE_STREAMLINE","ascension_level":0}}