{"host":"wh0mq6pw8c8ugs2y","time":1613652301,"event":{"mods":["AchievementEnabler","Aspiration","BaseMod","Beaked The Cultist","BetterRewards","Conspire","Hubris","Minty Spire (QoL Compilation)","Replay The Spire","Shop Mod","Small Relic Pack","StSLib","The Cursed","The Exalted","The Necromancer","The Poker Player","The Problem Sleuth","Waifu the Spire","[IsaacMod]????","everything is the same but u backflip on backflip"],"gold_per_floor":[117,67,85,102,0,28,28,58,132,132,132,143,143,155,155,260,260,273,273,17,17,32,32,42,61,61,61,61,61,61,161,161,263,313,326,470,520,520,520,520,520,562,562,562,562,607,631,631,631,643,643,643,643,688,708,708],"floor_reached":55,"language":"ENG","playtime":3006,"items_purged":["Writhe","Defend_W","Strike_W","Defend_W","Strike_W","Strike_W","Specialist+1"],"score":975,"play_id":"e5114444-484e-4e46-8b69-13a975745f8d","local_time":"20210218044501","is_ascension_mode":false,"campfire_choices":[{"data":"Cloudkill","floor":7,"key":"SMITH"},{"floor":11,"key":"REST"},{"data":"Consume_Illness","floor":15,"key":"SMITH"},{"floor":23,"key":"REST"},{"data":"Summon_Death_Knight","floor":29,"key":"SMITH"},{"data":"Corrupt","floor":30,"key":"SMITH"},{"data":"Summon_Undead_Army","floor":40,"key":"SMITH"},{"data":"Necrotic_Claws","floor":41,"key":"SMITH"},{"floor":45,"key":"RECALL"},{"floor":49,"key":"REST"},{"data":"Negative_Energy_Mist","floor":52,"key":"SMITH"}],"circlet_count":0,"master_deck":["Strike_W","Defend_W","Defend_W","Negative_Energy_Arrows","Bone_Wall","Summon_Vampire_Lady","Corrupt+1","Death_March_Dance","Necrotic_Claws+1","Cloudkill+1","Skeleton_Dragon","Consume_Illness+1","Life_Tap+1","Summon_Death_Knight+1","Bone_Bullets+1","Summon_Undead_Army+1","Shade_Step+1","Violent_Necrosis+1","Summon_Undead+1","Negative_Energy_Sphere+1","Finger_Of_Death+1","hubris:Insight","Negative_Energy_Mist+1","Slay_Living","Strike_from_Beyond","Scare+1"],"relics":["Vampire_Amulet","HushsDoor","MoneyPower","ReplayTheSpireMod:CursedCoin","Membership Card","ReplayTheSpireMod:Lightbulb","Bromod:ArcaneAwakening","hubris:Icosahedron","Toy Ornithopter","Unceasing Top","WingedGreaves","PokeGo","MaYiHuaBei","SteamSale","aspiration:HummingbirdHeart","aspiration:SneckoTail","MerchantsRug","Onion Ring","Replay:Bandana","Simple Rune","Peace Pipe","Whetstone","Chemical X","Turnip","Leech","ClockworkSouvenir","Iron Hammer","Lantern","relicPack:InfinityGauntlet","Ornamental Fan"],"acts_visited":["Exordium","TheCity","TheBeyond","TheEnding"],"potions_floor_usage":[31,31,31,37,55,55,55,55,55,55],"damage_taken":[{"damage":4,"enemies":"Cultist","floor":1,"turns":4},{"damage":4,"enemies":"Small Slimes","floor":3,"turns":4},{"damage":14,"enemies":"2 Louse","floor":4,"turns":5},{"damage":30,"enemies":"Replay:BlueRogue","floor":6,"turns":5},{"damage":35,"enemies":"3 Sentries","floor":8,"turns":8},{"damage":0,"enemies":"Lots of Slimes","floor":12,"turns":1},{"damage":0,"enemies":"Large Slime","floor":14,"turns":5},{"damage":28,"enemies":"Slime Boss","floor":16,"turns":8},{"damage":35,"enemies":"3 Byrds","floor":18,"turns":5},{"damage":7,"enemies":"Shell Parasite","floor":22,"turns":5},{"damage":14,"enemies":"conspire:HollyBat","floor":24,"turns":6},{"damage":13,"enemies":"Shelled Parasite and Fungi","floor":25,"turns":4},{"damage":25,"enemies":"Colosseum Slavers","floor":31,"turns":3},{"damage":0,"enemies":"Colosseum Nobs","floor":31,"turns":3},{"damage":34,"enemies":"conspire:MysteriousRune","floor":33,"turns":6},{"damage":41,"enemies":"3 Darklings","floor":35,"turns":4},{"damage":5,"enemies":"Hiden Room Battle","floor":37,"turns":4},{"damage":36,"enemies":"beaked:SuperParasite","floor":42,"turns":7},{"damage":53,"enemies":"Nemesis","floor":46,"turns":7},{"damage":56,"enemies":"Time Eater","floor":50,"turns":8},{"damage":54,"enemies":"Shield and Spear","floor":54,"turns":6},{"damage":134,"enemies":"Delirium","floor":55,"turns":20}],"seed_played":"-6908132239164395214","potions_obtained":[{"floor":1,"key":"Reflective Coating"},{"floor":6,"key":"Adrenaline Potion"},{"floor":14,"key":"Toxic Potion"},{"floor":34,"key":"Energy Potion"},{"floor":35,"key":"Reflective Coating"},{"floor":44,"key":"CultistPotion"},{"floor":44,"key":"Venom Potion"}],"is_trial":false,"path_per_floor":["M","$","M","M","$","E","R","E","T","?","R","M","?","M","R","B",null,"M","?","$","?","M","R","M","M","T","R","$","R","R","?","R","B",null,"M","$","?","?","?","R","R","E","T","?","R","E","$","$","R","B",null,"R","$","E","B"],"character_chosen":"NECROMANCER","items_purchased":["ReplayTheSpireMod:CursedCoin","Membership Card","Summon_Vampire_Lady","Cloudkill","Unceasing Top","Summon_Undead_Army","SteamSale","aspiration:HummingbirdHeart","aspiration:SneckoTail","MerchantsRug","Finger_Of_Death","hubris:Insight","Whetstone","Chemical X","Turnip","EntropicBrew","Leech","ClockworkSouvenir","Slay_Living","Iron Hammer","Lantern","relicPack:InfinityGauntlet","Strike_from_Beyond"],"campfire_rested":3,"item_purchase_floors":[0,0,0,5,20,20,36,36,36,36,36,36,47,47,47,47,48,48,48,53,53,53,53],"current_hp_per_floor":[38,38,50,46,46,33,33,28,28,28,50,60,60,75,75,73,75,53,39,39,39,34,58,61,61,61,61,61,61,61,77,80,60,85,61,61,65,65,65,65,65,46,46,46,46,10,10,10,35,13,85,85,85,57,0,0],"gold":708,"neow_bonus":"","is_daily":false,"chose_seed":false,"campfire_upgraded":7,"win_rate":0.0,"timestamp":1613652301,"path_taken":["M","$","M","M","?","E","R","E","T","?","R","?","?","M","R","BOSS","M","?","$","?","?","R","M","M","T","R","$","R","R","?","R","BOSS","M","$","?","?","?","R","R","E","T","?","R","E","$","$","R","BOSS","R","$","E","BOSS"],"items_purchased_type":["Relic","Relic","Card","Card","Relic","Card","Relic","Relic","Relic","Relic","Card","Card","Relic","Relic","Relic","Potion","Relic","Relic","Card","Relic","Relic","Relic","Card"],"build_version":"2020-12-22","purchased_purges":7,"victory":false,"max_hp_per_floor":[75,75,75,75,75,75,75,75,75,75,75,75,75,75,75,75,75,75,80,80,80,80,80,80,80,80,80,80,80,80,80,80,80,85,85,85,85,85,85,85,85,85,85,85,85,85,85,85,85,85,85,85,85,85,85,85],"card_choices":[{"not_picked":["Shackles_Of_Pain","Negative_Energy_Shield"],"picked":"Corrupt","floor":1},{"not_picked":["Summon_Undead_Army","Shackles_Of_Pain"],"picked":"Death_March_Dance","floor":3},{"not_picked":["Chill_Blood","Bone_Prison"],"picked":"Necrotic_Claws","floor":4},{"not_picked":["Bomb","Bone_Spikes"],"picked":"Skeleton_Dragon","floor":6},{"not_picked":["Toxic_Smoke_Screen","Life_Tap"],"picked":"Consume_Illness","floor":8},{"not_picked":["Necrotic_Claws","Deaths_Shadow","Spectral_Walk"],"picked":"SKIP","floor":12},{"not_picked":["Deaths_Shadow","Summon_Undead"],"picked":"Life_Tap","floor":14},{"not_picked":["Reap_The_Weak","Grasp_Heart"],"picked":"Summon_Death_Knight","floor":16},{"not_picked":["Toxic_Smoke_Screen","Spectral_Armor+1"],"picked":"Bone_Bullets+1","floor":18},{"not_picked":["Bone_Bullets","Bone_Shift"],"picked":"Shade_Step+1","floor":22},{"not_picked":["Death_March_Dance+1","Thousand_Bone_Knives+1","Shackles_Of_Pain"],"picked":"SKIP","floor":24},{"not_picked":["Bone_Armor+1","Finger_Of_Death"],"picked":"Violent_Necrosis+1","floor":25},{"not_picked":["Bone_Armory","Death_March_Dance"],"picked":"Summon_Undead+1","floor":31},{"not_picked":["Negative_Energy_Javelin+1","Blood_Whip+1"],"picked":"Negative_Energy_Sphere+1","floor":34},{"not_picked":["Violent_Necrosis+1","Strike_from_Beyond+1","Blood_Shield"],"picked":"SKIP","floor":35},{"not_picked":["Violent_Necrosis+1","Strike_from_Beyond+1","Blood_Shield"],"picked":"SKIP","floor":35},{"not_picked":["Impatience","Replay:Sssssssssshield"],"picked":"Specialist","floor":38},{"not_picked":["Life_Drain","Vampiric_Strike+1","Finger_Of_Death+1"],"picked":"SKIP","floor":42},{"not_picked":["Exploit","Blood_Curse"],"picked":"Negative_Energy_Mist","floor":46},{"not_picked":["Bone_Bullets+1","Blood_Magic"],"picked":"Scare+1","floor":54}],"player_experience":679346,"relics_obtained":[{"floor":6,"key":"Replay:Bottled Snecko"},{"floor":8,"key":"ReplayTheSpireMod:Lightbulb"},{"floor":9,"key":"Bromod:ArcaneAwakening"},{"floor":26,"key":"WingedGreaves"},{"floor":31,"key":"PokeGo"},{"floor":31,"key":"MaYiHuaBei"},{"floor":37,"key":"Onion Ring"},{"floor":37,"key":"Replay:Bandana"},{"floor":42,"key":"Simple Rune"},{"floor":46,"key":"Peace Pipe"},{"floor":54,"key":"Ornamental Fan"}],"event_choices":[{"damage_healed":0,"gold_gain":0,"player_choice":"Searched \u00271\u0027 times","damage_taken":0,"relics_obtained":["Toy Ornithopter"],"max_hp_gain":0,"max_hp_loss":0,"event_name":"Dead Adventurer","floor":13,"gold_loss":0},{"damage_healed":0,"gold_gain":0,"player_choice":"Shed Blood","damage_taken":19,"max_hp_gain":5,"max_hp_loss":0,"event_name":"Forgotten Altar","floor":19,"gold_loss":0},{"damage_healed":0,"gold_gain":0,"player_choice":"Fight","damage_taken":0,"max_hp_gain":0,"max_hp_loss":0,"event_name":"Colosseum","floor":31,"gold_loss":0},{"damage_healed":0,"gold_gain":0,"player_choice":"Fought Nobs","damage_taken":0,"max_hp_gain":0,"max_hp_loss":0,"event_name":"Colosseum","floor":31,"gold_loss":0},{"damage_healed":0,"gold_gain":0,"player_choice":"Fight","damage_taken":0,"max_hp_gain":0,"max_hp_loss":0,"event_name":"HidenRoomEvent","floor":37,"gold_loss":0},{"damage_healed":0,"gold_gain":0,"player_choice":"Memory 1","damage_taken":0,"max_hp_gain":0,"max_hp_loss":0,"event_name":"SensoryStone","floor":38,"gold_loss":0},{"damage_healed":0,"gold_gain":0,"player_choice":"Upgraded","damage_taken":0,"max_hp_gain":0,"max_hp_loss":0,"event_name":"Upgrade Shrine","floor":39,"gold_loss":0,"cards_upgraded":["Specialist"]},{"damage_healed":0,"gold_gain":0,"player_choice":"Got Potions","damage_taken":0,"max_hp_gain":0,"max_hp_loss":0,"event_name":"Lab","floor":44,"gold_loss":0}],"is_beta":false,"boss_relics":[{"not_picked":["Fusion Hammer","Painkiller Herb"],"picked":"aspiration:FutureDiary"},{"not_picked":[]},{"not_picked":["Pandora\u0027s Box","aspiration:SilentSkillbook"],"picked":"Tiny House"},{"not_picked":[]}],"items_purged_floors":[0,2,5,20,36,47,48],"is_endless":false,"potions_floor_spawned":[1,6,14,22,25,35,46],"killed_by":"Delirium","ascension_level":0}}