{"host":"t9vqxmgmtrdkt9v9","time":1613629018,"event":{"mods":["AchievementEnabler","BaseMod","Colored Map","Minty Spire (QoL Compilation)","Permanent Neow","Relic Stats","StSLib"],"gold_per_floor":[10,23,23,23,40,67,67,82,131,131,204,204,237,237,237,315,315,326,336,386,180,180,212,212,212,239,271,285,8,33,44,44,117,117,136,86,101,81,101,126,126,146,146,146,171,202,0,29,29,29],"floor_reached":51,"language":"ENG","playtime":3106,"items_purged":["Strike_P"],"score":1733,"play_id":"86323370-6122-4f60-8f82-28d2b87e35e5","local_time":"20210218161658","is_ascension_mode":true,"campfire_choices":[{"data":"TalkToTheHand","floor":7.0,"key":"SMITH"},{"data":"FlurryOfBlows","floor":10.0,"key":"SMITH"},{"data":"Crescendo","floor":12.0,"key":"SMITH"},{"floor":15.0,"key":"REST"},{"data":"Meditate","floor":25.0,"key":"SMITH"},{"data":"MentalFortress","floor":32.0,"key":"SMITH"},{"data":"Scrawl","floor":41,"key":"SMITH"},{"data":"LikeWater","floor":44,"key":"SMITH"},{"floor":49,"key":"REST"}],"circlet_count":0,"master_deck":["AscendersBane","Strike_P+1","Defend_P+1","Eruption+1","Vigilance+1","TalkToTheHand+1","FlurryOfBlows+1","Crescendo+1","EmptyMind+1","EmptyFist+1","Consecrate+1","Adaptation+1","LessonLearned+1","Meditate+1","ClearTheMind+1","Halt+1","LikeWater+1","MentalFortress+1","Wallop+1","BowlingBash+1","Meditate+1","Omniscience+1","Tantrum+1","MentalFortress+1","Scrawl+1","FlurryOfBlows+1","WaveOfTheHand+1"],"relics":["HolyWater","TungstenRod","Molten Egg 2","Bag of Marbles","Anchor","Ginger","Boot","Bronze Scales","Juzu Bracelet","Shuriken","FossilizedHelix","Empty Cage","TeardropLocket","Frozen Egg 2","StoneCalendar","Blue Candle","Red Mask","Kunai"],"acts_visited":["Exordium","TheCity","TheBeyond"],"potions_floor_usage":[50],"damage_taken":[{"damage":0.0,"enemies":"2 Louse","floor":1.0,"turns":3.0},{"damage":1.0,"enemies":"Jaw Worm","floor":2.0,"turns":6.0},{"damage":1.0,"enemies":"Cultist","floor":5.0,"turns":3.0},{"damage":5.0,"enemies":"3 Sentries","floor":6.0,"turns":10.0},{"damage":7.0,"enemies":"Blue Slaver","floor":8.0,"turns":3.0},{"damage":8.0,"enemies":"Lagavulin","floor":13.0,"turns":5.0},{"damage":30.0,"enemies":"The Guardian","floor":16.0,"turns":10.0},{"damage":3.0,"enemies":"3 Byrds","floor":18.0,"turns":5.0},{"damage":0.0,"enemies":"Chosen","floor":19.0,"turns":3.0},{"damage":4.0,"enemies":"Slavers","floor":23.0,"turns":4.0},{"damage":3.0,"enemies":"Book of Stabbing","floor":27.0,"turns":4.0},{"damage":5.0,"enemies":"Snecko","floor":28.0,"turns":4.0},{"damage":0.0,"enemies":"Gremlin Leader","floor":30.0,"turns":4.0},{"damage":0.0,"enemies":"Chosen and Byrds","floor":31.0,"turns":4.0},{"damage":0.0,"enemies":"Automaton","floor":33.0,"turns":8.0},{"damage":0.0,"enemies":"3 Shapes","floor":35.0,"turns":3.0},{"damage":0,"enemies":"3 Darklings","floor":37,"turns":2},{"damage":0,"enemies":"Jaw Worm Horde","floor":39,"turns":3},{"damage":0,"enemies":"Nemesis","floor":40,"turns":5},{"damage":0,"enemies":"Transient","floor":42,"turns":5},{"damage":0,"enemies":"Mind Bloom Boss Battle","floor":45,"turns":4},{"damage":0,"enemies":"Reptomancer","floor":46,"turns":3},{"damage":0,"enemies":"Nemesis","floor":48,"turns":5},{"damage":0,"enemies":"Time Eater","floor":50,"turns":5}],"seed_played":"-1710859127974461423","potions_obtained":[{"floor":1.0,"key":"EssenceOfSteel"},{"floor":2.0,"key":"SkillPotion"},{"floor":13.0,"key":"Block Potion"},{"floor":18.0,"key":"StancePotion"},{"floor":28.0,"key":"Regen Potion"},{"floor":30.0,"key":"CultistPotion"},{"floor":31.0,"key":"StancePotion"}],"is_trial":false,"path_per_floor":["M","M","?","?","M","E","R","M","T","R","?","R","E","T","R","B",null,"M","M","?","$","?","E","?","R","T","E","M","$","E","M","R","B",null,"M","$","M","?","M","E","R","M","T","R","?","E","?","E","R","B",null],"character_chosen":"WATCHER","items_purchased":["Halt","LikeWater","Shuriken","FlurryOfBlows+1"],"campfire_rested":2,"item_purchase_floors":[21,21,29,36],"current_hp_per_floor":[61,60,60,65,64,59,59,52,52,52,52,52,44,44,65,35,64,61,61,61,61,61,57,57,57,57,54,49,49,49,61,61,61,70,70,70,70,70,70,70,70,70,70,70,70,70,70,70,73,73],"gold":29,"neow_bonus":"ONE_RARE_RELIC","is_daily":false,"chose_seed":false,"campfire_upgraded":7,"win_rate":0.0,"timestamp":1613629018,"path_taken":["M","M","?","?","M","E","R","M","T","R","?","R","E","?","R","BOSS","M","M","?","$","?","E","?","R","T","E","M","$","E","M","R","BOSS","M","$","M","?","M","E","R","M","T","R","?","E","?","E","R","BOSS"],"items_purchased_type":["Card","Card","Relic","Card"],"build_version":"2020-12-22","purchased_purges":1,"victory":true,"max_hp_per_floor":[68,68,68,73,73,73,73,73,73,73,73,73,73,73,73,73,73,73,73,73,73,73,73,73,73,73,73,73,73,73,73,73,73,73,73,73,73,73,73,73,73,73,73,73,73,73,73,73,73,73],"relic_stats":{"counters":[24,111],"Shuriken":[41],"Bronze Scales":[127],"Blue Candle":[0],"StoneCalendar":[0],"Juzu Bracelet":1,"Ginger":[8],"Kunai":[6],"Boot":[81],"obtain_stats":[{"Blue Candle":46,"StoneCalendar":45,"Juzu Bracelet":27,"Ginger":14,"TeardropLocket":40,"Frozen Egg 2":43,"Boot":23,"Empty Cage":34,"Anchor":13,"Shuriken":29,"Bronze Scales":26,"HolyWater":17,"Molten Egg 2":6,"Bag of Marbles":9,"Red Mask":47,"Kunai":48,"PureWater":0,"TungstenRod":0,"FossilizedHelix":30},{"Blue Candle":22,"StoneCalendar":21,"Juzu Bracelet":11,"Ginger":6,"TeardropLocket":19,"Frozen Egg 2":20,"Boot":10,"Empty Cage":15,"Anchor":6,"Shuriken":12,"Bronze Scales":10,"HolyWater":7,"Molten Egg 2":4,"Bag of Marbles":5,"Red Mask":22,"Kunai":23,"PureWater":0,"TungstenRod":0,"FossilizedHelix":13},{"Blue Candle":101,"StoneCalendar":98,"Juzu Bracelet":56,"Ginger":30,"TeardropLocket":89,"Frozen Egg 2":94,"Boot":52,"Empty Cage":76,"Anchor":30,"Shuriken":60,"Bronze Scales":52,"HolyWater":40,"Molten Egg 2":22,"Bag of Marbles":25,"Red Mask":101,"Kunai":106,"PureWater":0,"TungstenRod":0,"FossilizedHelix":64}],"TungstenRod":23},"card_choices":[{"not_picked":["SandsOfTime","FollowUp"],"picked":"TalkToTheHand","floor":1.0},{"not_picked":["BowlingBash","ClearTheMind"],"picked":"FlurryOfBlows","floor":2.0},{"not_picked":["FlyingSleeves","WaveOfTheHand"],"picked":"EmptyMind","floor":5.0},{"not_picked":["BowlingBash+1","Devotion"],"picked":"EmptyFist+1","floor":6.0},{"not_picked":["Crescendo","EmptyBody"],"picked":"Consecrate+1","floor":8.0},{"not_picked":["JustLucky+1","CrushJoints+1"],"picked":"Adaptation","floor":13.0},{"not_picked":["Brilliance+1","DeusExMachina"],"picked":"LessonLearned+1","floor":16.0},{"not_picked":["TalkToTheHand+1","EmptyFist+1"],"picked":"Meditate","floor":18.0},{"not_picked":["SashWhip+1","CarveReality+1"],"picked":"ClearTheMind+1","floor":19.0},{"not_picked":["ClearTheMind","CutThroughFate+1"],"picked":"Wallop+1","floor":23.0},{"not_picked":["Evaluate","Wallop+1"],"picked":"Omniscience","floor":27.0},{"not_picked":["SashWhip+1","Consecrate+1"],"picked":"Tantrum+1","floor":28.0},{"not_picked":["ClearTheMind","Evaluate+1"],"picked":"MentalFortress","floor":30.0},{"not_picked":["FollowUp+1","ThirdEye","EmptyFist+1"],"picked":"SKIP","floor":31.0},{"not_picked":["DeusExMachina","Wish"],"picked":"Scrawl","floor":33.0},{"not_picked":["FollowUp+1","Tantrum+1","JustLucky+1"],"picked":"SKIP","floor":35},{"not_picked":["CrushJoints+1","Perseverance+1","Alpha"],"picked":"SKIP","floor":37},{"not_picked":["SashWhip+1","FlurryOfBlows+1","SandsOfTime+1"],"picked":"SKIP","floor":39},{"not_picked":["ThirdEye+1","Collect","FearNoEvil+1"],"picked":"SKIP","floor":40},{"not_picked":["FollowUp+1","WheelKick+1","ThirdEye"],"picked":"SKIP","floor":42},{"not_picked":["FearNoEvil+1","JustLucky+1"],"picked":"WaveOfTheHand","floor":46},{"not_picked":["Vengeance","SpiritShield","SashWhip+1"],"picked":"SKIP","floor":48}],"player_experience":435171,"relics_obtained":[{"floor":6.0,"key":"Molten Egg 2"},{"floor":9.0,"key":"Bag of Marbles"},{"floor":13.0,"key":"Anchor"},{"floor":14.0,"key":"Ginger"},{"floor":23.0,"key":"Boot"},{"floor":26.0,"key":"Bronze Scales"},{"floor":27.0,"key":"Juzu Bracelet"},{"floor":30.0,"key":"FossilizedHelix"},{"floor":40,"key":"TeardropLocket"},{"floor":43,"key":"Frozen Egg 2"},{"floor":45,"key":"StoneCalendar"},{"floor":46,"key":"Blue Candle"},{"floor":48,"key":"Kunai"}],"event_choices":[{"damage_healed":0.0,"max_hp_gain":0.0,"max_hp_loss":0.0,"gold_gain":0.0,"cards_transformed":["Strike_P"],"event_name":"Living Wall","player_choice":"Change","floor":3.0,"gold_loss":0.0,"damage_taken":0.0,"cards_obtained":["Crescendo"]},{"damage_healed":0.0,"max_hp_gain":5.0,"max_hp_loss":0.0,"gold_gain":0.0,"event_name":"Big Fish","player_choice":"Donut","floor":4.0,"gold_loss":0.0,"damage_taken":0.0},{"damage_healed":0.0,"max_hp_gain":0.0,"max_hp_loss":0.0,"gold_gain":73.0,"event_name":"Golden Wing","player_choice":"Gained Gold","floor":11.0,"gold_loss":0.0,"damage_taken":0.0},{"damage_healed":0.0,"max_hp_gain":0.0,"max_hp_loss":0.0,"gold_gain":50.0,"event_name":"Nest","player_choice":"Stole From Cult","floor":20.0,"gold_loss":0.0,"damage_taken":0.0},{"damage_healed":0.0,"max_hp_gain":0.0,"max_hp_loss":0.0,"gold_gain":0.0,"event_name":"The Library","player_choice":"Read","floor":22.0,"gold_loss":0.0,"damage_taken":0.0,"cards_obtained":["MentalFortress"]},{"damage_healed":0.0,"max_hp_gain":0.0,"max_hp_loss":0.0,"gold_gain":0.0,"cards_transformed":["Strike_P","Defend_P"],"event_name":"Drug Dealer","player_choice":"Became Test Subject","floor":24.0,"gold_loss":0.0,"damage_taken":0.0,"cards_obtained":["BowlingBash","Meditate"]},{"damage_healed":0,"gold_gain":0,"player_choice":"Bought 1 Potion","damage_taken":0,"max_hp_gain":0,"max_hp_loss":0,"event_name":"The Woman in Blue","floor":38,"gold_loss":0},{"damage_healed":0,"gold_gain":0,"player_choice":"Fight","damage_taken":0,"max_hp_gain":0,"max_hp_loss":0,"event_name":"MindBloom","floor":45,"gold_loss":0},{"damage_healed":0,"gold_gain":0,"player_choice":"Paid","damage_taken":0,"relics_obtained":["Red Mask"],"max_hp_gain":0,"max_hp_loss":0,"event_name":"Tomb of Lord Red Mask","floor":47,"gold_loss":202}],"is_beta":false,"boss_relics":[{"not_picked":["Pandora\u0027s Box","Busted Crown"],"picked":"HolyWater"},{"not_picked":["Tiny House","Philosopher\u0027s Stone"],"picked":"Empty Cage"}],"items_purged_floors":[21],"is_endless":false,"potions_floor_spawned":[1,2,13,18,28,30,31,35,40,42,45],"ascension_level":16}}