{"host":"nz11ypxva4e39b7q","time":1613689653,"event":{"mods":["BaseMod","Better Third Choice","Better Vampires","Colored Map","Minty Spire (QoL Compilation)","Quick Restart","Shapeshifter Mod","StSLib"],"gold_per_floor":[112,37,37,56,73,73,97,97,176,176,136,147,182,282,282,382,382,397,414,280,280,280,280,296,171,195,51,51,77,77,92,92,191,191,202,214,40,40,54,54,54,84,84,184,202,233,243,276,276,276,276,276,22,54,54],"floor_reached":56,"language":"ENG","playtime":3547,"items_purged":["Decay","StSShapeShifter:ShapeShifter_Strike","StSShapeShifter:MonkeyForm","StSShapeShifter:Lynx_Form+1","StSShapeShifter:ShapeShifter_Defend"],"score":1442,"play_id":"e9c23258-945b-4a15-a2c6-3d44a113dc09","local_time":"20210219000733","is_ascension_mode":true,"campfire_choices":[{"floor":6.0,"key":"DIG"},{"floor":8.0,"key":"DIG"},{"floor":10.0,"key":"DIG"},{"floor":15.0,"key":"DIG"},{"floor":23.0,"key":"DIG"},{"floor":28.0,"key":"DIG"},{"floor":30.0,"key":"DIG"},{"floor":32.0,"key":"DIG"},{"floor":40.0,"key":"DIG"},{"floor":49.0,"key":"RECALL"},{"floor":52.0,"key":"DIG"}],"circlet_count":0,"master_deck":["StSShapeShifter:ShapeShifter_Strike","StSShapeShifter:ShapeShifter_Strike","StSShapeShifter:ShapeShifter_Strike","StSShapeShifter:ShapeShifter_Defend","StSShapeShifter:ShapeShifter_Defend","StSShapeShifter:ShapeShifter_Defend+1","StSShapeShifter:WolfForm","StSShapeShifter:Efflorescence","StSShapeShifter:RockSlide","StSShapeShifter:RockSlide+1","StSShapeShifter:Ensconce","StSShapeShifter:Evolution","StSShapeShifter:RestoreBalance","StSShapeShifter:BurstingSpore","Finesse","StSShapeShifter:Ensconce+1","StSShapeShifter:Sapling+1","StSShapeShifter:Sapling+1","StSShapeShifter:BaskInBloom"],"relics":["StSShapeShifter:AnimalHeart","StSShapeShifter:TheShapeShiftersMagnolia","Shovel","StSShapeShifter:FruitTree","Odd Mushroom","War Paint","StSShapeShifter:FrogOfVitality","Sundial","Tiny Chest","Empty Cage","Pocketwatch","HornCleat","MealTicket","OrangePellets","Thread and Needle","Vajra","Omamori","Centennial Puzzle","Coffee Dripper","Dream Catcher","Bag of Marbles","Turnip","Blood Vial","Oddly Smooth Stone","Mummified Hand","Ice Cream"],"acts_visited":["Exordium","TheCity","TheBeyond","TheEnding"],"potions_floor_usage":[55,55,55],"damage_taken":[{"damage":3.0,"enemies":"Cultist","floor":1.0,"turns":5.0},{"damage":4.0,"enemies":"Jaw Worm","floor":4.0,"turns":6.0},{"damage":0.0,"enemies":"2 Louse","floor":5.0,"turns":3.0},{"damage":26.0,"enemies":"The Mushroom Lair","floor":7.0,"turns":6.0},{"damage":7.0,"enemies":"Red Slaver","floor":12.0,"turns":3.0},{"damage":55.0,"enemies":"3 Sentries","floor":13.0,"turns":13.0},{"damage":15.0,"enemies":"Slime Boss","floor":16.0,"turns":7.0},{"damage":31.0,"enemies":"Chosen","floor":18.0,"turns":6.0},{"damage":4.0,"enemies":"3 Byrds","floor":19.0,"turns":4.0},{"damage":21.0,"enemies":"Centurion and Healer","floor":24.0,"turns":8.0},{"damage":38.0,"enemies":"Snake Plant","floor":31.0,"turns":6.0},{"damage":108.0,"enemies":"Collector","floor":33.0,"turns":11.0},{"damage":93.0,"enemies":"3 Darklings","floor":35.0,"turns":10.0},{"damage":22.0,"enemies":"Orb Walker","floor":36.0,"turns":6.0},{"damage":36.0,"enemies":"Sphere and 2 Shapes","floor":39.0,"turns":5.0},{"damage":86.0,"enemies":"Reptomancer","floor":42.0,"turns":9.0},{"damage":99.0,"enemies":"Writhing Mass","floor":45.0,"turns":10.0},{"damage":161.0,"enemies":"Nemesis","floor":46.0,"turns":11.0},{"damage":90.0,"enemies":"Transient","floor":47.0,"turns":5.0},{"damage":78.0,"enemies":"Reptomancer","floor":48.0,"turns":8.0},{"damage":202.0,"enemies":"Time Eater","floor":50.0,"turns":14.0},{"damage":146,"enemies":"Shield and Spear","floor":54,"turns":8},{"damage":172,"enemies":"The Heart","floor":55,"turns":10}],"seed_played":"1744746337751170390","potions_obtained":[{"floor":1.0,"key":"Block Potion"},{"floor":11.0,"key":"SmokeBomb"},{"floor":11.0,"key":"StSShapeShifter:PolyBeastPotion"},{"floor":11.0,"key":"DuplicationPotion"},{"floor":12.0,"key":"Explosive Potion"},{"floor":13.0,"key":"Fire Potion"},{"floor":16.0,"key":"EssenceOfSteel"},{"floor":18.0,"key":"BlessingOfTheForge"},{"floor":31.0,"key":"CultistPotion"},{"floor":42.0,"key":"StSShapeShifter:PolyBeastPotion"},{"floor":45.0,"key":"PowerPotion"},{"floor":46.0,"key":"Swift Potion"},{"floor":48.0,"key":"Fruit Juice"},{"floor":54,"key":"Regen Potion"}],"is_trial":false,"path_per_floor":["M","$","?","M","M","R","?","R","T","R","?","M","E","?","R","B",null,"M","M","$","T","?","R","M","$","T","$","R","T","R","M","R","B",null,"M","M","$","?","M","R","?","E","T","?","M","E","M","E","R","B",null,"R","$","E","B",null],"character_chosen":"SHAPESHIFTER","items_purchased":["StSShapeShifter:Ensconce","OrangePellets","StSShapeShifter:BurstingSpore","StSShapeShifter:BaskInBloom"],"campfire_rested":0,"item_purchase_floors":[20,27,37,53],"current_hp_per_floor":[75,75,75,71,71,71,45,45,45,45,45,52,12,12,12,21,83,66,69,69,69,69,69,84,84,84,84,84,84,84,76,76,84,84,84,84,84,74,52,52,52,85,85,77,86,86,53,65,65,86,86,86,86,87,92],"gold":54,"neow_bonus":"ONE_RARE_RELIC","is_daily":false,"chose_seed":false,"campfire_upgraded":0,"win_rate":0.0,"timestamp":1613689653,"path_taken":["M","$","?","?","M","R","?","R","T","R","?","?","E","?","R","BOSS","M","M","$","?","?","R","M","$","T","?","R","?","R","M","R","BOSS","M","M","$","?","M","R","?","E","T","?","M","E","M","E","R","BOSS","R","$","E","BOSS"],"items_purchased_type":["Card","Relic","Card","Card"],"build_version":"2020-12-22","purchased_purges":5,"victory":true,"max_hp_per_floor":[78,78,78,78,78,78,78,78,78,78,78,80,81,81,81,83,83,83,84,84,84,84,84,84,84,84,84,84,84,84,84,84,84,84,84,84,84,84,84,84,84,85,85,85,86,86,86,86,86,86,86,86,86,87,92],"card_choices":[{"not_picked":["StSShapeShifter:BaskInBloom","StSShapeShifter:Guard","StSShapeShifter:BarkSkin"],"picked":"SKIP","floor":1.0},{"not_picked":["StSShapeShifter:FlowerShield","StSShapeShifter:Rest","StSShapeShifter:BladeOfGrass"],"picked":"SKIP","floor":4.0},{"not_picked":["StSShapeShifter:Roar","StSShapeShifter:ThornToss"],"picked":"StSShapeShifter:MonkeyForm","floor":5.0},{"not_picked":["StSShapeShifter:FruitBasket","StSShapeShifter:LionForm"],"picked":"StSShapeShifter:WolfForm","floor":7.0},{"not_picked":["StSShapeShifter:Roar","StSShapeShifter:SquirrelForm"],"picked":"StSShapeShifter:Efflorescence","floor":12.0},{"not_picked":["StSShapeShifter:WiltingWrath","StSShapeShifter:BearForm"],"picked":"StSShapeShifter:RockSlide","floor":13.0},{"not_picked":["StSShapeShifter:Roar+1","StSShapeShifter:PantherForm+1","StSShapeShifter:Rest"],"picked":"SKIP","floor":18.0},{"not_picked":["StSShapeShifter:FallingLeaves","StSShapeShifter:MonkeyForm"],"picked":"StSShapeShifter:RockSlide+1","floor":19.0},{"not_picked":["StSShapeShifter:Rabid","StSShapeShifter:PowerShifter","StSShapeShifter:EagleForm"],"picked":"SKIP","floor":24.0},{"not_picked":["StSShapeShifter:RockSlide","StSShapeShifter:Garden+1"],"picked":"StSShapeShifter:Evolution","floor":31.0},{"not_picked":["StSShapeShifter:Flood","StSShapeShifter:Earthquake"],"picked":"StSShapeShifter:RestoreBalance","floor":33.0},{"not_picked":["StSShapeShifter:OakBlade","StSShapeShifter:AdaptiveStrikes","StSShapeShifter:Roar+1"],"picked":"SKIP","floor":35.0},{"not_picked":["StSShapeShifter:BloomingSlash","StSShapeShifter:BarkSkin","StSShapeShifter:Roar+1"],"picked":"SKIP","floor":36.0},{"not_picked":["Dark Shackles","Mind Blast"],"picked":"Finesse","floor":38.0},{"not_picked":["StSShapeShifter:Maul","StSShapeShifter:ShiftingStrike+1"],"picked":"StSShapeShifter:Ensconce+1","floor":39.0},{"not_picked":["StSShapeShifter:FallingLeaves","StSShapeShifter:DragonForm","StSShapeShifter:RockSlide+1"],"picked":"SKIP","floor":42.0},{"not_picked":["StSShapeShifter:OakBlade","StSShapeShifter:FesteringBite","StSShapeShifter:FruitBasket+1"],"picked":"SKIP","floor":45.0},{"not_picked":["StSShapeShifter:ThornToss+1","StSShapeShifter:ThrashAbout"],"picked":"StSShapeShifter:Sapling+1","floor":46.0},{"not_picked":["StSShapeShifter:EagleForm","StSShapeShifter:Bonk+1","StSShapeShifter:RockSlide"],"picked":"SKIP","floor":47.0},{"not_picked":["StSShapeShifter:MonkeyForm","StSShapeShifter:OwlForm"],"picked":"StSShapeShifter:Sapling+1","floor":48.0},{"not_picked":["StSShapeShifter:BurstingSpore","StSShapeShifter:Forgiveness","StSShapeShifter:ThornToss"],"picked":"SKIP","floor":54}],"player_experience":1063045,"relics_obtained":[{"floor":6.0,"key":"StSShapeShifter:FruitTree"},{"floor":7.0,"key":"Odd Mushroom"},{"floor":8.0,"key":"War Paint"},{"floor":10.0,"key":"StSShapeShifter:FrogOfVitality"},{"floor":13.0,"key":"Sundial"},{"floor":15.0,"key":"Tiny Chest"},{"floor":21.0,"key":"Pocketwatch"},{"floor":23.0,"key":"HornCleat"},{"floor":26.0,"key":"MealTicket"},{"floor":28.0,"key":"Thread and Needle"},{"floor":29.0,"key":"Vajra"},{"floor":30.0,"key":"Omamori"},{"floor":32.0,"key":"Centennial Puzzle"},{"floor":40.0,"key":"Dream Catcher"},{"floor":42.0,"key":"Bag of Marbles"},{"floor":43.0,"key":"Turnip"},{"floor":46.0,"key":"Blood Vial"},{"floor":48.0,"key":"Oddly Smooth Stone"},{"floor":52.0,"key":"Mummified Hand"},{"floor":54,"key":"Ice Cream"}],"event_choices":[{"cards_removed":["StSShapeShifter:Tortoise_Form"],"damage_healed":0.0,"max_hp_gain":0.0,"max_hp_loss":0.0,"gold_gain":0.0,"event_name":"Bonfire Elementals","player_choice":"Offered Basic","floor":3.0,"gold_loss":0.0,"damage_taken":0.0},{"damage_healed":0.0,"max_hp_gain":0.0,"max_hp_loss":0.0,"gold_gain":0.0,"event_name":"Mushrooms","player_choice":"Fought Mushrooms","floor":7.0,"gold_loss":0.0,"damage_taken":0.0},{"damage_healed":0.0,"max_hp_gain":0.0,"max_hp_loss":0.0,"gold_gain":0.0,"event_name":"The Woman in Blue","player_choice":"Bought 3 Potions","floor":11.0,"gold_loss":0.0,"damage_taken":0.0},{"damage_healed":0.0,"max_hp_gain":0.0,"max_hp_loss":0.0,"gold_gain":100.0,"event_name":"Golden Shrine","player_choice":"Pray","floor":14.0,"gold_loss":0.0,"damage_taken":0.0},{"damage_healed":0.0,"max_hp_gain":0.0,"max_hp_loss":0.0,"gold_gain":0.0,"event_name":"Ghosts","player_choice":"Ignored","floor":22.0,"gold_loss":0.0,"damage_taken":0.0},{"damage_healed":0.0,"max_hp_gain":0.0,"max_hp_loss":0.0,"gold_gain":0.0,"event_name":"SensoryStone","player_choice":"Memory 3","floor":38.0,"gold_loss":0.0,"damage_taken":10.0},{"damage_healed":0.0,"max_hp_gain":0.0,"max_hp_loss":0.0,"gold_gain":0.0,"event_name":"Mysterious Sphere","player_choice":"Ignored","floor":41.0,"gold_loss":0.0,"damage_taken":0.0}],"is_beta":false,"boss_relics":[{"not_picked":["Runic Dome","Sozu"],"picked":"Empty Cage"},{"not_picked":["Fusion Hammer","Velvet Choker"],"picked":"Coffee Dripper"}],"items_purged_floors":[2,20,25,37,53],"is_endless":false,"potions_floor_spawned":[1,12,13,16,18,31,42,45,46,48,54],"ascension_level":4}}