{"host":"ymw71f7rc9ndansy","time":1613657338,"event":{"mods":["ATMod(阿瑾Mod)","Act Like it!","Aspiration","BaseMod","DeckTracker","Hubris","Library of Ruina","Library of Ruina Extra","Minty Spire (QoL Compilation)","MostiFishMod","Relic Filter Mod","Remove Card Discount Mod","Replay The Spire","RumiaBox-露米娅的神秘盒子","StSLib","TestMod","【功能Mod】精心准备","【遗物卡牌】REMEMod"],"gold_per_floor":[618,1337,1875,1887,2414,2426,2980,3006,3044,3573,2740,2740,3244,2616,2616,3181,3230,3741,2857,3364,3874,4380,4380,4926,4958,4958,4974,4974,5513,5521,5523,5523],"floor_reached":31,"language":"ZHS","playtime":895,"items_purged":["Strike_R","Strike_R","Defend_R","Defend_R","Defend_R","Defend_R+1","Strike_R+1","Strike_R"],"score":1012,"play_id":"4fc7fa1d-8f9b-4075-9431-cae97476a911","local_time":"20210218220858","is_ascension_mode":true,"campfire_choices":[{"data":"MostiFishMod:FlyOverUtopia","floor":6.0,"key":"SMITH"},{"floor":15.0,"key":"RECALL"},{"floor":23.0,"key":"REST"}],"circlet_count":0,"master_deck":["AT_FamilyPortrait","MostiFishMod:FlyOverUtopia+1","Body Slam+1","Shrug It Off+1","Shrug It Off","hubris:StunningStrike","Seeing Red","Reaper","Shrug It Off+1","ReplayTheSpireMod:Strike From Hell","Offering+1","Whirlwind","testmod-Arrangement+1","Feel No Pain","Shrug It Off","Second Wind","Whirlwind+1","Double Tap+1","Eclipse+1","Shockwave+1","Feel No Pain","Entrench","MostiFishMod:OrdinaryWorld+1","ReplayTheSpireMod:Corrosion Curse"],"relics":["testmod-TestBox","DaveBox","REME_ComplimentaryCards","AT_ATBox","ReplayTheSpireMod:Ring of Challenge","testmod-Recursion","Transparent","Akabeko","Dream Catcher","hubris:ChampionShield","AT_ForceNature","hubris:CuriousFeather","SynthV:TestCard","testmod-Acrobat","MawBank","Ancient Tea Set","hubris:ToyBattleship","Toy Ornithopter","Lantern","testmod-Antiphasic","AT_Kusabimaru","aspiration:HatOfInfinitePower","PageOfThreeBirds","Potion Belt","Bag of Preparation","PageOfDeadButterflies","PageOfPunishingBird","Replay:Baseball","Anchor","GodSword5","AT_BladeRuinedKing","testmod-Hope","PageOfLaetitia","Replay:Mystery Machine","ReplayTheSpireMod:Lightbulb","Ornamental Fan","PageOfSingingMachine","PageOfSpiderBud","testmod-Charity","testmod-AssaultLearning","hubris:OldNail","Blue Doll","Blood Vial","King of Hearts","Nunchaku","BrkXgEgg","ReplayTheSpireMod:Spearhead","SSSystem","Replay:WaspNest","testmod-LifeArmor","testmod-RealStoneCalender","Replay:Ringing Soul","Tiny House","AT_RedTearstoneRing","Replay:Rubber Ducky","Baka2","Whetstone","War Paint","PageOfGreed","ClockworkSouvenir","aspiration:ChemicalBlood","REME_HourglassOfDeath","testmod-OneHitWonder","MealTicket","hubris:TenFootPole","Prayer Wheel","testmod-TurbochargingSystem","Replay:Wax Seal","Matryoshka","Red Skull","PageOfQueenBee","hubris:IronBody","Onion Ring","REME_ArchaeologicalTools","Art of War","PageOfWrath","Happy Flower","Vajra","AT_ArchangelStaff","AT_BellDemon","AT_EbonyIvory","PageOfTheQueenOfHatred","PageOfTheKnightOfDespair","PageOfTheKnightOfDespair","CombinedTypeHook","PageOfNihil","testmod-RandomTest","CeramicFish","Pen Nib","Bag of Marbles","ReplayTheSpireMod:TigerMarble","ReplayFunnel","PageOfPorccubus"],"acts_visited":["Exordium","TheCity"],"potions_floor_usage":[],"damage_taken":[{"damage":44.0,"enemies":"Jaw Worm","floor":1.0,"turns":2.0},{"damage":18.0,"enemies":"Small Slimes","floor":2.0,"turns":2.0},{"damage":18.0,"enemies":"Cultist","floor":3.0,"turns":2.0},{"damage":0.0,"enemies":"Blue Slaver","floor":5.0,"turns":1.0},{"damage":0.0,"enemies":"Gremlin Nob","floor":7.0,"turns":1.0},{"damage":0.0,"enemies":"3 Louse","floor":8.0,"turns":1.0},{"damage":0.0,"enemies":"Gremlin Gang","floor":10.0,"turns":2.0},{"damage":0.0,"enemies":"Blue Slaver","floor":13.0,"turns":4.0},{"damage":0.0,"enemies":"Hexaghost","floor":16.0,"turns":2.0},{"damage":0.0,"enemies":"3 Byrds","floor":18.0,"turns":2.0},{"damage":0.0,"enemies":"Spheric Guardian","floor":20.0,"turns":1.0},{"damage":0.0,"enemies":"Shelled Parasite and Fungi","floor":21.0,"turns":1.0},{"damage":0.0,"enemies":"Centurion and Healer","floor":22.0,"turns":1.0},{"damage":0.0,"enemies":"Gremlin Leader","floor":24.0,"turns":1.0},{"damage":0.0,"enemies":"Cultist and Chosen","floor":25.0,"turns":1.0},{"damage":0.0,"enemies":"Book of Stabbing","floor":27.0,"turns":1.0},{"damage":0,"enemies":"Book of Stabbing","floor":29,"turns":1},{"damage":0,"enemies":"Centurion and Healer","floor":31,"turns":1}],"seed_played":"-4733418387992180605","potions_obtained":[{"floor":17.0,"key":"testmod-TimePotion"}],"is_trial":false,"path_per_floor":["M","M","M","?","M","R","E","M","T","M","$","?","M","$","R","B",null,"M","$","M","M","M","R","E","M","T","E","?","E","?","M"],"character_chosen":"IRONCLAD","items_purchased":["testmod-Charity","testmod-AssaultLearning","hubris:OldNail","Reaper","LiquidMemories","Explosive Potion","Energy Potion","BrkXgEgg","ReplayTheSpireMod:Spearhead","SSSystem","Shrug It Off","BloodPotion","ReplayTheSpireMod:Strike From Hell","ClockworkSouvenir","aspiration:ChemicalBlood","REME_HourglassOfDeath","testmod-Arrangement+1","Feel No Pain","Shrug It Off"],"campfire_rested":1,"item_purchase_floors":[11,11,11,11,11,11,11,14,14,14,14,14,14,19,19,19,19,19,19],"current_hp_per_floor":[80,82,82,82,82,82,82,82,82,82,82,82,98,98,98,117,123,146,149,160,174,184,184,207,221,221,236,236,253,257,258,258],"gold":5523,"neow_bonus":"TEN_PERCENT_HP_BONUS","is_daily":false,"chose_seed":false,"campfire_upgraded":1,"win_rate":0.0,"timestamp":1613657338,"path_taken":["M","M","M","?","M","R","E","M","T","M","$","?","M","$","R","BOSS","M","$","?","M","M","R","E","M","T","E","?","E","?","M"],"items_purchased_type":["Relic","Relic","Relic","Card","Potion","Potion","Potion","Relic","Relic","Relic","Card","Potion","Card","Relic","Relic","Relic","Card","Card","Card"],"build_version":"2020-12-22","purchased_purges":8,"victory":false,"max_hp_per_floor":[82,82,82,82,82,82,82,82,82,82,82,82,98,98,98,117,123,146,149,160,174,184,184,207,221,221,236,236,253,257,258,258],"card_choices":[{"not_picked":["Rupture","Run Through"],"picked":"Body Slam","floor":1.0},{"not_picked":["AT_IchimonjiDouble","ReplayReversal","Clothesline","ReplayTheSpireMod:Strike From Hell"],"picked":"Shrug It Off","floor":2.0},{"not_picked":["AT_DrawKnifeCut","Warcry","ReplayTheSpireMod:Strike From Hell","Pommel Strike"],"picked":"Shrug It Off","floor":3.0},{"not_picked":["Rupture","Clothesline","Infernal Blade","Cleave","Sword Boomerang"],"picked":"SKIP","floor":5.0},{"not_picked":["Ghostly Armor","Heavy Blade","Blood for Blood","AT_IchimonjiDouble"],"picked":"hubris:StunningStrike","floor":7.0},{"not_picked":["AT_BodySlamDance","hubris:ReadiedAction","Wild Strike","Sever Soul","Run Through"],"picked":"SKIP","floor":8.0},{"not_picked":["Sword Boomerang","Pommel Strike","hubris:SharpeningStone","Iron Wave"],"picked":"Seeing Red","floor":10.0},{"not_picked":["Headbutt","Rampage","MostiFishMod:#F4004","Clash","Perfected Strike"],"picked":"SKIP","floor":13.0},{"not_picked":["MostiFishMod:CullingBlade+1","Reaper+1","MostiFishMod:DoubleSword+1","AT_Dispersion+1"],"picked":"Offering+1","floor":16.0},{"not_picked":["Blood for Blood","Cleave","Pommel Strike+1","Dropkick+1"],"picked":"Whirlwind","floor":18.0},{"not_picked":["Body Slam","AT_GerminateFire","Metallicize","Anger","AT_BodySlamDance"],"picked":"SKIP","floor":20.0},{"not_picked":["Twin Strike","AT_BodySlamDance","Thunderclap","Iron Wave"],"picked":"Second Wind","floor":21.0},{"not_picked":["Headbutt","Cleave","Feed+1","Replay:Undeath\u0027s Touch","hubris:SharpeningStone"],"picked":"SKIP","floor":21.0},{"not_picked":["Twin Strike","Wild Strike","True Grit","Pommel Strike"],"picked":"Double Tap+1","floor":22.0},{"not_picked":["ReplayTheSpireMod:LeadingStrike","Perfected Strike","Headbutt","Replay:Undeath\u0027s Touch+1","Uppercut"],"picked":"SKIP","floor":22.0},{"not_picked":["Thunderclap","Disarm","AT_ManFootWork+1","hubris:CleavingFinish"],"picked":"Eclipse+1","floor":24.0},{"not_picked":["Twin Strike","Pommel Strike","Armaments","True Grit"],"picked":"Shockwave+1","floor":25.0},{"not_picked":["ReplayReversal","True Grit","Replay:Undeath\u0027s Touch","Headbutt+1"],"picked":"Feel No Pain","floor":25.0},{"not_picked":["Pommel Strike","hubris:ReadiedAction","Demonic Infusion+1","Perfected Strike"],"picked":"Entrench","floor":27.0},{"not_picked":["True Grit","Sword Boomerang","AT_DiedThrough","Infernal Blade","Shrug It Off"],"picked":"SKIP","floor":27.0},{"not_picked":["Cleave","REME_TheLastStrike+1","Clothesline+1","ReplayTheSpireMod:Strike From Hell+1"],"picked":"MostiFishMod:OrdinaryWorld+1","floor":29}],"player_experience":1080808,"relics_obtained":[{"floor":1.0,"key":"Akabeko"},{"floor":1.0,"key":"Dream Catcher"},{"floor":1.0,"key":"hubris:ChampionShield"},{"floor":1.0,"key":"AT_ForceNature"},{"floor":1.0,"key":"hubris:CuriousFeather"},{"floor":1.0,"key":"SynthV:TestCard"},{"floor":1.0,"key":"Baka"},{"floor":2.0,"key":"testmod-Acrobat"},{"floor":2.0,"key":"MawBank"},{"floor":2.0,"key":"Ancient Tea Set"},{"floor":2.0,"key":"hubris:ToyBattleship"},{"floor":2.0,"key":"Toy Ornithopter"},{"floor":3.0,"key":"Lantern"},{"floor":3.0,"key":"testmod-Antiphasic"},{"floor":3.0,"key":"AT_Kusabimaru"},{"floor":3.0,"key":"aspiration:HatOfInfinitePower"},{"floor":3.0,"key":"PageOfThreeBirds"},{"floor":5.0,"key":"Potion Belt"},{"floor":5.0,"key":"Bag of Preparation"},{"floor":5.0,"key":"PageOfDeadButterflies"},{"floor":5.0,"key":"PageOfPunishingBird"},{"floor":5.0,"key":"Replay:Baseball"},{"floor":7.0,"key":"Anchor"},{"floor":7.0,"key":"GodSword5"},{"floor":7.0,"key":"AT_BladeRuinedKing"},{"floor":7.0,"key":"testmod-Hope"},{"floor":7.0,"key":"PageOfLaetitia"},{"floor":10.0,"key":"Replay:Mystery Machine"},{"floor":10.0,"key":"ReplayTheSpireMod:Lightbulb"},{"floor":10.0,"key":"Ornamental Fan"},{"floor":10.0,"key":"PageOfSingingMachine"},{"floor":10.0,"key":"PageOfSpiderBud"},{"floor":13.0,"key":"Blue Doll"},{"floor":13.0,"key":"Blood Vial"},{"floor":13.0,"key":"King of Hearts"},{"floor":13.0,"key":"Nunchaku"},{"floor":16.0,"key":"Replay:WaspNest"},{"floor":16.0,"key":"testmod-LifeArmor"},{"floor":16.0,"key":"testmod-RealStoneCalender"},{"floor":16.0,"key":"Replay:Ringing Soul"},{"floor":18.0,"key":"AT_RedTearstoneRing"},{"floor":18.0,"key":"Replay:Rubber Ducky"},{"floor":18.0,"key":"Baka2"},{"floor":18.0,"key":"Whetstone"},{"floor":18.0,"key":"War Paint"},{"floor":18.0,"key":"PageOfGreed"},{"floor":20.0,"key":"testmod-OneHitWonder"},{"floor":20.0,"key":"MealTicket"},{"floor":20.0,"key":"hubris:TenFootPole"},{"floor":20.0,"key":"Prayer Wheel"},{"floor":21.0,"key":"testmod-TurbochargingSystem"},{"floor":21.0,"key":"Replay:Wax Seal"},{"floor":21.0,"key":"Matryoshka"},{"floor":21.0,"key":"Red Skull"},{"floor":21.0,"key":"PageOfQueenBee"},{"floor":22.0,"key":"hubris:IronBody"},{"floor":22.0,"key":"Onion Ring"},{"floor":22.0,"key":"REME_ArchaeologicalTools"},{"floor":22.0,"key":"Art of War"},{"floor":22.0,"key":"PageOfWrath"},{"floor":24.0,"key":"Happy Flower"},{"floor":24.0,"key":"Vajra"},{"floor":24.0,"key":"AT_ArchangelStaff"},{"floor":24.0,"key":"AT_BellDemon"},{"floor":24.0,"key":"AT_EbonyIvory"},{"floor":24.0,"key":"PageOfTheQueenOfHatred"},{"floor":26.0,"key":"PageOfTheKnightOfDespair"},{"floor":26.0,"key":"PageOfTheKnightOfDespair"},{"floor":27.0,"key":"CombinedTypeHook"},{"floor":27.0,"key":"PageOfNihil"},{"floor":29,"key":"testmod-RandomTest"},{"floor":29,"key":"CeramicFish"},{"floor":29,"key":"Pen Nib"},{"floor":29,"key":"Bag of Marbles"},{"floor":29,"key":"ReplayTheSpireMod:TigerMarble"},{"floor":29,"key":"ReplayFunnel"},{"floor":29,"key":"PageOfPorccubus"}],"event_choices":[{"cards_removed":["Strike_R"],"damage_healed":0.0,"max_hp_gain":0.0,"max_hp_loss":0.0,"gold_gain":0.0,"event_name":"Purifier","player_choice":"Purged","floor":12.0,"gold_loss":0.0,"damage_taken":0.0},{"damage_healed":0,"gold_gain":0,"player_choice":"Ignored","damage_taken":0,"max_hp_gain":0,"max_hp_loss":0,"event_name":"Cursed Tome","floor":28,"gold_loss":0},{"damage_healed":0,"gold_gain":0,"cards_transformed":["Bash"],"player_choice":"Transformed","damage_taken":0,"max_hp_gain":0,"max_hp_loss":0,"event_name":"Transmorgrifier","floor":30,"gold_loss":0,"cards_obtained":["ReplayTheSpireMod:Corrosion Curse"]}],"is_beta":false,"boss_relics":[{"not_picked":["testmod-Temperance","REME_DemonsWealth"],"picked":"Tiny House"}],"items_purged_floors":[11,11,11,11,19,19,19,19],"is_endless":false,"potions_floor_spawned":[2,3,8,21,22,25],"killed_by":"Centurion and Healer","ascension_level":20}}