{"host":"8lno9xwgef3sjccz","time":1613662553,"event":{"mods":["AchievementEnabler","BaseMod","Minty Spire (QoL Compilation)","Relic Stats"],"gold_per_floor":[109,121,140,140,154,186,186,201,271,302,321,321,92,105,105,210,210,222,235,251,261,261,261,293,293,293,318,318,45,73,87,87,189,189,205,205,219,232,282,308,308,343,343,375,375,394,426,444,444,444,444,444,17,51,51],"floor_reached":56,"language":"ENG","playtime":3485,"items_purged":["Strike_R","Strike_R","Defend_R"],"score":1521,"play_id":"6b60c11d-9de7-453c-ae53-2d5f42a66b70","local_time":"20210218103553","is_ascension_mode":true,"campfire_choices":[{"data":"Hyperbeam","floor":7,"key":"SMITH"},{"data":"Armaments","floor":12,"key":"SMITH"},{"data":"Rupture","floor":15,"key":"SMITH"},{"floor":23,"key":"REST"},{"data":"Thunderclap","floor":28,"key":"SMITH"},{"data":"Ghostly","floor":32,"key":"SMITH"},{"data":"Limit Break","floor":41,"key":"SMITH"},{"floor":49,"key":"RECALL"},{"data":"Ghostly","floor":52,"key":"SMITH"}],"circlet_count":0,"master_deck":["Strike_R","Strike_R","Strike_R","Defend_R","Bash","Wild Strike","Headbutt","Flex","Hyperbeam+1","Armaments+1","Power Through+1","Pommel Strike","Sword Boomerang","Hemokinesis","Rupture+1","Combust","Feed","Thunderclap+1","Shockwave+1","Necronomicurse","Headbutt+1","Ghostly+1","Ghostly+1","Ghostly","Ghostly","Ghostly","Perfected Strike+1","Inflame","Metallicize","Battle Trance+1","Reaper","Limit Break+1","Heavy Blade+1","Disarm+1","Double Tap","Blood for Blood+1"],"relics":["Burning Blood","Gambling Chip","Shuriken","Ginger","Philosopher\u0027s Stone","Necronomicon","Bronze Scales","The Courier","Bottled Flame","Unceasing Top","Black Star","CaptainsWheel","Lantern","Bag of Preparation","Red Skull","White Beast Statue","Eternal Feather","Vajra","Smiling Mask","FossilizedHelix","War Paint","Brimstone","Mummified Hand","Blood Vial"],"acts_visited":["Exordium","TheCity","TheBeyond","TheEnding"],"potions_floor_usage":[13,16,16,18,20,20,31,40,42,42,42,47,47,47,55,55],"damage_taken":[{"damage":1,"enemies":"Cultist","floor":1,"turns":3},{"damage":4,"enemies":"2 Louse","floor":2,"turns":3},{"damage":0,"enemies":"Small Slimes","floor":3,"turns":3},{"damage":15,"enemies":"Exordium Thugs","floor":5,"turns":4},{"damage":6,"enemies":"Gremlin Nob","floor":6,"turns":3},{"damage":0,"enemies":"Large Slime","floor":8,"turns":2},{"damage":4,"enemies":"3 Sentries","floor":10,"turns":2},{"damage":12,"enemies":"2 Fungi Beasts","floor":11,"turns":2},{"damage":12,"enemies":"Exordium Thugs","floor":14,"turns":2},{"damage":52,"enemies":"Hexaghost","floor":16,"turns":6},{"damage":31,"enemies":"3 Byrds","floor":18,"turns":3},{"damage":5,"enemies":"Chosen","floor":19,"turns":4},{"damage":20,"enemies":"Sentry and Sphere","floor":20,"turns":4},{"damage":25,"enemies":"Chosen and Byrds","floor":21,"turns":4},{"damage":7,"enemies":"Gremlin Leader","floor":24,"turns":3},{"damage":1,"enemies":"Slavers","floor":27,"turns":2},{"damage":15,"enemies":"Book of Stabbing","floor":30,"turns":4},{"damage":0,"enemies":"Centurion and Healer","floor":31,"turns":4},{"damage":5,"enemies":"Automaton","floor":33,"turns":4},{"damage":6,"enemies":"3 Shapes","floor":35,"turns":1},{"damage":0,"enemies":"3 Darklings","floor":37,"turns":1},{"damage":0,"enemies":"4 Shapes","floor":38,"turns":1},{"damage":8,"enemies":"Mind Bloom Boss Battle","floor":39,"turns":4},{"damage":14,"enemies":"Giant Head","floor":40,"turns":5},{"damage":33,"enemies":"Nemesis","floor":42,"turns":7},{"damage":17,"enemies":"Giant Head","floor":44,"turns":5},{"damage":0,"enemies":"Spire Growth","floor":46,"turns":2},{"damage":24,"enemies":"Nemesis","floor":47,"turns":3},{"damage":0,"enemies":"Sphere and 2 Shapes","floor":48,"turns":1},{"damage":38,"enemies":"Time Eater","floor":50,"turns":8},{"damage":0,"enemies":"Shield and Spear","floor":54,"turns":4},{"damage":38,"enemies":"The Heart","floor":55,"turns":5}],"seed_played":"3299939736363956300","potions_obtained":[{"floor":1,"key":"Swift Potion"},{"floor":3,"key":"Fruit Juice"},{"floor":8,"key":"BlessingOfTheForge"},{"floor":14,"key":"FearPotion"},{"floor":16,"key":"ColorlessPotion"},{"floor":19,"key":"PowerPotion"},{"floor":21,"key":"HeartOfIron"},{"floor":27,"key":"LiquidBronze"},{"floor":30,"key":"BloodPotion"},{"floor":33,"key":"Regen Potion"},{"floor":37,"key":"ColorlessPotion"},{"floor":40,"key":"SteroidPotion"},{"floor":47,"key":"Fire Potion"},{"floor":48,"key":"Energy Potion"},{"floor":54,"key":"Weak Potion"}],"is_trial":false,"path_per_floor":["M","M","M","?","M","E","R","M","T","E","M","R","$","M","R","B",null,"M","M","M","M","?","R","E","?","T","E","R","$","E","M","R","B",null,"M","?","M","M","?","E","R","E","T","E","?","M","E","M","R","B",null,"R","$","E","B",null],"character_chosen":"IRONCLAD","items_purchased":["Hemokinesis","Rupture","PowerPotion","Inflame","EntropicBrew","Metallicize","War Paint","Brimstone","Double Tap"],"campfire_rested":1,"item_purchase_floors":[13,13,13,29,29,29,53,53,53],"current_hp_per_floor":[88,88,88,88,79,79,79,85,85,87,81,81,86,80,80,34,93,71,72,58,39,23,51,50,48,48,48,48,48,39,45,45,46,48,48,46,46,46,44,36,36,22,22,53,53,53,35,41,53,21,53,53,53,53,21],"gold":51,"neow_bonus":"TEN_PERCENT_HP_BONUS","is_daily":false,"chose_seed":false,"campfire_upgraded":7,"win_rate":0.0,"timestamp":1613662553,"path_taken":["M","M","M","?","M","E","R","M","T","E","?","R","$","M","R","BOSS","M","M","M","M","?","R","E","?","T","E","R","$","E","M","R","BOSS","M","?","M","M","?","E","R","E","T","E","?","M","E","M","R","BOSS","R","$","E","BOSS"],"items_purchased_type":["Card","Card","Potion","Card","Potion","Card","Relic","Relic","Card"],"build_version":"2020-12-22","purchased_purges":3,"victory":true,"max_hp_per_floor":[88,88,88,88,88,88,88,88,88,88,88,88,93,93,93,93,93,96,96,96,96,96,96,96,48,48,48,48,48,48,48,48,48,48,48,46,46,46,46,46,46,50,50,53,53,53,53,53,53,53,53,53,53,53,53],"relic_stats":{"counters":[32,109],"Eternal Feather":12,"Bag of Preparation":[16],"Ginger":[15],"War Paint":["Power Through","Shockwave"],"Smiling Mask":50,"Burning Blood":145,"Blood Vial":0,"Shuriken":[29],"Mummified Hand":[3],"Gambling Chip":[91],"Bronze Scales":[167],"Necronomicon":[39],"Black Star":5,"obtain_stats":[{"Lantern":40,"Vajra":44,"Eternal Feather":44,"The Courier":26,"Bag of Preparation":40,"Ginger":10,"War Paint":53,"Smiling Mask":47,"Burning Blood":0,"White Beast Statue":42,"Blood Vial":54,"Bottled Flame":27,"CaptainsWheel":39,"Shuriken":9,"Brimstone":53,"Mummified Hand":54,"Gambling Chip":6,"Bronze Scales":24,"Philosopher\u0027s Stone":17,"Necronomicon":22,"Black Star":34,"Unceasing Top":30,"Red Skull":42,"FossilizedHelix":47},{"Lantern":24,"Vajra":26,"Eternal Feather":26,"The Courier":15,"Bag of Preparation":24,"Ginger":7,"War Paint":30,"Smiling Mask":28,"Burning Blood":0,"White Beast Statue":25,"Blood Vial":31,"Bottled Flame":16,"CaptainsWheel":23,"Shuriken":6,"Brimstone":30,"Mummified Hand":31,"Gambling Chip":5,"Bronze Scales":15,"Philosopher\u0027s Stone":10,"Necronomicon":14,"Black Star":19,"Unceasing Top":17,"Red Skull":25,"FossilizedHelix":28},{"Lantern":74,"Vajra":86,"Eternal Feather":86,"The Courier":48,"Bag of Preparation":74,"Ginger":20,"War Paint":100,"Smiling Mask":91,"Burning Blood":0,"White Beast Statue":81,"Blood Vial":104,"Bottled Flame":50,"CaptainsWheel":69,"Shuriken":18,"Brimstone":100,"Mummified Hand":104,"Gambling Chip":16,"Bronze Scales":48,"Philosopher\u0027s Stone":30,"Necronomicon":45,"Black Star":62,"Unceasing Top":54,"Red Skull":81,"FossilizedHelix":91}],"Unceasing Top":[0]},"card_choices":[{"not_picked":["Burning Pact","Intimidate"],"picked":"Wild Strike","floor":1},{"not_picked":["Twin Strike","Perfected Strike"],"picked":"Headbutt","floor":2},{"not_picked":["Perfected Strike","Wild Strike"],"picked":"Flex","floor":3},{"not_picked":["Bludgeon","Clothesline"],"picked":"Armaments","floor":5},{"not_picked":["Shrug It Off","Fire Breathing"],"picked":"Power Through","floor":6},{"not_picked":["Second Wind","Hemokinesis"],"picked":"Pommel Strike","floor":8},{"not_picked":["Blood for Blood","Warcry"],"picked":"Sword Boomerang","floor":10},{"not_picked":["Carnage","Flame Barrier","Headbutt"],"picked":"SKIP","floor":11},{"not_picked":["Flex","Havoc"],"picked":"Combust","floor":14},{"not_picked":["Reaper","Brutality"],"picked":"Feed","floor":16},{"not_picked":["Havoc","Sentinel","Carnage+1"],"picked":"SKIP","floor":18},{"not_picked":["Headbutt","Clash"],"picked":"Thunderclap","floor":19},{"not_picked":["Body Slam","Sword Boomerang"],"picked":"Shockwave","floor":20},{"not_picked":["Clash","True Grit","Body Slam"],"picked":"SKIP","floor":21},{"not_picked":["Warcry","Iron Wave+1"],"picked":"Headbutt+1","floor":24},{"not_picked":["Sentinel+1","Reaper"],"picked":"Perfected Strike+1","floor":27},{"not_picked":["Havoc+1","Shrug It Off"],"picked":"Battle Trance+1","floor":30},{"not_picked":["Clash","Spot Weakness","Blood for Blood"],"picked":"SKIP","floor":31},{"not_picked":["Double Tap","Impervious"],"picked":"Reaper","floor":33},{"not_picked":["Wild Strike+1","Iron Wave","Hemokinesis"],"picked":"SKIP","floor":35},{"not_picked":["Shockwave","Iron Wave","Dual Wield"],"picked":"SKIP","floor":37},{"not_picked":["Dropkick","Armaments","Pommel Strike"],"picked":"SKIP","floor":38},{"not_picked":["Flame Barrier","Perfected Strike+1"],"picked":"Limit Break","floor":40},{"not_picked":["Wild Strike+1","Shrug It Off","Blood for Blood+1"],"picked":"SKIP","floor":42},{"not_picked":["Sword Boomerang","Wild Strike"],"picked":"Heavy Blade+1","floor":44},{"not_picked":["Perfected Strike","Headbutt+1","Shrug It Off"],"picked":"SKIP","floor":46},{"not_picked":["Iron Wave","Pommel Strike","Sever Soul+1"],"picked":"SKIP","floor":47},{"not_picked":["Havoc+1","Perfected Strike+1"],"picked":"Disarm+1","floor":48},{"not_picked":["Shrug It Off+1","Carnage+1"],"picked":"Blood for Blood+1","floor":54}],"player_experience":129835,"relics_obtained":[{"floor":6,"key":"Gambling Chip"},{"floor":9,"key":"Shuriken"},{"floor":10,"key":"Ginger"},{"floor":22,"key":"Necronomicon"},{"floor":24,"key":"Bronze Scales"},{"floor":26,"key":"The Courier"},{"floor":27,"key":"Bottled Flame"},{"floor":30,"key":"Unceasing Top"},{"floor":39,"key":"CaptainsWheel"},{"floor":40,"key":"Lantern"},{"floor":40,"key":"Bag of Preparation"},{"floor":42,"key":"Red Skull"},{"floor":42,"key":"White Beast Statue"},{"floor":44,"key":"Eternal Feather"},{"floor":44,"key":"Vajra"},{"floor":47,"key":"Smiling Mask"},{"floor":47,"key":"FossilizedHelix"},{"floor":54,"key":"Mummified Hand"},{"floor":54,"key":"Blood Vial"}],"event_choices":[{"cards_removed":["Defend_R"],"damage_healed":0,"gold_gain":0,"player_choice":"Took Card","damage_taken":0,"max_hp_gain":0,"max_hp_loss":0,"event_name":"NoteForYourself","floor":4,"gold_loss":0,"cards_obtained":["Hyperbeam"]},{"damage_healed":0,"gold_gain":0,"player_choice":"Obtained Book","damage_taken":16,"max_hp_gain":0,"max_hp_loss":0,"event_name":"Cursed Tome","floor":22,"gold_loss":0},{"damage_healed":0,"gold_gain":0,"player_choice":"Became a Ghost","damage_taken":0,"max_hp_gain":0,"max_hp_loss":48,"event_name":"Ghosts","floor":25,"gold_loss":0,"cards_obtained":["Ghostly","Ghostly","Ghostly","Ghostly","Ghostly"]},{"damage_healed":0,"gold_gain":0,"player_choice":"Max HP","damage_taken":0,"max_hp_gain":0,"max_hp_loss":2,"event_name":"Winding Halls","floor":36,"gold_loss":0},{"damage_healed":0,"gold_gain":0,"player_choice":"Fight","damage_taken":0,"max_hp_gain":0,"max_hp_loss":0,"event_name":"MindBloom","floor":39,"gold_loss":0},{"cards_removed":["Defend_R"],"damage_healed":0,"gold_gain":0,"player_choice":"Removed Skill","damage_taken":0,"max_hp_gain":0,"max_hp_loss":0,"event_name":"Falling","floor":45,"gold_loss":0}],"is_beta":false,"boss_relics":[{"not_picked":["Cursed Key","Snecko Eye"],"picked":"Philosopher\u0027s Stone"},{"not_picked":["SlaversCollar","SacredBark"],"picked":"Black Star"}],"items_purged_floors":[13,29,53],"is_endless":false,"potions_floor_spawned":[1,3,8,14,16,19,21,27,30,33,37,39,40,42,44,46,47,48,54],"ascension_level":1}}