{"host":"19r1ww88x2tc73i0","time":1613630462,"event":{"mods":["BaseMod","BetterRewards","Colored Map","Minty Spire (QoL Compilation)","Relic Stats","StSLib","SuperFastMode","slay the spire mod where everything is the same but ironclad has a cowboy hat"],"gold_per_floor":[118,129,140,140,156,186,186,219,219,219,251,267,301,43,43,121,121,140,160,174,194,212,212,212,247,247,247,257,283,293,343,343,417,417,428,447,459,459,476,476,504,514,514,514,547,566,566,601,601,601,601,601,601,9,44,44,44],"floor_reached":56,"language":"ENG","playtime":3430,"items_purged":["Defend_R"],"score":2597,"play_id":"7214af59-587c-464e-9866-806f3de1d354","local_time":"25640218134102","is_ascension_mode":true,"campfire_choices":[{"data":"Flex","floor":7.0,"key":"SMITH"},{"data":"Bash","floor":10.0,"key":"SMITH"},{"data":"Apotheosis","floor":15.0,"key":"SMITH"},{"data":"Brutality","floor":23.0,"key":"SMITH"},{"data":"Battle Trance","floor":27.0,"key":"SMITH"},{"data":"Demon Form","floor":32.0,"key":"SMITH"},{"data":"Offering","floor":40.0,"key":"SMITH"},{"data":"Limit Break","floor":44.0,"key":"SMITH"},{"data":"Burning Pact","floor":47.0,"key":"SMITH"},{"floor":49.0,"key":"RECALL"},{"data":"Inflame","floor":53.0,"key":"SMITH"}],"circlet_count":0,"master_deck":["AscendersBane","Strike_R","Strike_R","Strike_R","Strike_R","Strike_R","Defend_R","Defend_R","Defend_R","Bash+1","Thunderclap","Flex+1","Seeing Red","Brutality+1","Pommel Strike","Sword Boomerang","Spot Weakness","Ghostly Armor","Battle Trance+1","Whirlwind","Anger","Shrug It Off","Apotheosis+1","Fiend Fire","Disarm","Flex","Disarm","Inflame+1","Flame Barrier","Burning Pact+1","Warcry+1","Reaper","Demon Form+1","Offering+1","Feel No Pain","Evolve+1","Sentinel+1","Pummel","Feed","Dark Embrace+1","Limit Break+1","Seeing Red+1","Heavy Blade","Barricade"],"relics":["Burning Blood","Omamori","Prayer Wheel","Strange Spoon","Pen Nib","Strawberry","Paper Frog","Pocketwatch","HornCleat","Coffee Dripper","Regal Pillow","White Beast Statue","Runic Cube","Ancient Tea Set","Ornamental Fan","Bag of Preparation","Blue Candle","Bird Faced Urn","ClockworkSouvenir","Gremlin Horn"],"acts_visited":["Exordium","TheCity","TheBeyond","TheEnding"],"potions_floor_usage":[56],"damage_taken":[{"damage":6.0,"enemies":"2 Louse","floor":1.0,"turns":4.0},{"damage":6.0,"enemies":"Cultist","floor":2.0,"turns":4.0},{"damage":11.0,"enemies":"Small Slimes","floor":3.0,"turns":3.0},{"damage":11.0,"enemies":"Exordium Wildlife","floor":5.0,"turns":5.0},{"damage":36.0,"enemies":"Gremlin Nob","floor":6.0,"turns":4.0},{"damage":18.0,"enemies":"Lagavulin","floor":8.0,"turns":5.0},{"damage":1.0,"enemies":"Gremlin Nob","floor":11.0,"turns":3.0},{"damage":0.0,"enemies":"Gremlin Gang","floor":12.0,"turns":2.0},{"damage":25.0,"enemies":"3 Sentries","floor":13.0,"turns":3.0},{"damage":16.0,"enemies":"The Guardian","floor":16.0,"turns":8.0},{"damage":13.0,"enemies":"3 Byrds","floor":18.0,"turns":2.0},{"damage":16.0,"enemies":"Shell Parasite","floor":19.0,"turns":3.0},{"damage":0.0,"enemies":"Cultist and Chosen","floor":20.0,"turns":3.0},{"damage":15.0,"enemies":"Snake Plant","floor":21.0,"turns":4.0},{"damage":0.0,"enemies":"Snecko","floor":22.0,"turns":3.0},{"damage":2.0,"enemies":"Gremlin Leader","floor":25.0,"turns":3.0},{"damage":12.0,"enemies":"Shelled Parasite and Fungi","floor":28.0,"turns":3.0},{"damage":11.0,"enemies":"Book of Stabbing","floor":29.0,"turns":4.0},{"damage":7.0,"enemies":"Snake Plant","floor":30.0,"turns":5.0},{"damage":45.0,"enemies":"Champ","floor":33.0,"turns":7.0},{"damage":31.0,"enemies":"Orb Walker","floor":35.0,"turns":5.0},{"damage":19.0,"enemies":"3 Shapes","floor":36.0,"turns":7.0},{"damage":27.0,"enemies":"Transient","floor":37.0,"turns":6.0},{"damage":8.0,"enemies":"Sphere and 2 Shapes","floor":39.0,"turns":3.0},{"damage":36.0,"enemies":"Reptomancer","floor":41.0,"turns":3.0},{"damage":81.0,"enemies":"3 Darklings","floor":42.0,"turns":7.0},{"damage":30.0,"enemies":"Giant Head","floor":45.0,"turns":5.0},{"damage":8.0,"enemies":"Maw","floor":46.0,"turns":3.0},{"damage":3.0,"enemies":"Nemesis","floor":48.0,"turns":3.0},{"damage":113.0,"enemies":"Time Eater","floor":50.0,"turns":7.0},{"damage":59.0,"enemies":"Donu and Deca","floor":51.0,"turns":4.0},{"damage":65.0,"enemies":"Shield and Spear","floor":55.0,"turns":5.0},{"damage":75,"enemies":"The Heart","floor":56,"turns":5}],"seed_played":"-3666999238086829097","potions_obtained":[{"floor":2.0,"key":"SteroidPotion"},{"floor":6.0,"key":"Explosive Potion"},{"floor":12.0,"key":"PowerPotion"},{"floor":13.0,"key":"Ancient Potion"},{"floor":16.0,"key":"Fire Potion"},{"floor":22.0,"key":"Energy Potion"},{"floor":28.0,"key":"Swift Potion"},{"floor":30.0,"key":"LiquidMemories"},{"floor":33.0,"key":"EssenceOfSteel"},{"floor":36.0,"key":"FearPotion"},{"floor":37.0,"key":"FairyPotion"},{"floor":39.0,"key":"EntropicBrew"},{"floor":55.0,"key":"Fruit Juice"}],"is_trial":false,"path_per_floor":["M","M","M","?","M","E","R","E","T","R","E","M","E","$","R","B",null,"M","M","M","M","M","R","?","E","T","R","M","E","M","?","R","B",null,"M","M","M","?","M","R","E","M","T","R","E","M","R","E","R","B","B",null,"R","$","E","B"],"character_chosen":"IRONCLAD","items_purchased":["Omamori","Prayer Wheel","EntropicBrew","Strange Spoon","Apotheosis","Bird Faced Urn","ClockworkSouvenir","BloodPotion","Heavy Blade"],"campfire_rested":0,"item_purchase_floors":[0,0,0,0,14,54,54,54,54],"current_hp_per_floor":[68,68,63,59,54,39,39,34,34,34,39,45,26,26,26,16,66,59,49,55,46,52,52,52,56,56,56,50,45,53,53,53,75,80,60,72,82,82,84,84,77,60,60,60,71,86,86,86,86,30,86,86,86,86,46,0,0],"gold":44,"neow_bonus":"","is_daily":false,"chose_seed":false,"campfire_upgraded":10,"win_rate":0.0,"timestamp":1613630462,"path_taken":["M","M","M","?","M","E","R","E","T","R","E","M","E","?","R","BOSS","M","?","M","M","M","R","?","E","T","R","M","E","M","?","R","BOSS","M","?","M","?","M","R","E","M","T","R","E","?","R","E","R","BOSS","BOSS","R","$","E","BOSS"],"items_purchased_type":["Relic","Relic","Potion","Relic","Card","Relic","Relic","Potion","Card"],"build_version":"2020-12-22","purchased_purges":1,"victory":false,"max_hp_per_floor":[75,75,75,75,75,75,75,82,82,82,82,82,82,82,82,82,82,82,82,82,82,82,82,82,82,82,82,82,82,82,82,82,82,82,82,82,82,82,86,86,86,86,86,86,86,86,86,86,86,86,86,86,86,86,91,91,91],"relic_stats":{"Regal Pillow":0,"Gremlin Horn":[0,0],"counters":[55,230],"Blue Candle":[0],"Pen Nib":[17],"Bag of Preparation":[12],"Burning Blood":303,"Strange Spoon":[83],"Ornamental Fan":[36],"Bird Faced Urn":[12],"Prayer Wheel":18,"obtain_stats":[{"Lantern":43,"Regal Pillow":25,"Gremlin Horn":55,"CeramicFish":3,"Bag of Preparation":45,"Ancient Tea Set":41,"Burning Blood":0,"Old Coin":41,"ClockworkSouvenir":54,"Matryoshka":28,"HornCleat":13,"Strawberry":8,"Prayer Wheel":0,"InkBottle":26,"Red Skull":39,"Runic Pyramid":17,"Paper Frog":9,"Runic Cube":34,"NeowsBlessing":0,"Self Forming Clay":23,"Blue Candle":48,"Oddly Smooth Stone":8,"Charon\u0027s Ashes":47,"Pen Nib":6,"Omamori":0,"War Paint":9,"Medical Kit":27,"Akabeko":12,"White Beast Statue":31,"Strange Spoon":0,"Ornamental Fan":43,"Bird Faced Urn":54,"Molten Egg 2":10,"Pandora\u0027s Box":34,"Coffee Dripper":17,"Pocketwatch":11},{"Lantern":18,"Regal Pillow":38,"Gremlin Horn":54,"CeramicFish":1,"Bag of Preparation":49,"Ancient Tea Set":47,"Burning Blood":0,"Old Coin":18,"ClockworkSouvenir":53,"Matryoshka":12,"HornCleat":31,"Strawberry":28,"Prayer Wheel":22,"InkBottle":11,"Red Skull":17,"Runic Pyramid":6,"Paper Frog":28,"Runic Cube":42,"NeowsBlessing":0,"Self Forming Clay":10,"Blue Candle":51,"Oddly Smooth Stone":3,"Charon\u0027s Ashes":20,"Pen Nib":27,"Omamori":22,"War Paint":3,"Medical Kit":11,"Akabeko":4,"White Beast Statue":14,"Strange Spoon":22,"Ornamental Fan":48,"Bird Faced Urn":53,"Molten Egg 2":3,"Pandora\u0027s Box":15,"Coffee Dripper":32,"Pocketwatch":29},{"Lantern":75,"Regal Pillow":148,"Gremlin Horn":225,"CeramicFish":1,"Bag of Preparation":203,"Ancient Tea Set":191,"Burning Blood":0,"Old Coin":75,"ClockworkSouvenir":220,"Matryoshka":45,"HornCleat":122,"Strawberry":114,"Prayer Wheel":89,"InkBottle":39,"Red Skull":70,"Runic Pyramid":21,"Paper Frog":114,"Runic Cube":167,"NeowsBlessing":0,"Self Forming Clay":35,"Blue Candle":209,"Oddly Smooth Stone":3,"Charon\u0027s Ashes":84,"Pen Nib":109,"Omamori":89,"War Paint":3,"Medical Kit":39,"Akabeko":10,"White Beast Statue":52,"Strange Spoon":89,"Ornamental Fan":198,"Bird Faced Urn":220,"Molten Egg 2":3,"Pandora\u0027s Box":63,"Coffee Dripper":130,"Pocketwatch":117}],"Pocketwatch":[120],"Runic Cube":[93]},"card_choices":[{"not_picked":["Heavy Blade","Power Through"],"picked":"Thunderclap","floor":1.0},{"not_picked":["Clothesline","Havoc"],"picked":"Flex","floor":1.0},{"not_picked":["True Grit","Perfected Strike"],"picked":"Seeing Red","floor":2.0},{"not_picked":["Warcry","Dual Wield","Havoc"],"picked":"SKIP","floor":2.0},{"not_picked":["Thunderclap","Cleave"],"picked":"Brutality","floor":3.0},{"not_picked":["Combust","Sentinel"],"picked":"Pommel Strike","floor":3.0},{"not_picked":["Wild Strike","True Grit"],"picked":"Sword Boomerang","floor":5.0},{"not_picked":["Combust","True Grit"],"picked":"Spot Weakness","floor":5.0},{"not_picked":["Heavy Blade","Entrench","Body Slam"],"picked":"SKIP","floor":6.0},{"not_picked":["Hemokinesis","Blood for Blood"],"picked":"Ghostly Armor","floor":8.0},{"not_picked":["Burning Pact","Twin Strike"],"picked":"Battle Trance","floor":11.0},{"not_picked":["Feed","Dual Wield"],"picked":"Whirlwind","floor":12.0},{"not_picked":["Heavy Blade","Havoc"],"picked":"Anger","floor":12.0},{"not_picked":["Havoc","True Grit"],"picked":"Shrug It Off","floor":13.0},{"not_picked":["Immolate","Feed"],"picked":"Fiend Fire","floor":16.0},{"not_picked":["Cleave","Sword Boomerang"],"picked":"Disarm","floor":18.0},{"not_picked":["Combust","Clothesline","Armaments"],"picked":"SKIP","floor":18.0},{"not_picked":["Twin Strike","Entrench"],"picked":"Flex","floor":19.0},{"not_picked":["Juggernaut","Perfected Strike","Evolve"],"picked":"SKIP","floor":19.0},{"not_picked":["Juggernaut","Searing Blow"],"picked":"Disarm","floor":20.0},{"not_picked":["Wild Strike","Pommel Strike","Havoc"],"picked":"SKIP","floor":20.0},{"not_picked":["Clash","Body Slam+1"],"picked":"Inflame","floor":21.0},{"not_picked":["Headbutt","Sword Boomerang+1"],"picked":"Flame Barrier","floor":21.0},{"not_picked":["Wild Strike","Flex"],"picked":"Burning Pact","floor":22.0},{"not_picked":["Cleave","Battle Trance","Thunderclap+1"],"picked":"SKIP","floor":22.0},{"not_picked":["Infernal Blade","Sever Soul"],"picked":"Warcry+1","floor":25.0},{"not_picked":["Cleave","Twin Strike","Perfected Strike"],"picked":"SKIP","floor":28.0},{"not_picked":["Searing Blow+1","Armaments","Body Slam"],"picked":"SKIP","floor":28.0},{"not_picked":["Iron Wave+1","Clothesline"],"picked":"Reaper","floor":29.0},{"not_picked":["True Grit","Clothesline"],"picked":"Demon Form","floor":30.0},{"not_picked":["Headbutt","True Grit","Fire Breathing"],"picked":"SKIP","floor":30.0},{"not_picked":["Limit Break","Reaper"],"picked":"Offering","floor":33.0},{"not_picked":["Shockwave","Infernal Blade+1"],"picked":"Feel No Pain","floor":35.0},{"not_picked":["Pommel Strike+1","Havoc"],"picked":"Evolve+1","floor":35.0},{"not_picked":["Armaments","Pommel Strike"],"picked":"Sentinel+1","floor":36.0},{"not_picked":["Blood for Blood","Heavy Blade"],"picked":"Pummel","floor":36.0},{"not_picked":["Armaments","Iron Wave","Perfected Strike+1"],"picked":"SKIP","floor":37.0},{"not_picked":["Heavy Blade","Searing Blow","Clothesline"],"picked":"SKIP","floor":37.0},{"not_picked":["Reckless Charge","Warcry+1"],"picked":"Dark Embrace+1","floor":39.0},{"not_picked":["Blood for Blood","Sentinel","Perfected Strike"],"picked":"SKIP","floor":39.0},{"not_picked":["Blood for Blood","Sentinel","Perfected Strike"],"picked":"SKIP","floor":39.0},{"not_picked":["Seeing Red","Whirlwind"],"picked":"Limit Break","floor":41.0},{"not_picked":["Headbutt","Cleave","Warcry"],"picked":"SKIP","floor":42.0},{"not_picked":["Armaments","Pommel Strike","Anger"],"picked":"SKIP","floor":42.0},{"not_picked":["Shrug It Off","Immolate"],"picked":"Seeing Red+1","floor":45.0},{"not_picked":["Thunderclap","Armaments","Twin Strike"],"picked":"SKIP","floor":46.0},{"not_picked":["Anger","Thunderclap+1","Shrug It Off"],"picked":"SKIP","floor":46.0},{"not_picked":["True Grit","Armaments","Dropkick"],"picked":"SKIP","floor":48.0},{"not_picked":["Uppercut+1","Disarm+1"],"picked":"Barricade","floor":55.0}],"player_experience":1117331,"relics_obtained":[{"floor":6.0,"key":"Pen Nib"},{"floor":8.0,"key":"Strawberry"},{"floor":9.0,"key":"Paper Frog"},{"floor":11.0,"key":"Pocketwatch"},{"floor":13.0,"key":"HornCleat"},{"floor":25.0,"key":"Regal Pillow"},{"floor":29.0,"key":"White Beast Statue"},{"floor":41.0,"key":"Ancient Tea Set"},{"floor":43.0,"key":"Ornamental Fan"},{"floor":45.0,"key":"Bag of Preparation"},{"floor":48.0,"key":"Blue Candle"},{"floor":55.0,"key":"Gremlin Horn"}],"event_choices":[{"damage_healed":0.0,"max_hp_gain":0.0,"max_hp_loss":0.0,"gold_gain":0.0,"event_name":"The Woman in Blue","player_choice":"Bought 0 Potions","floor":4.0,"gold_loss":0.0,"damage_taken":0.0},{"damage_healed":0.0,"max_hp_gain":0.0,"max_hp_loss":0.0,"gold_gain":0.0,"event_name":"The Mausoleum","player_choice":"Ignored","floor":24.0,"gold_loss":0.0,"damage_taken":0.0},{"damage_healed":0.0,"max_hp_gain":0.0,"max_hp_loss":0.0,"gold_gain":100.0,"event_name":"The Joust","player_choice":"Bet on Murderer","floor":31.0,"gold_loss":50.0,"damage_taken":0.0},{"damage_healed":0.0,"max_hp_gain":0.0,"max_hp_loss":0.0,"gold_gain":0.0,"event_name":"Match and Keep!","player_choice":"1 cards matched","floor":38.0,"gold_loss":0.0,"damage_taken":0.0,"cards_obtained":["Feed"]}],"is_beta":false,"boss_relics":[{"not_picked":["Velvet Choker","SlaversCollar"],"picked":"Coffee Dripper"},{"not_picked":["Snecko Eye","Black Blood"],"picked":"Runic Cube"}],"items_purged_floors":[14],"is_endless":false,"potions_floor_spawned":[2,6,12,13,16,22,25,28,30,33,35,36,37,39,41,42,45,46,48,55],"killed_by":"The Heart","ascension_level":20}}