{"host":"w2kjv12xyhtt0cv2","time":1613672322,"event":{"mods":["100% Spire Juice","Act Like it!","BaseMod","Colored Map","Friendly Minions","Gensokyo","GifTheSpireLib","Highlight Path","Hubris","Marisa（F雨　魔理沙）","Minty Spire (QoL Compilation)","Prisma Mod","Quick Restart","Reimu（博丽灵梦）","Relic Stats","Reliquary","Replay The Spire","Robot Space Explorer","RumiaBox-露米娅的神秘盒子","Shop Mod","Spicy Shops","StSLib","The Bug Knight","The Cursed","The Dragon Tamer","The Servant 0.9.4","UnlockEverythingMod","Waifu the Spire","[功能]功能增强和修复MOD","【功能Mod】Neow奖励","【遗物卡牌】REMEMod","没有小屋子和绿帽子啦"],"gold_per_floor":[210,11,11,11,21,52,2,2,2,30,30,53,66,110,110,231,231,251,251,116,134,134,147,182,182,182,205,238,109,109,128,128,158,158,181,181,91,106,66,99,112,155,155,167,222,40,40,54,54,54,54,54,429,465,465],"floor_reached":56,"language":"ZHS","playtime":4769,"items_purged":["HollowMod:NailStrikeStart","HollowMod:SiblingsShadow"],"score":1689,"play_id":"17233195-c527-460b-8a27-24c9121912fe","local_time":"20210219021842","is_ascension_mode":false,"campfire_choices":[{"data":"HollowMod:HuntersJournal","floor":15.0,"key":"SMITH"},{"data":"HollowMod:HuntersJournal","floor":30.0,"key":"SMITH"},{"floor":32.0,"key":"DIG"},{"data":"HollowMod:HornetsHelp","floor":44.0,"key":"SMITH"},{"floor":49.0,"key":"RECALL"},{"floor":52.0,"key":"REST"}],"circlet_count":0,"master_deck":["HollowMod:FocusHealStart+1","HollowMod:PogoStrike+1","PrismaMod:IllyaInstallArcher","HollowMod:HuntersJournal+1","HollowMod:HuntersJournal+1","HollowMod:LifebloodCore+1","HollowMod:CycloneSlash+1","HollowMod:DashSlash+1","HollowMod:HeavyBlow+1","HollowMod:NewLittleFool+1","HollowMod:DoubleDash+1","HollowMod:TaintedHusks+1","HollowMod:SiblingsSouls+1","HollowMod:MonarchWings+1","HollowMod:DoubleDash+1","HollowMod:HuntersJournal+1","HollowMod:DescendingDark+1","HollowMod:CrystalDash+1","HollowMod:HornetsHelp+1","HollowMod:DoubleDash+1","HollowMod:GreatSlash+1","HollowMod:MonarchWings","HollowMod:MawleksShell","HollowMod:InfectedCysts+1"],"relics":["HollowMod:VesselMask","REME_ComplimentaryCards","Replay:Mystery Machine","hubris:MysteriousPyramids","Ccalipers","GodSword7","Golden Idol","GodSword3","Replay:Drink Me","Orrery","GodSword6","Simple Rune","hubris:GlazedTorus","reliquary:BrokenClock","Matryoshka","AddBug","hubris:GlazedTorus","hubris:SlimyHat","MawBank","Ginger","ZombieArmy","Whetstone","REME_CardOfGreed","hubris:Icosahedron","hubris:NiceRug","reliquary:Boomerang","HollowMod:LifeEnderRelic","Sling","GodSword5","MagicDraw2","Membership Card","hubris:DeckOfHolding"],"acts_visited":["Exordium","TheCity","TheBeyond","TheEnding"],"potions_floor_usage":[55,55,55],"damage_taken":[{"damage":8.0,"enemies":"Jaw Worm","floor":1.0,"turns":4.0},{"damage":1.0,"enemies":"Small Slimes","floor":5.0,"turns":3.0},{"damage":15.0,"enemies":"3 Sentries","floor":6.0,"turns":5.0},{"damage":0.0,"enemies":"Lagavulin","floor":10.0,"turns":5.0},{"damage":0.0,"enemies":"Cultist","floor":13.0,"turns":3.0},{"damage":2.0,"enemies":"3 Sentries","floor":14.0,"turns":6.0},{"damage":6.0,"enemies":"Hexaghost","floor":16.0,"turns":7.0},{"damage":5.0,"enemies":"2 Thieves","floor":18.0,"turns":4.0},{"damage":20.0,"enemies":"Chosen","floor":21.0,"turns":5.0},{"damage":0.0,"enemies":"Sentry and Sphere","floor":23.0,"turns":4.0},{"damage":0.0,"enemies":"REME_1_Revenger","floor":24.0,"turns":5.0},{"damage":0.0,"enemies":"3 Cultists","floor":27.0,"turns":4.0},{"damage":0.0,"enemies":"Replay:Snechameleon","floor":28.0,"turns":5.0},{"damage":0.0,"enemies":"Centurion and Healer","floor":31.0,"turns":5.0},{"damage":0.0,"enemies":"Pondfish","floor":33.0,"turns":8.0},{"damage":0.0,"enemies":"3 Darklings","floor":35.0,"turns":5.0},{"damage":0.0,"enemies":"3 Shapes","floor":38.0,"turns":3.0},{"damage":0.0,"enemies":"Giant Head","floor":40.0,"turns":6.0},{"damage":0.0,"enemies":"Spire Growth","floor":41.0,"turns":3.0},{"damage":0.0,"enemies":"R_Hoarder","floor":42.0,"turns":7.0},{"damage":0.0,"enemies":"Nemesis","floor":45.0,"turns":9.0},{"damage":0.0,"enemies":"Jaw Worm Horde","floor":48.0,"turns":1.0},{"damage":0.0,"enemies":"Awakened One","floor":50.0,"turns":5.0},{"damage":0.0,"enemies":"hubris:Merchant","floor":53.0,"turns":5.0},{"damage":0,"enemies":"Shield and Spear","floor":54,"turns":4},{"damage":0,"enemies":"The Heart","floor":55,"turns":6}],"seed_played":"4150219596703292503","potions_obtained":[{"floor":5.0,"key":"PowerPotion"},{"floor":6.0,"key":"Elixir"},{"floor":10.0,"key":"Toxic Potion"},{"floor":13.0,"key":"Languid Potion"},{"floor":25.0,"key":"Adrenaline Potion"},{"floor":25.0,"key":"BlessingOfTheForge"},{"floor":27.0,"key":"Weak Potion"},{"floor":28.0,"key":"Swift Potion"},{"floor":31.0,"key":"REME_GoldPotion"},{"floor":35.0,"key":"Weak Potion"},{"floor":40.0,"key":"FearPotion"},{"floor":48.0,"key":"PowerPotion"},{"floor":53,"key":"FearPotion"}],"is_trial":false,"path_per_floor":["M","$","?","?","M","E","?","?","T","E","?","T","M","E","R","B",null,"M","?","$","M","?","M","E","?","T","M","E","$","R","M","R_BF","B",null,"M","?","$","M","?","E","M","E","T","R","E","$","?","M","R_BF","B",null,"R","$","E","B",null],"character_chosen":"THE_BUGKNIGHT","items_purchased":["Replay:Mystery Machine","Orrery","reliquary:BrokenClock","Whetstone","REME_CardOfGreed"],"campfire_rested":1,"item_purchase_floors":[2,20,29,46,46],"current_hp_per_floor":[67,67,67,67,72,69,69,69,69,75,69,69,69,67,67,67,52,52,52,52,52,52,52,52,52,52,52,52,52,52,52,52,52,52,52,52,52,52,52,52,52,52,52,52,52,52,52,52,52,52,52,52,52,52,52],"gold":465,"neow_bonus":"HUNDRED_GOLD","is_daily":false,"chose_seed":false,"campfire_upgraded":3,"win_rate":0.0,"timestamp":1613672322,"path_taken":["M","$","?","?","?","E","?","?","T","E","?","?","M","E","R","BOSS","M","?","$","?","?","?","E","?","T","M","E","?","R","M","R_BF","BOSS","M","?","$","?","?","E","?","E","T","R","E","?","?","M","R_BF","BOSS","R","$","E","BOSS"],"items_purchased_type":["Relic","Relic","Relic","Relic","Relic"],"build_version":"2020-12-22","purchased_purges":2,"victory":true,"max_hp_per_floor":[75,75,75,75,75,75,75,75,75,75,69,69,69,69,69,69,52,52,52,52,52,52,52,52,52,52,52,52,52,52,52,52,52,52,52,52,52,52,52,52,52,52,52,52,52,52,52,52,52,52,52,52,52,52,52],"relic_stats":{"counters":[26,127],"Golden Idol":417,"Ginger":[2],"Whetstone":["HollowMod:CycloneSlash","HollowMod:NewLittleFool"],"MawBank":36,"obtain_stats":[{"reliquary:Boomerang":53,"HollowMod:VesselMask":0,"hubris:SlimyHat":42,"Ginger":43,"Whetstone":46,"Replay:Mystery Machine":2,"hubris:MysteriousPyramids":6,"Sling":53,"MagicDraw2":53,"Matryoshka":32,"hubris:Icosahedron":47,"Ccalipers":9,"hubris:DeckOfHolding":54,"Replay:Drink Me":17,"hubris:GlazedTorus":28,"ZombieArmy":45,"HollowMod:LifeEnderRelic":53,"Golden Idol":11,"AddBug":34,"MawBank":43,"Orrery":20,"Simple Rune":26,"GodSword7":10,"GodSword6":24,"reliquary:BrokenClock":29,"REME_CardOfGreed":46,"GodSword5":53,"Membership Card":53,"GodSword3":14,"REME_ComplimentaryCards":0,"hubris:NiceRug":53},{"reliquary:Boomerang":24,"HollowMod:VesselMask":0,"hubris:SlimyHat":20,"Ginger":20,"Whetstone":21,"Replay:Mystery Machine":1,"hubris:MysteriousPyramids":3,"Sling":24,"MagicDraw2":24,"Matryoshka":14,"hubris:Icosahedron":21,"Ccalipers":3,"hubris:DeckOfHolding":25,"Replay:Drink Me":7,"hubris:GlazedTorus":13,"ZombieArmy":21,"HollowMod:LifeEnderRelic":24,"Golden Idol":4,"AddBug":15,"MawBank":20,"Orrery":8,"Simple Rune":11,"GodSword7":4,"GodSword6":11,"reliquary:BrokenClock":13,"REME_CardOfGreed":21,"GodSword5":24,"Membership Card":24,"GodSword3":6,"REME_ComplimentaryCards":0,"hubris:NiceRug":24},{"reliquary:Boomerang":117,"HollowMod:VesselMask":0,"hubris:SlimyHat":97,"Ginger":97,"Whetstone":106,"Replay:Mystery Machine":4,"hubris:MysteriousPyramids":12,"Sling":117,"MagicDraw2":117,"Matryoshka":65,"hubris:Icosahedron":106,"Ccalipers":12,"hubris:DeckOfHolding":121,"Replay:Drink Me":33,"hubris:GlazedTorus":60,"ZombieArmy":106,"HollowMod:LifeEnderRelic":117,"Golden Idol":17,"AddBug":73,"MawBank":97,"Orrery":37,"Simple Rune":51,"GodSword7":17,"GodSword6":51,"reliquary:BrokenClock":60,"REME_CardOfGreed":106,"GodSword5":117,"Membership Card":117,"GodSword3":26,"REME_ComplimentaryCards":0,"hubris:NiceRug":117}]},"card_choices":[{"not_picked":["HollowMod:SoulVessel","HollowMod:DashSlash"],"picked":"HollowMod:FallenFury","floor":1.0},{"not_picked":["HollowMod:PerfectDash","HollowMod:InfectedCysts","HollowMod:DoubleDash"],"picked":"SKIP","floor":5.0},{"not_picked":["HollowMod:DoubleDash","HollowMod:MothsMistake"],"picked":"HollowMod:HuntersJournal","floor":6.0},{"not_picked":["HollowMod:SiblingsSouls","HollowMod:ChannelNail","HollowMod:ShadowDash"],"picked":"SKIP","floor":10.0},{"not_picked":["HollowMod:PerfectDash","HollowMod:NewGlowingWomb","HollowMod:TaintedHusks"],"picked":"SKIP","floor":13.0},{"not_picked":["HollowMod:QuirrelsAssistance","HollowMod:DungDefenderAura","HollowMod:HowlingWraiths"],"picked":"SKIP","floor":14.0},{"not_picked":["HollowMod:ElderbugsWisdom","HollowMod:MidwifesHunger"],"picked":"HollowMod:LifebloodCore","floor":16.0},{"not_picked":["HollowMod:MonarchWings","HollowMod:SiblingsSouls"],"picked":"HollowMod:CycloneSlash","floor":18.0},{"not_picked":["HollowMod:SoulEater","HollowMod:LifebloodCocoon"],"picked":"HollowMod:DashSlash+1","floor":20.0},{"not_picked":["HollowMod:GoodIntentions","HollowMod:SharpenedNail"],"picked":"HollowMod:HeavyBlow+1","floor":20.0},{"not_picked":["HollowMod:DescendingDark","HollowMod:TaintedHusks"],"picked":"HollowMod:SiblingsShadow","floor":20.0},{"not_picked":["HollowMod:InfectedCysts","HollowMod:NewJinnsSoul"],"picked":"HollowMod:NewLittleFool","floor":20.0},{"not_picked":["HollowMod:CornifersMapStart","HollowMod:PerfectDash"],"picked":"HollowMod:DoubleDash+1","floor":21.0},{"not_picked":["HollowMod:CloakDash","HollowMod:CornifersMapStart"],"picked":"HollowMod:TaintedHusks+1","floor":23.0},{"not_picked":["HollowMod:SoulStrike","HollowMod:FastStrike"],"picked":"HollowMod:SiblingsSouls+1","floor":24.0},{"not_picked":["HollowMod:MidwifesHunger","HollowMod:AbyssShriek"],"picked":"HollowMod:MonarchWings+1","floor":27.0},{"not_picked":["HollowMod:WraithStrike","HollowMod:NewLittleFool"],"picked":"HollowMod:DoubleDash+1","floor":28.0},{"not_picked":["HollowMod:SiblingsSouls+1","HollowMod:HeavyBlow"],"picked":"HollowMod:HuntersJournal","floor":31.0},{"not_picked":["HollowMod:SiblingsSouls+1","HollowMod:TaintedHusks"],"picked":"HollowMod:DescendingDark+1","floor":35.0},{"not_picked":["HollowMod:MonarchWings","HollowMod:LifebloodCocoon+1"],"picked":"HollowMod:CrystalDash+1","floor":38.0},{"not_picked":["HollowMod:GoodIntentions+1","HollowMod:DescendingDark+1"],"picked":"HollowMod:HornetsHelp","floor":40.0},{"not_picked":["HollowMod:WraithStrike+1","HollowMod:DashSlash"],"picked":"HollowMod:DoubleDash+1","floor":41.0},{"not_picked":["HollowMod:SoulVessel+1","HollowMod:DashSlash"],"picked":"HollowMod:GreatSlash+1","floor":42.0},{"not_picked":["HollowMod:InfectionAssault","HollowMod:Grubsong","HollowMod:Weaversong"],"picked":"SKIP","floor":45.0},{"not_picked":["HollowMod:TaintedHusks","HollowMod:LifebloodCocoon+1","HollowMod:DreamGate"],"picked":"SKIP","floor":48.0},{"not_picked":[],"picked":"HollowMod:MonarchWings","floor":53},{"not_picked":[],"picked":"HollowMod:MawleksShell","floor":53},{"not_picked":["HollowMod:InfectedAttack"],"picked":"SKIP","floor":53},{"not_picked":["HollowMod:SharpenedNail"],"picked":"SKIP","floor":53},{"not_picked":["HollowMod:BaldurShell"],"picked":"SKIP","floor":53},{"not_picked":["Blind"],"picked":"SKIP","floor":53},{"not_picked":["Transmutation"],"picked":"SKIP","floor":53},{"not_picked":["HollowMod:SoulSplash","HollowMod:theNailsmith"],"picked":"HollowMod:InfectedCysts+1","floor":54}],"player_experience":247208,"relics_obtained":[{"floor":6.0,"key":"hubris:MysteriousPyramids"},{"floor":9.0,"key":"Ccalipers"},{"floor":10.0,"key":"GodSword7"},{"floor":14.0,"key":"GodSword3"},{"floor":24.0,"key":"GodSword6"},{"floor":26.0,"key":"Simple Rune"},{"floor":28.0,"key":"hubris:GlazedTorus"},{"floor":32.0,"key":"Matryoshka"},{"floor":42.0,"key":"hubris:GlazedTorus"},{"floor":42.0,"key":"hubris:SlimyHat"},{"floor":43.0,"key":"MawBank"},{"floor":43.0,"key":"Ginger"},{"floor":45.0,"key":"ZombieArmy"},{"floor":53,"key":"reliquary:Boomerang"},{"floor":53,"key":"HollowMod:LifeEnderRelic"},{"floor":53,"key":"Sling"},{"floor":53,"key":"GodSword5"},{"floor":53,"key":"MagicDraw2"},{"floor":53,"key":"Membership Card"},{"floor":54,"key":"hubris:DeckOfHolding"}],"event_choices":[{"damage_healed":0.0,"max_hp_gain":0.0,"max_hp_loss":0.0,"gold_gain":0.0,"cards_transformed":["HollowMod:NailStrikeStart"],"event_name":"Transmorgrifier","player_choice":"Transformed","floor":4.0,"gold_loss":0.0,"damage_taken":0.0,"cards_obtained":["HollowMod:HuntersJournal"]},{"cards_removed":["HollowMod:QuickDashStart"],"damage_healed":0.0,"max_hp_gain":0.0,"max_hp_loss":0.0,"gold_gain":0.0,"event_name":"The Cleric","player_choice":"Card Removal","floor":7.0,"gold_loss":50.0,"damage_taken":0.0},{"damage_healed":0.0,"max_hp_gain":0.0,"max_hp_loss":6.0,"gold_gain":0.0,"event_name":"Golden Idol","player_choice":"Lose Max HP","floor":11.0,"gold_loss":0.0,"damage_taken":0.0,"relics_obtained":["Golden Idol"]},{"cards_removed":["HollowMod:QuickDashStart"],"damage_healed":0.0,"max_hp_gain":0.0,"max_hp_loss":0.0,"gold_gain":0.0,"event_name":"Bonfire Elementals","player_choice":"Offered Basic","floor":19.0,"gold_loss":0.0,"damage_taken":0.0},{"cards_removed":["HollowMod:FallenFury"],"damage_healed":0.0,"max_hp_gain":0.0,"max_hp_loss":0.0,"gold_gain":0.0,"event_name":"Purifier","player_choice":"Purged","floor":22.0,"gold_loss":0.0,"damage_taken":0.0},{"damage_healed":0.0,"max_hp_gain":0.0,"max_hp_loss":0.0,"gold_gain":0.0,"event_name":"Lab","player_choice":"Got Potions","floor":25.0,"gold_loss":0.0,"damage_taken":0.0},{"damage_healed":0.0,"max_hp_gain":0.0,"max_hp_loss":0.0,"gold_gain":0.0,"event_name":"The Woman in Blue","player_choice":"Bought 0 Potions","floor":36.0,"gold_loss":0.0,"damage_taken":0.0},{"damage_healed":0.0,"max_hp_gain":0.0,"max_hp_loss":0.0,"gold_gain":0.0,"event_name":"Designer","player_choice":"Upgraded Two","floor":39.0,"gold_loss":40.0,"damage_taken":0.0,"cards_upgraded":["HollowMod:HuntersJournal","HollowMod:LifebloodCore"]}],"is_beta":false,"boss_relics":[{"not_picked":["Fusion Hammer","hubris:HollowSoul"],"picked":"Replay:Drink Me"},{"not_picked":["EasyGame_NEW","Painkiller Herb"],"picked":"AddBug"}],"items_purged_floors":[2,37],"is_endless":false,"potions_floor_spawned":[5,6,10,13,14,27,28,31,35,40,48,54],"ascension_level":0}}