{"host":"d0jyg0jyhr2o2pjc","time":1613642123,"event":{"mods":["BaseMod","Colored Map","Colored Powertips","Downfall","Hermit","Highlight Path","Marisa£®ÏF”Í°°ƒß¿Ì…≥£©","Minty Spire (QoL Compilation)","Replay The Spire","StSLib","The Cursed","The Marked","The Servant 0.9.4"],"gold_per_floor":[112,112,60,60,73,73,97,115,115,140,140,11,11,36,36,36,36],"floor_reached":16,"language":"ZHS","playtime":755,"items_purged":[],"score":92,"play_id":"8e070764-9af6-43ce-bad6-cb4e5208eac4","local_time":"20210218175523","is_ascension_mode":false,"campfire_choices":[{"data":"Heavy Blade","floor":6,"key":"SMITH"},{"data":"Flex","floor":11,"key":"SMITH"},{"floor":15,"key":"REST"}],"circlet_count":0,"master_deck":["Strike_R","Strike_R","Strike_R","Strike_R+1","Strike_R","Defend_R","Defend_R","Defend_R","Defend_R","Bash","Replay:Many Hands","Twin Strike","Heavy Blade+1","Injury","Replay:Undeath\u0027s Touch","Dropkick","Flex+1","Fire Breathing","Fire Breathing","Fire Breathing","Clash"],"relics":["Burning Blood","Golden Idol","Garlic"],"acts_visited":["Exordium"],"potions_floor_usage":[],"damage_taken":[{"damage":1,"enemies":"Jaw Worm","floor":1,"turns":5},{"damage":0,"enemies":"Small Slimes","floor":5,"turns":3},{"damage":6,"enemies":"2 Louse","floor":7,"turns":3},{"damage":37,"enemies":"Gremlin Gang","floor":8,"turns":6},{"damage":2,"enemies":"2 Fungi Beasts","floor":10,"turns":4},{"damage":13,"enemies":"Large Slime","floor":14,"turns":5},{"damage":70,"enemies":"The Guardian","floor":16,"turns":7}],"seed_played":"7708821673833781161","potions_obtained":[{"floor":5,"key":"Strength Potion"},{"floor":8,"key":"DuplicationPotion"},{"floor":14,"key":"Toxic Potion"}],"is_trial":false,"path_per_floor":["M","?","$","?","M","R","M","M","T","M","R","$","?","M","R","B"],"character_chosen":"IRONCLAD","items_purchased":["Heavy Blade","Fire Breathing","Regen Potion"],"campfire_rested":1,"item_purchase_floors":[3,12,12],"current_hp_per_floor":[80,80,80,80,80,80,80,49,49,53,53,53,53,46,70,0,0],"gold":36,"neow_bonus":"ONE_RANDOM_RARE_CARD","is_daily":false,"chose_seed":false,"campfire_upgraded":2,"win_rate":0.0,"timestamp":1613642123,"path_taken":["M","?","$","?","M","R","M","M","T","M","R","$","?","M","R","BOSS"],"items_purchased_type":["Card","Card","Potion"],"build_version":"2020-12-22","purchased_purges":0,"victory":false,"max_hp_per_floor":[80,80,80,80,80,80,80,80,80,80,80,80,80,80,80,80,80],"card_choices":[{"not_picked":["Disarm","True Grit"],"picked":"Twin Strike","floor":1},{"not_picked":["Infernal Blade","Dual Wield"],"picked":"Replay:Undeath\u0027s Touch","floor":5},{"not_picked":["Dual Wield","Run Through"],"picked":"Dropkick","floor":7},{"not_picked":["Life Link","Reckless Charge"],"picked":"Flex","floor":8},{"not_picked":["Run Through","Replay:Undeath\u0027s Touch"],"picked":"Fire Breathing","floor":10},{"not_picked":["ReplayTheSpireMod:Corrosion Curse","Perfected Strike"],"picked":"Clash","floor":14}],"player_experience":14909,"relics_obtained":[{"floor":9,"key":"Garlic"}],"event_choices":[{"damage_healed":0,"gold_gain":0,"player_choice":"Ignored","damage_taken":0,"max_hp_gain":0,"max_hp_loss":0,"event_name":"Liars Game","floor":2,"gold_loss":0},{"damage_healed":0,"gold_gain":0,"player_choice":"Take Wound","damage_taken":0,"relics_obtained":["Golden Idol"],"max_hp_gain":0,"max_hp_loss":0,"event_name":"Golden Idol","floor":4,"gold_loss":0,"cards_obtained":["Injury"]}],"is_beta":false,"boss_relics":[],"items_purged_floors":[],"is_endless":false,"potions_floor_spawned":[5,8,14],"killed_by":"The Guardian","ascension_level":0}}