{"host":"lqrb1yojfbnm12si","time":1613673028,"event":{"mods":["A Penny For Your Troubles","AchievementEnabler","BaseMod","Bestiary","Better Third Choice","Block Reminder","Colored Map","Hermit","Keyboard Shortcuts","Minty Spire (QoL Compilation)","Shapeshifter Mod","StSLib"],"gold_per_floor":[119,137,21,36,36,67,67,86,86,102,129,129,147,169,169,271,271,287,287,274,234,251,251,251],"floor_reached":23,"language":"ENG","playtime":5868,"items_purged":[],"score":203,"play_id":"15784d85-c22a-44cd-be82-71e9067393cb","local_time":"20210218193028","is_ascension_mode":false,"campfire_choices":[{"data":"StSShapeShifter:BloomingSlash","floor":7.0,"key":"SMITH"},{"floor":12.0,"key":"REST"},{"floor":15.0,"key":"REST"}],"circlet_count":0,"master_deck":["StSShapeShifter:ShapeShifter_Strike+1","StSShapeShifter:ShapeShifter_Strike+1","StSShapeShifter:ShapeShifter_Strike+1","StSShapeShifter:ShapeShifter_Strike+1","StSShapeShifter:ShapeShifter_Strike+1","StSShapeShifter:ShapeShifter_Defend+1","StSShapeShifter:ShapeShifter_Defend+1","StSShapeShifter:ShapeShifter_Defend+1","StSShapeShifter:ShapeShifter_Defend+1","StSShapeShifter:ShapeShifter_Defend+1","StSShapeShifter:Tortoise_Form","StSShapeShifter:Lynx_Form","StSShapeShifter:Flood","StSShapeShifter:EagleForm","StSShapeShifter:DeerForm","StSShapeShifter:PorcupineForm","StSShapeShifter:SpiritOfTheEarth","StSShapeShifter:ShiftingStrike","StSShapeShifter:BloomingSlash+1","StSShapeShifter:SpiritOfTheEarth","StSShapeShifter:ClimbTree","StSShapeShifter:RockSlide"],"relics":["StSShapeShifter:AnimalHeart","StSShapeShifter:TheShapeShiftersMagnolia","Singing Bowl","Question Card","StSShapeShifter:ThornsOfSummi","Odd Mushroom","Black Star"],"acts_visited":["Exordium","TheCity"],"potions_floor_usage":[22,22,23],"damage_taken":[{"damage":0.0,"enemies":"Jaw Worm","floor":1.0,"turns":5.0},{"damage":1.0,"enemies":"Cultist","floor":2.0,"turns":3.0},{"damage":0.0,"enemies":"2 Louse","floor":4.0,"turns":2.0},{"damage":19.0,"enemies":"Lagavulin","floor":6.0,"turns":13.0},{"damage":0.0,"enemies":"2 Fungi Beasts","floor":8.0,"turns":2.0},{"damage":1.0,"enemies":"3 Louse","floor":10.0,"turns":3.0},{"damage":30.0,"enemies":"3 Sentries","floor":11.0,"turns":10.0},{"damage":8.0,"enemies":"Gremlin Gang","floor":13.0,"turns":6.0},{"damage":18.0,"enemies":"The Mushroom Lair","floor":14.0,"turns":5.0},{"damage":32.0,"enemies":"The Guardian","floor":16.0,"turns":12.0},{"damage":13,"enemies":"3 Byrds","floor":18,"turns":3},{"damage":12,"enemies":"2 Thieves","floor":20,"turns":4},{"damage":39,"enemies":"3 Cultists","floor":22,"turns":5},{"damage":20,"enemies":"Slavers","floor":23,"turns":3}],"seed_played":"6802572565523426049","potions_obtained":[{"floor":1.0,"key":"Explosive Potion"},{"floor":13.0,"key":"LiquidMemories"},{"floor":14.0,"key":"Strength Potion"},{"floor":16.0,"key":"Fire Potion"},{"floor":21,"key":"Dexterity Potion"}],"is_trial":false,"path_per_floor":["M","M","$","M","?","E","R","M","T","M","E","R","M","?","R","B",null,"M","?","M","?","M","E"],"character_chosen":"SHAPESHIFTER","items_purchased":["StSShapeShifter:PorcupineForm","StSShapeShifter:SpiritOfTheEarth"],"campfire_rested":2,"item_purchase_floors":[3,3],"current_hp_per_floor":[71,70,70,70,70,51,51,51,51,52,22,43,35,19,41,11,77,66,66,56,56,19,0,0],"gold":251,"neow_bonus":"THREE_RARE_CARDS","is_daily":false,"chose_seed":false,"campfire_upgraded":1,"win_rate":0.0,"timestamp":1613673028,"path_taken":["M","M","$","M","?","E","R","?","T","M","E","R","M","?","R","BOSS","M","?","M","?","M","E"],"items_purchased_type":["Card","Card"],"build_version":"2020-12-22","purchased_purges":0,"victory":false,"max_hp_per_floor":[71,71,71,71,71,71,71,71,71,73,73,73,73,75,75,77,77,79,79,81,81,83,83,83],"card_choices":[{"not_picked":["StSShapeShifter:Autumn","StSShapeShifter:SkullBash"],"picked":"StSShapeShifter:Flood","floor":0.0},{"not_picked":["StSShapeShifter:SunflowerShuriken","StSShapeShifter:Roar"],"picked":"StSShapeShifter:EagleForm","floor":1.0},{"not_picked":["StSShapeShifter:BaskInBloom","StSShapeShifter:AdaptiveStrikes"],"picked":"StSShapeShifter:DeerForm","floor":2.0},{"not_picked":["StSShapeShifter:Sapling","StSShapeShifter:MonkeyForm"],"picked":"StSShapeShifter:ShiftingStrike","floor":4.0},{"not_picked":["StSShapeShifter:ThornedSkin","StSShapeShifter:ThrashAbout"],"picked":"StSShapeShifter:BloomingSlash","floor":6.0},{"not_picked":["StSShapeShifter:PoisonIvy","StSShapeShifter:Rest"],"picked":"StSShapeShifter:SpiritOfTheEarth","floor":8.0},{"not_picked":["StSShapeShifter:Maul","StSShapeShifter:VineHandcuffs","StSShapeShifter:RitualOfTheElders","StSShapeShifter:AdaptiveStrikes"],"picked":"Singing Bowl","floor":10.0},{"not_picked":["StSShapeShifter:Rest","StSShapeShifter:Rabid","StSShapeShifter:BaskInBloom"],"picked":"StSShapeShifter:ClimbTree","floor":11.0},{"not_picked":["StSShapeShifter:AdaptiveStrikes","StSShapeShifter:DeerForm","StSShapeShifter:PoisonIvy"],"picked":"StSShapeShifter:RockSlide","floor":13.0},{"not_picked":["StSShapeShifter:HummingbirdForm","StSShapeShifter:DeepWound","StSShapeShifter:RockSlide","StSShapeShifter:AdaptiveStrikes"],"picked":"Singing Bowl","floor":14.0},{"not_picked":["StSShapeShifter:RestoreBalance","StSShapeShifter:LionForm","StSShapeShifter:Vengeance","StSShapeShifter:Pounce"],"picked":"Singing Bowl","floor":16.0},{"not_picked":["StSShapeShifter:DiverseSpirit","StSShapeShifter:FlowerShield+1","StSShapeShifter:BurstingSpore","StSShapeShifter:Sapling"],"picked":"Singing Bowl","floor":18},{"not_picked":["StSShapeShifter:BaskInBloom","StSShapeShifter:BloomingSlash+1","StSShapeShifter:FesteringBite","StSShapeShifter:FallingLeaves"],"picked":"Singing Bowl","floor":20},{"not_picked":["StSShapeShifter:BladeOfGrass","StSShapeShifter:OakBlade","StSShapeShifter:RockSlide+1","StSShapeShifter:Guard"],"picked":"Singing Bowl","floor":22}],"player_experience":87675,"relics_obtained":[{"floor":6.0,"key":"Singing Bowl"},{"floor":9.0,"key":"Question Card"},{"floor":11.0,"key":"StSShapeShifter:ThornsOfSummi"},{"floor":14.0,"key":"Odd Mushroom"}],"event_choices":[{"damage_healed":0.0,"max_hp_gain":0.0,"max_hp_loss":0.0,"gold_gain":0.0,"event_name":"FaceTrader","player_choice":"Leave","floor":5.0,"gold_loss":0.0,"damage_taken":0.0},{"damage_healed":0.0,"max_hp_gain":0.0,"max_hp_loss":0.0,"gold_gain":0.0,"event_name":"Mushrooms","player_choice":"Fought Mushrooms","floor":14.0,"gold_loss":0.0,"damage_taken":0.0},{"damage_healed":0,"gold_gain":0,"player_choice":"Simplicity","damage_taken":0,"max_hp_gain":0,"max_hp_loss":10,"event_name":"betterThird:BetterWriting","floor":19,"gold_loss":0},{"damage_healed":0,"gold_gain":0,"player_choice":"Bought 3 Potions","damage_taken":0,"max_hp_gain":0,"max_hp_loss":0,"event_name":"The Woman in Blue","floor":21,"gold_loss":0}],"is_beta":false,"boss_relics":[{"not_picked":["Snecko Eye","Runic Pyramid"],"picked":"Black Star"}],"items_purged_floors":[],"is_endless":false,"potions_floor_spawned":[1,13,14,16],"killed_by":"Slavers","ascension_level":0}}