{"host":"sc0o2qwpf9j16a4i","time":1613659971,"event":{"mods":["AchievementEnabler","BaseMod","BetterRewards","Block Reminder","Colored Map","Colored Powertips","Custom Start","Highlight Path","Minty Spire (QoL Compilation)","Relic Stats"],"gold_per_floor":[113,125,143,143,157,182,39,39,64,98,98,131,148,177,177,272,322,342,356,356,50,66,94,110,135,135,167,167,167,177,504,504,606,606,617,617,617,628,645,680,680,706,706,739,739,739,768,76,76,76],"floor_reached":51,"language":"ENG","playtime":2267,"items_purged":[],"score":1321,"play_id":"7b49bbe8-e9ca-4371-933e-77ff86f12f74","local_time":"20210218165251","daily_mods":["Allstar","Hoarder","Elite Swarm"],"is_ascension_mode":false,"campfire_choices":[{"data":"Offering","floor":11.0,"key":"SMITH"},{"data":"Panache","floor":15.0,"key":"SMITH"},{"data":"Panache","floor":32.0,"key":"SMITH"},{"data":"Feel No Pain","floor":41.0,"key":"SMITH"},{"data":"Feel No Pain","floor":45.0,"key":"SMITH"},{"data":"Offering","floor":49,"key":"SMITH"}],"circlet_count":0,"master_deck":["Bash","Dark Shackles","Dark Shackles","Dark Shackles","Trip","Trip","Trip","Panacea","Panacea","Panacea","Discovery","Discovery","Discovery","Panache+1","Panache","Panache+1","Clothesline","Clothesline","Clothesline","Flex","Flex","Flex","Shockwave","Shockwave","Shockwave","Feel No Pain+1","Feel No Pain+1","Feel No Pain","Bludgeon","Bludgeon","Bludgeon","Offering+1","Offering+1","Offering","Limit Break","Limit Break","Limit Break","Thunderclap","Thunderclap","Thunderclap","Juggernaut","Juggernaut","Juggernaut","Fiend Fire","Fiend Fire","Fiend Fire","Pommel Strike","Pommel Strike","Pommel Strike","Entrench","Entrench","Entrench","Evolve+1","Evolve+1","Evolve+1","Iron Wave+1","Iron Wave+1","Iron Wave+1","Bloodletting","Bloodletting","Bloodletting","Barricade","Barricade","Barricade","Power Through","Power Through","Power Through","Corruption","Corruption","Corruption","Reaper+1","Reaper+1","Reaper+1","Reaper+1","Reaper+1","Reaper+1","Impervious","Impervious","Impervious","Sever Soul+1","Sever Soul+1","Sever Soul+1","Ghostly Armor","Ghostly Armor","Berserk","Berserk","Berserk","Impervious","Impervious","Impervious","Double Tap","Double Tap","Double Tap","Heavy Blade+1","Heavy Blade+1","Heavy Blade+1","Exhume","Exhume","Exhume","Headbutt+1","Headbutt+1","Headbutt+1","Armaments+1","Armaments+1","Armaments+1","Flex+1","Flex+1","Flex+1","Armaments+1","Armaments+1","Armaments+1","Impervious","Impervious","Impervious","Exhume","Exhume","Exhume","Reaper+1","Reaper+1","Reaper+1","Feel No Pain+1","Feel No Pain+1","Feel No Pain+1","Feel No Pain","Feel No Pain","Feel No Pain","Shrug It Off","Shrug It Off","Shrug It Off","Dark Shackles","Dark Shackles","Dark Shackles"],"relics":["Burning Blood","Omamori","Art of War","Toy Ornithopter","Anchor","Mummified Hand","Du-Vu Doll","Tiny House","StrikeDummy","Molten Egg 2","Self Forming Clay","Oddly Smooth Stone","Question Card","Ancient Tea Set","Old Coin","Pandora\u0027s Box","Gremlin Horn","Calipers","Singing Bowl","White Beast Statue","WarpedTongs","Pen Nib","DollysMirror","Mercury Hourglass"],"acts_visited":["Exordium","TheCity","TheBeyond"],"potions_floor_usage":[50,50,50],"damage_taken":[{"damage":11.0,"enemies":"Jaw Worm","floor":1.0,"turns":2.0},{"damage":1.0,"enemies":"Small Slimes","floor":2.0,"turns":3.0},{"damage":0.0,"enemies":"Cultist","floor":3.0,"turns":2.0},{"damage":7.0,"enemies":"3 Louse","floor":5.0,"turns":3.0},{"damage":7.0,"enemies":"Gremlin Nob","floor":6.0,"turns":4.0},{"damage":3.0,"enemies":"3 Sentries","floor":10.0,"turns":3.0},{"damage":25.0,"enemies":"Lagavulin","floor":12.0,"turns":6.0},{"damage":12.0,"enemies":"Blue Slaver","floor":13.0,"turns":3.0},{"damage":0.0,"enemies":"3 Sentries","floor":14.0,"turns":5.0},{"damage":12.0,"enemies":"Slime Boss","floor":16.0,"turns":5.0},{"damage":13.0,"enemies":"Shell Parasite","floor":18.0,"turns":3.0},{"damage":0.0,"enemies":"Spheric Guardian","floor":19.0,"turns":2.0},{"damage":3.0,"enemies":"Snake Plant","floor":22.0,"turns":4.0},{"damage":17.0,"enemies":"Book of Stabbing","floor":23.0,"turns":5.0},{"damage":12.0,"enemies":"Cultist and Chosen","floor":24.0,"turns":4.0},{"damage":29.0,"enemies":"Gremlin Leader","floor":25.0,"turns":7.0},{"damage":16.0,"enemies":"Book of Stabbing","floor":27.0,"turns":3.0},{"damage":12.0,"enemies":"Chosen and Byrds","floor":30.0,"turns":7.0},{"damage":27.0,"enemies":"Slavers","floor":31.0,"turns":6.0},{"damage":48.0,"enemies":"Automaton","floor":33.0,"turns":6.0},{"damage":0.0,"enemies":"Orb Walker","floor":35.0,"turns":2.0},{"damage":12.0,"enemies":"3 Darklings","floor":38.0,"turns":6.0},{"damage":54.0,"enemies":"Writhing Mass","floor":39.0,"turns":7.0},{"damage":28.0,"enemies":"Giant Head","floor":40.0,"turns":8.0},{"damage":35.0,"enemies":"Reptomancer","floor":42.0,"turns":9.0},{"damage":12.0,"enemies":"Nemesis","floor":44.0,"turns":8.0},{"damage":0.0,"enemies":"Giant Head","floor":47.0,"turns":8.0},{"damage":15,"enemies":"Time Eater","floor":50,"turns":11}],"seed_played":"6609474307593143102","potions_obtained":[{"floor":2.0,"key":"GamblersBrew"},{"floor":3.0,"key":"BlessingOfTheForge"},{"floor":5.0,"key":"LiquidMemories"},{"floor":8.0,"key":"BloodPotion"},{"floor":8.0,"key":"DuplicationPotion"},{"floor":8.0,"key":"AttackPotion"},{"floor":13.0,"key":"Dexterity Potion"},{"floor":14.0,"key":"SpeedPotion"},{"floor":17.0,"key":"Explosive Potion"},{"floor":22.0,"key":"CultistPotion"},{"floor":31.0,"key":"GamblersBrew"},{"floor":33.0,"key":"DuplicationPotion"},{"floor":39.0,"key":"BlessingOfTheForge"},{"floor":44.0,"key":"DistilledChaos"}],"is_trial":true,"path_per_floor":["M","M","M","?","M","E","$","?","T","E","R","E","M","E","R","B",null,"M","M","T","$","M","E","M","E","T","E","?","?","M","E","R","B",null,"M","?","?","M","M","E","R","E","T","E","R","?","E","$","R","B",null],"character_chosen":"IRONCLAD","items_purchased":["Art of War","Molten Egg 2","Iron Wave+1","DollysMirror","Mercury Hourglass","Feel No Pain","Shrug It Off","CultistPotion","Dark Shackles"],"campfire_rested":0,"item_purchase_floors":[7,21,21,48,48,48,48,48,48],"current_hp_per_floor":[75,80,80,80,79,78,78,78,78,80,80,61,55,80,80,74,85,78,84,84,84,85,74,68,50,50,40,24,24,33,63,63,90,90,90,90,90,90,42,61,61,47,47,61,61,61,78,78,78,86],"gold":76,"neow_bonus":"","is_daily":false,"chose_seed":false,"campfire_upgraded":6,"win_rate":0.0,"timestamp":1613659971,"path_taken":["M","M","?","?","?","E","$","?","T","E","R","E","M","E","R","BOSS","M","?","?","?","M","E","M","E","T","E","?","?","M","E","R","BOSS","M","?","?","M","?","E","R","E","T","E","R","?","E","?","R","BOSS"],"items_purchased_type":["Relic","Relic","Card","Relic","Relic","Card","Card","Potion","Card"],"build_version":"2020-12-22","purchased_purges":0,"victory":true,"max_hp_per_floor":[80,80,80,80,80,80,80,80,80,80,80,80,80,80,80,80,85,85,85,85,85,85,85,85,85,85,85,90,90,90,90,90,90,90,90,90,90,90,90,90,90,90,90,90,90,90,92,92,92,92],"relic_stats":{"Gremlin Horn":[7,7],"Singing Bowl":2,"counters":[28,142],"Self Forming Clay":[120],"Pen Nib":[0],"Question Card":11,"Burning Blood":141,"WarpedTongs":[19],"Mercury Hourglass":[33],"Mummified Hand":[201],"Pandora\u0027s Box":["Sever Soul","Ghostly Armor","Berserk","Impervious","Double Tap","Heavy Blade","Exhume","Headbutt"],"Art of War":[25],"obtain_stats":[{"Tiny House":17,"Calipers":42,"Gremlin Horn":40,"Singing Bowl":43,"Self Forming Clay":23,"Oddly Smooth Stone":25,"Pen Nib":47,"Omamori":6,"Question Card":26,"Ancient Tea Set":27,"Burning Blood":0,"White Beast Statue":44,"Old Coin":31,"WarpedTongs":46,"Mercury Hourglass":48,"Du-Vu Doll":14,"Anchor":10,"Mummified Hand":12,"DollysMirror":48,"Molten Egg 2":21,"Pandora\u0027s Box":34,"Art of War":7,"StrikeDummy":20,"Toy Ornithopter":9},{"Tiny House":10,"Calipers":25,"Gremlin Horn":24,"Singing Bowl":25,"Self Forming Clay":14,"Oddly Smooth Stone":16,"Pen Nib":27,"Omamori":5,"Question Card":16,"Ancient Tea Set":17,"Burning Blood":0,"White Beast Statue":26,"Old Coin":19,"WarpedTongs":26,"Mercury Hourglass":27,"Du-Vu Doll":9,"Anchor":6,"Mummified Hand":7,"DollysMirror":27,"Molten Egg 2":12,"Pandora\u0027s Box":20,"Art of War":5,"StrikeDummy":12,"Toy Ornithopter":5},{"Tiny House":36,"Calipers":115,"Gremlin Horn":106,"Singing Bowl":115,"Self Forming Clay":50,"Oddly Smooth Stone":61,"Pen Nib":131,"Omamori":14,"Question Card":61,"Ancient Tea Set":64,"Burning Blood":0,"White Beast Statue":123,"Old Coin":77,"WarpedTongs":123,"Mercury Hourglass":131,"Du-Vu Doll":31,"Anchor":17,"Mummified Hand":23,"DollysMirror":131,"Molten Egg 2":41,"Pandora\u0027s Box":83,"Art of War":14,"StrikeDummy":41,"Toy Ornithopter":14}],"Toy Ornithopter":44},"card_choices":[{"not_picked":["Blood for Blood","Clash"],"picked":"Clothesline","floor":1.0},{"not_picked":["Iron Wave","Clash"],"picked":"Flex","floor":2.0},{"not_picked":["Armaments","Clothesline"],"picked":"Shockwave","floor":3.0},{"not_picked":["Twin Strike","Power Through"],"picked":"Feel No Pain","floor":5.0},{"not_picked":["Impervious","Juggernaut"],"picked":"Bludgeon","floor":6.0},{"not_picked":["Bludgeon","Brutality"],"picked":"Offering","floor":10.0},{"not_picked":["Reaper","Offering"],"picked":"Limit Break","floor":12.0},{"not_picked":["Sword Boomerang","Headbutt"],"picked":"Thunderclap","floor":13.0},{"not_picked":["Exhume","Double Tap"],"picked":"Juggernaut","floor":14.0},{"not_picked":["Feed","Immolate"],"picked":"Fiend Fire","floor":16.0},{"not_picked":["Shrug It Off","Clothesline"],"picked":"Pommel Strike","floor":17.0},{"not_picked":["Warcry","Anger"],"picked":"Entrench","floor":18.0},{"not_picked":["Warcry","Twin Strike"],"picked":"Evolve+1","floor":19.0},{"not_picked":["Sword Boomerang+1","Twin Strike+1"],"picked":"Bloodletting","floor":22.0},{"not_picked":["Offering","Brutality"],"picked":"Barricade","floor":23.0},{"not_picked":["Twin Strike+1","Warcry+1"],"picked":"Power Through","floor":24.0},{"not_picked":["Double Tap","Juggernaut"],"picked":"Corruption","floor":25.0},{"not_picked":["Exhume","Offering","Limit Break"],"picked":"Reaper+1","floor":27.0},{"not_picked":["Armaments","Heavy Blade+1","Wild Strike+1","Infernal Blade"],"picked":"SKIP","floor":30.0},{"not_picked":["Offering","Juggernaut","Fiend Fire+1"],"picked":"Reaper+1","floor":31.0},{"not_picked":["Demon Form","Feed+1","Berserk"],"picked":"Impervious","floor":33.0},{"not_picked":["True Grit","Warcry+1","Clothesline+1"],"picked":"Armaments+1","floor":35.0},{"not_picked":["Searing Blow+1","Warcry+1","Berserk"],"picked":"Flex+1","floor":38.0},{"not_picked":["Perfected Strike+1","Carnage+1","Inflame"],"picked":"Armaments+1","floor":39.0},{"not_picked":["Berserk","Limit Break","Barricade"],"picked":"Impervious","floor":40.0},{"not_picked":["Feed+1","Offering","Bludgeon+1"],"picked":"Exhume","floor":42.0},{"not_picked":["Immolate+1","Impervious","Corruption"],"picked":"Reaper+1","floor":44.0},{"not_picked":["Berserk","Bludgeon+1","Feed+1","Exhume"],"picked":"Singing Bowl","floor":47.0}],"player_experience":1461207,"relics_obtained":[{"floor":6.0,"key":"Omamori"},{"floor":9.0,"key":"Toy Ornithopter"},{"floor":10.0,"key":"Anchor"},{"floor":12.0,"key":"Mummified Hand"},{"floor":14.0,"key":"Du-Vu Doll"},{"floor":20.0,"key":"StrikeDummy"},{"floor":23.0,"key":"Self Forming Clay"},{"floor":25.0,"key":"Oddly Smooth Stone"},{"floor":26.0,"key":"Question Card"},{"floor":27.0,"key":"Ancient Tea Set"},{"floor":31.0,"key":"Old Coin"},{"floor":40.0,"key":"Gremlin Horn"},{"floor":42.0,"key":"Calipers"},{"floor":43.0,"key":"Singing Bowl"},{"floor":44.0,"key":"White Beast Statue"},{"floor":47.0,"key":"Pen Nib"}],"event_choices":[{"cards_removed":["Strike_R"],"damage_healed":0.0,"max_hp_gain":0.0,"max_hp_loss":0.0,"gold_gain":0.0,"event_name":"Purifier","player_choice":"Purged","floor":4.0,"gold_loss":0.0,"damage_taken":0.0},{"damage_healed":0.0,"max_hp_gain":0.0,"max_hp_loss":0.0,"gold_gain":0.0,"event_name":"Lab","player_choice":"Got Potions","floor":8.0,"gold_loss":0.0,"damage_taken":0.0},{"damage_healed":0.0,"max_hp_gain":5.0,"max_hp_loss":0.0,"gold_gain":0.0,"event_name":"Forgotten Altar","player_choice":"Shed Blood","floor":28.0,"gold_loss":0.0,"damage_taken":21.0},{"damage_healed":0.0,"max_hp_gain":0.0,"max_hp_loss":0.0,"gold_gain":0.0,"event_name":"Back to Basics","player_choice":"Simplicity","floor":29.0,"gold_loss":0.0,"damage_taken":0.0,"cards_upgraded":["Strike_R","Strike_R","Strike_R","Strike_R","Defend_R","Defend_R","Defend_R"]},{"cards_removed":["Ghostly Armor"],"damage_healed":0.0,"max_hp_gain":0.0,"max_hp_loss":0.0,"gold_gain":0.0,"event_name":"Falling","player_choice":"Removed Skill","floor":36.0,"gold_loss":0.0,"damage_taken":0.0},{"damage_healed":0.0,"max_hp_gain":0.0,"max_hp_loss":0.0,"gold_gain":0.0,"event_name":"Purifier","player_choice":"Ignored","floor":37.0,"gold_loss":0.0,"damage_taken":0.0},{"damage_healed":0.0,"max_hp_gain":0.0,"max_hp_loss":0.0,"gold_gain":0.0,"event_name":"Accursed Blacksmith","player_choice":"Rummage","floor":46.0,"gold_loss":0.0,"damage_taken":0.0,"relics_obtained":["WarpedTongs"],"cards_obtained":["Pain"]}],"is_beta":false,"boss_relics":[{"not_picked":["Black Blood","Runic Cube"],"picked":"Tiny House"},{"not_picked":["SacredBark","Runic Pyramid"],"picked":"Pandora\u0027s Box"}],"items_purged_floors":[],"is_endless":false,"potions_floor_spawned":[2,3,5,13,14,19,22,24,31,33,39,44,47],"ascension_level":0}}