{"host":"znvnxllcillb3rtw","time":1613674326,"event":{"mods":["BaseMod","DeckTracker","Minty Spire (QoL Compilation)","Relic Stats","StSLib","SuperFastMode","everything is the same but u backflip on backflip"],"gold_per_floor":[111,111,111,127,127,127,140,154,207,239,253,263,281,62,62,136,136,155,2,14,14,14,14,14],"floor_reached":23,"language":"KOR","playtime":1007,"items_purged":["Strike_P","Strike_P+1"],"score":386,"play_id":"3365a6d8-6cda-4cd1-9eb4-6fa1d2913f00","local_time":"20210219035206","is_ascension_mode":true,"campfire_choices":[{"floor":6,"key":"REST"},{"floor":15,"key":"REST"}],"circlet_count":0,"master_deck":["AscendersBane","Strike_P+1","Defend_P+1","Defend_P+1","Defend_P+1","Defend_P+1","Eruption+1","Vigilance+1","BowlingBash+1","FlurryOfBlows+1","LessonLearned+1","EmptyFist","PathToVictory","Prostrate","Prostrate","Trip","Brilliance","Prostrate","TalkToTheHand","Decay"],"relics":["PureWater","War Paint","Dream Catcher","Fusion Hammer","Toy Ornithopter"],"acts_visited":["Exordium","TheCity"],"potions_floor_usage":[10,11,11,16,20],"damage_taken":[{"damage":7,"enemies":"Small Slimes","floor":1,"turns":3},{"damage":0,"enemies":"Jaw Worm","floor":4,"turns":3},{"damage":7,"enemies":"2 Louse","floor":7,"turns":2},{"damage":14,"enemies":"Exordium Thugs","floor":8,"turns":6},{"damage":28,"enemies":"Gremlin Nob","floor":10,"turns":4},{"damage":2,"enemies":"Lots of Slimes","floor":11,"turns":6},{"damage":1,"enemies":"Red Slaver","floor":12,"turns":3},{"damage":4,"enemies":"3 Louse","floor":13,"turns":4},{"damage":11,"enemies":"The Guardian","floor":16,"turns":9},{"damage":20,"enemies":"Shell Parasite","floor":18,"turns":8},{"damage":19,"enemies":"3 Byrds","floor":20,"turns":6},{"damage":29,"enemies":"Gremlin Leader","floor":23,"turns":2}],"seed_played":"2345640639933755901","potions_obtained":[{"floor":4,"key":"LiquidMemories"},{"floor":7,"key":"Regen Potion"},{"floor":10,"key":"ColorlessPotion"},{"floor":12,"key":"EssenceOfSteel"},{"floor":16,"key":"ColorlessPotion"}],"is_trial":false,"path_per_floor":["M","?","?","M","?","R","M","M","T","E","M","M","M","$","R","B",null,"M","$","M","T","?","E"],"character_chosen":"WATCHER","items_purchased":["Prostrate","Trip","Prostrate"],"campfire_rested":2,"item_purchase_floors":[14,14,19],"current_hp_per_floor":[54,54,59,59,37,58,51,37,37,9,22,21,17,17,38,27,62,42,42,23,23,23,0,0],"gold":14,"neow_bonus":"UPGRADE_CARD","is_daily":false,"chose_seed":false,"campfire_upgraded":0,"win_rate":0.0,"timestamp":1613674326,"path_taken":["M","?","?","M","?","R","M","M","T","E","M","?","M","$","R","BOSS","M","$","?","?","?","E"],"items_purchased_type":["Card","Card","Card"],"build_version":"2020-12-22","purchased_purges":2,"victory":false,"max_hp_per_floor":[68,68,73,73,73,73,73,73,73,73,73,73,73,73,73,73,73,73,73,73,73,73,73,73],"relic_stats":{"Dream Catcher":1,"counters":[12,56],"War Paint":["Defend_P","Defend_P"],"obtain_stats":[{"Dream Catcher":10,"Fusion Hammer":17,"PureWater":0,"War Paint":9,"Toy Ornithopter":21},{"Dream Catcher":5,"Fusion Hammer":9,"PureWater":0,"War Paint":4,"Toy Ornithopter":11},{"Dream Catcher":18,"Fusion Hammer":40,"PureWater":0,"War Paint":14,"Toy Ornithopter":54}],"Toy Ornithopter":0},"card_choices":[{"not_picked":["EmptyBody","SashWhip"],"picked":"BowlingBash","floor":1},{"not_picked":["JustLucky","Wireheading"],"picked":"FlurryOfBlows","floor":4},{"not_picked":["PathToVictory","CutThroughFate"],"picked":"LessonLearned","floor":7},{"not_picked":["Brilliance","FlurryOfBlows"],"picked":"EmptyFist","floor":8},{"not_picked":["Conclude","EmptyBody","WaveOfTheHand"],"picked":"SKIP","floor":10},{"not_picked":["Protect","CutThroughFate","ThirdEye"],"picked":"SKIP","floor":11},{"not_picked":["EmptyFist","ThirdEye"],"picked":"PathToVictory","floor":12},{"not_picked":["ClearTheMind","PathToVictory"],"picked":"Prostrate","floor":13},{"not_picked":["Judgement","Establishment"],"picked":"Brilliance","floor":16},{"not_picked":["FollowUp","Halt+1","Crescendo"],"picked":"SKIP","floor":18},{"not_picked":["BowlingBash+1","PathToVictory"],"picked":"TalkToTheHand","floor":20}],"player_experience":2920142,"relics_obtained":[{"floor":9,"key":"War Paint"},{"floor":10,"key":"Dream Catcher"},{"floor":21,"key":"Toy Ornithopter"}],"event_choices":[{"cards_removed":["Strike_P"],"damage_healed":0,"gold_gain":0,"player_choice":"Forget","damage_taken":0,"max_hp_gain":0,"max_hp_loss":0,"event_name":"Living Wall","floor":2,"gold_loss":0},{"damage_healed":0,"gold_gain":0,"player_choice":"Donut","damage_taken":0,"max_hp_gain":5,"max_hp_loss":0,"event_name":"Big Fish","floor":3,"gold_loss":0},{"damage_healed":0,"gold_gain":0,"player_choice":"Entered Light","damage_taken":22,"max_hp_gain":0,"max_hp_loss":0,"event_name":"Shining Light","floor":5,"gold_loss":0,"cards_upgraded":["Defend_P","Vigilance"]},{"damage_healed":0,"gold_gain":0,"player_choice":"Smashed Altar","damage_taken":0,"max_hp_gain":0,"max_hp_loss":0,"event_name":"Forgotten Altar","floor":22,"gold_loss":0,"cards_obtained":["Decay"]}],"is_beta":false,"boss_relics":[{"not_picked":["Runic Pyramid","Astrolabe"],"picked":"Fusion Hammer"}],"items_purged_floors":[14,19],"is_endless":false,"potions_floor_spawned":[4,7,10,12,16],"killed_by":"Gremlin Leader","ascension_level":20}}