{"host":"6bsan6hkua32tfq7","time":1613686759,"event":{"mods":["BaseMod","Better Third Choice","Colored Map","Highlight Path","Minty Spire (QoL Compilation)","StSLib"],"gold_per_floor":[37,92,123,182,254,254,315,315,315,315,240,165,215,252,252,252,252],"floor_reached":16,"language":"ENG","playtime":569,"items_purged":["Strike_G"],"score":208,"play_id":"164a0cb1-90bf-4bc6-8e82-19a5bab4ac79","local_time":"20210218231919","is_ascension_mode":true,"campfire_choices":[{"data":"HandOfGreed","floor":6,"key":"SMITH"},{"data":"Backstab","floor":8,"key":"SMITH"},{"floor":10,"key":"REST"},{"data":"Bouncing Flask","floor":15,"key":"SMITH"}],"circlet_count":0,"master_deck":["AscendersBane","Strike_G","Strike_G","Strike_G","Defend_G","Defend_G","Defend_G","Defend_G","Defend_G","Survivor","Neutralize","HandOfGreed+1","Deflect","Dagger Throw","Bouncing Flask","Backstab+1","Die Die Die","Bouncing Flask+1"],"relics":["Ring of the Snake","Strawberry","MealTicket"],"acts_visited":["Exordium"],"potions_floor_usage":[13,16],"damage_taken":[{"damage":3,"enemies":"Jaw Worm","floor":1,"turns":5},{"damage":0,"enemies":"2 Louse","floor":2,"turns":3},{"damage":1,"enemies":"Cultist","floor":3,"turns":4},{"damage":5,"enemies":"Large Slime","floor":4,"turns":6},{"damage":15,"enemies":"3 Louse","floor":5,"turns":7},{"damage":4,"enemies":"Exordium Wildlife","floor":7,"turns":4},{"damage":18,"enemies":"Lagavulin","floor":13,"turns":5},{"damage":2,"enemies":"Looter","floor":14,"turns":5},{"damage":42,"enemies":"Hexaghost","floor":16,"turns":7}],"seed_played":"952057065616266477","potions_obtained":[{"floor":2,"key":"Swift Potion"},{"floor":3,"key":"FearPotion"},{"floor":5,"key":"AttackPotion"}],"is_trial":false,"path_per_floor":["M","M","M","M","M","R","M","R","T","R","$","?","E","M","R","B"],"character_chosen":"THE_SILENT","items_purchased":[],"campfire_rested":1,"item_purchase_floors":[],"current_hp_per_floor":[56,56,55,50,35,35,31,31,38,59,59,59,41,39,39,0,0],"gold":252,"neow_bonus":"RANDOM_COLORLESS_2","is_daily":false,"chose_seed":false,"campfire_upgraded":3,"win_rate":0.0,"timestamp":1613686759,"path_taken":["M","M","M","M","M","R","M","R","T","R","$","?","E","M","R","BOSS"],"items_purchased_type":[],"build_version":"2020-12-22","purchased_purges":1,"victory":false,"max_hp_per_floor":[66,66,66,66,66,66,66,66,73,73,73,73,73,73,73,73,73],"card_choices":[{"not_picked":["Violence","Panache"],"picked":"HandOfGreed","floor":0},{"not_picked":["Catalyst","Quick Slash"],"picked":"Deflect","floor":1},{"not_picked":["Acrobatics","Deadly Poison"],"picked":"Dagger Throw","floor":2},{"not_picked":["Dodge and Roll","Cloak And Dagger","Poisoned Stab"],"picked":"SKIP","floor":3},{"not_picked":["Caltrops","Flying Knee"],"picked":"Bouncing Flask","floor":4},{"not_picked":["Choke","Skewer","Outmaneuver"],"picked":"SKIP","floor":5},{"not_picked":["Blade Dance","Finisher"],"picked":"Backstab","floor":7},{"not_picked":["Catalyst","Leg Sweep"],"picked":"Die Die Die","floor":13},{"not_picked":["Poisoned Stab","Blur"],"picked":"Bouncing Flask","floor":14}],"player_experience":5438122,"relics_obtained":[{"floor":9,"key":"Strawberry"},{"floor":13,"key":"MealTicket"}],"event_choices":[{"cards_removed":["Strike_G"],"damage_healed":0,"gold_gain":0,"player_choice":"Card Removal","damage_taken":0,"max_hp_gain":0,"max_hp_loss":0,"event_name":"The Cleric","floor":12,"gold_loss":75}],"is_beta":false,"boss_relics":[],"items_purged_floors":[11],"is_endless":false,"potions_floor_spawned":[2,3,4,5],"killed_by":"Hexaghost","ascension_level":20}}