{"host":"8rqsnaeml9gxb0kp","time":1613638463,"event":{"mods":["AchievementEnabler","BaseMod","Colored Powertips","Dark Map","Minty Spire (QoL Compilation)","Rare Cards Sparkle","Relic Stats","StSLib","slay the spire mod where everything is the same but ironclad has a cowboy hat"],"gold_per_floor":[110,128,128,140,415,415,435,14,39,53,53,71,83,110,110,209,209,223,223,223,223,223,253,253,282,308,321,321,321,334,344,344,447,447,467,9,26,36,56,87,87,362,387,96,96,115,115,132,132,132,132],"floor_reached":50,"language":"ENG","playtime":1093,"items_purged":["Regret","Regret"],"score":639,"play_id":"ef1a185e-f3a5-4a4b-8370-735e2ef7fb6b","local_time":"20210218005423","is_ascension_mode":false,"campfire_choices":[{"data":"Whirlwind","floor":6.0,"key":"SMITH"},{"data":"Flex","floor":15.0,"key":"SMITH"},{"data":"Immolate","floor":24.0,"key":"SMITH"},{"data":"Flex","floor":29.0,"key":"SMITH"},{"data":"Flex","floor":32.0,"key":"SMITH"},{"data":"Limit Break","floor":41,"key":"SMITH"},{"data":"Double Tap","floor":45,"key":"SMITH"},{"floor":49,"key":"REST"}],"circlet_count":0,"master_deck":["Strike_R","Strike_R","Strike_R","Strike_R","Strike_R","Defend_R","Defend_R","Bash","Flex+1","Feel No Pain","Twin Strike","Whirlwind+1","Wild Strike","Pummel","Double Tap+1","Flex+1","Whirlwind+1","Perfected Strike","Anger","Immolate+1","Flex+1","Shame","Wild Strike+1","Double Tap","Flex+1","Thunderclap+1","Flex+1","Double Tap","Heavy Blade+1","Headbutt+1","Anger","Sword Boomerang+1","Limit Break+1","Perfected Strike","Armaments+1"],"relics":["Burning Blood","DollysMirror","MealTicket","Smiling Mask","SlaversCollar","Bottled Lightning","Bag of Preparation","Letter Opener","Orichalcum","Ornamental Fan","Strawberry","Nilry\u0027s Codex","Mark of Pain","Brimstone","TungstenRod","Ginger","Happy Flower","Membership Card","Regal Pillow"],"acts_visited":["Exordium","TheCity","TheBeyond"],"potions_floor_usage":[33,33,39,39,50],"damage_taken":[{"damage":11.0,"enemies":"Jaw Worm","floor":1.0,"turns":2.0},{"damage":6.0,"enemies":"Cultist","floor":2.0,"turns":3.0},{"damage":0.0,"enemies":"Small Slimes","floor":4.0,"turns":2.0},{"damage":21.0,"enemies":"Blue Slaver","floor":7.0,"turns":3.0},{"damage":0.0,"enemies":"2 Fungi Beasts","floor":10.0,"turns":2.0},{"damage":13.0,"enemies":"Red Slaver","floor":12.0,"turns":2.0},{"damage":0.0,"enemies":"Large Slime","floor":13.0,"turns":3.0},{"damage":18.0,"enemies":"Lagavulin","floor":14.0,"turns":3.0},{"damage":63.0,"enemies":"Hexaghost","floor":16.0,"turns":8.0},{"damage":6.0,"enemies":"3 Byrds","floor":18.0,"turns":4.0},{"damage":0.0,"enemies":"Slavers","floor":23.0,"turns":1.0},{"damage":18.0,"enemies":"Book of Stabbing","floor":25.0,"turns":3.0},{"damage":0.0,"enemies":"Spheric Guardian","floor":27.0,"turns":2.0},{"damage":17.0,"enemies":"3 Cultists","floor":30.0,"turns":5.0},{"damage":0.0,"enemies":"Cultist and Chosen","floor":31.0,"turns":3.0},{"damage":30,"enemies":"Automaton","floor":33,"turns":4},{"damage":6,"enemies":"Orb Walker","floor":35,"turns":2},{"damage":0,"enemies":"3 Darklings","floor":37,"turns":1},{"damage":0,"enemies":"Transient","floor":38,"turns":5},{"damage":26,"enemies":"Writhing Mass","floor":39,"turns":2},{"damage":13,"enemies":"Nemesis","floor":40,"turns":3},{"damage":0,"enemies":"Maw","floor":46,"turns":2},{"damage":21,"enemies":"3 Darklings","floor":48,"turns":3},{"damage":90,"enemies":"Time Eater","floor":50,"turns":5}],"seed_played":"8031248029568004094","potions_obtained":[{"floor":1.0,"key":"Block Potion"},{"floor":3.0,"key":"Regen Potion"},{"floor":3.0,"key":"SkillPotion"},{"floor":13.0,"key":"Energy Potion"},{"floor":14.0,"key":"BloodPotion"},{"floor":18.0,"key":"EssenceOfSteel"},{"floor":23.0,"key":"ColorlessPotion"},{"floor":31.0,"key":"FearPotion"},{"floor":38,"key":"SteroidPotion"},{"floor":39,"key":"BloodPotion"},{"floor":46,"key":"SpeedPotion"},{"floor":48,"key":"SmokeBomb"}],"is_trial":false,"path_per_floor":["M","M","?","M","?","R","M","$","T","M","$","M","M","E","R","B",null,"M","T","?","T","?","E","R","E","T","M","?","R","M","M","R","B",null,"M","$","M","M","M","E","R","?","T","$","R","M","?","M","R","B"],"character_chosen":"IRONCLAD","items_purchased":["Double Tap","Flex","DollysMirror","Brimstone","TungstenRod","Membership Card","Regal Pillow","Perfected Strike"],"campfire_rested":1,"item_purchase_floors":[8,8,8,36,36,44,44,44],"current_hp_per_floor":[67,67,67,72,72,72,57,57,57,63,72,65,71,59,59,31,72,72,72,72,72,72,72,72,60,67,73,57,57,46,52,52,28,79,79,79,79,79,74,67,67,67,67,79,79,79,79,64,79,0,0],"gold":132,"neow_bonus":"TRANSFORM_TWO_CARDS","is_daily":false,"chose_seed":false,"campfire_upgraded":7,"win_rate":0.0,"timestamp":1613638463,"path_taken":["M","M","?","?","?","R","M","$","T","M","?","M","M","E","R","BOSS","M","?","?","?","?","E","R","E","T","?","?","R","M","M","R","BOSS","M","$","M","M","M","E","R","?","T","$","R","?","?","M","R","BOSS"],"items_purchased_type":["Card","Card","Relic","Relic","Relic","Relic","Relic","Card"],"build_version":"2020-12-22","purchased_purges":2,"victory":false,"max_hp_per_floor":[72,72,72,72,72,72,72,72,72,72,72,72,72,72,72,72,72,72,72,72,72,72,72,72,72,79,79,79,79,79,79,79,79,79,79,79,79,79,79,79,79,79,79,79,79,79,79,79,79,79,79],"relic_stats":{"Regal Pillow":0,"Happy Flower":[3],"counters":[24,73],"Bag of Preparation":[28],"Letter Opener":[46],"Ginger":[3],"Orichalcum":[66],"Smiling Mask":0,"Burning Blood":113,"Ornamental Fan":[68],"MealTicket":21,"obtain_stats":[{"Regal Pillow":44,"Happy Flower":43,"Nilry\u0027s Codex":28,"Bag of Preparation":20,"Letter Opener":21,"Ginger":40,"Orichalcum":23,"Smiling Mask":14,"Burning Blood":0,"SlaversCollar":17,"DollysMirror":8,"Ornamental Fan":25,"Brimstone":36,"Strawberry":26,"MealTicket":9,"Mark of Pain":34,"Bottled Lightning":19,"Membership Card":44,"TungstenRod":36},{"Regal Pillow":21,"Happy Flower":21,"Nilry\u0027s Codex":13,"Bag of Preparation":10,"Letter Opener":10,"Ginger":21,"Orichalcum":11,"Smiling Mask":8,"Burning Blood":0,"SlaversCollar":9,"DollysMirror":4,"Ornamental Fan":12,"Brimstone":17,"Strawberry":12,"MealTicket":4,"Mark of Pain":16,"Bottled Lightning":10,"Membership Card":21,"TungstenRod":17},{"Regal Pillow":63,"Happy Flower":63,"Nilry\u0027s Codex":38,"Bag of Preparation":32,"Letter Opener":32,"Ginger":63,"Orichalcum":33,"Smiling Mask":20,"Burning Blood":0,"SlaversCollar":28,"DollysMirror":10,"Ornamental Fan":36,"Brimstone":52,"Strawberry":36,"MealTicket":10,"Mark of Pain":50,"Bottled Lightning":32,"Membership Card":63,"TungstenRod":52}],"TungstenRod":15},"card_choices":[{"not_picked":["Dropkick","Cleave"],"picked":"Twin Strike","floor":1.0},{"not_picked":["Shrug It Off","True Grit"],"picked":"Whirlwind","floor":2.0},{"not_picked":["Warcry","Rampage"],"picked":"Wild Strike","floor":4.0},{"not_picked":["Reckless Charge","Sever Soul"],"picked":"Pummel","floor":7.0},{"not_picked":["Sever Soul","Heavy Blade","Wild Strike"],"picked":"SKIP","floor":10.0},{"not_picked":["Rupture","Metallicize"],"picked":"Perfected Strike","floor":12.0},{"not_picked":["Seeing Red","Dropkick","True Grit"],"picked":"SKIP","floor":13.0},{"not_picked":["Dual Wield","Carnage"],"picked":"Anger","floor":14.0},{"not_picked":["Exhume","Juggernaut"],"picked":"Immolate","floor":16.0},{"not_picked":["Clothesline","Heavy Blade"],"picked":"Flex","floor":18.0},{"not_picked":["Flame Barrier","Feel No Pain+1"],"picked":"Wild Strike+1","floor":23.0},{"not_picked":["Body Slam","Clothesline"],"picked":"Double Tap","floor":25.0},{"not_picked":["True Grit","Body Slam+1"],"picked":"Flex+1","floor":27.0},{"not_picked":["Carnage","Clothesline"],"picked":"Thunderclap+1","floor":30.0},{"not_picked":["Clothesline+1","Pommel Strike"],"picked":"Flex+1","floor":31.0},{"not_picked":["Barricade","Berserk"],"picked":"Double Tap","floor":33},{"not_picked":["Spot Weakness","Flex"],"picked":"Heavy Blade+1","floor":35},{"not_picked":["Shrug It Off","Seeing Red"],"picked":"Headbutt+1","floor":37},{"not_picked":["Rage+1","Searing Blow+1"],"picked":"Anger","floor":38},{"not_picked":["Fire Breathing","Hemokinesis"],"picked":"Sword Boomerang+1","floor":39},{"not_picked":["Warcry+1","Searing Blow"],"picked":"Limit Break","floor":40},{"not_picked":["Clash","Warcry","Dark Embrace+1"],"picked":"SKIP","floor":46},{"not_picked":["Clash","Clothesline"],"picked":"Armaments+1","floor":48}],"player_experience":282031,"relics_obtained":[{"floor":9.0,"key":"MealTicket"},{"floor":14.0,"key":"Smiling Mask"},{"floor":19.0,"key":"Bottled Lightning"},{"floor":21.0,"key":"Letter Opener"},{"floor":23.0,"key":"Orichalcum"},{"floor":25.0,"key":"Ornamental Fan"},{"floor":26.0,"key":"Strawberry"},{"floor":28.0,"key":"Nilry\u0027s Codex"},{"floor":40,"key":"Ginger"},{"floor":43,"key":"Happy Flower"}],"event_choices":[{"damage_healed":0.0,"max_hp_gain":0.0,"max_hp_loss":0.0,"gold_gain":0.0,"event_name":"Lab","player_choice":"Got Potions","floor":3.0,"gold_loss":0.0,"damage_taken":0.0},{"damage_healed":0.0,"max_hp_gain":0.0,"max_hp_loss":0.0,"gold_gain":275.0,"event_name":"Golden Shrine","player_choice":"Desecrate","floor":5.0,"gold_loss":0.0,"damage_taken":0.0,"cards_obtained":["Regret"]},{"damage_healed":0.0,"max_hp_gain":0.0,"max_hp_loss":0.0,"gold_gain":0.0,"event_name":"Addict","player_choice":"Stole Relic","floor":20.0,"gold_loss":0.0,"damage_taken":0.0,"relics_obtained":["Bag of Preparation"],"cards_obtained":["Shame"]},{"damage_healed":0.0,"max_hp_gain":0.0,"max_hp_loss":0.0,"gold_gain":0.0,"event_name":"N\u0027loth","player_choice":"Ignored","floor":22.0,"gold_loss":0.0,"damage_taken":0.0},{"damage_healed":0.0,"max_hp_gain":0.0,"max_hp_loss":0.0,"gold_gain":0.0,"event_name":"Cursed Tome","player_choice":"Obtained Book","floor":28.0,"gold_loss":0.0,"damage_taken":16.0},{"damage_healed":0,"gold_gain":275,"player_choice":"Desecrate","damage_taken":0,"max_hp_gain":0,"max_hp_loss":0,"event_name":"Golden Shrine","floor":42,"gold_loss":0,"cards_obtained":["Regret"]},{"damage_healed":0,"gold_gain":0,"player_choice":"Memory 1","damage_taken":0,"max_hp_gain":0,"max_hp_loss":0,"event_name":"SensoryStone","floor":47,"gold_loss":0}],"is_beta":false,"boss_relics":[{"not_picked":["SacredBark","Black Blood"],"picked":"SlaversCollar"},{"not_picked":["Fusion Hammer","Black Star"],"picked":"Mark of Pain"}],"items_purged_floors":[8,44],"is_endless":false,"potions_floor_spawned":[1,12,13,14,18,23,30,31,38,39,46,48],"killed_by":"Time Eater","ascension_level":0}}