{"host":"sav7uxregyirlf69","time":1613617161,"event":{"mods":["AchievementEnabler","BaseMod","Colored Map","DeckTracker","Keyboard Shortcuts","Minty Spire (QoL Compilation)","READ ME - Guardian Mod","StSLib","SuperFastMode"],"gold_per_floor":[117,134,134,5,25,25,59,59,59,59,70,82,82,92,92,92,92],"floor_reached":16,"language":"KOR","playtime":324,"items_purged":["Defend_G"],"score":204,"play_id":"40e04265-a940-49a7-a668-5ef2527b6e73","local_time":"20210218115921","is_ascension_mode":true,"campfire_choices":[{"floor":6.0,"key":"REST"},{"data":"Cloak And Dagger","floor":13.0,"key":"SMITH"},{"data":"Neutralize","floor":15.0,"key":"SMITH"}],"circlet_count":0,"master_deck":["AscendersBane","Strike_G","Strike_G","Strike_G","Strike_G","Defend_G","Defend_G","Defend_G","Survivor","Neutralize+1","Dash","After Image","Blur","Calculated Gamble","Dagger Throw","Poisoned Stab","Cloak And Dagger+1","Prepared+1","Deadly Poison+1","Accuracy"],"relics":["Ring of the Snake","TungstenRod","Kunai","Letter Opener","Toxic Egg 2"],"acts_visited":["Exordium"],"potions_floor_usage":[],"damage_taken":[{"damage":0.0,"enemies":"Jaw Worm","floor":1.0,"turns":5.0},{"damage":9.0,"enemies":"Small Slimes","floor":2.0,"turns":6.0},{"damage":0.0,"enemies":"2 Louse","floor":5.0,"turns":4.0},{"damage":19.0,"enemies":"Lagavulin","floor":7.0,"turns":8.0},{"damage":0.0,"enemies":"Blue Slaver","floor":11.0,"turns":5.0},{"damage":0.0,"enemies":"2 Fungi Beasts","floor":12.0,"turns":4.0},{"damage":5.0,"enemies":"Lots of Slimes","floor":14.0,"turns":4.0},{"damage":32,"enemies":"Slime Boss","floor":16,"turns":9}],"seed_played":"-7248478264828341891","potions_obtained":[{"floor":1.0,"key":"Ancient Potion"},{"floor":2.0,"key":"EntropicBrew"},{"floor":5.0,"key":"BlessingOfTheForge"},{"floor":7.0,"key":"SkillPotion"}],"is_trial":false,"path_per_floor":["M","M","?","$","M","R","E","?","T","T","M","M","R","M","R","B"],"character_chosen":"THE_SILENT","items_purchased":["Dagger Throw"],"campfire_rested":1,"item_purchase_floors":[4],"current_hp_per_floor":[59,50,15,15,15,33,14,14,14,14,28,28,28,23,23,0,0],"gold":92,"neow_bonus":"TRANSFORM_TWO_CARDS","is_daily":false,"chose_seed":false,"campfire_upgraded":2,"win_rate":0.0,"timestamp":1613617161,"path_taken":["M","M","?","$","M","R","E","?","T","?","M","?","R","M","R","BOSS"],"items_purchased_type":["Card"],"build_version":"2020-12-22","purchased_purges":1,"victory":false,"max_hp_per_floor":[60,60,60,60,60,60,60,60,60,60,60,60,60,60,60,60,60],"card_choices":[{"not_picked":["Backflip","Dash"],"picked":"Blur","floor":1.0},{"not_picked":["Endless Agony","PiercingWail"],"picked":"Calculated Gamble","floor":2.0},{"not_picked":["Backflip","Distraction"],"picked":"Poisoned Stab","floor":5.0},{"not_picked":["Footwork","Unload"],"picked":"Cloak And Dagger","floor":7.0},{"not_picked":["Acrobatics+1","Finisher"],"picked":"Prepared+1","floor":11.0},{"not_picked":["Dash","Outmaneuver+1"],"picked":"Deadly Poison+1","floor":12.0},{"not_picked":["Dagger Throw","Dodge and Roll+1"],"picked":"Accuracy","floor":14.0}],"player_experience":1603833,"relics_obtained":[{"floor":7.0,"key":"Kunai"},{"floor":9.0,"key":"Letter Opener"},{"floor":10.0,"key":"Toxic Egg 2"}],"event_choices":[{"damage_healed":0.0,"max_hp_gain":0.0,"max_hp_loss":0.0,"gold_gain":0.0,"event_name":"Scrap Ooze","player_choice":"Success","floor":3.0,"gold_loss":0.0,"damage_taken":35.0,"relics_obtained":["TungstenRod"]},{"damage_healed":0.0,"max_hp_gain":0.0,"max_hp_loss":0.0,"gold_gain":0.0,"event_name":"Shining Light","player_choice":"Ignored","floor":8.0,"gold_loss":0.0,"damage_taken":0.0}],"is_beta":false,"boss_relics":[],"items_purged_floors":[4],"is_endless":false,"potions_floor_spawned":[1,2,5,7],"killed_by":"Slime Boss","ascension_level":20}}