{"host":"92108ef2q9tm8rod","time":1613679670,"event":{"mods":["BaseMod","Defuse TimeMaze Blight","Minty Spire (QoL Compilation)","StSLib","The Jungle"],"gold_per_floor":[119,119,130,143,160,160,175,175,175,175,175,175,204,233,233,329,379,392,392,392,317,317,317,332,332,332],"floor_reached":25,"language":"ENG","playtime":1233,"items_purged":["Warcry"],"score":309,"play_id":"c1385554-4dac-4201-996e-997e4b10263e","local_time":"20210218202110","daily_mods":["SealedDeck","Red Cards","Heirloom","Flight"],"is_ascension_mode":false,"campfire_choices":[{"data":"Setup","floor":6,"key":"SMITH"},{"data":"Armaments","floor":8,"key":"SMITH"},{"data":"Whirlwind","floor":10,"key":"SMITH"},{"data":"Deflect","floor":11,"key":"SMITH"},{"data":"Blur","floor":15,"key":"SMITH"},{"data":"Evolve","floor":23,"key":"SMITH"}],"circlet_count":0,"master_deck":["Armaments+1","Evolve+1","Slice","Setup+1","Whirlwind+1","Flame Barrier","Deflect+1","Escape Plan+1","Blur+1"],"relics":["Ring of the Snake","Unceasing Top","StoneCalendar","InkBottle","Bird Faced Urn","Tiny House","theJungle:BirthdayCakeSlice"],"acts_visited":["Exordium","Exordium"],"potions_floor_usage":[25],"damage_taken":[{"damage":0,"enemies":"Small Slimes","floor":1,"turns":3},{"damage":0,"enemies":"2 Louse","floor":3,"turns":2},{"damage":0,"enemies":"Cultist","floor":4,"turns":5},{"damage":0,"enemies":"Large Slime","floor":5,"turns":6},{"damage":0,"enemies":"Exordium Wildlife","floor":7,"turns":4},{"damage":0,"enemies":"Lagavulin","floor":13,"turns":6},{"damage":0,"enemies":"3 Sentries","floor":14,"turns":5},{"damage":0,"enemies":"Hexaghost","floor":16,"turns":10},{"damage":0,"enemies":"Shell Parasite","floor":18,"turns":4},{"damage":0,"enemies":"theJungle:MUSHROOMGANG","floor":24,"turns":3},{"damage":0,"enemies":"theJungle:2_Phrogs","floor":25,"turns":3}],"seed_played":"934891850706561375","potions_obtained":[{"floor":4,"key":"LiquidMemories"},{"floor":13,"key":"Swift Potion"},{"floor":14,"key":"Poison Potion"},{"floor":16,"key":"CultistPotion"},{"floor":18,"key":"Block Potion"}],"is_trial":true,"path_per_floor":["M","?","M","M","M","R","M","R","T","R","R","?","E","E","R","B",null,"M","?","?","$","?","R","M","E"],"character_chosen":"THE_SILENT","items_purchased":[],"campfire_rested":0,"item_purchase_floors":[],"current_hp_per_floor":[70,63,63,63,63,63,63,63,63,63,63,63,63,63,63,65,75,75,75,80,80,80,80,80,80,80],"gold":332,"neow_bonus":"","is_daily":false,"chose_seed":false,"campfire_upgraded":6,"win_rate":0.0,"timestamp":1613679670,"path_taken":["M","?","M","M","M","R","M","R","T","R","R","?","E","E","R","BOSS","M","?","?","$","?","R","M","E"],"items_purchased_type":[],"build_version":"2020-12-22","purchased_purges":1,"victory":false,"max_hp_per_floor":[70,70,70,70,70,70,70,70,70,70,70,70,70,70,70,70,75,75,75,80,80,80,80,80,80,80],"card_choices":[{"not_picked":["Thunderclap","Prepared"],"picked":"Blur","floor":1},{"not_picked":["Burning Pact","Intimidate","Warcry"],"picked":"SKIP","floor":3},{"not_picked":["Searing Blow","Shrug It Off","Bludgeon"],"picked":"SKIP","floor":4},{"not_picked":["Dagger Spray","Bane","Disarm"],"picked":"SKIP","floor":5},{"not_picked":["Dagger Throw","Flying Knee","Flex"],"picked":"SKIP","floor":7},{"not_picked":["Headbutt","Doppelganger","After Image"],"picked":"SKIP","floor":13},{"not_picked":["Cloak And Dagger","Pummel","Whirlwind"],"picked":"SKIP","floor":14},{"not_picked":["Flame Barrier+1","Twin Strike+1","Backstab"],"picked":"SKIP","floor":18},{"not_picked":["Flame Barrier","Blade Dance","Sucker Punch+1"],"picked":"SKIP","floor":24}],"player_experience":3434460,"relics_obtained":[{"floor":9,"key":"StoneCalendar"},{"floor":13,"key":"InkBottle"},{"floor":14,"key":"Bird Faced Urn"}],"event_choices":[{"cards_removed":["Warcry"],"damage_healed":0,"gold_gain":0,"player_choice":"Card Removal","damage_taken":7,"max_hp_gain":0,"max_hp_loss":0,"event_name":"Golden Wing","floor":2,"gold_loss":0},{"damage_healed":0,"gold_gain":0,"player_choice":"Ignored","damage_taken":0,"max_hp_gain":0,"max_hp_loss":0,"event_name":"Liars Game","floor":12,"gold_loss":0},{"damage_healed":0,"gold_gain":0,"player_choice":"Got Potions","damage_taken":0,"max_hp_gain":0,"max_hp_loss":0,"event_name":"Lab","floor":22,"gold_loss":0}],"is_beta":false,"boss_relics":[{"not_picked":["WristBlade","SacredBark"],"picked":"Tiny House"}],"items_purged_floors":[21],"is_endless":false,"potions_floor_spawned":[4,13,14,16,18],"killed_by":"theJungle:2_Phrogs","ascension_level":0}}