{"host":"8cqz7u612ax6p4mk","time":1613680054,"event":{"mods":["AchievementEnabler","BaseMod","Bestiary","Colored Map","DeckTracker","Highlight Path","Minty Spire (QoL Compilation)","Relic Stats","The Servant 0.9.4"],"gold_per_floor":[119,138,153,153,153,188,188,188,188,206,226,76,97,118,118,118,118],"floor_reached":16,"language":"ENG","playtime":758,"items_purged":["Strike_R"],"score":120,"play_id":"6c7d7c1f-fc7c-436c-aa8d-f98cc383b61a","local_time":"20210218152734","is_ascension_mode":true,"campfire_choices":[{"floor":8,"key":"DIG"},{"floor":15,"key":"REST"}],"circlet_count":0,"master_deck":["Strike_R","Strike_R","Strike_R","Strike_R+1","Defend_R","Defend_R+1","Defend_R","Defend_R","Bash","Clash","Intimidate","Pommel Strike","Inflame","Limit Break","Dropkick","Clash"],"relics":["Burning Blood","Shovel","Golden Idol","Question Card","Bottled Flame","Nunchaku"],"acts_visited":["Exordium"],"potions_floor_usage":[11,16,16,16],"damage_taken":[{"damage":13,"enemies":"2 Louse","floor":1,"turns":5},{"damage":2,"enemies":"Small Slimes","floor":2,"turns":4},{"damage":2,"enemies":"Jaw Worm","floor":3,"turns":3},{"damage":41,"enemies":"Lagavulin","floor":6,"turns":10},{"damage":16,"enemies":"Exordium Thugs","floor":10,"turns":6},{"damage":11,"enemies":"Gremlin Gang","floor":11,"turns":5},{"damage":1,"enemies":"2 Fungi Beasts","floor":13,"turns":2},{"damage":0,"enemies":"Large Slime","floor":14,"turns":4},{"damage":42,"enemies":"The Guardian","floor":16,"turns":8}],"seed_played":"-4460159037391788394","potions_obtained":[{"floor":2,"key":"PowerPotion"},{"floor":11,"key":"DistilledChaos"},{"floor":14,"key":"LiquidBronze"}],"is_trial":false,"path_per_floor":["M","M","M","?","?","E","?","R","T","M","M","$","M","M","R","B"],"character_chosen":"IRONCLAD","items_purchased":["EssenceOfSteel"],"campfire_rested":1,"item_purchase_floors":[12],"current_hp_per_floor":[65,69,72,58,58,23,23,23,23,13,8,8,13,19,39,0,0],"gold":118,"neow_bonus":"ONE_RARE_RELIC","is_daily":false,"chose_seed":false,"campfire_upgraded":0,"win_rate":0.0,"timestamp":1613680054,"path_taken":["M","M","M","?","?","E","?","R","T","M","M","$","M","?","R","BOSS"],"items_purchased_type":["Potion"],"build_version":"2020-12-22","purchased_purges":1,"victory":false,"max_hp_per_floor":[72,72,72,72,67,67,67,67,67,67,67,67,67,67,67,67,67],"relic_stats":{"Nunchaku":[4],"Shovel":1,"counters":[9,47],"Golden Idol":23,"Question Card":4,"obtain_stats":[{"Bottled Flame":8,"Nunchaku":9,"Shovel":0,"Golden Idol":5,"Question Card":6,"Burning Blood":0},{"Bottled Flame":4,"Nunchaku":4,"Shovel":0,"Golden Idol":3,"Question Card":4,"Burning Blood":0},{"Bottled Flame":22,"Nunchaku":22,"Shovel":0,"Golden Idol":12,"Question Card":22,"Burning Blood":0}],"Burning Blood":47},"card_choices":[{"not_picked":["Armaments","Infernal Blade"],"picked":"Clash","floor":1},{"not_picked":["Combust","Wild Strike","Thunderclap"],"picked":"SKIP","floor":2},{"not_picked":["Havoc","Sword Boomerang"],"picked":"Intimidate","floor":3},{"not_picked":["Twin Strike","Armaments"],"picked":"Pommel Strike","floor":6},{"not_picked":["Headbutt","Wild Strike","Intimidate"],"picked":"Inflame","floor":10},{"not_picked":["Headbutt","Fire Breathing","Pommel Strike"],"picked":"Limit Break","floor":11},{"not_picked":["Flex","Anger","Body Slam"],"picked":"Dropkick","floor":13},{"not_picked":["Bloodletting","Havoc","Iron Wave"],"picked":"Clash","floor":14}],"player_experience":211349,"relics_obtained":[{"floor":6,"key":"Question Card"},{"floor":8,"key":"Bottled Flame"},{"floor":9,"key":"Nunchaku"}],"event_choices":[{"damage_healed":0,"gold_gain":0,"player_choice":"Entered Light","damage_taken":14,"max_hp_gain":0,"max_hp_loss":0,"event_name":"Shining Light","floor":4,"gold_loss":0,"cards_upgraded":["Strike_R","Defend_R"]},{"damage_healed":0,"gold_gain":0,"player_choice":"Lose Max HP","damage_taken":0,"relics_obtained":["Golden Idol"],"max_hp_gain":0,"max_hp_loss":5,"event_name":"Golden Idol","floor":5,"gold_loss":0},{"damage_healed":0,"gold_gain":0,"player_choice":"0 cards matched","damage_taken":0,"max_hp_gain":0,"max_hp_loss":0,"event_name":"Match and Keep!","floor":7,"gold_loss":0,"cards_obtained":[]}],"is_beta":false,"boss_relics":[],"items_purged_floors":[12],"is_endless":false,"potions_floor_spawned":[2,11,14],"killed_by":"The Guardian","ascension_level":3}}