{"host":"zlmf7uudqr1sj8t0","time":1613623195,"event":{"mods":["BaseMod","Colored Map","DeckTracker","Highlight Path","Minty Spire (QoL Compilation)"],"gold_per_floor":[118,135,135,158,158,158,201,221,221,221,246,246,289,308,308,428,428,442,463,481,495,495,495,495],"floor_reached":23,"language":"ENG","playtime":1515,"items_purged":[],"score":236,"play_id":"63425699-9c7b-45c7-98bb-11f0cadf26f2","local_time":"20210217203955","is_ascension_mode":true,"campfire_choices":[{"data":"Streamline","floor":6,"key":"SMITH"},{"data":"Barrage","floor":10,"key":"SMITH"},{"floor":12,"key":"REST"},{"floor":15,"key":"REST"}],"circlet_count":0,"master_deck":["Strike_B","Strike_B","Strike_B","Strike_B","Defend_B","Defend_B","Defend_B","Defend_B","Zap+1","Dualcast","Barrage+1","Streamline+1","Beam Cell","Leap","Ball Lightning","Hologram","Ball Lightning","Seek","CurseOfTheBell","Hologram+1","Ball Lightning","Streamline+1"],"relics":["Cracked Core","Golden Idol","Bag of Preparation","Tiny Chest","HornCleat","Calling Bell","Lantern","Meat on the Bone","Pocketwatch"],"acts_visited":["Exordium","TheCity"],"potions_floor_usage":[],"damage_taken":[{"damage":12,"enemies":"Jaw Worm","floor":1,"turns":3},{"damage":9,"enemies":"Small Slimes","floor":2,"turns":4},{"damage":1,"enemies":"Cultist","floor":4,"turns":3},{"damage":20,"enemies":"Lagavulin","floor":7,"turns":5},{"damage":3,"enemies":"Blue Slaver","floor":8,"turns":3},{"damage":4,"enemies":"3 Louse","floor":11,"turns":2},{"damage":18,"enemies":"Gremlin Nob","floor":13,"turns":3},{"damage":0,"enemies":"Large Slime","floor":14,"turns":2},{"damage":8,"enemies":"Slime Boss","floor":16,"turns":6},{"damage":2,"enemies":"3 Byrds","floor":18,"turns":3},{"damage":0,"enemies":"Spheric Guardian","floor":19,"turns":2},{"damage":18,"enemies":"Shelled Parasite and Fungi","floor":20,"turns":4},{"damage":9,"enemies":"Centurion and Healer","floor":21,"turns":4},{"damage":25,"enemies":"Gremlin Leader","floor":23,"turns":6}],"seed_played":"2418926373575224641","potions_obtained":[{"floor":1,"key":"Strength Potion"},{"floor":4,"key":"Energy Potion"},{"floor":11,"key":"FearPotion"},{"floor":21,"key":"Fire Potion"}],"is_trial":false,"path_per_floor":["M","M","?","M","?","R","E","M","T","R","M","R","E","M","R","B",null,"M","M","M","M","?","E"],"character_chosen":"DEFECT","items_purchased":[],"campfire_rested":2,"item_purchase_floors":[],"current_hp_per_floor":[63,54,54,53,53,53,33,30,30,30,26,48,30,30,52,44,75,73,73,55,46,30,5,5],"gold":495,"neow_bonus":"UPGRADE_CARD","is_daily":false,"chose_seed":false,"campfire_upgraded":2,"win_rate":0.0,"timestamp":1613623195,"path_taken":["M","M","?","M","?","R","E","M","T","R","M","R","E","M","R","BOSS","M","M","M","?","?","E"],"items_purchased_type":[],"build_version":"2020-12-22","purchased_purges":0,"victory":false,"max_hp_per_floor":[75,75,75,75,75,75,75,75,75,75,75,75,75,75,75,75,75,75,75,75,75,75,75,75],"card_choices":[{"not_picked":["Fusion","BootSequence"],"picked":"Barrage","floor":1},{"not_picked":["Steam","Aggregate"],"picked":"Streamline","floor":2},{"not_picked":["Steam","Turbo"],"picked":"Beam Cell","floor":4},{"not_picked":["Hyperbeam","Stack"],"picked":"Leap","floor":7},{"not_picked":["Undo","White Noise"],"picked":"Ball Lightning","floor":8},{"not_picked":["Sweeping Beam","Leap","Reinforced Body"],"picked":"SKIP","floor":11},{"not_picked":["Machine Learning","Rebound"],"picked":"Hologram","floor":13},{"not_picked":["Sweeping Beam","Beam Cell"],"picked":"Ball Lightning","floor":14},{"not_picked":["Multi-Cast","Machine Learning"],"picked":"Seek","floor":16},{"not_picked":["Streamline","Turbo+1","Cold Snap"],"picked":"SKIP","floor":18},{"not_picked":["Barrage","Reinforced Body+1"],"picked":"Hologram+1","floor":19},{"not_picked":["Sweeping Beam+1","Reinforced Body+1"],"picked":"Ball Lightning","floor":20},{"not_picked":["Echo Form","Stack"],"picked":"Streamline+1","floor":21}],"player_experience":173006,"relics_obtained":[{"floor":7,"key":"Bag of Preparation"},{"floor":9,"key":"Tiny Chest"},{"floor":13,"key":"HornCleat"},{"floor":17,"key":"Lantern"},{"floor":17,"key":"Meat on the Bone"},{"floor":17,"key":"Pocketwatch"}],"event_choices":[{"damage_healed":0,"gold_gain":0,"player_choice":"Take Wound","damage_taken":0,"relics_obtained":["Golden Idol"],"max_hp_gain":0,"max_hp_loss":0,"event_name":"Golden Idol","floor":3,"gold_loss":0,"cards_obtained":["Injury"]},{"cards_removed":["Injury"],"damage_healed":0,"gold_gain":0,"player_choice":"Removed Curses","damage_taken":0,"max_hp_gain":0,"max_hp_loss":0,"event_name":"Fountain of Cleansing","floor":5,"gold_loss":0},{"damage_healed":0,"gold_gain":0,"player_choice":"Obtained Book","damage_taken":16,"max_hp_gain":0,"max_hp_loss":0,"event_name":"Cursed Tome","floor":22,"gold_loss":0}],"is_beta":false,"boss_relics":[{"not_picked":["Coffee Dripper","SacredBark"],"picked":"Calling Bell"}],"items_purged_floors":[],"is_endless":false,"potions_floor_spawned":[1,4,11,19,21],"killed_by":"Gremlin Leader","ascension_level":3}}