{"host":"kh6fvhxn285ncg0o","time":1613685832,"event":{"mods":["Act Like it!","BaseMod","Colored Map","Friendly Minions","Keyboard Shortcuts","Minty Spire (QoL Compilation)","Quick Restart","Relic Stats","StSLib","SuperFastMode","UnlockEverythingMod"],"gold_per_floor":[111,122,122,139,139,139,180,180,180,199,239,85,85,116,128,140,140],"floor_reached":16,"language":"KOR","playtime":362,"items_purged":[],"score":236,"play_id":"11b2a035-83ed-48fd-a7b2-0ac1e5fa37a7","local_time":"20210219070352","is_ascension_mode":true,"campfire_choices":[{"data":"Immolate","floor":6,"key":"SMITH"},{"floor":13,"key":"REST"},{"data":"True Grit","floor":15,"key":"SMITH"}],"circlet_count":0,"master_deck":["AscendersBane","Strike_R","Strike_R","Defend_R","Defend_R","Defend_R","Defend_R","Bash","Entrench","Shockwave","Reckless Charge","Immolate+1","True Grit+1","Body Slam+1","Deep Breath"],"relics":["Burning Blood","Golden Idol","Singing Bowl","Eternal Feather","Molten Egg 2","MawBank"],"acts_visited":["Exordium"],"potions_floor_usage":[11,11,16],"damage_taken":[{"damage":9,"enemies":"Cultist","floor":1,"turns":5},{"damage":4,"enemies":"Small Slimes","floor":2,"turns":4},{"damage":0,"enemies":"2 Louse","floor":4,"turns":1},{"damage":32,"enemies":"Gremlin Nob","floor":7,"turns":4},{"damage":18,"enemies":"Large Slime","floor":10,"turns":4},{"damage":22,"enemies":"Lagavulin","floor":11,"turns":6},{"damage":20,"enemies":"3 Sentries","floor":14,"turns":6},{"damage":65,"enemies":"The Guardian","floor":16,"turns":11}],"seed_played":"-5136843667839377015","potions_obtained":[{"floor":2,"key":"Strength Potion"},{"floor":10,"key":"BloodPotion"},{"floor":11,"key":"ElixirPotion"},{"floor":14,"key":"GamblersBrew"}],"is_trial":false,"path_per_floor":["M","M","?","M","?","R","E","?","T","M","E","$","R","E","R","B"],"character_chosen":"IRONCLAD","items_purchased":["Body Slam+1","Deep Breath"],"campfire_rested":1,"item_purchase_floors":[12,12],"current_hp_per_floor":[65,67,72,73,48,48,24,24,24,14,15,15,47,35,44,0,0],"gold":140,"neow_bonus":"TRANSFORM_TWO_CARDS","is_daily":false,"chose_seed":false,"campfire_upgraded":2,"win_rate":0.0,"timestamp":1613685832,"path_taken":["M","M","?","M","?","R","E","?","T","M","E","$","R","E","R","BOSS"],"items_purchased_type":["Card","Card"],"build_version":"2020-12-22","purchased_purges":0,"victory":false,"max_hp_per_floor":[68,68,73,73,73,73,75,75,75,77,79,79,79,81,81,81,81],"relic_stats":{"Singing Bowl":8,"counters":[8,41],"Golden Idol":26,"Eternal Feather":18,"MawBank":24,"obtain_stats":[{"Singing Bowl":7,"Golden Idol":5,"Eternal Feather":9,"Molten Egg 2":11,"MawBank":14,"Burning Blood":0},{"Singing Bowl":4,"Golden Idol":3,"Eternal Feather":4,"Molten Egg 2":6,"MawBank":7,"Burning Blood":0},{"Singing Bowl":14,"Golden Idol":10,"Eternal Feather":14,"Molten Egg 2":24,"MawBank":30,"Burning Blood":0}],"Burning Blood":37},"card_choices":[{"not_picked":["Flex","Clash"],"picked":"Reckless Charge","floor":1},{"not_picked":["Metallicize","True Grit"],"picked":"Immolate","floor":2},{"not_picked":["Intimidate","Blood for Blood"],"picked":"True Grit","floor":4},{"not_picked":["Heavy Blade","Dual Wield","Burning Pact"],"picked":"Singing Bowl","floor":7},{"not_picked":["Pommel Strike","Dark Embrace","Shockwave"],"picked":"Singing Bowl","floor":10},{"not_picked":["Cleave+1","Flex","Searing Blow+1"],"picked":"Singing Bowl","floor":11},{"not_picked":["Rampage+1","Armaments","Bludgeon+1"],"picked":"Singing Bowl","floor":14}],"player_experience":1449954,"relics_obtained":[{"floor":7,"key":"Singing Bowl"},{"floor":9,"key":"Eternal Feather"},{"floor":11,"key":"Molten Egg 2"},{"floor":14,"key":"MawBank"}],"event_choices":[{"damage_healed":0,"gold_gain":0,"player_choice":"Donut","damage_taken":0,"max_hp_gain":5,"max_hp_loss":0,"event_name":"Big Fish","floor":3,"gold_loss":0},{"damage_healed":0,"gold_gain":0,"player_choice":"Take Damage","damage_taken":25,"relics_obtained":["Golden Idol"],"max_hp_gain":0,"max_hp_loss":0,"event_name":"Golden Idol","floor":5,"gold_loss":0},{"cards_removed":["Strike_R"],"damage_healed":0,"gold_gain":0,"player_choice":"Forget","damage_taken":0,"max_hp_gain":0,"max_hp_loss":0,"event_name":"Living Wall","floor":8,"gold_loss":0}],"is_beta":false,"boss_relics":[],"items_purged_floors":[],"is_endless":false,"potions_floor_spawned":[2,10,11,14],"killed_by":"The Guardian","ascension_level":20}}