{"host":"sum4dy402bbv9y4o","time":1613685372,"event":{"mods":["Aspiration","BaseMod","Conspire","Highlight Path","Minty Spire (QoL Compilation)","StSLib"],"gold_per_floor":[113,38,38,38,49,49,67,67,67,102,102,2,15,31,31,102,102,116,129,139,158,33,33,61,61,108,134,134,134],"floor_reached":28,"language":"ENG","playtime":1212,"items_purged":["Strike_P","Strike_P","Defend_P"],"score":516,"play_id":"08fa4f91-be8b-4cf8-99b2-603894543a0e","local_time":"20210219005612","is_ascension_mode":true,"campfire_choices":[{"data":"Ragnarok","floor":6,"key":"SMITH"},{"data":"Eruption","floor":8,"key":"SMITH"},{"data":"Vigilance","floor":11,"key":"SMITH"},{"data":"MentalFortress","floor":15,"key":"SMITH"},{"floor":23,"key":"REST"}],"circlet_count":0,"master_deck":["AscendersBane","Strike_P","Strike_P+1","Defend_P+1","Defend_P","Defend_P+1","Eruption+1","Vigilance+1","Ragnarok+1","EmptyBody+1","Protect","Prostrate","Consecrate","Brilliance","FlurryOfBlows","Consecrate","MentalFortress+1","LessonLearned+1","Body Slam","Armaments+1","FlurryOfBlows","Infernal Blade+1"],"relics":["PureWater","StrikeDummy","Prayer Wheel","Kunai","Blood Vial","aspiration:IroncladSkillbook","TeardropLocket","aspiration:ChemicalBlood","Molten Egg 2"],"acts_visited":["Exordium","TheCity"],"potions_floor_usage":[16,16,18,20,27,27,28],"damage_taken":[{"damage":2,"enemies":"Jaw Worm","floor":1,"turns":4},{"damage":2,"enemies":"conspire:RoseBush","floor":5,"turns":3},{"damage":0,"enemies":"Cultist","floor":7,"turns":2},{"damage":3,"enemies":"Lagavulin","floor":10,"turns":5},{"damage":0,"enemies":"conspire:2 RoseBushes","floor":13,"turns":5},{"damage":0,"enemies":"Large Slime","floor":14,"turns":5},{"damage":9,"enemies":"The Guardian","floor":16,"turns":9},{"damage":0,"enemies":"Chosen","floor":18,"turns":2},{"damage":0,"enemies":"conspire:FuzzyDice","floor":19,"turns":4},{"damage":4,"enemies":"Snecko","floor":20,"turns":6},{"damage":43,"enemies":"Centurion and Healer","floor":21,"turns":6},{"damage":5,"enemies":"conspire:Head Lice","floor":24,"turns":8},{"damage":28,"enemies":"Book of Stabbing","floor":27,"turns":5},{"damage":41,"enemies":"Chosen and Byrds","floor":28,"turns":5}],"seed_played":"4794451984075654051","potions_obtained":[{"floor":1,"key":"Dexterity Potion"},{"floor":10,"key":"Strength Potion"},{"floor":14,"key":"GamblersBrew"},{"floor":16,"key":"SteroidPotion"},{"floor":18,"key":"FearPotion"},{"floor":20,"key":"CultistPotion"},{"floor":24,"key":"SteroidPotion"}],"is_trial":false,"path_per_floor":["M","$","?","?","M","R","M","R","T","E","R","$","M","M","R","B",null,"M","M","M","M","$","R","E","?","T","E","M"],"character_chosen":"WATCHER","items_purchased":[],"campfire_rested":1,"item_purchase_floors":[],"current_hp_per_floor":[59,59,54,54,52,52,52,52,52,49,49,49,51,53,53,46,63,68,68,68,29,29,49,50,50,50,28,0,0],"gold":134,"neow_bonus":"ONE_RANDOM_RARE_CARD","is_daily":false,"chose_seed":false,"campfire_upgraded":4,"win_rate":0.0,"timestamp":1613685372,"path_taken":["M","$","?","?","M","R","M","R","T","E","R","$","?","M","R","BOSS","M","M","M","M","$","R","E","?","T","E","M"],"items_purchased_type":[],"build_version":"2020-12-22","purchased_purges":3,"victory":false,"max_hp_per_floor":[68,68,68,68,68,68,68,68,68,68,68,68,68,68,68,68,68,68,68,68,68,68,68,68,68,68,68,68,68],"card_choices":[{"not_picked":["Conclude","EmptyFist"],"picked":"EmptyBody","floor":1},{"not_picked":["JustLucky","Devotion"],"picked":"Protect","floor":5},{"not_picked":["EmptyFist","BowlingBash","Pray"],"picked":"SKIP","floor":5},{"not_picked":["DeceiveReality","ClearTheMind"],"picked":"Prostrate","floor":7},{"not_picked":["Swivel","CutThroughFate"],"picked":"Consecrate","floor":7},{"not_picked":["CrushJoints","InnerPeace"],"picked":"Brilliance","floor":10},{"not_picked":["SashWhip","Prostrate"],"picked":"FlurryOfBlows","floor":13},{"not_picked":["EmptyFist","Fasting2"],"picked":"Consecrate","floor":13},{"not_picked":["BowlingBash","Fasting2"],"picked":"MentalFortress","floor":14},{"not_picked":["CrushJoints","WheelKick","ClearTheMind"],"picked":"SKIP","floor":14},{"not_picked":["Brilliance","Judgement"],"picked":"LessonLearned","floor":16},{"not_picked":["Flex","Swivel","conspire:ExplosiveBarrier","WreathOfFlame"],"picked":"SKIP","floor":18},{"not_picked":["PathToVictory","CutThroughFate+1","Body Slam","Thunderclap"],"picked":"SKIP","floor":18},{"not_picked":["PathToVictory","CutThroughFate+1","Thunderclap"],"picked":"Body Slam","floor":18},{"not_picked":["Flex","Swivel","conspire:ExplosiveBarrier","WreathOfFlame"],"picked":"SKIP","floor":18},{"not_picked":["Wireheading+1","Worship","Consecrate","Nirvana"],"picked":"SKIP","floor":19},{"not_picked":["Iron Wave","Nirvana","Ghostly Armor","Disarm"],"picked":"SKIP","floor":19},{"not_picked":["Clothesline","Disarm","Reckless Charge","Rampage"],"picked":"SKIP","floor":20},{"not_picked":["Conclude","Evaluate","CrushJoints","Warcry"],"picked":"SKIP","floor":20},{"not_picked":["PathToVictory","Brilliance","EmptyBody"],"picked":"Armaments+1","floor":21},{"not_picked":["Evolve","Pommel Strike","Shrug It Off","Cleave"],"picked":"SKIP","floor":21},{"not_picked":["Swivel","Establishment","Battle Trance"],"picked":"FlurryOfBlows","floor":24},{"not_picked":["Armaments","Disarm","Dark Embrace"],"picked":"Infernal Blade+1","floor":27}],"player_experience":3114410,"relics_obtained":[{"floor":9,"key":"Kunai"},{"floor":10,"key":"Blood Vial"},{"floor":24,"key":"TeardropLocket"},{"floor":26,"key":"aspiration:ChemicalBlood"},{"floor":27,"key":"Molten Egg 2"}],"event_choices":[{"damage_healed":0,"gold_gain":0,"player_choice":"Success","damage_taken":5,"relics_obtained":["StrikeDummy"],"max_hp_gain":0,"max_hp_loss":0,"event_name":"Scrap Ooze","floor":3,"gold_loss":0},{"damage_healed":0,"gold_gain":0,"player_choice":"Gave Potion","damage_taken":0,"relics_obtained":["Prayer Wheel"],"max_hp_gain":0,"max_hp_loss":0,"event_name":"WeMeetAgain","floor":4,"gold_loss":0}],"is_beta":false,"boss_relics":[{"not_picked":["VioletLotus","Ectoplasm"],"picked":"aspiration:IroncladSkillbook"}],"items_purged_floors":[2,12,22],"is_endless":false,"potions_floor_spawned":[1,10,14,16,18,20,24],"killed_by":"Chosen and Byrds","ascension_level":20}}