{"host":"fuszjwm6fqgjjp4d","time":1613678624,"event":{"mods":["BaseMod","Colored Map","Minty Spire (QoL Compilation)","Permanent Neow","Relic Sorter","Relic Stats","StSLib"],"gold_per_floor":[19,19,29,29,46,80,80,114,160,185,202,220,220,254,254,327,327,338,518,518,529,479,479,479,479],"floor_reached":24,"language":"ENG","playtime":652,"items_purged":[],"score":502,"play_id":"58c48750-0771-49ca-8892-a790431c9fe0","local_time":"20210218140344","is_ascension_mode":true,"campfire_choices":[{"data":"Rebound","floor":7.0,"key":"SMITH"},{"data":"Zap","floor":15.0,"key":"SMITH"},{"floor":23,"key":"REST"}],"circlet_count":0,"master_deck":["AscendersBane","Strike_B","Strike_B","Strike_B","Strike_B","Defend_B","Defend_B","Defend_B","Defend_B","Zap+1","Dualcast","Secret Weapon","Streamline+1","Rebound+1","Self Repair","Echo Form","Coolheaded","Cold Snap","Compile Driver","Core Surge","Reinforced Body+1"],"relics":["Cracked Core","Eternal Feather","Bag of Marbles","Nunchaku","Ancient Tea Set","MealTicket","SlaversCollar"],"acts_visited":["Exordium","TheCity"],"potions_floor_usage":[18,20],"damage_taken":[{"damage":0.0,"enemies":"2 Louse","floor":1.0,"turns":2.0},{"damage":4.0,"enemies":"Jaw Worm","floor":3.0,"turns":3.0},{"damage":1.0,"enemies":"Cultist","floor":5.0,"turns":3.0},{"damage":8.0,"enemies":"Gremlin Nob","floor":6.0,"turns":3.0},{"damage":20.0,"enemies":"Lagavulin","floor":8.0,"turns":7.0},{"damage":0.0,"enemies":"Gremlin Nob","floor":10.0,"turns":2.0},{"damage":8.0,"enemies":"Blue Slaver","floor":11.0,"turns":2.0},{"damage":18.0,"enemies":"3 Louse","floor":12.0,"turns":4.0},{"damage":23.0,"enemies":"Lagavulin","floor":14.0,"turns":7.0},{"damage":19,"enemies":"Slime Boss","floor":16,"turns":9},{"damage":26,"enemies":"Shell Parasite","floor":18,"turns":5},{"damage":0,"enemies":"Chosen","floor":20,"turns":2},{"damage":18,"enemies":"Snecko","floor":21,"turns":4},{"damage":56,"enemies":"Gremlin Leader","floor":24,"turns":7}],"seed_played":"967621745550710651","potions_obtained":[{"floor":3.0,"key":"Ancient Potion"},{"floor":4.0,"key":"DuplicationPotion"},{"floor":4.0,"key":"Regen Potion"},{"floor":12.0,"key":"Fire Potion"},{"floor":18,"key":"SmokeBomb"}],"is_trial":false,"path_per_floor":["M","?","M","?","M","E","R","E","T","E","M","M","?","E","R","B",null,"M","?","M","M","?","R","E"],"character_chosen":"DEFECT","items_purchased":[],"campfire_rested":1,"item_purchase_floors":[],"current_hp_per_floor":[64,64,60,60,59,51,60,66,66,66,58,40,45,29,38,26,64,45,26,26,15,15,49,0,0],"gold":479,"neow_bonus":"RANDOM_COLORLESS_2","is_daily":false,"chose_seed":false,"campfire_upgraded":2,"win_rate":0.0,"timestamp":1613678624,"path_taken":["M","?","M","?","M","E","R","E","T","E","?","M","?","E","R","BOSS","M","?","M","?","?","R","E"],"items_purchased_type":[],"build_version":"2020-12-22","purchased_purges":0,"victory":false,"max_hp_per_floor":[71,71,71,71,71,71,71,71,71,71,71,71,76,76,76,76,76,76,76,76,76,76,76,76,76],"relic_stats":{"Nunchaku":[8],"counters":[14,60],"Eternal Feather":30,"MealTicket":0,"obtain_stats":[{"SlaversCollar":17,"Nunchaku":9,"Eternal Feather":6,"MealTicket":14,"Bag of Marbles":8,"Cracked Core":0,"Ancient Tea Set":10},{"SlaversCollar":10,"Nunchaku":5,"Eternal Feather":4,"MealTicket":9,"Bag of Marbles":5,"Cracked Core":0,"Ancient Tea Set":6},{"SlaversCollar":42,"Nunchaku":18,"Eternal Feather":11,"MealTicket":33,"Bag of Marbles":18,"Cracked Core":0,"Ancient Tea Set":20}]},"card_choices":[{"not_picked":["Metamorphosis","Sadistic Nature"],"picked":"Secret Weapon","floor":0.0},{"not_picked":["Coolheaded","Hello World"],"picked":"Streamline","floor":1.0},{"not_picked":["Conserve Battery","White Noise"],"picked":"Rebound","floor":3.0},{"not_picked":["Sweeping Beam","Double Energy"],"picked":"Self Repair","floor":5.0},{"not_picked":["Chaos","Glacier"],"picked":"Echo Form","floor":6.0},{"not_picked":["Cold Snap","BootSequence"],"picked":"Coolheaded","floor":8.0},{"not_picked":["Redo","Sunder","Barrage"],"picked":"SKIP","floor":10.0},{"not_picked":["Steam","Conserve Battery","Rebound"],"picked":"SKIP","floor":11.0},{"not_picked":["Rip and Tear","Sweeping Beam"],"picked":"Cold Snap","floor":12.0},{"not_picked":["Genetic Algorithm","Stack"],"picked":"Compile Driver","floor":14.0},{"not_picked":["Rainbow","Creative AI"],"picked":"Core Surge","floor":16},{"not_picked":["Rebound","Sweeping Beam","Redo"],"picked":"SKIP","floor":18},{"not_picked":["Beam Cell+1","Coolheaded"],"picked":"Reinforced Body+1","floor":21}],"player_experience":1496199,"relics_obtained":[{"floor":6.0,"key":"Eternal Feather"},{"floor":8.0,"key":"Bag of Marbles"},{"floor":9.0,"key":"Nunchaku"},{"floor":10.0,"key":"Ancient Tea Set"},{"floor":14.0,"key":"MealTicket"}],"event_choices":[{"damage_healed":0.0,"max_hp_gain":0.0,"max_hp_loss":0.0,"gold_gain":0.0,"event_name":"Living Wall","player_choice":"Grow","floor":2.0,"gold_loss":0.0,"damage_taken":0.0,"cards_upgraded":["Streamline"]},{"damage_healed":0.0,"max_hp_gain":0.0,"max_hp_loss":0.0,"gold_gain":0.0,"event_name":"Lab","player_choice":"Got Potions","floor":4.0,"gold_loss":0.0,"damage_taken":0.0},{"damage_healed":0.0,"max_hp_gain":5.0,"max_hp_loss":0.0,"gold_gain":0.0,"event_name":"Big Fish","player_choice":"Donut","floor":13.0,"gold_loss":0.0,"damage_taken":0.0},{"damage_healed":0,"gold_gain":180,"player_choice":"GOLD GOLD ","damage_taken":19,"max_hp_gain":0,"max_hp_loss":0,"event_name":"Knowing Skull","floor":19,"potions_obtained":[],"gold_loss":0,"cards_obtained":[]},{"damage_healed":0,"gold_gain":0,"player_choice":"Bet on Murderer","damage_taken":0,"max_hp_gain":0,"max_hp_loss":0,"event_name":"The Joust","floor":22,"gold_loss":50}],"is_beta":false,"boss_relics":[{"not_picked":["Philosopher\u0027s Stone","Busted Crown"],"picked":"SlaversCollar"}],"items_purged_floors":[],"is_endless":false,"potions_floor_spawned":[3,5,12,18],"killed_by":"Gremlin Leader","ascension_level":20}}