{"host":"sav7uxregyirlf69","time":1613639085,"event":{"mods":["AchievementEnabler","BaseMod","Colored Map","DeckTracker","Keyboard Shortcuts","Minty Spire (QoL Compilation)","READ ME - Guardian Mod","StSLib","SuperFastMode"],"gold_per_floor":[116,128,142,142,68,68,78,78,103,119,130,159,177,190,190,269,269,287,287,68,84,101,101,112,62,62,62,62,72,72,72,72,72,72],"floor_reached":33,"language":"KOR","playtime":544,"items_purged":["Strike_R"],"score":602,"play_id":"397f86b1-672c-494c-83f7-3150c51bd301","local_time":"20210218180445","is_ascension_mode":true,"campfire_choices":[{"data":"Rage","floor":6.0,"key":"SMITH"},{"data":"Flash of Steel","floor":8.0,"key":"SMITH"},{"data":"Immolate","floor":15.0,"key":"SMITH"},{"data":"Offering","floor":23.0,"key":"SMITH"},{"data":"Dark Embrace","floor":28.0,"key":"SMITH"},{"data":"Evolve","floor":30.0,"key":"SMITH"},{"data":"Madness","floor":32.0,"key":"SMITH"}],"circlet_count":0,"master_deck":["AscendersBane","Strike_R","Strike_R","Strike_R","Defend_R","Defend_R","Defend_R","Defend_R","Bash","Flash of Steel+1","Rage+1","Flex","Shrug It Off","Sword Boomerang","Immolate+1","Pommel Strike","Offering+1","Evolve+1","Madness+1","Dark Embrace+1","Clumsy","Second Wind"],"relics":["Burning Blood","Strawberry","Pear","Pen Nib","Smiling Mask","Cursed Key","Membership Card"],"acts_visited":["Exordium","TheCity"],"potions_floor_usage":[33],"damage_taken":[{"damage":8.0,"enemies":"2 Louse","floor":1.0,"turns":3.0},{"damage":0.0,"enemies":"Cultist","floor":2.0,"turns":3.0},{"damage":4.0,"enemies":"Small Slimes","floor":3.0,"turns":3.0},{"damage":23.0,"enemies":"Exordium Thugs","floor":7.0,"turns":9.0},{"damage":1.0,"enemies":"3 Louse","floor":10.0,"turns":4.0},{"damage":3.0,"enemies":"Looter","floor":11.0,"turns":3.0},{"damage":27.0,"enemies":"3 Sentries","floor":12.0,"turns":9.0},{"damage":0.0,"enemies":"2 Fungi Beasts","floor":13.0,"turns":2.0},{"damage":1.0,"enemies":"Lots of Slimes","floor":14.0,"turns":3.0},{"damage":0.0,"enemies":"Slime Boss","floor":16.0,"turns":4.0},{"damage":18.0,"enemies":"Chosen","floor":18.0,"turns":4.0},{"damage":22.0,"enemies":"3 Byrds","floor":21.0,"turns":5.0},{"damage":6.0,"enemies":"Centurion and Healer","floor":22.0,"turns":5.0},{"damage":40.0,"enemies":"Sentry and Sphere","floor":24.0,"turns":6.0},{"damage":17.0,"enemies":"Chosen and Byrds","floor":29.0,"turns":5.0},{"damage":26,"enemies":"Automaton","floor":33,"turns":4}],"seed_played":"-7582986876120786737","potions_obtained":[{"floor":1.0,"key":"GamblersBrew"},{"floor":2.0,"key":"Explosive Potion"},{"floor":11.0,"key":"BlessingOfTheForge"},{"floor":12.0,"key":"BloodPotion"},{"floor":14.0,"key":"DuplicationPotion"},{"floor":21.0,"key":"Weak Potion"}],"is_trial":false,"path_per_floor":["M","M","M","?","?","R","M","R","T","M","M","E","M","M","R","B",null,"M","?","$","M","M","R","M","$","T","?","R","M","R","?","R","B"],"character_chosen":"IRONCLAD","items_purchased":["Membership Card","Madness"],"campfire_rested":0,"item_purchase_floors":[20,20],"current_hp_per_floor":[66,72,74,70,80,80,63,63,63,68,71,50,56,61,61,67,86,74,74,74,76,76,76,42,42,42,42,42,31,31,31,31,5,5],"gold":72,"neow_bonus":"RANDOM_COLORLESS","is_daily":false,"chose_seed":false,"campfire_upgraded":7,"win_rate":0.0,"timestamp":1613639085,"path_taken":["M","M","M","?","?","R","M","R","T","M","M","E","M","?","R","BOSS","M","?","?","M","M","R","M","$","T","?","R","M","R","?","R","BOSS"],"items_purchased_type":["Relic","Card"],"build_version":"2020-12-22","purchased_purges":1,"victory":false,"max_hp_per_floor":[75,75,75,82,92,92,92,92,92,92,92,92,92,92,92,92,92,92,92,92,92,92,92,92,92,92,92,92,92,92,92,92,92,92],"card_choices":[{"not_picked":["Blind","Enlightenment"],"picked":"Flash of Steel","floor":0.0},{"not_picked":["Shrug It Off","Ghostly Armor"],"picked":"Rage","floor":1.0},{"not_picked":["Rage","Reckless Charge"],"picked":"Flex","floor":2.0},{"not_picked":["Twin Strike","Warcry"],"picked":"Shrug It Off","floor":3.0},{"not_picked":["Uppercut","Shrug It Off","Clothesline"],"picked":"SKIP","floor":7.0},{"not_picked":["Rampage","Flex","Wild Strike"],"picked":"SKIP","floor":10.0},{"not_picked":["Rampage","Flex","Wild Strike"],"picked":"SKIP","floor":10.0},{"not_picked":["Clash","Perfected Strike"],"picked":"Sword Boomerang","floor":11.0},{"not_picked":["Shrug It Off","Rage"],"picked":"Immolate","floor":12.0},{"not_picked":["Metallicize","Battle Trance"],"picked":"Pommel Strike","floor":13.0},{"not_picked":["Wild Strike","Perfected Strike","Sentinel"],"picked":"SKIP","floor":14.0},{"not_picked":["Bludgeon","Fiend Fire"],"picked":"Offering","floor":16.0},{"not_picked":["Thunderclap","Perfected Strike"],"picked":"Evolve","floor":18.0},{"not_picked":["True Grit","Twin Strike","Iron Wave"],"picked":"SKIP","floor":21.0},{"not_picked":["Havoc","Intimidate","Twin Strike+1"],"picked":"SKIP","floor":22.0},{"not_picked":["True Grit","Ghostly Armor"],"picked":"Dark Embrace","floor":24.0},{"not_picked":["Headbutt","Seeing Red"],"picked":"Second Wind","floor":29.0}],"player_experience":1610718,"relics_obtained":[{"floor":9.0,"key":"Pen Nib"},{"floor":12.0,"key":"Smiling Mask"}],"event_choices":[{"damage_healed":0.0,"max_hp_gain":0.0,"max_hp_loss":0.0,"gold_gain":0.0,"event_name":"Scrap Ooze","player_choice":"Success","floor":4.0,"gold_loss":0.0,"damage_taken":11.0,"relics_obtained":["Strawberry"]},{"damage_healed":0.0,"max_hp_gain":0.0,"max_hp_loss":0.0,"gold_gain":0.0,"event_name":"WeMeetAgain","player_choice":"Paid Gold","floor":5.0,"gold_loss":74.0,"damage_taken":0.0,"relics_obtained":["Pear"]},{"damage_healed":0.0,"max_hp_gain":0.0,"max_hp_loss":0.0,"gold_gain":0.0,"event_name":"N\u0027loth","player_choice":"Ignored","floor":19.0,"gold_loss":0.0,"damage_taken":0.0},{"damage_healed":0.0,"max_hp_gain":0.0,"max_hp_loss":0.0,"gold_gain":0.0,"event_name":"Cursed Tome","player_choice":"Ignored","floor":27.0,"gold_loss":0.0,"damage_taken":0.0},{"cards_removed":["Strike_R"],"damage_healed":0.0,"max_hp_gain":0.0,"max_hp_loss":0.0,"gold_gain":0.0,"event_name":"Back to Basics","player_choice":"Elegance","floor":31.0,"gold_loss":0.0,"damage_taken":0.0}],"is_beta":false,"boss_relics":[{"not_picked":["Mark of Pain","Snecko Eye"],"picked":"Cursed Key"}],"items_purged_floors":[25],"is_endless":false,"potions_floor_spawned":[1,2,11,12,13,14,21,22,24],"killed_by":"Automaton","ascension_level":20}}