{"host":"adt9pv9dmmkchns7","time":1613673338,"event":{"mods":["AchievementEnabler","Aspiration","BaseMod","Beaked The Cultist","Better Third Choice","Curses Come First","Energized Spire","Minty Spire (QoL Compilation)","Permanent Neow","Potionbrewer","Quick Restart","Reliquary","Replay The Spire","Robot Space Explorer","Shade Mod","Spicy Shops","StSLib","The Blackbeard","The Cursed","The Forsaken","The Gatherer","The Necromancer","Wandering Minibosses"],"gold_per_floor":[110,110,110,130,146,146,179,179,179,179,208,208,224,237,237,341,341,357,375,386,240,278,278,315,315,385,385,434,434,475,515,515,643,643,678,678,193,236,272,272,317,368,391,426,426,426,451,499,499,515,515,515,131,168,192],"floor_reached":56,"language":"ENG","playtime":6428,"items_purged":["Writhe","Shame"],"score":1469,"play_id":"07601bcc-4559-4dc3-8200-685b026035ae","local_time":"20210218193538","is_ascension_mode":true,"campfire_choices":[{"floor":6,"key":"RECALL"},{"data":"blackbeard:Cutlass","floor":8,"key":"SMITH"},{"data":"blackbeard:FieryDefense","floor":10,"key":"SMITH"},{"data":"blackbeard:InfiniteBarrage","floor":12,"key":"SMITH"},{"data":"blackbeard:IntimidatingStrike","floor":15,"key":"SMITH"},{"data":"blackbeard:BrownPants","floor":23,"key":"SMITH"},{"data":"blackbeard:JollyRoger","floor":25,"key":"SMITH"},{"data":"blackbeard:IntimidatingStrike","floor":32,"key":"SMITH"},{"data":"blackbeard:Salvager","floor":40,"key":"SMITH"},{"data":"ReplayTheSpireMod:Limb From Limb","floor":46,"key":"SMITH"},{"data":"blackbeard:Intoxication","floor":49,"key":"SMITH"},{"data":"blackbeard:Sword","floor":52,"key":"SMITH"}],"circlet_count":0,"master_deck":["blackbeard:BlackbeardStrike","blackbeard:BlackbeardStrike","blackbeard:BlackbeardStrike","blackbeard:BlackbeardStrike+1","blackbeard:IntimidatingStrike+1","blackbeard:BlackbeardDefend","blackbeard:BlackbeardDefend","blackbeard:BlackbeardDefend","blackbeard:Cutlass+1","TheCursedMod:Defend_TheCursed","blackbeard:IntimidatingStrike+1","blackbeard:Boarding","blackbeard:FieryDefense+1","blackbeard:RearmingStrike","blackbeard:GoldenDefense","blackbeard:InfiniteBarrage+1","blackbeard:RemoveScurvy","blackbeard:JollyRoger+1","blackbeard:Halberd","blackbeard:Dagger","blackbeard:BlindAttacks+1","blackbeard:WeaponProficiency+1","blackbeard:BrownPants+1","blackbeard:Sword+1","blackbeard:GoldenDefense+1","blackbeard:DeadlyArsenal+1","blackbeard:GoldenStrike+1","blackbeard:Salvager+1","blackbeard:Upgrade+1","blackbeard:GoldenDefense+1","ReplayTheSpireMod:Limb From Limb+1","blackbeard:PiratesWill+1","blackbeard:Intoxication+1","Parasite","blackbeard:TacticalRetreat+1","blackbeard:GoldenDefense+1","blackbeard:Toast+1"],"relics":["blackbeard:LoadTheCannons","Thread and Needle","Bag of Preparation","Regal Pillow","Chameleon Ring","Coffee Dripper","Replay:Bandana","Replay:Wax Seal","theForsaken:HumbleEgg","Replay:Baseball","WingedGreaves","aspiration:IroncladSkillbook","potionbrewer:DrinkingBird","reliquary:PrincelyHelmet","Dead Branch","aspiration:ChemicalBlood","reliquary:ExpiredCoupon","reliquary:RosewoodLute","ReplayTheSpireMod:CursedCoin","Replay:Accelerometer","aspiration:Lifesprig","aspiration:EmptySkull"],"acts_visited":["Exordium","TheCity","TheBeyond","TheEnding"],"potions_floor_usage":[7,7,11,16,19,20,24,30,33,41,41,42,42,47,48,50,50,50,54,54,55,55,55],"damage_taken":[{"damage":1,"enemies":"Jaw Worm","floor":1,"turns":3},{"damage":0,"enemies":"2 Louse","floor":4,"turns":3},{"damage":0,"enemies":"Small Slimes","floor":5,"turns":2},{"damage":8,"enemies":"3 Sentries","floor":7,"turns":3},{"damage":3,"enemies":"Gremlin Nob","floor":11,"turns":3},{"damage":0,"enemies":"Blue Slaver","floor":13,"turns":3},{"damage":1,"enemies":"Red Slaver","floor":14,"turns":5},{"damage":6,"enemies":"Slime Boss","floor":16,"turns":7},{"damage":7,"enemies":"3 Byrds","floor":18,"turns":4},{"damage":4,"enemies":"2 Thieves","floor":19,"turns":3},{"damage":23,"enemies":"3 Cultists","floor":20,"turns":6},{"damage":7,"enemies":"Centurion and Healer","floor":22,"turns":5},{"damage":8,"enemies":"Replay:Snechameleon","floor":24,"turns":4},{"damage":15,"enemies":"Gremlin Leader","floor":28,"turns":5},{"damage":10,"enemies":"Slavers","floor":30,"turns":4},{"damage":0,"enemies":"Chosen and Byrds","floor":31,"turns":6},{"damage":31,"enemies":"Automaton","floor":33,"turns":8},{"damage":0,"enemies":"Orb Walker","floor":35,"turns":3},{"damage":6,"enemies":"3 Darklings","floor":38,"turns":4},{"damage":5,"enemies":"Spire Growth","floor":39,"turns":6},{"damage":0,"enemies":"Giant Head","floor":41,"turns":7},{"damage":0,"enemies":"Reptomancer","floor":42,"turns":4},{"damage":0,"enemies":"Writhing Mass","floor":44,"turns":5},{"damage":0,"enemies":"Maw","floor":47,"turns":6},{"damage":0,"enemies":"Giant Head","floor":48,"turns":5},{"damage":23,"enemies":"Replay:Hell Engine","floor":50,"turns":7},{"damage":0,"enemies":"Shield and Spear","floor":54,"turns":5},{"damage":49,"enemies":"The Heart","floor":55,"turns":8}],"seed_played":"-6953265215449904255","potions_obtained":[{"floor":1,"key":"ColorlessPotion"},{"floor":11,"key":"Strength Potion"},{"floor":14,"key":"Strength Potion"},{"floor":16,"key":"BlessingOfTheForge"},{"floor":18,"key":"Regen Potion"},{"floor":22,"key":"Fire Potion"},{"floor":31,"key":"GamblersBrew"},{"floor":38,"key":"SpeedPotion"},{"floor":41,"key":"Languid Potion"},{"floor":47,"key":"Reflective Coating"},{"floor":54,"key":"BlessingOfTheForge"},{"floor":55,"key":"Regen Potion"}],"is_trial":false,"path_per_floor":["M","?","?","M","M","R","E","R","T","R","E","R","M","M","R","B",null,"M","M","M","$","M","R","E","R","T","?","E","?","E","M","R","B",null,"M","?","$","M","M","R","E","E","T","M","?","R","M","E","R","B",null,"R","$","E","B",null],"character_chosen":"BLACKBEARD_CLASS","items_purchased":["Replay:Bandana","potionbrewer:DrinkingBird","blackbeard:GoldenDefense+1","reliquary:PrincelyHelmet","ReplayTheSpireMod:CursedCoin","Replay:Accelerometer","aspiration:Lifesprig","SkillPotion"],"campfire_rested":0,"item_purchase_floors":[21,37,37,37,53,53,53,53],"current_hp_per_floor":[67,60,60,60,60,60,52,52,52,52,49,49,49,53,53,47,68,66,75,57,57,55,55,47,47,47,47,37,62,52,52,52,21,62,71,71,71,69,73,73,75,75,75,75,75,75,75,75,75,68,79,79,79,82,59],"gold":192,"neow_bonus":"ONE_RARE_RELIC","is_daily":false,"chose_seed":false,"campfire_upgraded":11,"win_rate":0.0,"timestamp":1613673338,"path_taken":["M","?","?","M","M","R","E","R","T","R","E","R","M","M","R","BOSS","M","M","M","$","M","R","E","R","T","?","E","?","E","M","R","BOSS","M","?","$","M","M","R","E","E","T","M","?","R","M","E","R","BOSS","R","$","E","BOSS"],"items_purchased_type":["Relic","Relic","Card","Relic","Relic","Relic","Relic","Potion"],"build_version":"2020-12-22","purchased_purges":2,"victory":true,"max_hp_per_floor":[75,75,75,75,75,75,75,75,75,75,75,75,75,75,75,75,75,75,75,75,75,75,75,75,75,75,75,75,75,75,75,75,75,75,75,75,75,75,75,75,75,75,75,75,75,75,75,75,75,82,82,82,82,82,82],"card_choices":[{"not_picked":["blackbeard:Revenge","blackbeard:BeatUp"],"picked":"blackbeard:Boarding","floor":1},{"not_picked":["blackbeard:Upgrade","blackbeard:Fencing"],"picked":"blackbeard:FieryDefense","floor":4},{"not_picked":["blackbeard:Dagger","blackbeard:BlindAttacks"],"picked":"blackbeard:RearmingStrike","floor":5},{"not_picked":["blackbeard:WoodenLeg","blackbeard:TerrorOfTheSeas"],"picked":"blackbeard:GoldenDefense","floor":7},{"not_picked":["blackbeard:FishingNets","blackbeard:DoubleCannonball"],"picked":"blackbeard:InfiniteBarrage","floor":11},{"not_picked":["blackbeard:Dagger","blackbeard:RearmingStrike"],"picked":"blackbeard:RemoveScurvy","floor":13},{"not_picked":["blackbeard:Upgrade","blackbeard:Scrap"],"picked":"blackbeard:JollyRoger","floor":14},{"not_picked":["blackbeard:TheDrunkenSailor","blackbeard:GoldenGuillotine"],"picked":"blackbeard:Halberd","floor":16},{"not_picked":["blackbeard:BeatUp","blackbeard:Toast"],"picked":"blackbeard:Dagger","floor":18},{"not_picked":["blackbeard:DeadlyArsenal","blackbeard:BeatUp"],"picked":"blackbeard:BlindAttacks+1","floor":19},{"not_picked":["blackbeard:Scrap","blackbeard:VengefulSpirit+1"],"picked":"blackbeard:WeaponProficiency+1","floor":20},{"not_picked":["blackbeard:PirateHook","blackbeard:WeaponProficiency"],"picked":"blackbeard:BrownPants","floor":22},{"not_picked":["blackbeard:Spear+1","blackbeard:GoldenDefense+1"],"picked":"blackbeard:Sword","floor":24},{"not_picked":["blackbeard:FishingNets","blackbeard:GoldenStrike+1"],"picked":"blackbeard:GoldenDefense+1","floor":28},{"not_picked":["blackbeard:BountyHunter","blackbeard:RearmingStrike+1"],"picked":"blackbeard:DeadlyArsenal+1","floor":30},{"not_picked":["blackbeard:DeadlyArsenal+1","blackbeard:BeatUp+1"],"picked":"blackbeard:GoldenStrike+1","floor":31},{"not_picked":["blackbeard:BountyHunter","blackbeard:FinalBarrage"],"picked":"blackbeard:Salvager","floor":33},{"not_picked":["Havoc+1","Clothesline+1","Sword Boomerang+1"],"picked":"blackbeard:Upgrade+1","floor":35},{"not_picked":["blackbeard:SwordDance+1","Ghostly Armor+1","blackbeard:Sword+1"],"picked":"ReplayTheSpireMod:Limb From Limb","floor":38},{"not_picked":["Clothesline+1","blackbeard:GoldenGuillotine","blackbeard:TacticalRetreat+1"],"picked":"blackbeard:PiratesWill+1","floor":39},{"not_picked":["Anger+1","blackbeard:Sharpening+1","Metallicize"],"picked":"blackbeard:Intoxication","floor":41},{"not_picked":["blackbeard:WiseDefense+1","Wild Strike+1","Havoc+1","Rupture"],"picked":"SKIP","floor":42},{"not_picked":["blackbeard:JollyRoger+1","blackbeard:Fencing+1","blackbeard:SwordDance+1"],"picked":"blackbeard:TacticalRetreat+1","floor":44},{"not_picked":["blackbeard:RearmingStrike+1","Immolate","Spot Weakness","Havoc+1"],"picked":"SKIP","floor":47},{"not_picked":["blackbeard:CatONineTails","Dual Wield+1","blackbeard:Dagger+1"],"picked":"blackbeard:GoldenDefense+1","floor":48},{"not_picked":["blackbeard:Fencing+1","Sword Boomerang+1","True Grit+1"],"picked":"blackbeard:Toast+1","floor":54}],"player_experience":980656,"relics_obtained":[{"floor":7,"key":"Regal Pillow"},{"floor":11,"key":"Chameleon Ring"},{"floor":24,"key":"Replay:Wax Seal"},{"floor":26,"key":"theForsaken:HumbleEgg"},{"floor":28,"key":"Replay:Baseball"},{"floor":30,"key":"WingedGreaves"},{"floor":41,"key":"Dead Branch"},{"floor":42,"key":"aspiration:ChemicalBlood"},{"floor":43,"key":"reliquary:ExpiredCoupon"},{"floor":48,"key":"reliquary:RosewoodLute"},{"floor":54,"key":"aspiration:EmptySkull"}],"event_choices":[{"damage_healed":0,"gold_gain":0,"player_choice":"Relic ","damage_taken":7,"max_hp_gain":0,"max_hp_loss":0,"event_name":"betterThird:BetterScrap","floor":2,"gold_loss":0,"cards_obtained":["Steam Power"]},{"damage_healed":0,"gold_gain":0,"player_choice":"Leave","damage_taken":0,"max_hp_gain":0,"max_hp_loss":0,"event_name":"The Cleric","floor":3,"gold_loss":0},{"damage_healed":25,"gold_gain":0,"player_choice":"Heal","damage_taken":0,"max_hp_gain":0,"max_hp_loss":0,"event_name":"The Library","floor":29,"gold_loss":0},{"damage_healed":0,"gold_gain":0,"player_choice":"Ignored","damage_taken":0,"max_hp_gain":0,"max_hp_loss":0,"event_name":"Tomb of Lord Red Mask","floor":36,"gold_loss":0},{"cards_removed":["blackbeard:BlackbeardDefend"],"damage_healed":0,"gold_gain":0,"player_choice":"Removed Skill","damage_taken":0,"max_hp_gain":0,"max_hp_loss":0,"event_name":"Falling","floor":45,"gold_loss":0}],"is_beta":false,"boss_relics":[{"not_picked":["aspiration:RunicSpoon","Empty Cage"],"picked":"Coffee Dripper"},{"not_picked":["Tiny House","Black Star"],"picked":"aspiration:IroncladSkillbook"}],"items_purged_floors":[37,53],"is_endless":false,"potions_floor_spawned":[1,11,14,16,18,22,31,38,41,47,54],"ascension_level":6}}