{"host":"d73an99q9oevilk5","time":1613635885,"event":{"mods":["2.2 Compatiblity","AchievementEnabler","Act Like it!","Aspiration","BaseMod","Beaked The Cultist","Better Third Choice","BetterRewards","Colored Map","Colored Powertips","Conspire","Downfall","GifTheSpireLib","Halation","Hubris","Infinite Spire","Marisa????????","Mimic Mod","Minty Spire (QoL Compilation)","MostiFishMod","Quick Restart","Relic Sorter","Reliquary","Replay The Spire","Shop Mod","Spikes Relics","StSLib","Stuff the Spire","The Cursed","The Jungle","The Necromancer","The Saiyan","Waifu the Spire","egg","slay the spire mod where everything is the same but ironclad has a cowboy hat"],"gold_per_floor":[112,122,137,212,211,211,33,59,59,59,72,72,91,104,104,205,205,224,224,239,259,278,310,70,70,105,105,85,104,117,130,130,228,228,242,256,156,156,174,174,192,192,192,192,222,9,27,27,27,27],"floor_reached":51,"language":"ENG","playtime":1917,"items_purged":["Overencumbered"],"score":801,"play_id":"45bae73c-bed3-478c-aa41-d539116afc80","local_time":"20210218011125","is_ascension_mode":false,"campfire_choices":[{"data":"StuffTheSpire:MirrorStance","floor":6,"key":"SMITH"},{"data":"MostiFishMod:ThornCasing","floor":10,"key":"SMITH"},{"data":"MostiFishMod:VineMother","floor":12,"key":"SMITH"},{"data":"MostiFishMod:WinterMarkForm","floor":15,"key":"SMITH"},{"floor":25,"key":"REST"},{"data":"Footwork","floor":27,"key":"SMITH"},{"data":"Fluid Movement","floor":32,"key":"SMITH"},{"data":"conspire:PoisonWeapons","floor":40,"key":"SMITH"},{"data":"StuffTheSpire:Incursion","floor":42,"key":"SMITH"},{"data":"Neutralize","floor":44,"key":"SMITH"},{"data":"MostiFishMod:VineMother","floor":49,"key":"SMITH"}],"circlet_count":0,"master_deck":["Strike_G","Strike_G","Strike_G","Strike_G","Defend_G+1","Defend_G+1","Defend_G+1","Defend_G+1","Survivor","Neutralize+1","MostiFishMod:PoisonShield","MostiFishMod:VineMother+1","Fluid Movement+1","Whirlwind","MostiFishMod:ThornCasing+1","MostiFishMod:WinterMarkForm+1","Dodge and Roll","MostiFishMod:Wind","Fluid Movement","Footwork+1","Prepared","MostiFishMod:FrostNova","conspire:PoisonWeapons+1","Dash+1","Choke","Glass Knife","Fluid Movement","MostiFishMod:Wind","StuffTheSpire:Incursion+1","MostiFishMod:VineMother+1","Corpse Explosion"],"relics":["Ring of the Snake","DaveBox","aspiration:Nostalgia","m_IronCrown","BionicSphere","SynthV:TestCard","ReplayTheSpireMod:CursedCoin","hubris:OldNail","StuffTheSpire:SapphireSignet","Black Star","StuffTheSpire:Rhapsscallions","StuffTheSpire:NeowsTribute","Replay:Bottled Eggs","The Courier","reliquary:Sod","RoseTintedShades","TungstenRod","reliquary:TatteredRug","beaked:ShinyBauble","hubris:Metronome"],"acts_visited":["TheCity","TheBeyond"],"potions_floor_usage":[8,16,16,21,31,33,33,47,47,50],"damage_taken":[{"damage":15.0,"enemies":"infinitespire:Voidling","floor":1.0,"turns":6.0},{"damage":0.0,"enemies":"Small Slimes","floor":2.0,"turns":3.0},{"damage":0.0,"enemies":"Cultist","floor":3.0,"turns":4.0},{"damage":11,"enemies":"Lagavulin","floor":8,"turns":6},{"damage":0,"enemies":"3 Louse","floor":11,"turns":2},{"damage":0,"enemies":"Red Slaver","floor":13,"turns":3},{"damage":7,"enemies":"Large Slime","floor":14,"turns":4},{"damage":0,"enemies":"Slime Boss","floor":16,"turns":5},{"damage":0,"enemies":"2 Thieves","floor":18,"turns":3},{"damage":11,"enemies":"3 Byrds","floor":20,"turns":4},{"damage":25,"enemies":"Sentry and Sphere","floor":21,"turns":5},{"damage":5,"enemies":"Centurion and Healer","floor":22,"turns":5},{"damage":44,"enemies":"Book of Stabbing","floor":23,"turns":5},{"damage":3,"enemies":"Snake Plant","floor":26,"turns":7},{"damage":15,"enemies":"Snake Plant","floor":29,"turns":4},{"damage":0,"enemies":"Chosen and Byrds","floor":30,"turns":4},{"damage":3,"enemies":"Shelled Parasite and Fungi","floor":31,"turns":4},{"damage":18,"enemies":"hubris:MusketHawk","floor":33,"turns":5},{"damage":17,"enemies":"3 Darklings","floor":35,"turns":3},{"damage":8,"enemies":"3 Shapes","floor":36,"turns":4},{"damage":10,"enemies":"3 Darklings","floor":39,"turns":3},{"damage":0,"enemies":"Spire Growth","floor":41,"turns":4},{"damage":13,"enemies":"Nemesis","floor":45,"turns":5},{"damage":9,"enemies":"Sphere and 2 Shapes","floor":47,"turns":5},{"damage":25,"enemies":"Donu and Deca","floor":50,"turns":3}],"seed_played":"6791161479786635286","potions_obtained":[{"floor":1.0,"key":"Reflective Coating"},{"floor":3.0,"key":"EntropicBrew"},{"floor":14,"key":"FearPotion"},{"floor":23,"key":"Poison Potion"},{"floor":28,"key":"PowerPotion"},{"floor":31,"key":"Swift Potion"},{"floor":33,"key":"SkillPotion"},{"floor":35,"key":"Adrenaline Potion"},{"floor":47,"key":"FearPotion"}],"is_trial":false,"path_per_floor":["M","M","M","?","$","R","$","E","T","R","M","R","M","M","R","B",null,"M","?","M","M","M","E","$","R","MIM","R","?","M","M","M","R","B",null,"M","M","NS","?","M","R","M","R","T","R","E","$","M","T","R","B",null],"character_chosen":"THE_SILENT","items_purchased":["ReplayTheSpireMod:CursedCoin","Fluid Movement","Whirlwind","GhostInAJar","Replay:Bottled Eggs","MostiFishMod:VineMother","beaked:ShinyBauble"],"campfire_rested":1,"item_purchase_floors":[5,5,7,7,24,46,46],"current_hp_per_floor":[68,70,70,63,63,63,63,58,58,58,64,64,70,69,69,70,70,70,70,65,48,53,17,17,38,43,43,43,36,42,45,45,37,72,61,59,59,72,68,68,72,72,72,72,65,65,64,64,64,45],"gold":27,"neow_bonus":"NOSTALGIA","is_daily":false,"chose_seed":false,"campfire_upgraded":10,"win_rate":0.0,"timestamp":1613635885,"path_taken":["M","M","?","?","$","R","?","E","T","R","?","R","M","M","R","BOSS","M","?","?","M","M","E","?","R","MIM","R","?","?","M","M","R","BOSS","M","M","NS","?","?","R","M","R","T","R","E","$","M","?","R","BOSS"],"items_purchased_type":["Relic","Card","Card","Potion","Relic","Card","Relic"],"build_version":"2020-12-22","purchased_purges":1,"victory":true,"max_hp_per_floor":[70,70,70,70,70,70,70,70,70,70,70,70,70,70,70,70,70,70,70,70,70,70,72,72,72,72,72,72,72,72,72,72,72,72,72,72,72,72,72,72,72,72,72,72,72,72,72,72,72,72],"card_choices":[{"not_picked":["Twin Strike","Endless Agony"],"picked":"StuffTheSpire:MirrorStance","floor":1.0},{"not_picked":["Acrobatics","ReplayTheSpireMod:Tripwire","champ:EnragedBash","Heavy Blade"],"picked":"MostiFishMod:PoisonShield","floor":2.0},{"not_picked":["StuffTheSpire:BrimstoneBlast","Masterful Stab","Outmaneuver","Heavy Blade"],"picked":"MostiFishMod:VineMother","floor":3.0},{"not_picked":["Hidden Blade","Cloak And Dagger","Acrobatics","Poisoned Stab"],"picked":"MostiFishMod:ThornCasing","floor":8},{"not_picked":["Twin Strike","All Out Attack","Infinite Blades","Reflex"],"picked":"MostiFishMod:WinterMarkForm","floor":11},{"not_picked":["champ:AdrenalArmor","Underhanded Strike","Finisher","Twin Strike"],"picked":"Dodge and Roll","floor":13},{"not_picked":["Dagger Throw","Poisoned Stab","Acrobatics","StuffTheSpire:Incursion","StuffTheSpire:ReptileScales"],"picked":"SKIP","floor":14},{"not_picked":["aspiration:Lunge","Glass Knife","Tools of the Trade","A Thousand Cuts"],"picked":"MostiFishMod:Wind","floor":16},{"not_picked":["MostiFishMod:PerfectParry","Deflect","Endless Agony","hubris:Counter"],"picked":"Fluid Movement","floor":18},{"not_picked":["Outmaneuver","Blade Dance+1","Dash","Finisher","Bane"],"picked":"SKIP","floor":20},{"not_picked":["Masterful Stab","hubris:Sniper","ReplayTheSpireMod:Necrosis","Deadly Poison","Deflect"],"picked":"SKIP","floor":21},{"not_picked":["Poisoned Stab","Sucker Punch+1","Noxious Fumes+1","Outmaneuver+1"],"picked":"Prepared","floor":22},{"not_picked":["Eviscerate","Flechettes+1","Backflip","Skewer"],"picked":"MostiFishMod:FrostNova","floor":23},{"not_picked":["Quick Slash+1","Flying Knee","Flechettes","Atom Bomb"],"picked":"conspire:PoisonWeapons","floor":29},{"not_picked":["StuffTheSpire:BumpUp","Pace+1","conspire:DoublingDagger","Sucker Punch"],"picked":"Dash+1","floor":30},{"not_picked":["Dagger Throw+1","Escape Plan+1","StuffTheSpire:Injection","Dodge and Roll"],"picked":"Choke","floor":31},{"not_picked":["MostiFishMod:HiddenBlade","Grand Finale","Atom Bomb","infinitespire:Neurotoxin"],"picked":"Glass Knife","floor":33},{"not_picked":["Outmaneuver","Draining Mist","Poisoned Stab","StuffTheSpire:BumpUp","Flying Knee+1"],"picked":"SKIP","floor":35},{"not_picked":["Outmaneuver+1","Blade Dance+1","Dagger Spray+1","StuffTheSpire:Injection"],"picked":"Fluid Movement","floor":36},{"not_picked":["MostiFishMod:PerfectParry+1","StuffTheSpire:Python","Catalyst","Terror+1"],"picked":"MostiFishMod:Wind","floor":39},{"not_picked":["ReplayTheSpireMod:The Works","hubris:SlightOfHand","Acrobatics+1","MostiFishMod:PerfectParry+1"],"picked":"StuffTheSpire:Incursion","floor":41},{"not_picked":["Calculated Gamble+1","Sucker Punch+1","PiercingWail+1","Prepared","StuffTheSpire:Injection"],"picked":"SKIP","floor":45},{"not_picked":["Backflip+1","StuffTheSpire:BumpUp+1","Flying Knee+1","Concentrate"],"picked":"Corpse Explosion","floor":47}],"player_experience":1937064,"relics_obtained":[{"floor":1.0,"key":"SynthV:TestCard"},{"floor":8,"key":"hubris:OldNail"},{"floor":9,"key":"StuffTheSpire:SapphireSignet"},{"floor":23,"key":"StuffTheSpire:Rhapsscallions"},{"floor":23,"key":"StuffTheSpire:NeowsTribute"},{"floor":26,"key":"The Courier"},{"floor":26,"key":"reliquary:Sod"},{"floor":43,"key":"RoseTintedShades"},{"floor":45,"key":"TungstenRod"},{"floor":45,"key":"reliquary:TatteredRug"},{"floor":48,"key":"hubris:Metronome"}],"event_choices":[{"damage_healed":0,"gold_gain":75,"player_choice":"Touch","damage_taken":7,"max_hp_gain":0,"max_hp_loss":0,"event_name":"FaceTrader","floor":4,"gold_loss":0},{"damage_healed":0,"gold_gain":0,"player_choice":"Read","damage_taken":0,"max_hp_gain":0,"max_hp_loss":0,"event_name":"The Library","floor":19,"gold_loss":0,"cards_obtained":["Footwork"]},{"damage_healed":0,"gold_gain":0,"player_choice":"Bought 1 Potion","damage_taken":0,"max_hp_gain":0,"max_hp_loss":0,"event_name":"The Woman in Blue","floor":28,"gold_loss":0},{"damage_healed":13,"gold_gain":0,"player_choice":"Full Heal","damage_taken":0,"max_hp_gain":0,"max_hp_loss":0,"event_name":"Wheel of Change","floor":38,"gold_loss":0}],"is_beta":false,"boss_relics":[{"not_picked":["Honey Jar","aspiration:BeakedSkillbook"],"picked":"Black Star"},{"not_picked":["BloodWine","StuffTheSpire:Kangaroo","Snecko Scales"]}],"items_purged_floors":[5],"is_endless":false,"potions_floor_spawned":[1,3,14,23,30,31,33,35,45,47],"ascension_level":0}}