{"host":"ue7jlgf7uv134an9","time":1613647837,"event":{"mods":["BaseMod","Better Third Choice","Colored Map","Defuse TimeMaze Blight","Minty Spire (QoL Compilation)","Quick Restart","Rare Cards Sparkle","Relic Stats","StSLib","UnlockEverythingMod"],"gold_per_floor":[114,114,214,226,22,47,47,66,66,66,85,102,117,129,129,231,231,250,250,32,43,59,59,74,74,74,93,111,131,160,176,176,271,271,288,300,300,300,314,348,348,374,401,401,421,448,498,550,550,550],"floor_reached":51,"language":"ENG","playtime":2751,"items_purged":["Strike_G"],"score":863,"play_id":"5f25cfd7-01c4-4dbb-8c3c-baee789300e0","local_time":"20210218063037","is_ascension_mode":false,"campfire_choices":[{"floor":7.0,"key":"REST"},{"data":"Cloak And Dagger","floor":10.0,"key":"SMITH"},{"data":"Well Laid Plans","floor":15.0,"key":"SMITH"},{"data":"Footwork","floor":23.0,"key":"SMITH"},{"data":"Finisher","floor":25.0,"key":"SMITH"},{"floor":32.0,"key":"REST"},{"floor":41,"key":"REST"},{"data":"Burst","floor":44,"key":"SMITH"},{"floor":49,"key":"REST"}],"circlet_count":0,"master_deck":["Strike_G","Strike_G","Defend_G","Defend_G","Defend_G","Defend_G","Survivor","Neutralize+1","Escape Plan","Deadly Poison","Slice+1","Poisoned Stab","Cloak And Dagger+1","Crippling Poison","Finisher+1","Dash","Slice","Leg Sweep","Well Laid Plans+1","Endless Agony","Dodge and Roll","Adrenaline","Corpse Explosion","Dagger Spray","Footwork+1","Leg Sweep","Backflip+1","Blur","Footwork+1","Dodge and Roll+1","Burst+1","Blur+1","Concentrate","Finisher+1","Glass Knife","Sucker Punch+1","Dash+1","PiercingWail+1","Leg Sweep+1"],"relics":["Ring of the Snake","Vajra","Orrery","Shuriken","Bottled Tornado","Sozu","Anchor","Frozen Egg 2","WristBlade","Smiling Mask","Nunchaku","Whetstone","Darkstone Periapt","CaptainsWheel","Calipers"],"acts_visited":["Exordium","TheCity","TheBeyond"],"potions_floor_usage":[33],"damage_taken":[{"damage":0.0,"enemies":"2 Louse","floor":1.0,"turns":3.0},{"damage":0.0,"enemies":"Small Slimes","floor":4.0,"turns":3.0},{"damage":18.0,"enemies":"Lagavulin","floor":6.0,"turns":7.0},{"damage":0.0,"enemies":"Cultist","floor":8.0,"turns":2.0},{"damage":0.0,"enemies":"Exordium Wildlife","floor":11.0,"turns":3.0},{"damage":0.0,"enemies":"Red Slaver","floor":12.0,"turns":2.0},{"damage":6.0,"enemies":"Lots of Slimes","floor":13.0,"turns":2.0},{"damage":0.0,"enemies":"Blue Slaver","floor":14.0,"turns":3.0},{"damage":13.0,"enemies":"Hexaghost","floor":16.0,"turns":6.0},{"damage":0.0,"enemies":"Spheric Guardian","floor":18.0,"turns":3.0},{"damage":8.0,"enemies":"Shell Parasite","floor":21.0,"turns":4.0},{"damage":4.0,"enemies":"Snake Plant","floor":22.0,"turns":4.0},{"damage":0.0,"enemies":"Snecko","floor":24.0,"turns":4.0},{"damage":0.0,"enemies":"Centurion and Healer","floor":27.0,"turns":4.0},{"damage":4.0,"enemies":"Snake Plant","floor":28.0,"turns":4.0},{"damage":0.0,"enemies":"Cultist and Chosen","floor":29.0,"turns":3.0},{"damage":14.0,"enemies":"Book of Stabbing","floor":30.0,"turns":6.0},{"damage":0.0,"enemies":"Centurion and Healer","floor":31.0,"turns":4.0},{"damage":0,"enemies":"Collector","floor":33,"turns":10},{"damage":0,"enemies":"3 Darklings","floor":35,"turns":5},{"damage":0,"enemies":"Orb Walker","floor":36,"turns":4},{"damage":2,"enemies":"Writhing Mass","floor":39,"turns":6},{"damage":17,"enemies":"Reptomancer","floor":40,"turns":7},{"damage":0,"enemies":"Nemesis","floor":42,"turns":7},{"damage":13,"enemies":"Transient","floor":45,"turns":5},{"damage":0,"enemies":"Giant Head","floor":46,"turns":8},{"damage":0,"enemies":"Mind Bloom Boss Battle","floor":47,"turns":7},{"damage":0,"enemies":"2 Orb Walkers","floor":48,"turns":5},{"damage":8,"enemies":"Time Eater","floor":50,"turns":17}],"seed_played":"5975153722687815268","potions_obtained":[{"floor":6.0,"key":"LiquidBronze"},{"floor":8.0,"key":"DuplicationPotion"},{"floor":13.0,"key":"Fire Potion"},{"floor":16.0,"key":"Ancient Potion"}],"is_trial":false,"path_per_floor":["M","?","?","M","$","E","R","M","T","R","M","M","M","M","R","B",null,"M","?","$","M","M","R","M","R","T","M","M","M","E","M","R","B",null,"M","M","?","?","M","E","R","E","T","R","M","E","?","?","R","B",null],"character_chosen":"THE_SILENT","items_purchased":["Cloak And Dagger","Orrery","Footwork","Leg Sweep"],"campfire_rested":4,"item_purchase_floors":[5,5,20,20],"current_hp_per_floor":[63,56,56,56,56,38,56,56,56,56,56,56,50,50,50,37,63,63,63,63,55,51,51,51,51,51,51,47,47,33,33,51,51,63,63,63,60,60,58,41,59,59,59,59,46,46,46,46,60,52],"gold":550,"neow_bonus":"TRANSFORM_TWO_CARDS","is_daily":false,"chose_seed":false,"campfire_upgraded":5,"win_rate":0.0,"timestamp":1613647837,"path_taken":["M","?","?","M","$","E","R","M","T","R","M","?","M","M","R","BOSS","M","?","$","M","M","R","M","R","T","M","?","M","E","?","R","BOSS","M","M","?","?","?","E","R","E","T","R","M","E","?","?","R","BOSS"],"items_purchased_type":["Card","Relic","Card","Card"],"build_version":"2020-12-22","purchased_purges":1,"victory":true,"max_hp_per_floor":[63,63,63,63,63,63,63,63,63,63,63,63,63,63,63,63,63,63,63,63,63,63,63,63,63,63,63,63,63,63,63,63,63,63,63,63,60,60,60,60,60,60,60,60,60,60,60,60,60,60],"relic_stats":{"Sozu":9,"Darkstone Periapt":0,"Nunchaku":[9],"counters":[29,148],"Shuriken":[71],"Whetstone":["Neutralize","Slice"],"Smiling Mask":0,"obtain_stats":[{"Darkstone Periapt":46,"Calipers":48,"Vajra":2,"Whetstone":43,"Bottled Tornado":9,"Frozen Egg 2":30,"Smiling Mask":40,"Sozu":17,"Anchor":26,"Nunchaku":42,"CaptainsWheel":47,"WristBlade":34,"Shuriken":6,"Orrery":5,"Ring of the Snake":0},{"Darkstone Periapt":26,"Calipers":28,"Vajra":1,"Whetstone":24,"Bottled Tornado":4,"Frozen Egg 2":17,"Smiling Mask":23,"Sozu":9,"Anchor":13,"Nunchaku":24,"CaptainsWheel":27,"WristBlade":19,"Shuriken":3,"Orrery":2,"Ring of the Snake":0},{"Darkstone Periapt":119,"Calipers":131,"Vajra":3,"Whetstone":106,"Bottled Tornado":15,"Frozen Egg 2":63,"Smiling Mask":99,"Sozu":31,"Anchor":46,"Nunchaku":106,"CaptainsWheel":126,"WristBlade":77,"Shuriken":13,"Orrery":6,"Ring of the Snake":0}],"Ring of the Snake":[60]},"card_choices":[{"not_picked":["Reflex","Dodge and Roll"],"picked":"Slice","floor":1.0},{"not_picked":["Dodge and Roll","Dagger Throw"],"picked":"Poisoned Stab","floor":4.0},{"not_picked":["Outmaneuver","Riddle With Holes"],"picked":"Crippling Poison","floor":5.0},{"not_picked":["Dagger Throw","Corpse Explosion"],"picked":"Finisher","floor":5.0},{"not_picked":["Flying Knee","Prepared"],"picked":"Dash","floor":5.0},{"not_picked":["Dash","Bane"],"picked":"Slice","floor":5.0},{"not_picked":["PiercingWail","Bane"],"picked":"Leg Sweep","floor":5.0},{"not_picked":["Bouncing Flask","Quick Slash","Grand Finale"],"picked":"SKIP","floor":6.0},{"not_picked":["Deadly Poison","Prepared"],"picked":"Well Laid Plans","floor":8.0},{"not_picked":["Endless Agony","Quick Slash","Leg Sweep"],"picked":"SKIP","floor":11.0},{"not_picked":["Quick Slash","Leg Sweep"],"picked":"Endless Agony","floor":11.0},{"not_picked":["Bane","Setup"],"picked":"Dodge and Roll","floor":12.0},{"not_picked":["Dagger Throw","Endless Agony","Outmaneuver"],"picked":"SKIP","floor":13.0},{"not_picked":["Flechettes","Deadly Poison"],"picked":"Adrenaline","floor":14.0},{"not_picked":["Grand Finale","Night Terror"],"picked":"Corpse Explosion","floor":16.0},{"not_picked":["Expertise+1","Well Laid Plans"],"picked":"Dagger Spray","floor":18.0},{"not_picked":["Deflect","Masterful Stab"],"picked":"Backflip+1","floor":21.0},{"not_picked":["Quick Slash+1","Outmaneuver","Endless Agony"],"picked":"SKIP","floor":22.0},{"not_picked":["Noxious Fumes+1","Dodge and Roll","Dagger Throw"],"picked":"SKIP","floor":24.0},{"not_picked":["Acrobatics","Dagger Throw","Finisher"],"picked":"SKIP","floor":27.0},{"not_picked":["Dagger Throw","Deadly Poison"],"picked":"Blur","floor":28.0},{"not_picked":["Calculated Gamble+1","Quick Slash+1"],"picked":"Footwork+1","floor":29.0},{"not_picked":["Dagger Throw+1","Skewer"],"picked":"Dodge and Roll+1","floor":30.0},{"not_picked":["Underhanded Strike","Noxious Fumes+1","Slice"],"picked":"SKIP","floor":31.0},{"not_picked":["Corpse Explosion","Grand Finale"],"picked":"Burst","floor":33},{"not_picked":["Dodge and Roll","Escape Plan","Quick Slash+1"],"picked":"SKIP","floor":35},{"not_picked":["Sucker Punch+1","Prepared+1"],"picked":"Blur+1","floor":36},{"not_picked":["Dodge and Roll","Heel Hook","Poisoned Stab+1"],"picked":"SKIP","floor":39},{"not_picked":["Masterful Stab","Corpse Explosion"],"picked":"Finisher+1","floor":40},{"not_picked":["Crippling Poison","Dagger Spray"],"picked":"Glass Knife","floor":42},{"not_picked":["Deadly Poison","Slice+1"],"picked":"Sucker Punch+1","floor":45},{"not_picked":["Deadly Poison","Endless Agony+1"],"picked":"Dash+1","floor":46},{"not_picked":["Dagger Throw","Flying Knee"],"picked":"PiercingWail+1","floor":47},{"not_picked":["Acrobatics+1","Backstab"],"picked":"Leg Sweep+1","floor":48}],"player_experience":87236,"relics_obtained":[{"floor":6.0,"key":"Shuriken"},{"floor":9.0,"key":"Bottled Tornado"},{"floor":26.0,"key":"Anchor"},{"floor":30.0,"key":"Frozen Egg 2"},{"floor":40,"key":"Smiling Mask"},{"floor":42,"key":"Nunchaku"},{"floor":43,"key":"Whetstone"},{"floor":46,"key":"Darkstone Periapt"},{"floor":47,"key":"CaptainsWheel"},{"floor":48,"key":"Calipers"}],"event_choices":[{"damage_healed":0.0,"max_hp_gain":0.0,"max_hp_loss":0.0,"gold_gain":0.0,"event_name":"betterThird:BetterScrap","player_choice":"Relic ","floor":2.0,"gold_loss":0.0,"damage_taken":7.0,"cards_obtained":["Rip and Tear"]},{"damage_healed":0.0,"max_hp_gain":0.0,"max_hp_loss":0.0,"gold_gain":100.0,"event_name":"Wheel of Change","player_choice":"Gold","floor":3.0,"gold_loss":0.0,"damage_taken":0.0},{"damage_healed":0.0,"max_hp_gain":0.0,"max_hp_loss":0.0,"gold_gain":0.0,"event_name":"Wheel of Change","player_choice":"Full Heal","floor":19.0,"gold_loss":0.0,"damage_taken":0.0},{"damage_healed":0,"gold_gain":0,"player_choice":"Max HP","damage_taken":0,"max_hp_gain":0,"max_hp_loss":3,"event_name":"Winding Halls","floor":37,"gold_loss":0},{"damage_healed":0,"gold_gain":0,"cards_transformed":["Strike_G"],"player_choice":"Transformed","damage_taken":0,"max_hp_gain":0,"max_hp_loss":0,"event_name":"Transmorgrifier","floor":38,"gold_loss":0,"cards_obtained":["Concentrate"]},{"damage_healed":0,"gold_gain":0,"player_choice":"Fight","damage_taken":0,"max_hp_gain":0,"max_hp_loss":0,"event_name":"MindBloom","floor":47,"gold_loss":0},{"damage_healed":0,"gold_gain":0,"player_choice":"Fight","damage_taken":0,"max_hp_gain":0,"max_hp_loss":0,"event_name":"Mysterious Sphere","floor":48,"gold_loss":0}],"is_beta":false,"boss_relics":[{"not_picked":["Fusion Hammer","SacredBark"],"picked":"Sozu"},{"not_picked":["Astrolabe","Snecko Eye"],"picked":"WristBlade"}],"items_purged_floors":[20],"is_endless":false,"potions_floor_spawned":[6,8,13,16,18,24,28,30,33,39,40,42,48],"ascension_level":0}}