{"host":"vk2xyavtylxbvrfq","time":1613680088,"event":{"mods":["Bard","BaseMod","Bestiary","Better Altar","Better Match","Better Note","Better Sensory Stone","Better Skull","Better Vampires","Block Reminder","Bossed Relics","Colored Map","Curses Come First","Displayed Cursed Tome","Downfall","Fox Events","Hermit","Ironclad Rager","Marked Mod","Minty Spire (QoL Compilation)","Quick Restart","Rare Cards Sparkle","Relic Sorter","Reliquary","Robot Space Explorer","StSLib","The Hayseed","The Runesmith","TheSurvivalist","Unceasing Turn Reminder"],"gold_per_floor":[110,110,121,49,49,49,82,102,128,143,143,17,34,68,68,167,167,179,198,198,5,5,5,21,21,21,21,21],"floor_reached":27,"language":"ENG","playtime":1314,"items_purged":[],"score":320,"play_id":"a6800a2e-6c13-44cd-a6d5-8c73bf5156f3","local_time":"20210218152808","is_ascension_mode":true,"campfire_choices":[{"data":"hermit:Malice","floor":6,"key":"SMITH"},{"floor":11,"key":"REST"},{"floor":15,"key":"REST"},{"floor":23,"key":"REST"},{"floor":25,"key":"REST"}],"circlet_count":0,"master_deck":["hermit:Strike_Hermit","hermit:Strike_Hermit","hermit:Strike_Hermit+1","hermit:Strike_Hermit","hermit:Defend_Hermit","hermit:Defend_Hermit","hermit:Defend_Hermit","hermit:Defend_Hermit","hermit:Snapshot","hermit:Covet","hermit:ShadowCloak+1","hermit:Malice+1","hermit:GhostlyPresence","Regret","hermit:Snipe","hermit:FlashPowder","hermit:Determination","hermit:Coalescence","hermit:FlashPowder","hermit:Midnight","hermit:SprayPray","hermit:OverwhelmingPower","CurseOfTheBell","hermit:FlashPowder+1","hermit:Manifest+1"],"relics":["hermit:Momento","NeowsBlessing","Lantern","CaptainsWheel","reliquary:PorcupineQuills","reliquary:Sod","Calling Bell","Juzu Bracelet","Mummified Hand","Runesmith:Locket","reliquary:Sideboard","Nloth\u0027s Gift","Anchor"],"acts_visited":["Exordium","TheCity"],"potions_floor_usage":[14,18,19,19],"damage_taken":[{"damage":0,"enemies":"2 Louse","floor":1,"turns":1},{"damage":0,"enemies":"Jaw Worm","floor":3,"turns":1},{"damage":0,"enemies":"3 Sentries","floor":7,"turns":2},{"damage":7,"enemies":"Small Slimes","floor":8,"turns":4},{"damage":16,"enemies":"3 Louse","floor":10,"turns":4},{"damage":2,"enemies":"Looter","floor":13,"turns":4},{"damage":15,"enemies":"Lagavulin","floor":14,"turns":8},{"damage":13,"enemies":"Hexaghost","floor":16,"turns":11},{"damage":15,"enemies":"2 Thieves","floor":18,"turns":3},{"damage":19,"enemies":"Shell Parasite","floor":19,"turns":9},{"damage":34,"enemies":"Snecko","floor":24,"turns":6},{"damage":46,"enemies":"Gremlin Leader","floor":27,"turns":6}],"seed_played":"540560481568038887","potions_obtained":[{"floor":8,"key":"FearPotion"},{"floor":10,"key":"SneckoOil"},{"floor":13,"key":"Strength Potion"},{"floor":14,"key":"SteroidPotion"},{"floor":19,"key":"Block Potion"}],"is_trial":false,"path_per_floor":["M","?","M","$","?","R","E","M","T","M","R","$","M","E","R","B",null,"M","M","?","$","?","R","M","R","T","E"],"character_chosen":"HERMIT","items_purchased":["hermit:GhostlyPresence","hermit:Coalescence","hermit:FlashPowder","MealTicket","Dexterity Potion"],"campfire_rested":4,"item_purchase_floors":[4,12,12,21,21],"current_hp_per_floor":[68,53,53,53,53,53,53,46,46,30,52,52,50,35,57,44,67,52,33,33,33,33,55,21,43,43,0,0],"gold":21,"neow_bonus":"THREE_ENEMY_KILL","is_daily":false,"chose_seed":false,"campfire_upgraded":1,"win_rate":0.0,"timestamp":1613680088,"path_taken":["M","?","M","$","?","R","E","M","T","M","R","?","M","E","R","BOSS","M","M","?","$","?","R","M","R","T","E"],"items_purchased_type":["Card","Card","Card","Relic","Potion"],"build_version":"2020-12-22","purchased_purges":0,"victory":false,"max_hp_per_floor":[75,75,75,75,75,75,75,75,75,75,75,75,75,75,75,75,75,75,75,75,75,75,75,75,75,75,75,75],"card_choices":[{"not_picked":["hermit:LowProfile","hermit:Desperado"],"picked":"hermit:ShadowCloak","floor":1},{"not_picked":["hermit:Grudge","hermit:Headshot"],"picked":"hermit:Malice","floor":3},{"not_picked":["hermit:Roughhouse","hermit:PistolWhip"],"picked":"hermit:Snipe","floor":7},{"not_picked":["hermit:FullyLoaded","hermit:NoHoldsBarred"],"picked":"hermit:FlashPowder","floor":8},{"not_picked":["hermit:WideOpen","hermit:Dive"],"picked":"hermit:Determination","floor":10},{"not_picked":["hermit:WideOpen","hermit:SprayPray"],"picked":"hermit:Midnight","floor":13},{"not_picked":["hermit:GoldenBullet","hermit:FatalDesire"],"picked":"hermit:SprayPray","floor":14},{"not_picked":["hermit:Purgatory","hermit:BlackWind"],"picked":"hermit:OverwhelmingPower","floor":16},{"not_picked":["hermit:Showdown","hermit:Manifest"],"picked":"hermit:FlashPowder+1","floor":18},{"not_picked":["hermit:Glare+1","hermit:Malice+1"],"picked":"hermit:Manifest+1","floor":19},{"not_picked":["hermit:ItchyTrigger+1","hermit:BodyArmor+1"],"picked":"hermit:Quickdraw","floor":24}],"player_experience":1421238,"relics_obtained":[{"floor":7,"key":"CaptainsWheel"},{"floor":9,"key":"reliquary:PorcupineQuills"},{"floor":14,"key":"reliquary:Sod"},{"floor":17,"key":"Juzu Bracelet"},{"floor":17,"key":"Mummified Hand"},{"floor":17,"key":"Runesmith:Locket"},{"floor":26,"key":"Anchor"}],"event_choices":[{"damage_healed":0,"gold_gain":0,"player_choice":"Entered Light","damage_taken":15,"max_hp_gain":0,"max_hp_loss":0,"event_name":"Shining Light","floor":2,"gold_loss":0,"cards_upgraded":["hermit:ShadowCloak","hermit:Strike_Hermit"]},{"damage_healed":0,"gold_gain":0,"player_choice":"Box","damage_taken":0,"relics_obtained":["Lantern"],"max_hp_gain":0,"max_hp_loss":0,"event_name":"Big Fish","floor":5,"gold_loss":0,"cards_obtained":["Regret"]},{"damage_healed":0,"gold_gain":0,"player_choice":"Gave Potion","damage_taken":0,"relics_obtained":["reliquary:Sideboard"],"max_hp_gain":0,"max_hp_loss":0,"event_name":"WeMeetAgain","floor":20,"gold_loss":0},{"damage_healed":0,"gold_gain":0,"player_choice":"Traded Relic","damage_taken":0,"relics_obtained":["Nloth\u0027s Gift"],"max_hp_gain":0,"max_hp_loss":0,"event_name":"N\u0027loth","floor":22,"relics_lost":["MealTicket"],"gold_loss":0}],"is_beta":false,"boss_relics":[{"not_picked":["Velvet Choker","SacredBark"],"picked":"Calling Bell"}],"items_purged_floors":[],"is_endless":false,"potions_floor_spawned":[8,10,13,14,19],"killed_by":"Gremlin Leader","ascension_level":6}}