{"host":"qy1e0kd24tpj3i2m","time":1613647599,"event":{"mods":["Act Like it!","BaseMod","Better Skull","Better Vampires","Colored Map","Colored Powertips","Curses Come First","Custom Start","Displayed Cursed Tome","Extra Virgin Snecko Oil","Faster Ascension Climbing","Friendly Minions","GifTheSpireLib","Gremlin Skip","Highlight Path","Minty Spire (QoL Compilation)","Permanent Neow","Poor People Problems","Quick Restart","Red Circlet Mod","Relic Filter Mod","Relic Sorter","Reorder Act Four","SacredBarkPlus","Shop Mod","StSLib","SuperFastMode","Transform Curses","没有小屋子和绿帽子啦"],"gold_per_floor":[119,119,278,136,165,204,216,216,240,240,267,19,31,69,69,69,69],"floor_reached":16,"language":"ZHS","playtime":747,"items_purged":["Doubt","Dualcast"],"score":216,"play_id":"b5b3f953-da41-44bc-9e12-59c6af46e606","local_time":"20210218202639","is_ascension_mode":true,"campfire_choices":[{"data":"Sunder","floor":8,"key":"SMITH"},{"data":"Melter","floor":10,"key":"SMITH"},{"floor":15,"key":"REST"}],"circlet_count":0,"master_deck":["AscendersBane","Strike_B","Strike_B","Strike_B","Strike_B","Defend_B","Defend_B","Defend_B","Defend_B","Zap","CurseOfTheBell","Melter+1","Sunder+1","Self Repair+1","Finesse","Gash"],"relics":["Calling Bell","CeramicFish","Singing Bowl","Lizard Tail","Mercury Hourglass","Frozen Egg 2","Blood Vial","Membership Card","Odd Mushroom"],"acts_visited":["Exordium"],"potions_floor_usage":[6,11,16],"damage_taken":[{"damage":7.0,"enemies":"Cultist","floor":1.0,"turns":4.0},{"damage":1.0,"enemies":"Small Slimes","floor":5.0,"turns":2.0},{"damage":45,"enemies":"3 Sentries","floor":6,"turns":8},{"damage":4,"enemies":"Jaw Worm","floor":7,"turns":5},{"damage":35,"enemies":"Lagavulin","floor":11,"turns":6},{"damage":2,"enemies":"Large Slime","floor":13,"turns":4},{"damage":16,"enemies":"The Mushroom Lair","floor":14,"turns":4},{"damage":64,"enemies":"Hexaghost","floor":16,"turns":9}],"seed_played":"3328752464867961350","potions_obtained":[{"floor":5,"key":"Regen Potion"},{"floor":6,"key":"PowerPotion"},{"floor":14,"key":"GamblersBrew"}],"is_trial":false,"path_per_floor":["M","T","?","$","M","E","M","R","T","R","E","$","M","?","R","B"],"character_chosen":"DEFECT","items_purchased":["Melter","Membership Card","Finesse"],"campfire_rested":1,"item_purchase_floors":[4,12,12],"current_hp_per_floor":[59,59,59,59,58,28,36,36,36,36,13,13,15,11,34,11,11],"gold":69,"neow_bonus":"BOSS_RELIC","is_daily":false,"chose_seed":false,"campfire_upgraded":2,"win_rate":0.0,"timestamp":1613647599,"path_taken":["M","?","?","$","M","E","M","R","T","R","E","$","M","?","R","BOSS"],"items_purchased_type":["Card","Relic","Card"],"build_version":"2020-12-22","purchased_purges":2,"victory":false,"max_hp_per_floor":[73,73,73,73,73,73,75,75,75,75,77,77,79,79,79,79,79],"card_choices":[{"not_picked":["Redo","Ball Lightning","Compile Driver"],"picked":"Singing Bowl","floor":1.0},{"not_picked":["Ball Lightning","Go for the Eyes"],"picked":"Sunder","floor":5},{"not_picked":["Streamline","Barrage"],"picked":"Self Repair+1","floor":6},{"not_picked":["Stack","Redo","Compile Driver"],"picked":"Singing Bowl","floor":7},{"not_picked":["Rebound","Barrage","Defragment+1"],"picked":"Singing Bowl","floor":11},{"not_picked":["Self Repair+1","Force Field","Stack"],"picked":"Singing Bowl","floor":13},{"not_picked":["Ball Lightning","Self Repair+1"],"picked":"Gash","floor":14}],"player_experience":905170,"relics_obtained":[{"floor":0.0,"key":"CeramicFish"},{"floor":0.0,"key":"Singing Bowl"},{"floor":0.0,"key":"Lizard Tail"},{"floor":2.0,"key":"Mercury Hourglass"},{"floor":6,"key":"Frozen Egg 2"},{"floor":11,"key":"Blood Vial"},{"floor":14,"key":"Odd Mushroom"}],"event_choices":[{"damage_healed":0.0,"max_hp_gain":0.0,"max_hp_loss":0.0,"gold_gain":150.0,"event_name":"Liars Game","player_choice":"AGREE","floor":3.0,"gold_loss":0.0,"damage_taken":0.0,"cards_obtained":["Doubt"]},{"damage_healed":0,"gold_gain":0,"player_choice":"Fought Mushrooms","damage_taken":0,"max_hp_gain":0,"max_hp_loss":0,"event_name":"Mushrooms","floor":14,"gold_loss":0}],"is_beta":false,"boss_relics":[],"items_purged_floors":[4,12],"is_endless":false,"potions_floor_spawned":[5,6,14],"killed_by":"Hexaghost","ascension_level":20}}