{"host":"ufhw4cf0hh51lveu","time":1613636045,"event":{"mods":["BaseMod","DeckTracker","Lobotomy","Minty Spire (QoL Compilation)","SuperFastMode"],"gold_per_floor":[116,129,129,129,149,149,162,194,194,159,177,195,195,215,215,316,366,386,397,21,38,53,53,70,81,81,81,81],"floor_reached":27,"language":"KOR","playtime":1068,"items_purged":["Strike_R"],"score":271,"play_id":"3ff72943-e39d-4492-aed5-ab06bb990fd1","local_time":"20210218171405","is_ascension_mode":false,"campfire_choices":[{"data":"Bash","floor":6,"key":"SMITH"},{"data":"Heavy Blade","floor":13,"key":"SMITH"},{"data":"Spot Weakness","floor":15,"key":"SMITH"},{"data":"Flex","floor":23,"key":"SMITH"}],"circlet_count":0,"master_deck":["Strike_R+1","Strike_R","Strike_R","Strike_R","Defend_R","Defend_R","Defend_R","Defend_R","Bash+1","Bloodbath","Heavy Blade+1","Laetitia","Sword Boomerang+1","Funeral","Cleave+1","SpiderBud","Twin Strike","UniverseFragment","BlackSwan","QueenOfHatred","Flex+1","CherryBlossoms","Spot Weakness+1","ShyLook","Feed","VoidDream","LaLuna","Feed","OldLady","Flex","Scarecrow","WallGazer","Alriune"],"relics":["Burning Blood","CogitoBucket","Mercury Hourglass","Meat on the Bone","LuminousBracelet","Tiny House","BackwardClock","Whetstone","Omamori","Oddly Smooth Stone"],"acts_visited":["Exordium","TheCity"],"potions_floor_usage":[5,16,19,19,22,24,27],"damage_taken":[{"damage":0,"enemies":"2 Louse","floor":1,"turns":2},{"damage":0,"enemies":"Small Slimes","floor":2,"turns":3},{"damage":6,"enemies":"Cultist","floor":5,"turns":3},{"damage":12,"enemies":"Lots of Slimes","floor":7,"turns":2},{"damage":42,"enemies":"Lagavulin","floor":8,"turns":5},{"damage":27,"enemies":"Looter","floor":11,"turns":3},{"damage":8,"enemies":"Red Slaver","floor":12,"turns":3},{"damage":8,"enemies":"Lots of Slimes","floor":14,"turns":2},{"damage":10,"enemies":"Slime Boss","floor":16,"turns":7},{"damage":6,"enemies":"3 Byrds","floor":18,"turns":3},{"damage":20,"enemies":"2 Thieves","floor":19,"turns":4},{"damage":16,"enemies":"Snecko","floor":21,"turns":4},{"damage":46,"enemies":"Cultist and Chosen","floor":22,"turns":5},{"damage":48,"enemies":"Snake Plant","floor":24,"turns":3},{"damage":17,"enemies":"Snecko","floor":25,"turns":4},{"damage":101,"enemies":"Shelled Parasite and Fungi","floor":27,"turns":7}],"seed_played":"2080613205863077066","potions_obtained":[{"floor":2,"key":"PowerPotion"},{"floor":8,"key":"CultistPotion"},{"floor":11,"key":"HeartOfIron"},{"floor":17,"key":"PowerPotion"},{"floor":21,"key":"FearPotion"},{"floor":22,"key":"BloodPotion"},{"floor":25,"key":"Swift Potion"}],"is_trial":false,"path_per_floor":["M","M","?","?","M","R","M","E","T","?","M","M","R","M","R","B",null,"M","M","$","M","M","R","M","M","T","M"],"character_chosen":"IRONCLAD","items_purchased":["Whetstone","Omamori"],"campfire_rested":0,"item_purchase_floors":[20,20],"current_hp_per_floor":[80,80,85,85,85,85,79,46,46,67,75,76,76,80,80,87,105,105,105,105,95,69,69,68,70,70,0,0],"gold":81,"neow_bonus":"","is_daily":false,"chose_seed":false,"campfire_upgraded":4,"win_rate":0.0,"timestamp":1613636045,"path_taken":["M","M","?","?","M","R","M","E","T","?","M","?","R","M","R","BOSS","M","M","$","M","M","R","M","M","T","M"],"items_purchased_type":["Relic","Relic"],"build_version":"2020-12-22","purchased_purges":1,"victory":false,"max_hp_per_floor":[80,80,85,85,85,85,85,85,85,85,100,100,100,100,100,100,105,105,105,105,105,108,108,111,111,111,111,111],"card_choices":[{"not_picked":["DreamingCurrent","WallGazer"],"picked":"Bloodbath","floor":1},{"not_picked":["Perfected Strike","Thunderclap"],"picked":"Heavy Blade","floor":1},{"not_picked":["Scorched","MeatLantern"],"picked":"Laetitia","floor":2},{"not_picked":["Uppercut","True Grit"],"picked":"Sword Boomerang","floor":2},{"not_picked":["CrumblingArmor","BeautyBeast"],"picked":"Funeral","floor":5},{"not_picked":["Anger","Wild Strike"],"picked":"Cleave","floor":5},{"not_picked":["Wellcheers","FieryBird"],"picked":"SpiderBud","floor":7},{"not_picked":["Clash","Pommel Strike"],"picked":"Twin Strike","floor":7},{"not_picked":["DespairKnight","MeatLantern"],"picked":"UniverseFragment","floor":8},{"not_picked":["Perfected Strike","Second Wind","Burning Pact"],"picked":"SKIP","floor":8},{"not_picked":["Perfected Strike","Second Wind","Burning Pact"],"picked":"SKIP","floor":8},{"not_picked":["OSAHOGD","VoidDream"],"picked":"BlackSwan","floor":11},{"not_picked":["Battle Trance","Havoc","True Grit"],"picked":"SKIP","floor":11},{"not_picked":["MHz","OldLady"],"picked":"QueenOfHatred","floor":12},{"not_picked":["Perfected Strike","Seeing Red"],"picked":"Flex","floor":12},{"not_picked":["BeautyBeast","Scorched"],"picked":"CherryBlossoms","floor":14},{"not_picked":["Evolve","Battle Trance"],"picked":"Spot Weakness","floor":14},{"not_picked":["Scorched","WallGazer"],"picked":"ShyLook","floor":16},{"not_picked":["Double Tap","Fiend Fire"],"picked":"Feed","floor":16},{"not_picked":["WallGazer","CrumblingArmor"],"picked":"VoidDream","floor":18},{"not_picked":["True Grit+1","Blood for Blood+1","Sword Boomerang"],"picked":"SKIP","floor":18},{"not_picked":["NothingThere","BeautyBeast"],"picked":"LaLuna","floor":19},{"not_picked":["Anger","Heavy Blade"],"picked":"Feed","floor":19},{"not_picked":["Variant","LittleHelper"],"picked":"OldLady","floor":21},{"not_picked":["Twin Strike+1","Shrug It Off+1"],"picked":"Flex","floor":21},{"not_picked":["WallGazer","FairyFestival"],"picked":"Scarecrow","floor":22},{"not_picked":["Clothesline+1","Anger","Pommel Strike"],"picked":"SKIP","floor":22},{"not_picked":["Clothesline+1","Anger","Pommel Strike"],"picked":"SKIP","floor":22},{"not_picked":["MHz","WhitesApple"],"picked":"WallGazer","floor":24},{"not_picked":["Fiend Fire","Reckless Charge","Intimidate"],"picked":"SKIP","floor":24},{"not_picked":["CrumblingArmor","SnowQueen"],"picked":"Alriune","floor":25},{"not_picked":["Feel No Pain","Rampage","Shockwave"],"picked":"SKIP","floor":25},{"not_picked":["Feel No Pain","Rampage","Shockwave"],"picked":"SKIP","floor":25}],"player_experience":46264,"relics_obtained":[{"floor":8,"key":"Mercury Hourglass"},{"floor":9,"key":"Meat on the Bone"},{"floor":26,"key":"Oddly Smooth Stone"}],"event_choices":[{"damage_healed":0,"gold_gain":0,"player_choice":"Donut","damage_taken":0,"max_hp_gain":5,"max_hp_loss":0,"event_name":"Big Fish","floor":3,"gold_loss":0},{"damage_healed":0,"gold_gain":0,"player_choice":"Ignored","damage_taken":0,"max_hp_gain":0,"max_hp_loss":0,"event_name":"Shining Light","floor":4,"gold_loss":0},{"damage_healed":21,"gold_gain":0,"player_choice":"Healed","damage_taken":0,"max_hp_gain":0,"max_hp_loss":0,"event_name":"The Cleric","floor":10,"gold_loss":35}],"is_beta":false,"boss_relics":[{"not_picked":["Philosopher\u0027s Stone","Ectoplasm"],"picked":"Tiny House"}],"items_purged_floors":[20],"is_endless":false,"potions_floor_spawned":[2,8,11,21,22,25],"killed_by":"Shelled Parasite and Fungi","ascension_level":0}}