{"host":"2qyxu97h6u4ukicb","time":1613689927,"event":{"mods":["AchievementEnabler","BaseMod","BetterRewards","Colored Map","Colored Powertips","Minty Spire (QoL Compilation)","Replay The Spire","Shop Mod","StSLib"],"gold_per_floor":[110,110,110,122,137,137,169,139,139,139,158,158,258,290,290,395,395,405,318,318,335,335,335,350,350,397,417,266,266,19,35,35,133,133,153,153,153,153,169,169,169,169,169,180,180,197,197,197,197,197,197],"floor_reached":50,"language":"ENG","playtime":2637,"items_purged":[],"score":521,"play_id":"75f4f045-5959-4c26-95a0-d12e4a6478dd","local_time":"20210218171207","is_ascension_mode":false,"campfire_choices":[{"data":"Bash","floor":6,"key":"SMITH"},{"floor":12,"key":"REST"},{"floor":15,"key":"REST"},{"data":"J.A.X.","floor":23,"key":"SMITH"},{"floor":25,"key":"REST"},{"floor":29,"key":"RECALL"},{"data":"Strike_R","floor":32,"key":"SMITH"},{"floor":40,"key":"REST"},{"floor":42,"key":"REST"},{"floor":49,"key":"REST"}],"circlet_count":0,"master_deck":["Strike_R","Strike_R","Strike_R","Strike_R","Strike_R+1","Defend_R","Defend_R","Defend_R","Bash+1","Sword Boomerang+1","Run Through+1","Anger+1","Feed+1","Heavy Blade+1","J.A.X.+1","Cleave+1","Twin Strike+1","Madness+1","Madness","Anger+1"],"relics":["Burning Blood","NeowsBlessing","Molten Egg 2","ReplayTheSpireMod:Ring of Collecting","ReplayTheSpireMod:Shallot","Vajra","MerchantsRug","HandDrill","Lee\u0027s Waffle","SacredBark","Pantograph","Ring of Hypnosis","Ring of Searing","Garlic"],"acts_visited":["Exordium","TheCity","TheBeyond"],"potions_floor_usage":[7,7,11,14,14,24,27,30,33,33,39],"damage_taken":[{"damage":0,"enemies":"Cultist","floor":1,"turns":1},{"damage":2,"enemies":"Small Slimes","floor":4,"turns":2},{"damage":0,"enemies":"Jaw Worm","floor":5,"turns":1},{"damage":54,"enemies":"3 Sentries","floor":7,"turns":7},{"damage":2,"enemies":"Red Slaver","floor":11,"turns":2},{"damage":27,"enemies":"Lagavulin","floor":14,"turns":4},{"damage":65,"enemies":"Fading Forest","floor":16,"turns":11},{"damage":10,"enemies":"Shell Parasite","floor":18,"turns":5},{"damage":20,"enemies":"2 Thieves","floor":21,"turns":3},{"damage":24,"enemies":"Centurion and Healer","floor":24,"turns":3},{"damage":13,"enemies":"3 Cultists","floor":27,"turns":3},{"damage":10,"enemies":"Chosen and Byrds","floor":31,"turns":4},{"damage":39,"enemies":"Collector","floor":33,"turns":5},{"damage":15,"enemies":"Orb Walker","floor":35,"turns":2},{"damage":69,"enemies":"3 Darklings","floor":39,"turns":4},{"damage":11,"enemies":"Jaw Worm Horde","floor":44,"turns":3},{"damage":45,"enemies":"Writhing Mass","floor":46,"turns":5},{"damage":108,"enemies":"Replay:Hell Engine","floor":50,"turns":7}],"seed_played":"-3647228855842291606","potions_obtained":[{"floor":4,"key":"AttackPotion"},{"floor":5,"key":"Dexterity Potion"},{"floor":7,"key":"Adrenaline Potion"},{"floor":8,"key":"Venom Potion"},{"floor":8,"key":"Venom Potion"},{"floor":14,"key":"SteroidPotion"},{"floor":16,"key":"Cursed Concoction"},{"floor":21,"key":"Explosive Potion"},{"floor":24,"key":"ColorlessPotion"},{"floor":31,"key":"Explosive Potion"}],"is_trial":false,"path_per_floor":["M","?","?","M","M","R","E","?","T","$","M","R","?","E","R","B",null,"M","$","?","M","?","R","M","R","T","M","$","R","$","M","R","B",null,"M","?","$","?","M","R","?","R","T","M","?","M","T","?","R","B"],"character_chosen":"IRONCLAD","items_purchased":["MerchantsRug","HandDrill","Lee\u0027s Waffle","Fruit Juice"],"campfire_rested":6,"item_purchase_floors":[19,28,30,30],"current_hp_per_floor":[80,80,80,80,80,80,39,39,39,39,43,69,69,48,74,25,87,83,83,83,73,73,73,55,82,82,79,79,79,107,103,103,70,107,98,98,98,85,22,54,54,86,86,85,85,46,46,46,79,0,0],"gold":197,"neow_bonus":"THREE_ENEMY_KILL","is_daily":false,"chose_seed":false,"campfire_upgraded":3,"win_rate":0.0,"timestamp":1613689927,"path_taken":["M","?","?","M","M","R","E","?","T","$","?","R","?","E","R","BOSS","M","$","?","M","?","R","M","R","T","M","?","R","$","?","R","BOSS","M","?","$","?","M","R","?","R","T","M","?","?","?","?","R","BOSS"],"items_purchased_type":["Relic","Relic","Relic","Potion"],"build_version":"2020-12-22","purchased_purges":0,"victory":false,"max_hp_per_floor":[80,80,80,80,80,80,87,87,87,87,87,87,87,87,87,87,87,87,87,87,91,91,91,91,91,91,95,95,95,107,107,107,107,107,107,107,107,107,107,107,107,107,107,111,111,111,111,111,111,111,111],"card_choices":[{"not_picked":["Heavy Blade","Combust","True Grit"],"picked":"SKIP","floor":1},{"not_picked":["Battle Trance","Whirlwind+1"],"picked":"Sword Boomerang+1","floor":4},{"not_picked":["Offering","Replay:Undeath\u0027s Touch+1"],"picked":"Run Through+1","floor":5},{"not_picked":["ReplayTheSpireMod:Limb From Limb+1","Dark Embrace","ReplayTheSpireMod:Strike From Hell+1"],"picked":"SKIP","floor":7},{"not_picked":["Bloodletting","Wild Strike+1"],"picked":"Anger+1","floor":11},{"not_picked":["Rage","Shrug It Off"],"picked":"Double Tap","floor":14},{"not_picked":["Fiend Fire+1","Hemogenesis+1"],"picked":"Feed+1","floor":16},{"not_picked":["Replay:Undeath\u0027s Touch+1","Thunderclap+1"],"picked":"Heavy Blade+1","floor":18},{"not_picked":["Clothesline+1","Clash+1"],"picked":"Cleave+1","floor":21},{"not_picked":["Pommel Strike+1","Iron Wave+1","ReplayTheSpireMod:Strike From Hell+1"],"picked":"SKIP","floor":24},{"not_picked":["Replay:Undeath\u0027s Touch+1","Havoc+1","Dropkick+1"],"picked":"SKIP","floor":27},{"not_picked":["Perfected Strike+1","Searing Blow+1"],"picked":"Twin Strike+1","floor":31},{"not_picked":["ReplayTheSpireMod:Corrosion Curse+1","Second Wind","Replay:Undeath\u0027s Touch+1"],"picked":"SKIP","floor":35},{"not_picked":["Pommel Strike+1","Perfected Strike+1","Hemokinesis+1"],"picked":"SKIP","floor":39},{"not_picked":["Sword Boomerang+1","Dark Embrace","Fire Breathing"],"picked":"SKIP","floor":44},{"not_picked":["ReplayTheSpireMod:Strike From Hell+1","Heavy Blade+1"],"picked":"Anger+1","floor":46}],"player_experience":832946,"relics_obtained":[{"floor":3,"key":"ReplayTheSpireMod:Ring of Collecting"},{"floor":7,"key":"Strawberry"},{"floor":9,"key":"ReplayTheSpireMod:Shallot"},{"floor":14,"key":"Vajra"},{"floor":43,"key":"Pantograph"},{"floor":43,"key":"Ring of Hypnosis"},{"floor":47,"key":"Ring of Searing"},{"floor":47,"key":"Garlic"}],"event_choices":[{"damage_healed":0,"gold_gain":0,"player_choice":"Box","damage_taken":0,"relics_obtained":["Molten Egg 2"],"max_hp_gain":0,"max_hp_loss":0,"event_name":"Big Fish","floor":2,"gold_loss":0,"cards_obtained":["Regret"]},{"damage_healed":0,"gold_gain":0,"player_choice":"Bought 2 Potions","damage_taken":0,"max_hp_gain":0,"max_hp_loss":0,"event_name":"The Woman in Blue","floor":8,"gold_loss":0},{"damage_healed":0,"gold_gain":100,"player_choice":"Pray","damage_taken":0,"max_hp_gain":0,"max_hp_loss":0,"event_name":"Golden Shrine","floor":13,"gold_loss":0},{"damage_healed":0,"gold_gain":0,"player_choice":"Obtain J.A.X.","damage_taken":0,"max_hp_gain":0,"max_hp_loss":0,"event_name":"Drug Dealer","floor":20,"gold_loss":0,"cards_obtained":["J.A.X."]},{"damage_healed":0,"gold_gain":0,"player_choice":"Ignored","damage_taken":0,"max_hp_gain":0,"max_hp_loss":0,"event_name":"Ghosts","floor":22,"gold_loss":0},{"damage_healed":0,"gold_gain":0,"player_choice":"Ignored","damage_taken":0,"max_hp_gain":0,"max_hp_loss":0,"event_name":"Tomb of Lord Red Mask","floor":36,"gold_loss":0},{"damage_healed":0,"gold_gain":0,"player_choice":"Embrace Madness","damage_taken":13,"max_hp_gain":0,"max_hp_loss":0,"event_name":"Winding Halls","floor":38,"gold_loss":0,"cards_obtained":["Madness","Madness"]},{"damage_healed":0,"gold_gain":0,"player_choice":"Ignored","damage_taken":0,"max_hp_gain":0,"max_hp_loss":0,"event_name":"Mysterious Sphere","floor":41,"gold_loss":0},{"damage_healed":0,"gold_gain":0,"player_choice":"Forge","damage_taken":0,"max_hp_gain":0,"max_hp_loss":0,"event_name":"Accursed Blacksmith","floor":45,"gold_loss":0,"cards_upgraded":["Madness"]},{"cards_removed":["Defend_R"],"damage_healed":0,"gold_gain":0,"player_choice":"Removed Skill","damage_taken":0,"max_hp_gain":0,"max_hp_loss":0,"event_name":"Falling","floor":48,"gold_loss":0}],"is_beta":false,"boss_relics":[{"not_picked":["Busted Crown","Replay:Wanted Poster"],"picked":"Empty Cage"},{"not_picked":["Mark of Pain","Runic Pyramid"],"picked":"SacredBark"}],"items_purged_floors":[],"is_endless":false,"potions_floor_spawned":[4,5,7,14,16,21,24,31],"killed_by":"Replay:Hell Engine","ascension_level":0}}