{"host":"phapnj0danpxvjlm","time":1613607038,"event":{"mods":["BaseMod","Better Note","Better Third Choice","BetterRewards","Bossed Relics","Colored Powertips","Downfall","Hermit","Minty Spire (QoL Compilation)","Permanent Neow","Quick Restart","Rare Cards Sparkle","Spire Arcade","StSLib","The Animator","The Necromancer","The Wild Card"],"gold_per_floor":[99,112,128,142,142,153,205,205,225,225,237,237,237,265,279,279,279,279],"floor_reached":16,"language":"ENG","playtime":836,"items_purged":[],"score":104,"play_id":"2fd4d8bd-df28-45a6-8e02-fe37486a1ebc","local_time":"20210218011038","is_ascension_mode":false,"campfire_choices":[{"floor":10.0,"key":"REST"},{"floor":13.0,"key":"REST"}],"circlet_count":0,"master_deck":["sneckomod:Strike","sneckomod:Strike","sneckomod:Strike","sneckomod:Defend","sneckomod:Defend","sneckomod:Defend","sneckomod:TailWhip","Madness","sneckomod:SerpentIdol","sneckomod:UnknownClassTHE_UNNAMED","sneckomod:DiceCrush","sneckomod:UnknownClassSLIMEBOUND","Madness","sneckomod:Unknown2Cost","sneckomod:QuickBite","sneckomod:UnknownClassGREEN","sneckomod:UnknownRareAttack"],"relics":["sneckomod:SneckoSoul","Boot","Omamori"],"acts_visited":["Exordium"],"potions_floor_usage":[],"damage_taken":[{"damage":5.0,"enemies":"Small Slimes","floor":2.0,"turns":3.0},{"damage":5.0,"enemies":"Cultist","floor":3.0,"turns":4.0},{"damage":11.0,"enemies":"Jaw Worm","floor":4.0,"turns":3.0},{"damage":10.0,"enemies":"downfall:LooterAlt","floor":6.0,"turns":3.0},{"damage":11.0,"enemies":"3 Louse","floor":9.0,"turns":4.0},{"damage":25.0,"enemies":"Large Slime","floor":11.0,"turns":5.0},{"damage":11.0,"enemies":"Lagavulin","floor":14.0,"turns":3.0},{"damage":32.0,"enemies":"downfall:LooterAlt","floor":15.0,"turns":4.0},{"damage":70,"enemies":"DF_ARCHETYPE_STREAMLINE","floor":16,"turns":6}],"seed_played":"8800025928314747206","potions_obtained":[{"floor":2.0,"key":"BlessingOfTheForge"},{"floor":3.0,"key":"SkillPotion"},{"floor":15.0,"key":"Dexterity Potion"}],"is_trial":false,"path_per_floor":["R","M","M","M","?","M","T","R","M","R","M","?","R","E","M","B"],"character_chosen":"THE_SNECKO","items_purchased":[],"campfire_rested":2,"item_purchase_floors":[],"current_hp_per_floor":[99,94,91,80,85,75,75,75,64,95,70,70,101,90,58,0,0,0],"gold":279,"neow_bonus":"TEN_PERCENT_HP_BONUS","is_daily":false,"chose_seed":false,"campfire_upgraded":0,"win_rate":0.0,"timestamp":1613607038,"path_taken":["R","M","M","M","?","M","T","R","M","R","M","?","R","E","M","BOSS"],"items_purchased_type":[],"build_version":"2020-12-22","purchased_purges":0,"victory":false,"max_hp_per_floor":[99,99,99,99,104,104,104,104,104,104,104,104,104,104,104,104,104,104],"card_choices":[{"not_picked":["sneckomod:DiceBlock","sneckomod:UnknownClassGREEN"],"picked":"sneckomod:SerpentIdol","floor":2.0},{"not_picked":["sneckomod:UnknownCommonSkill","sneckomod:SnekBeam"],"picked":"sneckomod:UnknownClassTHE_UNNAMED","floor":3.0},{"not_picked":["sneckomod:UnknownClassRED","sneckomod:UnknownClassBLUE"],"picked":"sneckomod:DiceCrush","floor":4.0},{"not_picked":["sneckomod:Unknown2Cost","sneckomod:SnekBeam"],"picked":"sneckomod:UnknownClassSLIMEBOUND","floor":6.0},{"not_picked":["sneckomod:TrashToTreasure","sneckomod:MasterEye"],"picked":"sneckomod:Unknown2Cost","floor":9.0},{"not_picked":["sneckomod:UnknownClassDEFAULT_BLUE_COLOR","sneckomod:DefensiveFlair"],"picked":"sneckomod:QuickBite","floor":11.0},{"not_picked":["sneckomod:ImprovisedGuard","sneckomod:QuickBite"],"picked":"sneckomod:UnknownClassGREEN","floor":14.0},{"not_picked":["sneckomod:IronFang","sneckomod:DiceCrush"],"picked":"sneckomod:UnknownRareAttack","floor":15.0}],"player_experience":563331,"relics_obtained":[{"floor":7.0,"key":"Boot"},{"floor":14.0,"key":"Omamori"}],"event_choices":[{"damage_healed":0.0,"max_hp_gain":5.0,"max_hp_loss":0.0,"gold_gain":0.0,"event_name":"Big Fish","player_choice":"Donut","floor":5.0,"gold_loss":0.0,"damage_taken":0.0},{"cards_removed":["sneckomod:SnekBite"],"damage_healed":0.0,"max_hp_gain":0.0,"max_hp_loss":0.0,"gold_gain":0.0,"event_name":"Wheel of Change","player_choice":"Card Removal","floor":12.0,"gold_loss":0.0,"damage_taken":0.0}],"is_beta":false,"boss_relics":[],"items_purged_floors":[],"is_endless":false,"potions_floor_spawned":[2,3,15],"killed_by":"DF_ARCHETYPE_STREAMLINE","ascension_level":0}}