{"host":"kdq5brs4a41vaj54","time":1613649723,"event":{"mods":["AchievementEnabler","Act Like it!","Aspiration","BaseMod","Good Game Mod","Minty Spire (QoL Compilation)","Permanent Neow","Relic Filter Mod","StSLib","Yakumo Yukari mod"],"gold_per_floor":[119,8888,8899,8899,8919,8945,8945,8956,8979,8979,8997,9016,9016,9044,9044,9144,9144,9163,9262,9277,8954,8954,8954,8965,8965,9016,8941,8970,8970,8575,8588,8588,8691,8691,8703,8703,8703],"floor_reached":36,"language":"ZHS","playtime":1704,"items_purged":["Strike_R","Strike_R"],"score":417,"play_id":"31706581-dfac-4ded-a761-8c48450e401b","local_time":"20210218200203","is_ascension_mode":false,"campfire_choices":[{"data":"Terror","floor":7,"key":"SMITH"},{"data":"Power Through","floor":10,"key":"SMITH"},{"data":"Limit Break","floor":13,"key":"SMITH"},{"data":"Flex","floor":15,"key":"SMITH"},{"data":"Demon Form","floor":23,"key":"SMITH"},{"data":"Demon Form","floor":25,"key":"SMITH"},{"data":"Inflame","floor":32,"key":"SMITH"}],"circlet_count":0,"master_deck":["Strike_R","Defend_R","Defend_R","Defend_R","Defend_R","Bash","Terror+1","Flex+1","Carnage","Hemokinesis","Pummel","Shrug It Off","Power Through+1","Limit Break+1","Rupture","Demon Form+1","Pummel","PanicButton","Demon Form+1","J.A.X.","Spot Weakness","Exhume","Inflame+1","Exhume"],"relics":["Burning Blood","REME:ComplimentaryCards","aspiration:Nostalgia","PureWater","Orichalcum","Champion Belt","aspiration:FutureDiary","DollysMirror","MealTicket","Ancient Tea Set","Lee\u0027s Waffle","Potion Belt","Busted Crown"],"acts_visited":["Exordium","TheCity","TheBeyond"],"potions_floor_usage":[6,16,28,28,36,36],"damage_taken":[{"damage":0,"enemies":"2 Louse","floor":1,"turns":3},{"damage":1,"enemies":"Jaw Worm","floor":3,"turns":4},{"damage":2,"enemies":"Cultist","floor":5,"turns":2},{"damage":51,"enemies":"3 Sentries","floor":6,"turns":9},{"damage":3,"enemies":"Large Slime","floor":8,"turns":3},{"damage":5,"enemies":"Exordium Thugs","floor":11,"turns":4},{"damage":2,"enemies":"2 Fungi Beasts","floor":12,"turns":3},{"damage":10,"enemies":"Gremlin Nob","floor":14,"turns":3},{"damage":25,"enemies":"Slime Boss","floor":16,"turns":7},{"damage":20,"enemies":"Spheric Guardian","floor":18,"turns":4},{"damage":5,"enemies":"Shell Parasite","floor":20,"turns":4},{"damage":8,"enemies":"Snecko","floor":24,"turns":4},{"damage":29,"enemies":"Slavers","floor":28,"turns":7},{"damage":18,"enemies":"Snake Plant","floor":31,"turns":4},{"damage":69,"enemies":"Champ","floor":33,"turns":8},{"damage":21,"enemies":"3 Darklings","floor":35,"turns":4},{"damage":55,"enemies":"3 Darklings","floor":36,"turns":6}],"seed_played":"5956026756404607257","potions_obtained":[{"floor":1,"key":"Ancient Potion"},{"floor":5,"key":"Explosive Potion"},{"floor":12,"key":"DistilledChaos"},{"floor":16,"key":"SkillPotion"},{"floor":18,"key":"Energy Potion"},{"floor":31,"key":"Explosive Potion"},{"floor":35,"key":"Swift Potion"}],"is_trial":false,"path_per_floor":["M","?","M","?","M","E","R","M","T","R","M","M","R","E","R","B",null,"M","?","M","$","?","R","M","R","T","?","E","?","$","M","R","B",null,"M","?"],"character_chosen":"IRONCLAD","items_purchased":["PanicButton","DollysMirror","Lee\u0027s Waffle","Potion Belt"],"campfire_rested":0,"item_purchase_floors":[21,21,30,30],"current_hp_per_floor":[80,80,80,80,80,35,35,38,38,38,39,43,43,39,39,20,80,66,66,67,67,67,67,65,65,65,65,42,42,87,75,75,12,87,72,0,0],"gold":8703,"neow_bonus":"NOSTALGIA","is_daily":false,"chose_seed":false,"campfire_upgraded":7,"win_rate":0.0,"timestamp":1613649723,"path_taken":["M","?","M","?","M","E","R","M","T","R","?","M","R","E","R","BOSS","M","?","M","$","?","R","M","R","T","?","E","?","$","M","R","BOSS","M","?"],"items_purchased_type":["Card","Relic","Relic","Relic"],"build_version":"2020-12-22","purchased_purges":2,"victory":false,"max_hp_per_floor":[80,80,80,80,80,80,80,80,80,80,80,80,80,80,80,80,80,80,80,80,80,80,80,80,80,80,80,80,80,87,87,87,87,87,87,87,87],"card_choices":[{"not_picked":["Wild Strike","Iron Wave"],"picked":"Flex","floor":1},{"not_picked":["Pommel Strike","Heavy Blade"],"picked":"Carnage","floor":3},{"not_picked":["Shrug It Off","Anger"],"picked":"Pummel","floor":5},{"not_picked":["Wild Strike","Perfected Strike"],"picked":"Shrug It Off","floor":6},{"not_picked":["Evolve","Anger"],"picked":"Power Through","floor":8},{"not_picked":["Cleave","Armaments","True Grit"],"picked":"SKIP","floor":11},{"not_picked":["Carnage","Warcry"],"picked":"Limit Break","floor":12},{"not_picked":["Perfected Strike","Bludgeon"],"picked":"Rupture","floor":14},{"not_picked":["Reaper","Bludgeon"],"picked":"Demon Form","floor":16},{"not_picked":["Sword Boomerang","Heavy Blade","Twin Strike"],"picked":"SKIP","floor":18},{"not_picked":["Feel No Pain","Heavy Blade"],"picked":"Pummel","floor":20},{"not_picked":["Entrench","Twin Strike"],"picked":"Spot Weakness","floor":24},{"not_picked":["Barricade","True Grit"],"picked":"Exhume","floor":28},{"not_picked":["Perfected Strike+1","Twin Strike"],"picked":"Inflame","floor":31},{"not_picked":["Juggernaut","Immolate"],"picked":"Exhume","floor":33},{"not_picked":["Clash"],"picked":"SKIP","floor":35}],"player_experience":95378,"relics_obtained":[{"floor":6,"key":"Orichalcum"},{"floor":14,"key":"Champion Belt"},{"floor":26,"key":"MealTicket"},{"floor":28,"key":"Ancient Tea Set"}],"event_choices":[{"damage_healed":0,"gold_gain":0,"player_choice":"Left Gold","damage_taken":0,"max_hp_gain":0,"max_hp_loss":0,"event_name":"World of Goop","floor":2,"gold_loss":27},{"damage_healed":0,"gold_gain":0,"cards_transformed":["Strike_R"],"player_choice":"Transformed","damage_taken":0,"max_hp_gain":0,"max_hp_loss":0,"event_name":"Transmorgrifier","floor":4,"gold_loss":0,"cards_obtained":["Hemokinesis"]},{"damage_healed":0,"gold_gain":99,"player_choice":"Stole From Cult","damage_taken":0,"max_hp_gain":0,"max_hp_loss":0,"event_name":"Nest","floor":19,"gold_loss":0},{"damage_healed":0,"gold_gain":0,"player_choice":"Obtain J.A.X.","damage_taken":0,"max_hp_gain":0,"max_hp_loss":0,"event_name":"Drug Dealer","floor":22,"gold_loss":0,"cards_obtained":["J.A.X."]},{"cards_removed":["Strike_R"],"damage_healed":0,"gold_gain":0,"player_choice":"Gave Gold","damage_taken":0,"max_hp_gain":0,"max_hp_loss":0,"event_name":"Beggar","floor":27,"gold_loss":75},{"damage_healed":0,"gold_gain":0,"player_choice":"Bought 0 Potions","damage_taken":0,"max_hp_gain":0,"max_hp_loss":0,"event_name":"The Woman in Blue","floor":29,"gold_loss":0}],"is_beta":false,"boss_relics":[{"not_picked":["Runic Dome","Tiny House"],"picked":"aspiration:FutureDiary"},{"not_picked":["aspiration:RunicSpoon","Pandora\u0027s Box"],"picked":"Busted Crown"}],"items_purged_floors":[21,30],"is_endless":false,"potions_floor_spawned":[1,5,12,16,18,31,33,35],"killed_by":"3 Darklings","ascension_level":0}}