{"host":"xf2qgw60ouc7kuj7","time":1613609391,"event":{"mods":["100% Spire Juice","Act Like it!","Arknights","BaseMod","Bestiary","Better Altar","Better Match","Better Note","Better Sensory Stone","Better Skull","Better Third Choice","Curses Come First","Dark Map","Friendly Minions","Gensokyo","Hallownest","HololiveMod","Marisa????????","Marked Mod","Minty Spire (QoL Compilation)","Quick Restart","Rare Cards Sparkle","Relic Stats","Reliquary","Robot Space Explorer","Ruina","StSLib","The Bug Knight","Waifu the Spire"],"gold_per_floor":[118,136,146,71,87,87,87],"floor_reached":6,"language":"ENG","playtime":501,"items_purged":[],"score":38,"play_id":"271d3c26-779f-43e3-bf97-bab5cf1e6ecb","local_time":"20210217164951","is_ascension_mode":false,"campfire_choices":[],"circlet_count":0,"master_deck":["ats:Strike C","ats:Strike G","ats:Strike S","ats:Strike V","ats:Armor Crushing Shot","ats:Defend","ats:Defend","ats:Defend","ats:Defend","ats:Emotion Absorption","ats:Revitalization","ats:Overload","ats:Support Order","Jack Of All Trades+1","ats:Mental Burst"],"relics":["ats:Sanity","reliquary:OuijaBoard"],"acts_visited":["Gensokyo:Gensokyo"],"potions_floor_usage":[],"damage_taken":[{"damage":10,"enemies":"Gensokyo:3_Fairies","floor":1,"turns":5},{"damage":7,"enemies":"Gensokyo:2_Kodama","floor":2,"turns":7},{"damage":10,"enemies":"Gensokyo:Gryphon","floor":3,"turns":5},{"damage":7,"enemies":"Gensokyo:3_Kodama","floor":5,"turns":4},{"damage":32,"enemies":"Gensokyo:Cirno","floor":6,"turns":6}],"seed_played":"-1389694337130015098","potions_obtained":[{"floor":5,"key":"Strength Potion"}],"is_trial":false,"path_per_floor":["M","M","M","?","M","E"],"character_chosen":"DOCTOR_CLASS","items_purchased":[],"campfire_rested":0,"item_purchase_floors":[],"current_hp_per_floor":[41,40,35,35,28,0,0],"gold":87,"neow_bonus":"ONE_RARE_RELIC","is_daily":false,"chose_seed":false,"campfire_upgraded":0,"win_rate":0.0,"timestamp":1613609391,"path_taken":["M","M","M","?","M","E"],"items_purchased_type":[],"build_version":"2020-12-22","purchased_purges":0,"victory":false,"max_hp_per_floor":[72,72,72,72,72,72,72],"relic_stats":{"counters":[5,27],"obtain_stats":[{"reliquary:OuijaBoard":0,"ats:Sanity":0},{"reliquary:OuijaBoard":0,"ats:Sanity":0},{"reliquary:OuijaBoard":0,"ats:Sanity":0}]},"card_choices":[{"not_picked":["ats:Very Hot Blade","ats:Leaping Hammer"],"picked":"ats:Revitalization","floor":1},{"not_picked":["ats:Spore Proliferation","ats:Explosion Area Strengthen"],"picked":"ats:Overload","floor":2},{"not_picked":["ats:Collapsing Strike","ats:Steam Pump"],"picked":"ats:Support Order","floor":3},{"not_picked":["Impatience+1","Forethought+1"],"picked":"Jack Of All Trades+1","floor":4},{"not_picked":["ats:Song Of Battle","ats:Ignite"],"picked":"ats:Mental Burst","floor":5}],"player_experience":290068,"relics_obtained":[],"event_choices":[{"damage_healed":0,"gold_gain":0,"player_choice":"2","damage_taken":0,"max_hp_gain":0,"max_hp_loss":0,"event_name":"betterMatch:BetterMatch","floor":4,"gold_loss":0,"cards_obtained":["betterMatch:ColorlessUncommonCard"]}],"is_beta":false,"boss_relics":[],"items_purged_floors":[],"is_endless":false,"potions_floor_spawned":[5],"killed_by":"Gensokyo:Cirno","ascension_level":0}}