{"host":"m1ntkrf87179kmo6","time":1613611686,"event":{"mods":["BaseMod","Better Third Choice","Minty Spire (QoL Compilation)","Shade Mod","StSLib"],"gold_per_floor":[114,114,124,49,94,94,112,145,171,171,182,200,200,210,210,306,306,321,341,195,213,229,139,139,149,204,60,78,91,105,120,120,120,120],"floor_reached":33,"language":"ENG","playtime":3881,"items_purged":[],"score":255,"play_id":"a184eb3b-e4e6-4009-81c4-ef334980cae4","local_time":"20210217202806","is_ascension_mode":false,"campfire_choices":[{"floor":6,"key":"RECALL"},{"floor":10,"key":"REST"},{"data":"Shade:GreyBargain","floor":15,"key":"SMITH"},{"floor":24,"key":"REST"},{"floor":32,"key":"REST"}],"circlet_count":0,"master_deck":["Shade:Strike_Shade","Shade:Strike_Shade","Shade:Strike_Shade","Shade:Defend_Shade","Shade:Defend_Shade","Shade:Defend_Shade","Shade:Defend_Shade","Shade:AnimateDead+1","Shade:CarefulCut","Shade:Bite_Shade+1","Shade:GreyBargain+1","Shade:ClawBack","Shade:Premonition","Shade:FleshToFlesh","Shade:RitualOffering","Shade:Brains","Shade:FuneraryArmor","Shade:Excise","Shade:Excise","Shade:AblativeArmor+1","Shade:FleshLikeOak","Shade:FuneraryArmor","Shade:ExtraLimbs"],"relics":["Shade:YorickSkull","Nunchaku","Bronze Scales","InkBottle","Lantern","Blood Vial","Ancient Tea Set","ClockworkSouvenir"],"acts_visited":["Exordium","TheCity"],"potions_floor_usage":[8,16,18,21,28,28,33],"damage_taken":[{"damage":0,"enemies":"Small Slimes","floor":1,"turns":4},{"damage":0,"enemies":"Cultist","floor":3,"turns":3},{"damage":0,"enemies":"2 Louse","floor":7,"turns":2},{"damage":28,"enemies":"Gremlin Nob","floor":8,"turns":5},{"damage":0,"enemies":"Red Slaver","floor":11,"turns":3},{"damage":0,"enemies":"Large Slime","floor":12,"turns":7},{"damage":0,"enemies":"Looter","floor":14,"turns":3},{"damage":23,"enemies":"Hexaghost","floor":16,"turns":14},{"damage":4,"enemies":"3 Byrds","floor":18,"turns":3},{"damage":0,"enemies":"Chosen","floor":19,"turns":6},{"damage":20,"enemies":"Sentry and Sphere","floor":21,"turns":11},{"damage":15,"enemies":"Centurion and Healer","floor":22,"turns":22},{"damage":60,"enemies":"3 Cultists","floor":25,"turns":8},{"damage":3,"enemies":"Snake Plant","floor":28,"turns":3},{"damage":7,"enemies":"Chosen and Byrds","floor":29,"turns":8},{"damage":0,"enemies":"Shelled Parasite and Fungi","floor":30,"turns":10},{"damage":0,"enemies":"Centurion and Healer","floor":31,"turns":16},{"damage":94,"enemies":"Collector","floor":33,"turns":6}],"seed_played":"8150459579402471171","potions_obtained":[{"floor":1,"key":"Ancient Potion"},{"floor":3,"key":"LiquidBronze"},{"floor":8,"key":"SteroidPotion"},{"floor":16,"key":"AttackPotion"},{"floor":19,"key":"Energy Potion"},{"floor":25,"key":"AttackPotion"},{"floor":28,"key":"Fruit Juice"},{"floor":31,"key":"AttackPotion"}],"is_trial":false,"path_per_floor":["M","?","M","$","T","R","M","E","T","R","M","M","T","M","R","B",null,"M","M","$","M","M","?","R","M","T","$","M","M","M","M","R","B"],"character_chosen":"SHADE","items_purchased":["Shade:ClawBack","Shade:Premonition","Blood Vial","ClockworkSouvenir"],"campfire_rested":3,"item_purchase_floors":[4,4,20,27],"current_hp_per_floor":[65,65,65,65,65,65,65,39,39,58,60,65,65,65,65,50,65,61,63,63,49,48,48,65,8,8,8,15,16,27,44,65,0,0],"gold":120,"neow_bonus":"RANDOM_COMMON_RELIC","is_daily":false,"chose_seed":false,"campfire_upgraded":1,"win_rate":0.0,"timestamp":1613611686,"path_taken":["M","?","M","$","?","R","M","E","T","R","?","M","?","M","R","BOSS","M","M","$","M","?","?","R","M","T","$","M","M","?","M","R","BOSS"],"items_purchased_type":["Card","Card","Relic","Relic"],"build_version":"2020-12-22","purchased_purges":0,"victory":false,"max_hp_per_floor":[65,65,65,65,65,65,65,65,65,65,65,65,65,65,65,65,65,65,65,65,65,65,65,65,65,65,65,70,70,70,70,70,70,70],"card_choices":[{"not_picked":["Shade:SpectralStrikes","Shade:FuneraryArmor"],"picked":"Shade:Bite_Shade","floor":1},{"not_picked":["Shade:DangerousRitual","Shade:WallOfFlesh"],"picked":"Shade:GreyBargain","floor":3},{"not_picked":["Shade:Doomsay","Shade:RavenousHorde"],"picked":"Shade:FleshToFlesh","floor":7},{"not_picked":["Shade:FleshToFlesh","Shade:Bonestorm"],"picked":"Shade:RitualOffering","floor":8},{"not_picked":["Shade:CoffinDance","Shade:SkeletonArmy"],"picked":"Shade:Brains","floor":11},{"not_picked":["Shade:FeralStrike","Shade:OpenGraves"],"picked":"Shade:FuneraryArmor","floor":12},{"not_picked":["Shade:Trample","Shade:LyeBath"],"picked":"Shade:Excise","floor":14},{"not_picked":["Shade:GraveStillness","Shade:FreshBones","Shade:SkeletonHug"],"picked":"SKIP","floor":18},{"not_picked":["Shade:SkeletonArmy+1","Shade:StitchTogether"],"picked":"Shade:Excise","floor":19},{"not_picked":["Shade:SkeletonHug+1","Shade:Patience"],"picked":"Shade:AblativeArmor+1","floor":21},{"not_picked":["Shade:Excise","Shade:CoffinDance+1","Shade:Brains"],"picked":"SKIP","floor":22},{"not_picked":["Shade:DangerousRitual+1","Shade:LyeBath+1"],"picked":"Shade:FleshLikeOak","floor":25},{"not_picked":["Shade:Asphyxiate","Shade:Bonestorm","Shade:Excise+1"],"picked":"SKIP","floor":28},{"not_picked":["Shade:PoundOfFlesh","Shade:RavenousHorde"],"picked":"Shade:FuneraryArmor","floor":29},{"not_picked":["Shade:Awaken","Shade:Bonestorm","Shade:GreyBargain"],"picked":"SKIP","floor":30},{"not_picked":["Shade:ClawBack+1","Shade:GreaterAnimation"],"picked":"Shade:ExtraLimbs","floor":31}],"player_experience":1185820,"relics_obtained":[{"floor":5,"key":"Bronze Scales"},{"floor":8,"key":"InkBottle"},{"floor":13,"key":"Lantern"},{"floor":26,"key":"Ancient Tea Set"}],"event_choices":[{"damage_healed":0,"gold_gain":0,"player_choice":"Upgraded","damage_taken":0,"max_hp_gain":0,"max_hp_loss":0,"event_name":"Upgrade Shrine","floor":2,"gold_loss":0,"cards_upgraded":["Shade:AnimateDead"]},{"cards_removed":["Shade:Strike_Shade"],"damage_healed":0,"gold_gain":0,"player_choice":"Upgrade and Remove","damage_taken":0,"max_hp_gain":0,"max_hp_loss":0,"event_name":"Designer","floor":23,"gold_loss":90,"cards_upgraded":["Shade:Bite_Shade"]}],"is_beta":false,"boss_relics":[{"not_picked":["Runic Pyramid","Busted Crown","Coffee Dripper"]}],"items_purged_floors":[],"is_endless":false,"potions_floor_spawned":[1,3,8,16,19,25,28,31],"killed_by":"Collector","ascension_level":0}}