{"host":"j3dftr7v3bsikk26","time":1613644122,"event":{"mods":["AchievementEnabler","BaseMod","Bestiary","Colored Map","Colored Powertips","Downfall","Minty Spire (QoL Compilation)","Relic Stats","StSLib"],"gold_per_floor":[99,118,133,133,133,133,160,160,186,200,216,216,241,252,271,374,374,374,391,391,391,391,422,422,422,441,561,40,40,72,85,103,201,201,101,111,129,147,157,157,157,186,86,106,147,47,82,82,102,102,102,133,8,8,8,8],"floor_reached":57,"language":"ENG","playtime":9404,"items_purged":["sneckomod:Defend","sneckomod:Defend","sneckomod:Defend"],"score":1575,"play_id":"6f7c7d65-a99a-45f3-8d1f-cdccc2279333","local_time":"20210218112842","is_ascension_mode":true,"campfire_choices":[{"data":"sneckomod:TailWhip","floor":1,"key":"SMITH"},{"data":"sneckomod:Unknown","floor":8,"key":"SMITH"},{"data":"sneckomod:UnendingSupply","floor":18,"key":"SMITH"},{"floor":25,"key":"DIG"},{"data":"sneckomod:WideSting","floor":29,"key":"SMITH"},{"floor":35,"key":"RECALL"},{"data":"expansioncontent:Chronoboost","floor":43,"key":"SMITH"},{"floor":46,"key":"DIG"},{"data":"sneckomod:QuickMove","floor":54,"key":"SMITH"}],"circlet_count":0,"master_deck":["sneckomod:TailWhip+1","sneckomod:SnekBite","sneckomod:Unknown+1","sneckomod:QuickMove+1","sneckomod:SnakeSap","sneckomod:ImprovisedGuard","sneckomod:UnendingSupply+1","Footwork","sneckomod:SerpentMind","sneckomod:Unknown0Cost","sneckomod:UnknownRarePower","Guardian:ConstructionForm","sneckomod:DefensiveFlair+1","sneckomod:WideSting+1","Guardian:ConstructionForm","sneckomod:UnknownClassGREEN+1","sneckomod:UnknownBlock+1","sneckomod:DiceBlock+1","Deep Breath+1","sneckomod:UnendingSupply","sneckomod:QuickMove+1","Adrenaline+1","sneckomod:Unknown1Cost+1","Slimebound:Teamwork+1","sneckomod:CheapStock","sneckomod:Nope+1","expansioncontent:InvincibleStrength","expansioncontent:Chronoboost+1","expansioncontent:Chronoboost","Guardian:Gem_Green","After Image+1","sneckomod:UnknownClassGUARDIAN+1","sneckomod:SlitherStrike","sneckomod:SerpentMind","Malaise+1","Guardian:SphericShield+1","sneckomod:UnknownClassGUARDIAN+1","sneckomod:QuickMove+1","Guardian:ExploitGems+1"],"relics":["sneckomod:SuperSneckoSoul","Blue Candle","MealTicket","Happy Flower","Oddly Smooth Stone","sneckomod:CleanMud","Shovel","Slimebound:PreparedRelic","Lizard Tail","Toxic Egg 2","MutagenicStrength","Gremlin Horn","StrikeDummy","expansioncontent:StudyCardRelic","downfall:HeartBlessingGreen","Juzu Bracelet","downfall:HeartBlessingRed","downfall:HeartBlessingBlue","Eternal Feather","Regal Pillow","Anchor","bronze:BronzeIdol"],"acts_visited":["Exordium","TheCity","TheBeyond","TheEnding"],"potions_floor_usage":[2,9,9,16,28,28,28,37,45,52,56],"damage_taken":[{"damage":0,"enemies":"Jaw Worm","floor":2,"turns":4},{"damage":1,"enemies":"2 Louse","floor":3,"turns":3},{"damage":18,"enemies":"Gremlin Nob","floor":9,"turns":4},{"damage":2,"enemies":"Small Slimes","floor":10,"turns":4},{"damage":0,"enemies":"2 Fungi Beasts","floor":11,"turns":3},{"damage":1,"enemies":"Lagavulin","floor":13,"turns":6},{"damage":0,"enemies":"downfall:LooterAlt","floor":14,"turns":3},{"damage":5,"enemies":"Blue Slaver","floor":15,"turns":2},{"damage":15,"enemies":"IC_STATUS_ARCHETYPE","floor":16,"turns":11},{"damage":20,"enemies":"downfall:LooterAlt2","floor":19,"turns":6},{"damage":42,"enemies":"Gremlin Leader","floor":23,"turns":8},{"damage":0,"enemies":"3 Byrds","floor":26,"turns":5},{"damage":15,"enemies":"downfall:Augmenter","floor":27,"turns":11},{"damage":0,"enemies":"downfall:FleeingMerchant","floor":28,"turns":4},{"damage":12,"enemies":"Slavers","floor":30,"turns":6},{"damage":0,"enemies":"Centurion and Healer","floor":31,"turns":9},{"damage":0,"enemies":"Snecko","floor":32,"turns":7},{"damage":22,"enemies":"DF_ARCHETYPE_CLAW","floor":33,"turns":8},{"damage":0,"enemies":"Orb Walker","floor":36,"turns":4},{"damage":0,"enemies":"3 Shapes","floor":37,"turns":6},{"damage":0,"enemies":"3 Darklings","floor":38,"turns":4},{"damage":0,"enemies":"Spire Growth","floor":39,"turns":6},{"damage":0,"enemies":"Nemesis","floor":42,"turns":7},{"damage":1,"enemies":"4 Shapes","floor":44,"turns":6},{"damage":4,"enemies":"downfall:FleeingMerchant","floor":45,"turns":4},{"damage":0,"enemies":"Reptomancer","floor":47,"turns":4},{"damage":9,"enemies":"Maw","floor":49,"turns":10},{"damage":0,"enemies":"SI_POISON_ARCHETYPE","floor":50,"turns":8},{"damage":10,"enemies":"downfall:CharBossMerchant","floor":52,"turns":8},{"damage":0,"enemies":"downfall:NeowBoss","floor":55,"turns":11},{"damage":56,"enemies":"downfall:NeowBossFinal","floor":56,"turns":14}],"seed_played":"-5218436084983947612","potions_obtained":[{"floor":0,"key":"Block Potion"},{"floor":0,"key":"Slimebound:ThreeZeroPotion"},{"floor":0,"key":"Strength Potion"},{"floor":10,"key":"Fire Potion"},{"floor":11,"key":"Energy Potion"},{"floor":14,"key":"Energy Potion"},{"floor":16,"key":"sneckomod:OffclassReductionPotion"},{"floor":27,"key":"PowerPotion"},{"floor":30,"key":"Explosive Potion"},{"floor":33,"key":"Swift Potion"},{"floor":37,"key":"sneckomod:DiceRollPotion"},{"floor":44,"key":"ColorlessPotion"},{"floor":47,"key":"sneckomod:CheatPotion"}],"is_trial":false,"path_per_floor":["R","M","M","?","?","T","T","R","E","M","M","R","E","M","M","B",null,"R","M","?","?","?","E","T","R","M","?","$","R","E","M","M","B",null,"R","M","M","M","M","?","T","E","R","M","$","R","E","?","M","B",null,"E","$","R","B","B",null],"character_chosen":"THE_SNECKO","items_purchased":["Deep Breath+1","sneckomod:UnendingSupply","sneckomod:QuickMove+1","Gremlin Horn","sneckomod:SlitherStrike","sneckomod:SerpentMind"],"campfire_rested":0,"item_purchase_floors":[28,28,28,28,45,45],"current_hp_per_floor":[90,90,89,84,84,84,84,84,70,68,68,68,67,67,62,47,94,94,84,65,65,98,71,71,71,71,56,71,71,59,59,59,37,99,99,99,99,99,99,89,89,89,89,88,95,105,105,105,96,96,109,99,109,109,109,53],"gold":8,"neow_bonus":"THREE_SMALL_POTIONS","is_daily":false,"chose_seed":false,"campfire_upgraded":6,"win_rate":0.0,"timestamp":1613644122,"path_taken":["R","M","M","?","?","?","T","R","E","M","?","R","E","M","M","BOSS","R","M","?","?","?","E","T","R","M","?","$","R","E","M","M","BOSS","R","M","M","M","M","?","T","E","R","M","$","R","E","?","M","BOSS","E","$","R","BOSS","BOSS"],"items_purchased_type":["Card","Card","Card","Relic","Card","Card"],"build_version":"2020-12-22","purchased_purges":3,"victory":true,"max_hp_per_floor":[90,90,90,90,90,90,90,90,94,94,94,94,94,94,94,94,94,94,94,99,99,99,99,99,99,99,99,99,99,99,99,99,99,99,99,99,99,99,99,99,99,99,99,99,99,109,109,109,109,109,109,109,109,109,109,109],"relic_stats":{"Lizard Tail":0,"Regal Pillow":0,"Shovel":2,"Happy Flower":[63],"Gremlin Horn":[14,17],"counters":[31,196],"Blue Candle":[5],"MealTicket":36,"Eternal Feather":0,"Juzu Bracelet":0,"obtain_stats":[{"Regal Pillow":47,"Happy Flower":7,"Gremlin Horn":28,"downfall:HeartBlessingRed":43,"Blue Candle":4,"Oddly Smooth Stone":9,"downfall:HeartBlessingGreen":35,"Eternal Feather":46,"sneckomod:CleanMud":13,"expansioncontent:StudyCardRelic":34,"Juzu Bracelet":42,"sneckomod:SneckoSoul":0,"bronze:BronzeIdol":52,"sneckomod:SuperSneckoSoul":17,"Lizard Tail":24,"Anchor":48,"Shovel":21,"downfall:HeartBlessingBlue":46,"MutagenicStrength":27,"MealTicket":6,"Slimebound:PreparedRelic":23,"Toxic Egg 2":25,"StrikeDummy":30},{"Regal Pillow":26,"Happy Flower":2,"Gremlin Horn":14,"downfall:HeartBlessingRed":23,"Blue Candle":2,"Oddly Smooth Stone":3,"downfall:HeartBlessingGreen":18,"Eternal Feather":25,"sneckomod:CleanMud":6,"expansioncontent:StudyCardRelic":18,"Juzu Bracelet":23,"sneckomod:SneckoSoul":0,"bronze:BronzeIdol":29,"sneckomod:SuperSneckoSoul":9,"Lizard Tail":11,"Anchor":26,"Shovel":10,"downfall:HeartBlessingBlue":25,"MutagenicStrength":13,"MealTicket":2,"Slimebound:PreparedRelic":11,"Toxic Egg 2":11,"StrikeDummy":15},{"Regal Pillow":145,"Happy Flower":7,"Gremlin Horn":74,"downfall:HeartBlessingRed":131,"Blue Candle":7,"Oddly Smooth Stone":11,"downfall:HeartBlessingGreen":104,"Eternal Feather":141,"sneckomod:CleanMud":24,"expansioncontent:StudyCardRelic":104,"Juzu Bracelet":131,"sneckomod:SneckoSoul":0,"bronze:BronzeIdol":171,"sneckomod:SuperSneckoSoul":40,"Lizard Tail":54,"Anchor":145,"Shovel":46,"downfall:HeartBlessingBlue":141,"MutagenicStrength":70,"MealTicket":7,"Slimebound:PreparedRelic":54,"Toxic Egg 2":54,"StrikeDummy":80}]},"card_choices":[{"not_picked":["sneckomod:MixItUp","sneckomod:QuickBite"],"picked":"sneckomod:QuickMove","floor":2},{"not_picked":["sneckomod:SoulRoll","sneckomod:DiceBlock"],"picked":"sneckomod:SnakeSap","floor":3},{"not_picked":["sneckomod:IronFang","sneckomod:UnknownRarePower"],"picked":"sneckomod:ImprovisedGuard","floor":9},{"not_picked":["sneckomod:RainOfDice","sneckomod:DiceBlock"],"picked":"sneckomod:UnendingSupply","floor":10},{"not_picked":["sneckomod:UnknownDraw","sneckomod:DiceBlock"],"picked":"sneckomod:UnknownStrength","floor":11},{"not_picked":["sneckomod:PureSnecko","sneckomod:UnknownBlock"],"picked":"sneckomod:SerpentMind","floor":13},{"not_picked":["sneckomod:UnknownCommonAttack","sneckomod:UnknownDraw"],"picked":"sneckomod:UnknownStrength","floor":14},{"not_picked":["sneckomod:DiceBlock","sneckomod:IronFang"],"picked":"sneckomod:Unknown0Cost","floor":15},{"not_picked":["sneckomod:UnlimitedRolls","sneckomod:Cheat"],"picked":"sneckomod:UnknownRarePower","floor":16},{"not_picked":["sneckomod:DiceBlock+1","sneckomod:DiceBoulder+1"],"picked":"sneckomod:DefensiveFlair+1","floor":19},{"not_picked":["sneckomod:PureSnecko+1","sneckomod:Unknown1Cost+1"],"picked":"sneckomod:WideSting","floor":23},{"not_picked":["sneckomod:SerpentIdol+1","sneckomod:SnekBeam+1"],"picked":"sneckomod:UnknownClassGREEN+1","floor":26},{"not_picked":["sneckomod:SoulDraw+1","sneckomod:IronFang+1"],"picked":"sneckomod:UnknownBlock+1","floor":27},{"not_picked":["sneckomod:IronFang","sneckomod:SoulExchange+1"],"picked":"sneckomod:UnknownClassGREEN+1","floor":28},{"not_picked":["sneckomod:DiceBlock+1","sneckomod:WideSting+1"],"picked":"sneckomod:Unknown1Cost+1","floor":30},{"not_picked":["sneckomod:QuickBite","sneckomod:UnknownCommonAttack"],"picked":"sneckomod:UnknownClassGREEN+1","floor":31},{"not_picked":["sneckomod:RainOfDice","sneckomod:UnknownStrike+1","sneckomod:SnekBeam"],"picked":"SKIP","floor":32},{"not_picked":["sneckomod:SoulExchange+1","sneckomod:GlitteringGambit+1"],"picked":"sneckomod:UnknownRareSkill+1","floor":33},{"not_picked":["sneckomod:WideSting+1","sneckomod:DiceCrush+1","sneckomod:IronFang"],"picked":"SKIP","floor":36},{"not_picked":["sneckomod:UnknownBlock+1","sneckomod:UnknownClassSLIMEBOUND+1"],"picked":"sneckomod:CheapStock","floor":37},{"not_picked":["sneckomod:UnknownCommonAttack+1","sneckomod:PureSnecko+1"],"picked":"sneckomod:Nope+1","floor":38},{"not_picked":["sneckomod:UnknownCommonSkill+1","sneckomod:QuickBite+1"],"picked":"sneckomod:UnknownBlock+1","floor":39},{"not_picked":["expansioncontent:AwakenDeath","expansioncontent:PrepareCrush"],"picked":"expansioncontent:InvincibleStrength","floor":40},{"not_picked":["expansioncontent:YouAreMine","expansioncontent:AwakenDeath"],"picked":"expansioncontent:Chronoboost","floor":40},{"not_picked":["expansioncontent:GuardianWhirl","expansioncontent:LastStand"],"picked":"expansioncontent:Chronoboost","floor":40},{"not_picked":["Guardian:Gem_Lightblue","Guardian:Gem_Red"],"picked":"Guardian:Gem_Green","floor":42},{"not_picked":["sneckomod:UnknownClassSLIMEBOUND+1","sneckomod:RainOfDice","sneckomod:DangerNoodle"],"picked":"SKIP","floor":42},{"not_picked":["sneckomod:IronFang+1","sneckomod:UnknownColorless+1"],"picked":"sneckomod:UnknownX+1","floor":44},{"not_picked":["sneckomod:DiceBlock+1","sneckomod:SoulDraw+1"],"picked":"sneckomod:UnknownClassGUARDIAN+1","floor":45},{"not_picked":["sneckomod:MorePower","sneckomod:QuickBite"],"picked":"sneckomod:Memorize+1","floor":47},{"not_picked":["sneckomod:SoulCleanse+1","sneckomod:ImprovisedAttack+1"],"picked":"sneckomod:UnknownClassGUARDIAN+1","floor":49},{"not_picked":["sneckomod:QuickBite+1","sneckomod:UnknownStrike+1"],"picked":"sneckomod:QuickMove+1","floor":52}],"player_experience":1377041,"relics_obtained":[{"floor":6,"key":"MealTicket"},{"floor":7,"key":"Happy Flower"},{"floor":9,"key":"Oddly Smooth Stone"},{"floor":13,"key":"sneckomod:CleanMud"},{"floor":23,"key":"Slimebound:PreparedRelic"},{"floor":24,"key":"Lizard Tail"},{"floor":25,"key":"Toxic Egg 2"},{"floor":27,"key":"MutagenicStrength"},{"floor":30,"key":"StrikeDummy"},{"floor":42,"key":"Juzu Bracelet"},{"floor":46,"key":"Eternal Feather"},{"floor":47,"key":"Regal Pillow"},{"floor":48,"key":"Anchor"},{"floor":52,"key":"bronze:BronzeIdol"}],"event_choices":[{"cards_removed":["sneckomod:Strike"],"damage_healed":0,"gold_gain":0,"player_choice":"Card Removal","damage_taken":0,"max_hp_gain":0,"max_hp_loss":0,"event_name":"The Cleric","floor":5,"gold_loss":0},{"damage_healed":33,"gold_gain":0,"player_choice":"Heal","damage_taken":0,"max_hp_gain":0,"max_hp_loss":0,"event_name":"The Library","floor":22,"gold_loss":0}],"is_beta":false,"boss_relics":[{"not_picked":["Snecko Eye","Astrolabe"],"picked":"sneckomod:SuperSneckoSoul"},{"not_picked":["Calling Bell","Black Star"],"picked":"expansioncontent:StudyCardRelic"}],"items_purged_floors":[28,45,53],"is_endless":false,"potions_floor_spawned":[10,11,14,15,16,19,27,30,33,37,44,47],"ascension_level":3}}