{"host":"u4hhjc8c2w7dbcnr","time":1613615273,"event":{"mods":["BaseMod","Colored Map","Colored Powertips","Highlight Path","Minty Spire (QoL Compilation)","StSLib"],"gold_per_floor":[109,34,109,109,120,145,157,157,157],"floor_reached":8,"language":"ENG","playtime":305,"items_purged":["Defend_B"],"score":70,"play_id":"d9cd3350-52f4-41b6-b408-44d6dc997d90","local_time":"20210218102753","is_ascension_mode":true,"campfire_choices":[],"circlet_count":0,"master_deck":["Strike_B","Strike_B","Defend_B","Defend_B","Defend_B","Zap","Dualcast","Chaos","Leap","Doom and Gloom","Cold Snap"],"relics":["Cracked Core","Potion Belt"],"acts_visited":["Exordium"],"potions_floor_usage":[6],"damage_taken":[{"damage":4,"enemies":"Jaw Worm","floor":1,"turns":3},{"damage":1,"enemies":"Small Slimes","floor":5,"turns":5},{"damage":22,"enemies":"Lagavulin","floor":6,"turns":8},{"damage":1,"enemies":"Cultist","floor":7,"turns":3},{"damage":16,"enemies":"Gremlin Nob","floor":8,"turns":2}],"seed_played":"3673367642739918210","potions_obtained":[{"floor":1,"key":"FearPotion"},{"floor":5,"key":"SpeedPotion"}],"is_trial":false,"path_per_floor":["M","$","?","?","M","E","M","E"],"character_chosen":"DEFECT","items_purchased":[],"campfire_rested":0,"item_purchase_floors":[],"current_hp_per_floor":[50,50,39,39,38,16,15,0,0],"gold":157,"neow_bonus":"REMOVE_TWO","is_daily":false,"chose_seed":false,"campfire_upgraded":0,"win_rate":0.0,"timestamp":1613615273,"path_taken":["M","$","?","?","?","E","M","E"],"items_purchased_type":[],"build_version":"2020-12-22","purchased_purges":1,"victory":false,"max_hp_per_floor":[75,75,75,75,75,75,75,75,75],"card_choices":[{"not_picked":["Stack","Scrape"],"picked":"Chaos","floor":1},{"not_picked":["Reprogram","Force Field"],"picked":"Leap","floor":5},{"not_picked":["Undo","Force Field"],"picked":"Doom and Gloom","floor":6},{"not_picked":["Coolheaded","Blizzard"],"picked":"Cold Snap","floor":7}],"player_experience":128383,"relics_obtained":[{"floor":6,"key":"Potion Belt"}],"event_choices":[{"damage_healed":0,"gold_gain":75,"player_choice":"Gather Gold","damage_taken":11,"max_hp_gain":0,"max_hp_loss":0,"event_name":"World of Goop","floor":3,"gold_loss":0},{"damage_healed":0,"gold_gain":0,"player_choice":"0 cards matched","damage_taken":0,"max_hp_gain":0,"max_hp_loss":0,"event_name":"Match and Keep!","floor":4,"gold_loss":0,"cards_obtained":[]}],"is_beta":false,"boss_relics":[],"items_purged_floors":[2],"is_endless":false,"potions_floor_spawned":[1,5],"killed_by":"Gremlin Nob","ascension_level":5}}