{"host":"kh6fvhxn285ncg0o","time":1613668233,"event":{"mods":["Act Like it!","BaseMod","Colored Map","Friendly Minions","Keyboard Shortcuts","Minty Spire (QoL Compilation)","Quick Restart","Relic Stats","StSLib","SuperFastMode","UnlockEverythingMod"],"gold_per_floor":[114,114,114,37,37,75,75,110,137,159,203,224,18,50,50,153,180,199,199,244,43,59,106,134,134,134,183,183,225,225,260,260,358,358,388,397,425,452,785,809,809,842,887,921,460,495,534,563,563,563,563,563,563,69,100,100],"floor_reached":57,"language":"KOR","playtime":1927,"items_purged":["Strike_R","Bash+1","Wild Strike+1"],"score":3449,"play_id":"3c571545-4710-48db-ab1d-c503ff116cf3","local_time":"20210219021033","is_ascension_mode":true,"campfire_choices":[{"floor":7.0,"key":"REST"},{"data":"Wild Strike","floor":15.0,"key":"SMITH"},{"data":"Evolve","floor":25.0,"key":"SMITH"},{"data":"Feel No Pain","floor":28.0,"key":"SMITH"},{"data":"Battle Trance","floor":32.0,"key":"SMITH"},{"data":"Feel No Pain","floor":41.0,"key":"SMITH"},{"floor":49,"key":"RECALL"},{"data":"Second Wind","floor":53,"key":"SMITH"}],"circlet_count":0,"master_deck":["AscendersBane","Defend_R","Defend_R","Defend_R","Evolve+1","Shockwave","Intimidate","Warcry","Feed","Fiend Fire+1","Rage+1","Juggernaut+1","Fiend Fire","Battle Trance+1","Reckless Charge","Armaments+1","Feel No Pain+1","Ghostly Armor","Exhume","Combust+1","Ghostly Armor","Disarm+1","Master of Strategy","Flash of Steel","Panacea","Feel No Pain+1","Fiend Fire+1","Parasite","Second Wind+1","Shrug It Off","Discovery","Violence"],"relics":["Burning Blood","PreservedInsect","InkBottle","Dead Branch","CeramicFish","TungstenRod","Membership Card","Astrolabe","Red Mask","WingedGreaves","Ornamental Fan","Lizard Tail","Toy Ornithopter","MutagenicStrength","Sozu","Strawberry","Pen Nib","Unceasing Top","Du-Vu Doll","CaptainsWheel","DollysMirror","Mummified Hand","Mercury Hourglass","Lantern","OrangePellets","Shuriken","Bag of Marbles"],"acts_visited":["Exordium","TheCity","TheBeyond","TheEnding"],"potions_floor_usage":[],"damage_taken":[{"damage":14.0,"enemies":"Small Slimes","floor":1.0,"turns":3.0},{"damage":30.0,"enemies":"3 Sentries","floor":6.0,"turns":10.0},{"damage":30.0,"enemies":"Lagavulin","floor":8.0,"turns":6.0},{"damage":3.0,"enemies":"2 Louse","floor":10.0,"turns":3.0},{"damage":20.0,"enemies":"3 Sentries","floor":11.0,"turns":8.0},{"damage":7.0,"enemies":"Jaw Worm","floor":12.0,"turns":4.0},{"damage":0.0,"enemies":"Exordium Thugs","floor":14.0,"turns":3.0},{"damage":0.0,"enemies":"Slime Boss","floor":16.0,"turns":3.0},{"damage":6.0,"enemies":"Shell Parasite","floor":18.0,"turns":3.0},{"damage":19.0,"enemies":"Masked Bandits","floor":20.0,"turns":5.0},{"damage":0.0,"enemies":"3 Byrds","floor":22.0,"turns":4.0},{"damage":2.0,"enemies":"Slavers","floor":23.0,"turns":3.0},{"damage":8.0,"enemies":"Snecko","floor":24.0,"turns":4.0},{"damage":20.0,"enemies":"Book of Stabbing","floor":27.0,"turns":4.0},{"damage":7.0,"enemies":"Gremlin Leader","floor":29.0,"turns":5.0},{"damage":18.0,"enemies":"Slavers","floor":31.0,"turns":5.0},{"damage":21.0,"enemies":"Automaton","floor":33.0,"turns":5.0},{"damage":2.0,"enemies":"Orb Walker","floor":35.0,"turns":3.0},{"damage":0.0,"enemies":"3 Darklings","floor":37.0,"turns":4.0},{"damage":9.0,"enemies":"Transient","floor":40.0,"turns":6.0},{"damage":4.0,"enemies":"Nemesis","floor":42.0,"turns":3.0},{"damage":0,"enemies":"Reptomancer","floor":44,"turns":3},{"damage":0,"enemies":"Writhing Mass","floor":46,"turns":3},{"damage":0,"enemies":"Nemesis","floor":47,"turns":4},{"damage":5,"enemies":"Giant Head","floor":48,"turns":1},{"damage":0,"enemies":"Time Eater","floor":50,"turns":6},{"damage":10,"enemies":"Awakened One","floor":51,"turns":6},{"damage":25,"enemies":"Shield and Spear","floor":55,"turns":4},{"damage":4,"enemies":"The Heart","floor":56,"turns":7}],"seed_played":"-1447833478602165354","potions_obtained":[{"floor":10.0,"key":"SteroidPotion"},{"floor":11.0,"key":"Strength Potion"},{"floor":12.0,"key":"Ancient Potion"},{"floor":16.0,"key":"Fire Potion"},{"floor":18.0,"key":"Swift Potion"},{"floor":27.0,"key":"Dexterity Potion"},{"floor":29.0,"key":"Strength Potion"}],"is_trial":false,"path_per_floor":["M","?","?","$","?","E","R","E","T","M","E","M","$","M","R","B",null,"M","?","?","$","M","E","M","R","T","E","R","E","?","E","R","B",null,"M","?","M","?","?","M","R","E","T","E","$","M","E","E","R","B","B",null,"R","$","E","B",null],"character_chosen":"IRONCLAD","items_purchased":["Evolve","Membership Card","Battle Trance","WingedGreaves","Du-Vu Doll","CaptainsWheel","DollysMirror","Lantern","OrangePellets","Discovery","Shuriken","Violence"],"campfire_rested":1,"item_purchase_floors":[4,13,21,21,45,45,45,54,54,54,54,54],"current_hp_per_floor":[60,60,60,60,53,29,49,25,25,28,14,13,13,19,19,25,57,57,57,47,47,56,60,61,61,61,47,47,46,46,39,39,29,65,69,69,75,66,66,63,63,72,72,78,78,84,84,84,84,84,80,83,83,83,64,66],"gold":100,"neow_bonus":"RANDOM_COMMON_RELIC","is_daily":false,"chose_seed":false,"campfire_upgraded":6,"win_rate":0.0,"timestamp":1613668233,"path_taken":["M","?","?","$","?","E","R","E","T","M","E","M","?","?","R","BOSS","M","?","?","?","M","E","M","R","T","E","R","E","?","E","R","BOSS","M","?","?","?","?","M","R","E","T","E","$","M","E","E","R","BOSS","BOSS","R","$","E","BOSS"],"items_purchased_type":["Card","Relic","Card","Relic","Relic","Relic","Relic","Relic","Relic","Card","Relic","Card"],"build_version":"2020-12-22","purchased_purges":3,"victory":true,"max_hp_per_floor":[75,75,68,68,68,68,68,68,68,68,68,68,68,68,68,68,68,68,68,71,71,74,74,77,77,77,77,77,77,77,77,77,77,77,77,77,77,77,77,77,77,84,84,84,84,84,84,84,84,84,84,84,84,84,84,84],"relic_stats":{"counters":[29,128],"Dead Branch":[523],"CeramicFish":243,"Astrolabe":["Fiend Fire","Rage","Juggernaut"],"PreservedInsect":636,"Pen Nib":[5],"Burning Blood":161,"Mercury Hourglass":[78],"Sozu":3,"OrangePellets":[4],"Lizard Tail":0,"Ornamental Fan":[72],"Mummified Hand":[42],"Shuriken":[2],"obtain_stats":[{"Lantern":54,"CeramicFish":9,"Burning Blood":0,"Sozu":34,"Lizard Tail":27,"DollysMirror":45,"Mummified Hand":47,"Strawberry":42,"WingedGreaves":21,"Red Mask":20,"InkBottle":6,"Golden Idol":3,"Dead Branch":8,"Astrolabe":17,"PreservedInsect":0,"Pen Nib":43,"Mercury Hourglass":48,"Du-Vu Doll":45,"OrangePellets":54,"CaptainsWheel":45,"Ornamental Fan":23,"Shuriken":54,"MutagenicStrength":30,"Bag of Marbles":55,"Membership Card":13,"TungstenRod":11,"Toy Ornithopter":29,"Unceasing Top":44},{"Lantern":27,"CeramicFish":3,"Burning Blood":0,"Sozu":17,"Lizard Tail":14,"DollysMirror":22,"Mummified Hand":24,"Strawberry":21,"WingedGreaves":10,"Red Mask":10,"InkBottle":2,"Golden Idol":1,"Dead Branch":3,"Astrolabe":8,"PreservedInsect":0,"Pen Nib":21,"Mercury Hourglass":25,"Du-Vu Doll":22,"OrangePellets":27,"CaptainsWheel":22,"Ornamental Fan":12,"Shuriken":27,"MutagenicStrength":15,"Bag of Marbles":28,"Membership Card":6,"TungstenRod":5,"Toy Ornithopter":15,"Unceasing Top":22},{"Lantern":117,"CeramicFish":19,"Burning Blood":0,"Sozu":78,"Lizard Tail":63,"DollysMirror":97,"Mummified Hand":104,"Strawberry":94,"WingedGreaves":48,"Red Mask":48,"InkBottle":13,"Golden Idol":3,"Dead Branch":19,"Astrolabe":40,"PreservedInsect":0,"Pen Nib":94,"Mercury Hourglass":105,"Du-Vu Doll":97,"OrangePellets":117,"CaptainsWheel":97,"Ornamental Fan":55,"Shuriken":117,"MutagenicStrength":68,"Bag of Marbles":121,"Membership Card":34,"TungstenRod":30,"Toy Ornithopter":68,"Unceasing Top":97}],"InkBottle":[46],"TungstenRod":71,"Toy Ornithopter":10,"Unceasing Top":[0]},"card_choices":[{"not_picked":["Cleave","Twin Strike"],"picked":"Shockwave","floor":6.0},{"not_picked":["Sword Boomerang","Clothesline"],"picked":"Wild Strike","floor":10.0},{"not_picked":["Berserk","Clash"],"picked":"Intimidate","floor":11.0},{"not_picked":["Wild Strike","Rampage","Flex"],"picked":"SKIP","floor":12.0},{"not_picked":["Evolve","Clothesline"],"picked":"Warcry","floor":14.0},{"not_picked":["Reaper","Exhume"],"picked":"Feed","floor":16.0},{"not_picked":["Twin Strike","Seeing Red"],"picked":"Fiend Fire","floor":20.0},{"not_picked":["Carnage","Twin Strike+1","Pommel Strike"],"picked":"SKIP","floor":22.0},{"not_picked":["Pommel Strike+1","Clothesline"],"picked":"Reckless Charge","floor":23.0},{"not_picked":["Sword Boomerang","Flame Barrier"],"picked":"Armaments+1","floor":24.0},{"not_picked":["Carnage","Headbutt"],"picked":"Feel No Pain","floor":27.0},{"not_picked":["Havoc","Clash","Ghostly Armor"],"picked":"SKIP","floor":29.0},{"not_picked":["Havoc","Clash"],"picked":"Ghostly Armor","floor":29.0},{"not_picked":["Feel No Pain","Pommel Strike","Warcry"],"picked":"SKIP","floor":31.0},{"not_picked":["Berserk","Bludgeon"],"picked":"Exhume","floor":33.0},{"not_picked":["Intimidate","Perfected Strike"],"picked":"Combust+1","floor":35.0},{"not_picked":["Headbutt+1","Clothesline"],"picked":"Disarm+1","floor":37.0},{"not_picked":["Swift Strike","Madness"],"picked":"Master of Strategy","floor":38.0},{"not_picked":["Sadistic Nature","Jack Of All Trades"],"picked":"Flash of Steel","floor":38.0},{"not_picked":["Forethought","Thinking Ahead"],"picked":"Panacea","floor":38.0},{"not_picked":["Shrug It Off","Armaments+1"],"picked":"Feel No Pain","floor":40.0},{"not_picked":["Dropkick","Infernal Blade+1","Sword Boomerang"],"picked":"SKIP","floor":42.0},{"not_picked":["Inflame","Metallicize","Heavy Blade"],"picked":"SKIP","floor":44},{"not_picked":["Rampage","Shrug It Off"],"picked":"Second Wind","floor":46},{"not_picked":["Shrug It Off","Thunderclap","Rage"],"picked":"SKIP","floor":47},{"not_picked":["Thunderclap","Rage"],"picked":"Shrug It Off","floor":47},{"not_picked":["Pommel Strike","Sword Boomerang","Bludgeon"],"picked":"SKIP","floor":48},{"not_picked":["Iron Wave","Sword Boomerang","Perfected Strike"],"picked":"SKIP","floor":55}],"player_experience":1448027,"relics_obtained":[{"floor":6.0,"key":"InkBottle"},{"floor":8.0,"key":"Dead Branch"},{"floor":9.0,"key":"CeramicFish"},{"floor":11.0,"key":"TungstenRod"},{"floor":20.0,"key":"Red Mask"},{"floor":23.0,"key":"Ornamental Fan"},{"floor":27.0,"key":"Lizard Tail"},{"floor":29.0,"key":"Toy Ornithopter"},{"floor":42.0,"key":"Strawberry"},{"floor":43.0,"key":"Pen Nib"},{"floor":44,"key":"Unceasing Top"},{"floor":47,"key":"Mummified Hand"},{"floor":48,"key":"Mercury Hourglass"},{"floor":55,"key":"Bag of Marbles"}],"event_choices":[{"damage_healed":0.0,"max_hp_gain":0.0,"max_hp_loss":0.0,"gold_gain":0.0,"event_name":"Living Wall","player_choice":"Grow","floor":2.0,"gold_loss":0.0,"damage_taken":0.0,"cards_upgraded":["Bash"]},{"damage_healed":0.0,"max_hp_gain":0.0,"max_hp_loss":7.0,"gold_gain":0.0,"event_name":"Golden Idol","player_choice":"Lose Max HP","floor":3.0,"gold_loss":0.0,"damage_taken":0.0,"relics_obtained":["Golden Idol"]},{"cards_removed":["Strike_R"],"damage_healed":0.0,"max_hp_gain":0.0,"max_hp_loss":0.0,"gold_gain":0.0,"event_name":"Golden Wing","player_choice":"Card Removal","floor":5.0,"gold_loss":0.0,"damage_taken":7.0},{"damage_healed":0.0,"max_hp_gain":0.0,"max_hp_loss":0.0,"gold_gain":0.0,"event_name":"The Mausoleum","player_choice":"Ignored","floor":19.0,"gold_loss":0.0,"damage_taken":0.0},{"damage_healed":0.0,"max_hp_gain":0.0,"max_hp_loss":0.0,"gold_gain":0.0,"event_name":"Masked Bandits","player_choice":"Fought Bandits","floor":20.0,"gold_loss":0.0,"damage_taken":0.0},{"damage_healed":0.0,"max_hp_gain":0.0,"max_hp_loss":0.0,"gold_gain":0.0,"event_name":"Drug Dealer","player_choice":"Inject Mutagens","floor":30.0,"gold_loss":0.0,"damage_taken":0.0,"relics_obtained":["MutagenicStrength"]},{"damage_healed":0.0,"max_hp_gain":0.0,"max_hp_loss":0.0,"gold_gain":0.0,"cards_transformed":["Defend_R"],"event_name":"Transmorgrifier","player_choice":"Transformed","floor":36.0,"gold_loss":0.0,"damage_taken":0.0,"cards_obtained":["Ghostly Armor"]},{"damage_healed":0.0,"max_hp_gain":0.0,"max_hp_loss":0.0,"gold_gain":0.0,"event_name":"SensoryStone","player_choice":"Memory 3","floor":38.0,"gold_loss":0.0,"damage_taken":10.0},{"damage_healed":0.0,"max_hp_gain":0.0,"max_hp_loss":0.0,"gold_gain":333.0,"event_name":"The Moai Head","player_choice":"Gave Idol","floor":39.0,"relics_lost":["Golden Idol"],"gold_loss":0.0,"damage_taken":0.0}],"is_beta":false,"boss_relics":[{"not_picked":["SacredBark","Black Blood"],"picked":"Astrolabe"},{"not_picked":["Runic Pyramid","Empty Cage"],"picked":"Sozu"}],"items_purged_floors":[13,45,54],"is_endless":false,"potions_floor_spawned":[10,11,12,16,18,22,27,29,35,40,55],"ascension_level":20}}