{"host":"1183f001whnzd7mj","time":1613678872,"event":{"mods":["AchievementEnabler","BaseMod","Beaked The Cultist","BetterRewards","Conspire","Downfall","Friendly Minions","Highlight Path","Infinite Spire","Mimic Mod","Minty Spire (QoL Compilation)","Permanent Neow","Quick Restart","Replay The Spire","Shop Mod","StSLib","The Bug Knight","The Mystic"],"gold_per_floor":[112,112,132,146,146,181,181,200,227,227,247,264,164,164,164,268,268,278,291,41,41,41,41,41],"floor_reached":23,"language":"ENG","playtime":1143,"items_purged":["downfall:Haunted"],"score":191,"play_id":"5b697143-eeb2-4ffd-8561-0446f1031be9","local_time":"20210218200752","is_ascension_mode":false,"campfire_choices":[{"data":"ReplayTheSpireMod:Faulty Equipment","floor":7,"key":"SMITH"},{"floor":10,"key":"REST"},{"floor":15,"key":"REST"}],"circlet_count":0,"master_deck":["beaked:Strike_Y","beaked:Strike_Y","beaked:Strike_Y+1","beaked:Strike_Y","beaked:Strike_Y","beaked:Strike_Y+1","beaked:Defend_Y","beaked:Defend_Y","beaked:Defend_Y","beaked:Defend_Y","beaked:Ceremony","beaked:Ceremony","beaked:Ceremony","beaked:Flinch","beaked:Insight","downfall:Haunted","beaked:AwakenedForm","beaked:DigDeep","beaked:DigDeep","Ghostly","beaked:Sacrifice","beaked:Insight","downfall:Bewildered"],"relics":["beaked:BlessedCoat","Du-Vu Doll","Smiling Mask","Replay:Grab Bag","Runic Dome","Replay:Bronze Core","Replay:Baseball","sneckomod:BabySnecko","infinitespire:Lucky Rock"],"acts_visited":["Exordium","TheCity"],"potions_floor_usage":[8,12,16,16],"damage_taken":[{"damage":3,"enemies":"conspire:RoseBush","floor":1,"turns":4},{"damage":0,"enemies":"2 Louse","floor":3,"turns":2},{"damage":10,"enemies":"Jaw Worm","floor":4,"turns":4},{"damage":47,"enemies":"Gremlin Nob","floor":6,"turns":5},{"damage":29,"enemies":"Exordium Thugs","floor":8,"turns":6},{"damage":25,"enemies":"2 Fungi Beasts","floor":11,"turns":6},{"damage":23,"enemies":"Gremlin Gang","floor":12,"turns":7},{"damage":34,"enemies":"Slime Boss","floor":16,"turns":13},{"damage":31,"enemies":"Shell Parasite","floor":18,"turns":8},{"damage":67,"enemies":"Spheric Guardian","floor":19,"turns":8},{"damage":75,"enemies":"Nightmare","floor":23,"turns":10}],"seed_played":"7732403766600787082","potions_obtained":[{"floor":1,"key":"FearPotion"},{"floor":4,"key":"ColorlessPotion"},{"floor":8,"key":"Fire Potion"},{"floor":12,"key":"SteroidPotion"},{"floor":19,"key":"AttackPotion"}],"is_trial":false,"path_per_floor":["M","?","M","M","?","E","R","M","T","R","M","M","?","?","R","B",null,"M","M","$","?","T","NM"],"character_chosen":"BEAKED_THE_CULTIST","items_purchased":["Replay:Baseball","beaked:Insight"],"campfire_rested":2,"item_purchase_floors":[20,20],"current_hp_per_floor":[50,55,55,52,52,15,15,4,4,20,18,22,22,11,27,43,55,55,11,11,11,11,0,0],"gold":41,"neow_bonus":"THREE_CARDS","is_daily":false,"chose_seed":false,"campfire_upgraded":1,"win_rate":0.0,"timestamp":1613678872,"path_taken":["M","?","M","M","?","E","R","M","T","R","M","M","?","?","R","BOSS","M","M","$","?","?","NM"],"items_purchased_type":["Relic","Card"],"build_version":"2020-12-22","purchased_purges":1,"victory":false,"max_hp_per_floor":[50,55,55,55,55,55,55,55,55,55,55,55,55,55,55,55,55,55,55,55,55,55,55,55],"card_choices":[{"not_picked":["beaked:BounceBack","beaked:Redirect"],"picked":"beaked:Flinch","floor":0},{"not_picked":["beaked:HuntressSpirit","beaked:DesperateSwing"],"picked":"beaked:Insight","floor":1},{"not_picked":["beaked:Evade","beaked:Tradeoff","beaked:VigorBurst"],"picked":"SKIP","floor":3},{"not_picked":["beaked:Negation","beaked:Overpower","beaked:TuckingFeathers"],"picked":"SKIP","floor":4},{"not_picked":["beaked:DesperateSwing","beaked:HuntressEssence","beaked:ShadowFade"],"picked":"SKIP","floor":6},{"not_picked":["beaked:Tweet","beaked:Insight"],"picked":"beaked:DigDeep","floor":8},{"not_picked":["beaked:Flinch","beaked:Negation"],"picked":"beaked:DigDeep","floor":11},{"not_picked":["beaked:FakeOut","beaked:Poke","beaked:TuckingFeathers"],"picked":"SKIP","floor":12},{"not_picked":["beaked:WildInstinct","ReplayTheSpireMod:Owlgaze"],"picked":"beaked:Sacrifice","floor":16},{"not_picked":["beaked:Struggle","beaked:SurvivalInstinct","beaked:Windmill"],"picked":"SKIP","floor":18},{"not_picked":["beaked:HuntressSpirit","beaked:Overpower","beaked:Redirect+1"],"picked":"SKIP","floor":19}],"player_experience":106156,"relics_obtained":[{"floor":6,"key":"Smiling Mask"},{"floor":22,"key":"infinitespire:Lucky Rock"}],"event_choices":[{"cards_removed":["Amnesia"],"damage_healed":0,"gold_gain":0,"player_choice":"Forget","damage_taken":0,"max_hp_gain":0,"max_hp_loss":0,"event_name":"Living Wall","floor":5,"gold_loss":0},{"damage_healed":0,"gold_gain":0,"player_choice":"Argue","damage_taken":0,"max_hp_gain":0,"max_hp_loss":0,"event_name":"conspire:LoneGhost","floor":13,"gold_loss":0},{"damage_healed":0,"gold_gain":0,"player_choice":"Entered Light","damage_taken":11,"max_hp_gain":0,"max_hp_loss":0,"event_name":"Shining Light","floor":14,"gold_loss":0,"cards_upgraded":["beaked:Strike_Y","beaked:Strike_Y"]}],"is_beta":false,"boss_relics":[{"not_picked":["bronze:MakeshiftBattery","Cursed Key"],"picked":"Replay:Grab Bag"},{"not_picked":["Fusion Hammer","beaked:MawFillet"],"picked":"Runic Dome"},{"not_picked":["conspire:RoyalGoblet","infinitespire:Cupcake"],"picked":"Replay:Bronze Core"},{"not_picked":["conspire:RunicOctahedron","Replay:Drink Me"],"picked":"beaked:BlessedCoat"}],"items_purged_floors":[20],"is_endless":false,"potions_floor_spawned":[1,4,8,12,19],"killed_by":"Nightmare","ascension_level":0}}