{"host":"clcuy39u5sybassp","time":1613643113,"event":{"mods":["AchievementEnabler","BaseMod","Challenge The Spire","Lobotomy","LobotomyExtend","Minty Spire (QoL Compilation)","Quick Restart","Replay The Spire","StSLib"],"gold_per_floor":[118,118,118,118,136,170,170,214,214,257,277,28,49,65,65,65,65],"floor_reached":16,"language":"ZHS","playtime":703,"items_purged":[],"score":145,"play_id":"fe1f4103-0028-42e6-a4d9-6a9b67941524","local_time":"20210218181153","is_ascension_mode":false,"campfire_choices":[{"floor":15,"key":"REST"}],"circlet_count":0,"master_deck":["SpecialBullet","SpecialBullet","SpecialBullet","SpecialBullet","SpecialBullet","ControlCode","WelfareCode","InformationCode","FourthMatchFlame","Languid","UniverseFragment","WristCuter","Bloodbath","RapturousDream","FrostShard+1","Scorched","BlackSwan_ego+1","SpecialBullet","Amita+1"],"relics":["CogitoBucket","NeowsBlessing","LetterFromLob","ReplayTheSpireMod:Ring of Exchange","Ring of Searing","Golden Idol","Orichalcum","Durian","Dream Catcher","HellTrain","Toxic Egg 2"],"acts_visited":["Exordium"],"potions_floor_usage":[16],"damage_taken":[{"damage":0,"enemies":"Small Slimes","floor":1,"turns":1},{"damage":0,"enemies":"2 Louse","floor":5,"turns":1},{"damage":0,"enemies":"Lagavulin","floor":6,"turns":1},{"damage":36,"enemies":"3 Sentries","floor":8,"turns":6},{"damage":22,"enemies":"Lagavulin","floor":10,"turns":4},{"damage":23,"enemies":"Jaw Worm","floor":11,"turns":6},{"damage":1,"enemies":"2 Fungi Beasts","floor":13,"turns":4},{"damage":7,"enemies":"Large Slime","floor":14,"turns":5},{"damage":64,"enemies":"The Guardian","floor":16,"turns":5}],"seed_played":"7480464058988401483","potions_obtained":[{"floor":6,"key":"LiquidBronze"},{"floor":8,"key":"FearPotion"},{"floor":13,"key":"BlessingOfTheForge"}],"is_trial":false,"path_per_floor":["M","?","?","?","M","E","R","E","T","E","M","$","M","M","R","B"],"character_chosen":"Angela","items_purchased":["Toxic Egg 2"],"campfire_rested":1,"item_purchase_floors":[12],"current_hp_per_floor":[70,75,75,57,57,57,57,21,26,4,8,8,18,12,36,0,0],"gold":65,"neow_bonus":"THREE_ENEMY_KILL","is_daily":false,"chose_seed":false,"campfire_upgraded":0,"win_rate":0.0,"timestamp":1613643113,"path_taken":["M","?","?","?","M","E","R","E","T","E","M","$","M","M","R","BOSS"],"items_purchased_type":["Relic"],"build_version":"2020-12-22","purchased_purges":0,"victory":false,"max_hp_per_floor":[70,75,75,75,75,75,75,75,80,80,80,80,80,80,80,80,80],"card_choices":[{"not_picked":["RedEyes"],"picked":"FourthMatchFlame","floor":1},{"not_picked":["RapturousDream","Discord"],"picked":"SKIP","floor":5},{"not_picked":["CENSORED_ego","Discord"],"picked":"SKIP","floor":6},{"not_picked":["FairyFestival","BeautyBeast"],"picked":"UniverseFragment","floor":8},{"not_picked":["TodaysExpression"],"picked":"WristCuter","floor":8},{"not_picked":["MHz","WallGazer"],"picked":"Bloodbath","floor":10},{"not_picked":["Noise","TodaysExpression"],"picked":"SKIP","floor":10},{"not_picked":["SolemnVow"],"picked":"RapturousDream","floor":11},{"not_picked":["Discord"],"picked":"FrostShard+1","floor":13},{"not_picked":["MeatLantern","BeautyBeast"],"picked":"Scorched","floor":14},{"not_picked":["FrostShard+1"],"picked":"BlackSwan_ego+1","floor":14},{"not_picked":["TodaysExpression+1"],"picked":"Amita+1","floor":15}],"player_experience":195708,"relics_obtained":[{"floor":1,"key":"LetterFromLob"},{"floor":3,"key":"ReplayTheSpireMod:Ring of Exchange"},{"floor":3,"key":"Ring of Searing"},{"floor":8,"key":"Orichalcum"},{"floor":9,"key":"Durian"},{"floor":10,"key":"Dream Catcher"}],"event_choices":[{"damage_healed":0,"gold_gain":0,"player_choice":"Donut","damage_taken":0,"max_hp_gain":5,"max_hp_loss":0,"event_name":"Big Fish","floor":2,"gold_loss":0},{"damage_healed":0,"gold_gain":0,"player_choice":"Take Damage","damage_taken":18,"relics_obtained":["Golden Idol"],"max_hp_gain":0,"max_hp_loss":0,"event_name":"Golden Idol","floor":4,"gold_loss":0}],"is_beta":false,"boss_relics":[],"items_purged_floors":[],"is_endless":false,"potions_floor_spawned":[6,8,13,14],"killed_by":"The Guardian","ascension_level":0}}