{"host":"qc268ltokmxwqyrx","time":1613627775,"event":{"mods":["BaseMod","Colored Map","Colored Powertips","Minty Spire (QoL Compilation)","Relic Stats","Slay the Relics Exporter","StSLib","ojb\u0027s Info Mod"],"gold_per_floor":[14,28,46,56,67,78,104,104,104,122,141,141,166,180,180,253,253,266,266,541,59,69,104,104,131,182,182,217,217,236,267,267,346,346,364,364,364,382,396,431,431,464,464,495,508,508,521,556,568,580,592,592],"floor_reached":51,"language":"ENG","playtime":2749,"items_purged":["Regret"],"score":1743,"play_id":"fa5563d1-1361-4231-ad8c-b4fcbb8eb360","local_time":"20210217235615","is_ascension_mode":true,"campfire_choices":[{"data":"Immolate","floor":8,"key":"SMITH"},{"data":"Shrug It Off","floor":12,"key":"SMITH"},{"data":"Inflame","floor":15,"key":"SMITH"},{"data":"Dark Embrace","floor":24,"key":"SMITH"},{"data":"Limit Break","floor":27,"key":"SMITH"},{"data":"Feel No Pain","floor":32,"key":"SMITH"},{"data":"Battle Trance","floor":41,"key":"SMITH"},{"floor":49,"key":"RECALL"}],"circlet_count":0,"master_deck":["AscendersBane","Strike_R","Strike_R","Defend_R","Defend_R","Defend_R","Defend_R","Bash","Immolate+1","Anger","Shrug It Off+1","Shockwave","Anger","Shrug It Off","Battle Trance","Inflame+1","Dark Embrace+1","Limit Break+1","Fire Breathing+1","Metallicize+1","Sentinel+1","Intimidate+1","Feel No Pain+1","Warcry","Battle Trance+1","Headbutt","Juggernaut","Brutality","Disarm","Purity","Impatience","Writhe","Feed","Sword Boomerang","Decay","Pummel+1"],"relics":["Burning Blood","Lantern","Mummified Hand","Tiny Chest","Astrolabe","MutagenicStrength","Membership Card","Ice Cream","Bag of Preparation","Du-Vu Doll","Red Skull","Smiling Mask","Pear","Thread and Needle","Runic Dome","Magic Flower","Pocketwatch","Singing Bowl","MawBank"],"acts_visited":["Exordium","TheCity","TheBeyond"],"potions_floor_usage":[7,7,13,16,23,23,28,40,50,51],"damage_taken":[{"damage":4.0,"enemies":"Cultist","floor":1.0,"turns":4.0},{"damage":9.0,"enemies":"Jaw Worm","floor":2.0,"turns":3.0},{"damage":10.0,"enemies":"2 Louse","floor":3.0,"turns":2.0},{"damage":8.0,"enemies":"Blue Slaver","floor":4.0,"turns":3.0},{"damage":22,"enemies":"Large Slime","floor":5,"turns":7},{"damage":12,"enemies":"Looter","floor":6,"turns":3},{"damage":17,"enemies":"3 Sentries","floor":7,"turns":6},{"damage":2,"enemies":"Exordium Thugs","floor":10,"turns":3},{"damage":0,"enemies":"2 Fungi Beasts","floor":11,"turns":2},{"damage":8,"enemies":"Gremlin Nob","floor":13,"turns":3},{"damage":0,"enemies":"Lots of Slimes","floor":14,"turns":2},{"damage":39,"enemies":"The Guardian","floor":16,"turns":16},{"damage":15,"enemies":"Spheric Guardian","floor":18,"turns":6},{"damage":0,"enemies":"3 Byrds","floor":22,"turns":4},{"damage":9,"enemies":"Slavers","floor":23,"turns":3},{"damage":6,"enemies":"Book of Stabbing","floor":25,"turns":4},{"damage":0,"enemies":"Slavers","floor":28,"turns":2},{"damage":0,"enemies":"3 Cultists","floor":30,"turns":2},{"damage":18,"enemies":"Book of Stabbing","floor":31,"turns":5},{"damage":44,"enemies":"Automaton","floor":33,"turns":7},{"damage":13,"enemies":"3 Shapes","floor":35,"turns":5},{"damage":0,"enemies":"3 Darklings","floor":38,"turns":3},{"damage":0,"enemies":"Writhing Mass","floor":39,"turns":5},{"damage":26,"enemies":"Reptomancer","floor":40,"turns":5},{"damage":13,"enemies":"Giant Head","floor":42,"turns":6},{"damage":6,"enemies":"Reptomancer","floor":44,"turns":6},{"damage":3,"enemies":"4 Shapes","floor":45,"turns":3},{"damage":9,"enemies":"Jaw Worm Horde","floor":47,"turns":2},{"damage":31,"enemies":"Giant Head","floor":48,"turns":6},{"damage":46,"enemies":"Donu and Deca","floor":50,"turns":6},{"damage":44,"enemies":"Awakened One","floor":51,"turns":3}],"seed_played":"7934875314105281162","potions_obtained":[{"floor":4.0,"key":"AttackPotion"},{"floor":5,"key":"Block Potion"},{"floor":6,"key":"EntropicBrew"},{"floor":14,"key":"Dexterity Potion"},{"floor":18,"key":"Block Potion"},{"floor":31,"key":"GamblersBrew"},{"floor":33,"key":"CultistPotion"},{"floor":40,"key":"Explosive Potion"},{"floor":45,"key":"DistilledChaos"}],"is_trial":false,"path_per_floor":["M","M","M","M","M","M","E","R","T","M","M","R","E","M","R","B",null,"M","?","?","$","M","E","R","E","T","R","E","T","M","E","R","B",null,"M","?","?","M","M","E","R","E","T","E","M","?","M","E","R","B","B"],"character_chosen":"IRONCLAD","items_purchased":["Membership Card","Ice Cream","Feel No Pain","Warcry","Battle Trance"],"campfire_rested":0,"item_purchase_floors":[21,21,21,21,21],"current_hp_per_floor":[70,67,63,61,45,39,28,28,28,32,38,38,36,42,42,9,59,50,50,50,50,56,53,53,53,53,53,59,69,75,63,63,25,70,63,53,70,76,82,62,62,58,58,63,76,76,81,66,66,34,0,0],"gold":592,"neow_bonus":"THREE_RARE_CARDS","is_daily":false,"chose_seed":false,"campfire_upgraded":7,"win_rate":0.0,"timestamp":1613627775,"path_taken":["M","M","M","?","M","M","E","R","T","M","?","R","E","M","R","BOSS","M","?","?","$","?","E","R","E","T","R","E","?","M","E","R","BOSS","M","?","?","M","M","E","R","E","T","E","M","?","M","E","R","BOSS","BOSS"],"items_purchased_type":["Relic","Relic","Card","Card","Card"],"build_version":"2020-12-22","purchased_purges":1,"victory":false,"max_hp_per_floor":[75,75,75,75,75,75,75,75,75,75,75,75,75,75,75,75,75,75,75,75,75,75,75,75,75,75,75,75,85,85,85,85,85,85,85,85,85,85,85,85,85,85,85,87,92,92,95,100,100,103,106,106],"relic_stats":{"Singing Bowl":6,"counters":[31,137],"Mummified Hand":[125],"Astrolabe":["Fire Breathing","Metallicize","Sentinel"],"Magic Flower":[28],"Tiny Chest":1,"Bag of Preparation":[32],"Smiling Mask":0,"MawBank":36,"obtain_stats":[{"Ice Cream":21,"Lantern":7,"Pear":29,"Singing Bowl":44,"Astrolabe":17,"Magic Flower":40,"Thread and Needle":31,"Bag of Preparation":23,"Smiling Mask":28,"MawBank":48,"Burning Blood":0,"Du-Vu Doll":25,"Runic Dome":34,"Mummified Hand":9,"MutagenicStrength":19,"Tiny Chest":13,"Membership Card":21,"Red Skull":26,"Pocketwatch":42},{"Ice Cream":13,"Lantern":7,"Pear":17,"Singing Bowl":26,"Astrolabe":12,"Magic Flower":24,"Thread and Needle":19,"Bag of Preparation":15,"Smiling Mask":17,"MawBank":29,"Burning Blood":0,"Du-Vu Doll":16,"Runic Dome":20,"Mummified Hand":7,"MutagenicStrength":13,"Tiny Chest":10,"Membership Card":13,"Red Skull":16,"Pocketwatch":25},{"Ice Cream":60,"Lantern":28,"Pear":73,"Singing Bowl":117,"Astrolabe":54,"Magic Flower":105,"Thread and Needle":80,"Bag of Preparation":67,"Smiling Mask":73,"MawBank":128,"Burning Blood":0,"Du-Vu Doll":71,"Runic Dome":87,"Mummified Hand":28,"MutagenicStrength":60,"Tiny Chest":36,"Membership Card":60,"Red Skull":71,"Pocketwatch":111}],"Burning Blood":198,"Pocketwatch":[0]},"card_choices":[{"not_picked":["Offering","Juggernaut"],"picked":"Immolate","floor":0.0},{"not_picked":["Armaments","Bloodletting"],"picked":"Anger","floor":1.0},{"not_picked":["Body Slam","Havoc","Sever Soul"],"picked":"SKIP","floor":2.0},{"not_picked":["Twin Strike","Cleave"],"picked":"Shrug It Off","floor":3.0},{"not_picked":["Clothesline","Twin Strike"],"picked":"Shockwave","floor":4.0},{"not_picked":["Clothesline","Perfected Strike"],"picked":"Anger","floor":5},{"not_picked":["Sword Boomerang","Uppercut"],"picked":"Shrug It Off","floor":6},{"not_picked":["Burning Pact","Dropkick"],"picked":"Battle Trance","floor":7},{"not_picked":["Burning Pact","Perfected Strike","Sentinel"],"picked":"SKIP","floor":10},{"not_picked":["Armaments","Sword Boomerang","Headbutt"],"picked":"SKIP","floor":11},{"not_picked":["Second Wind","Anger"],"picked":"Inflame","floor":13},{"not_picked":["Twin Strike","Dual Wield"],"picked":"Dark Embrace","floor":14},{"not_picked":["Impervious","Bludgeon"],"picked":"Limit Break","floor":16},{"not_picked":["Anger","Body Slam"],"picked":"Intimidate+1","floor":18},{"not_picked":["Armaments","Shrug It Off","Clothesline+1"],"picked":"SKIP","floor":22},{"not_picked":["Infernal Blade","Reckless Charge"],"picked":"Headbutt","floor":23},{"not_picked":["Clash","Headbutt","Havoc"],"picked":"SKIP","floor":25},{"not_picked":["Clash","Reckless Charge","Perfected Strike"],"picked":"SKIP","floor":28},{"not_picked":["Pommel Strike","Combust","Carnage+1"],"picked":"SKIP","floor":30},{"not_picked":["Clothesline","Armaments+1"],"picked":"Juggernaut","floor":31},{"not_picked":["Immolate","Demon Form"],"picked":"Brutality","floor":33},{"not_picked":["Rupture","Sword Boomerang"],"picked":"Disarm","floor":35},{"not_picked":["Secret Technique","Trip"],"picked":"Purity","floor":36},{"not_picked":["Thinking Ahead","Swift Strike"],"picked":"Impatience","floor":36},{"not_picked":["Shrug It Off","Entrench+1","Sentinel"],"picked":"SKIP","floor":38},{"not_picked":["Shrug It Off","Entrench+1","Sentinel"],"picked":"SKIP","floor":38},{"not_picked":["Clothesline+1","Flex","Sword Boomerang"],"picked":"SKIP","floor":39},{"not_picked":["Rage","Cleave"],"picked":"Feed","floor":40},{"not_picked":["Anger","Flex+1","Perfected Strike"],"picked":"SKIP","floor":42},{"not_picked":["Headbutt","Cleave+1","Warcry"],"picked":"Singing Bowl","floor":44},{"not_picked":["Twin Strike","Warcry","Perfected Strike+1"],"picked":"Singing Bowl","floor":45},{"not_picked":["Rampage+1","Flex"],"picked":"Pummel+1","floor":47},{"not_picked":["Immolate","Metallicize","Uppercut"],"picked":"Singing Bowl","floor":48}],"player_experience":1857957,"relics_obtained":[{"floor":7,"key":"Lantern"},{"floor":9,"key":"Mummified Hand"},{"floor":13,"key":"Tiny Chest"},{"floor":23,"key":"Bag of Preparation"},{"floor":25,"key":"Du-Vu Doll"},{"floor":26,"key":"Red Skull"},{"floor":28,"key":"Smiling Mask"},{"floor":29,"key":"Pear"},{"floor":31,"key":"Thread and Needle"},{"floor":40,"key":"Magic Flower"},{"floor":42,"key":"Pocketwatch"},{"floor":44,"key":"Singing Bowl"},{"floor":48,"key":"MawBank"}],"event_choices":[{"damage_healed":0,"gold_gain":0,"player_choice":"Inject Mutagens","damage_taken":0,"relics_obtained":["MutagenicStrength"],"max_hp_gain":0,"max_hp_loss":0,"event_name":"Drug Dealer","floor":19,"gold_loss":0},{"damage_healed":0,"gold_gain":275,"player_choice":"Desecrate","damage_taken":0,"max_hp_gain":0,"max_hp_loss":0,"event_name":"Golden Shrine","floor":20,"gold_loss":0,"cards_obtained":["Regret"]},{"damage_healed":0,"gold_gain":0,"player_choice":"Memory 3","damage_taken":10,"max_hp_gain":0,"max_hp_loss":0,"event_name":"SensoryStone","floor":36,"gold_loss":0},{"damage_healed":17,"gold_gain":0,"player_choice":"Writhe","damage_taken":0,"max_hp_gain":0,"max_hp_loss":0,"event_name":"Winding Halls","floor":37,"gold_loss":0,"cards_obtained":["Writhe"]},{"damage_healed":0,"gold_gain":0,"player_choice":"2 cards matched","damage_taken":0,"max_hp_gain":0,"max_hp_loss":0,"event_name":"Match and Keep!","floor":46,"gold_loss":0,"cards_obtained":["Sword Boomerang","Decay"]}],"is_beta":false,"boss_relics":[{"not_picked":["Fusion Hammer","Black Star"],"picked":"Astrolabe"},{"not_picked":["Black Blood","Coffee Dripper"],"picked":"Runic Dome"}],"items_purged_floors":[21],"is_endless":false,"potions_floor_spawned":[4,5,6,11,14,18,31,33,35,39,40,45,47,48],"killed_by":"Awakened One","ascension_level":20}}