{"host":"kewnzcvkjkc63ziu","time":1613607319,"event":{"mods":["AchievementEnabler","BaseMod","Bestiary","Minty Spire (QoL Compilation)","Permanent Neow","Relic Filter","StSLib"],"gold_per_floor":[118,138,138,149,149,149,182,198,198,198,198,225,245,275,275,374,374,394,407,427,445,470,496,508,508,508,364,364,364,399,415,415,515,515,527,284,284,301,301,326,326,341,341,370,370,382,382,382,382,382],"floor_reached":51,"language":"ENG","playtime":1072,"items_purged":["Vigilance","Strike_P+1"],"score":977,"play_id":"25b00e6b-4ec2-44f3-8f89-2253020dd56c","local_time":"20210218011519","is_ascension_mode":true,"campfire_choices":[{"data":"Eruption","floor":6,"key":"SMITH"},{"floor":10,"key":"REST"},{"data":"CarveReality","floor":15,"key":"SMITH"},{"data":"Strike_P","floor":25,"key":"SMITH"},{"data":"Strike_P","floor":28,"key":"SMITH"},{"floor":32,"key":"REST"},{"data":"FollowUp","floor":41,"key":"SMITH"},{"data":"DeusExMachina","floor":45,"key":"SMITH"},{"floor":49,"key":"REST"}],"circlet_count":0,"master_deck":["Strike_P+1","Strike_P+1","Eruption+1","CarveReality+1","Tantrum+1","Adaptation+1","DeusExMachina+1","FollowUp+1","FollowUp+1"],"relics":["PureWater","NeowsBlessing","Pear","Prayer Wheel","FaceOfCleric","Damaru","Ancient Tea Set","Sozu","Pen Nib","Frozen Egg 2","Whetstone","MealTicket","Philosopher\u0027s Stone","Nunchaku","Bronze Scales","Pantograph","FossilizedHelix"],"acts_visited":["Exordium","TheCity","TheBeyond"],"potions_floor_usage":[14],"damage_taken":[{"damage":0,"enemies":"Jaw Worm","floor":1,"turns":1},{"damage":0,"enemies":"Cultist","floor":2,"turns":1},{"damage":0,"enemies":"Small Slimes","floor":4,"turns":1},{"damage":60,"enemies":"Lagavulin","floor":7,"turns":6},{"damage":18,"enemies":"2 Fungi Beasts","floor":8,"turns":2},{"damage":28,"enemies":"Gremlin Nob","floor":12,"turns":3},{"damage":6,"enemies":"Red Slaver","floor":13,"turns":2},{"damage":26,"enemies":"Lagavulin","floor":14,"turns":3},{"damage":41,"enemies":"Hexaghost","floor":16,"turns":7},{"damage":0,"enemies":"2 Thieves","floor":18,"turns":1},{"damage":0,"enemies":"Spheric Guardian","floor":19,"turns":2},{"damage":48,"enemies":"Snake Plant","floor":20,"turns":3},{"damage":24,"enemies":"Chosen and Byrds","floor":21,"turns":2},{"damage":45,"enemies":"Book of Stabbing","floor":23,"turns":3},{"damage":0,"enemies":"Snecko","floor":24,"turns":1},{"damage":14,"enemies":"Slavers","floor":30,"turns":2},{"damage":0,"enemies":"Sentry and Sphere","floor":31,"turns":2},{"damage":28,"enemies":"Automaton","floor":33,"turns":3},{"damage":40,"enemies":"3 Shapes","floor":35,"turns":2},{"damage":0,"enemies":"Orb Walker","floor":38,"turns":1},{"damage":40,"enemies":"Reptomancer","floor":40,"turns":2},{"damage":0,"enemies":"3 Darklings","floor":42,"turns":1},{"damage":28,"enemies":"Giant Head","floor":44,"turns":4},{"damage":0,"enemies":"Maw","floor":46,"turns":2},{"damage":0,"enemies":"Writhing Mass","floor":47,"turns":1},{"damage":0,"enemies":"Nemesis","floor":48,"turns":1},{"damage":192,"enemies":"Awakened One","floor":50,"turns":6}],"seed_played":"511119468401083258","potions_obtained":[{"floor":2,"key":"SneckoOil"},{"floor":12,"key":"DistilledChaos"},{"floor":13,"key":"SkillPotion"},{"floor":14,"key":"EntropicBrew"}],"is_trial":false,"path_per_floor":["M","M","?","M","?","R","E","M","T","R","?","E","M","E","R","B",null,"M","M","M","M","T","E","M","R","T","$","R","?","E","M","R","B",null,"M","$","?","M","?","E","R","M","T","E","R","M","M","E","R","B",null],"character_chosen":"WATCHER","items_purchased":["Adaptation+1","Nunchaku"],"campfire_rested":3,"item_purchase_floors":[27,36],"current_hp_per_floor":[72,72,72,72,77,77,27,9,9,35,35,8,3,64,64,24,91,92,93,94,71,71,96,97,97,97,97,97,97,84,85,99,72,100,61,76,76,77,77,38,38,39,39,72,72,73,74,75,103,20],"gold":382,"neow_bonus":"THREE_ENEMY_KILL","is_daily":false,"chose_seed":false,"campfire_upgraded":6,"win_rate":0.0,"timestamp":1613607319,"path_taken":["M","M","?","?","?","R","E","M","T","R","?","E","M","E","R","BOSS","M","M","M","M","?","E","M","R","T","$","R","?","E","M","R","BOSS","M","$","?","M","?","E","R","?","T","E","R","M","M","E","R","BOSS"],"items_purchased_type":["Card","Relic"],"build_version":"2020-12-22","purchased_purges":2,"victory":true,"max_hp_per_floor":[72,72,72,72,77,77,87,87,87,87,87,88,89,90,90,91,91,92,93,94,95,95,96,97,97,97,97,97,97,98,99,99,100,100,101,101,96,97,97,98,98,99,99,100,100,101,102,103,103,104],"card_choices":[{"not_picked":["JustLucky","ThirdEye","FlyingSleeves"],"picked":"SKIP","floor":1},{"not_picked":["Wallop","SandsOfTime","EmptyBody"],"picked":"SKIP","floor":2},{"not_picked":["Crescendo","EmptyFist","JustLucky"],"picked":"SKIP","floor":4},{"not_picked":["EmptyMind","Consecrate","Pray"],"picked":"SKIP","floor":7},{"not_picked":["BowlingBash","FollowUp","EmptyFist"],"picked":"SKIP","floor":8},{"not_picked":["Nirvana","ClearTheMind"],"picked":"CarveReality","floor":12},{"not_picked":["WindmillStrike","SandsOfTime","DevaForm"],"picked":"SKIP","floor":13},{"not_picked":["CutThroughFate","Perseverance","BowlingBash"],"picked":"SKIP","floor":13},{"not_picked":["EmptyFist","Protect","CrushJoints"],"picked":"SKIP","floor":14},{"not_picked":["WheelKick+1","SashWhip"],"picked":"Tantrum+1","floor":18},{"not_picked":["Pray+1","BattleHymn","EmptyBody"],"picked":"SKIP","floor":18},{"not_picked":["EmptyFist+1","CarveReality","Protect"],"picked":"SKIP","floor":19},{"not_picked":["EmptyBody","WaveOfTheHand","Perseverance"],"picked":"SKIP","floor":19},{"not_picked":["FlyingSleeves+1","ThirdEye","SashWhip+1"],"picked":"SKIP","floor":20},{"not_picked":["JustLucky","Protect","CutThroughFate+1"],"picked":"SKIP","floor":20},{"not_picked":["Evaluate","FlurryOfBlows","Crescendo"],"picked":"SKIP","floor":21},{"not_picked":["Weave","Ragnarok","ReachHeaven"],"picked":"SKIP","floor":21},{"not_picked":["FlurryOfBlows","Vault","CutThroughFate+1"],"picked":"SKIP","floor":23},{"not_picked":["Sanctity","ReachHeaven","Evaluate+1"],"picked":"SKIP","floor":24},{"not_picked":["Weave","Fasting2+1","PathToVictory"],"picked":"SKIP","floor":24},{"not_picked":["FollowUp","JustLucky","InnerPeace+1"],"picked":"SKIP","floor":30},{"not_picked":["CarveReality+1","FlyingSleeves","FollowUp"],"picked":"SKIP","floor":31},{"not_picked":["CarveReality","JustLucky","FollowUp"],"picked":"SKIP","floor":31},{"not_picked":["Omniscience","DevaForm+1"],"picked":"DeusExMachina","floor":33},{"not_picked":["CrushJoints+1","Crescendo+1","ThirdEye"],"picked":"SKIP","floor":35},{"not_picked":["Sanctity","TalkToTheHand","Halt+1"],"picked":"SKIP","floor":35},{"not_picked":["CutThroughFate+1","Sanctity"],"picked":"FollowUp","floor":38},{"not_picked":["Weave","Pray","Vengeance"],"picked":"SKIP","floor":38},{"not_picked":["LikeWater+1","ClearTheMind","ThirdEye+1"],"picked":"SKIP","floor":40},{"not_picked":["InnerPeace+1","Crescendo+1"],"picked":"FollowUp+1","floor":42},{"not_picked":["ThirdEye","SandsOfTime","CutThroughFate"],"picked":"SKIP","floor":42},{"not_picked":["Conclude+1","CutThroughFate+1","CrushJoints"],"picked":"SKIP","floor":44},{"not_picked":["SashWhip","Perseverance","FlurryOfBlows+1"],"picked":"SKIP","floor":46},{"not_picked":["BowlingBash+1","FearNoEvil+1","Establishment+1"],"picked":"SKIP","floor":46},{"not_picked":["CrushJoints","Protect","Crescendo+1"],"picked":"SKIP","floor":47},{"not_picked":["Protect+1","PathToVictory","BowlingBash"],"picked":"SKIP","floor":47},{"not_picked":["Halt","Tantrum+1","WheelKick+1"],"picked":"SKIP","floor":48}],"player_experience":133240,"relics_obtained":[{"floor":7,"key":"Pear"},{"floor":9,"key":"Prayer Wheel"},{"floor":12,"key":"Damaru"},{"floor":14,"key":"Ancient Tea Set"},{"floor":22,"key":"Pen Nib"},{"floor":23,"key":"Frozen Egg 2"},{"floor":26,"key":"Whetstone"},{"floor":30,"key":"MealTicket"},{"floor":40,"key":"Bronze Scales"},{"floor":43,"key":"Pantograph"},{"floor":44,"key":"FossilizedHelix"}],"event_choices":[{"cards_removed":["Defend_P"],"damage_healed":0,"gold_gain":0,"player_choice":"Offered Basic","damage_taken":0,"max_hp_gain":0,"max_hp_loss":0,"event_name":"Bonfire Elementals","floor":3,"gold_loss":0},{"damage_healed":0,"gold_gain":0,"player_choice":"Donut","damage_taken":0,"max_hp_gain":5,"max_hp_loss":0,"event_name":"Big Fish","floor":5,"gold_loss":0},{"damage_healed":0,"gold_gain":0,"player_choice":"Trade","damage_taken":0,"relics_obtained":["FaceOfCleric"],"max_hp_gain":0,"max_hp_loss":0,"event_name":"FaceTrader","floor":11,"gold_loss":0},{"damage_healed":32,"gold_gain":0,"player_choice":"Heal","damage_taken":0,"max_hp_gain":0,"max_hp_loss":0,"event_name":"The Library","floor":29,"gold_loss":0},{"damage_healed":0,"gold_gain":0,"player_choice":"Max HP","damage_taken":0,"max_hp_gain":0,"max_hp_loss":5,"event_name":"Winding Halls","floor":37,"gold_loss":0},{"cards_removed":["Strike_P"],"damage_healed":0,"gold_gain":0,"player_choice":"Purged","damage_taken":0,"max_hp_gain":0,"max_hp_loss":0,"event_name":"Purifier","floor":39,"gold_loss":0}],"is_beta":false,"boss_relics":[{"not_picked":["Calling Bell","Coffee Dripper"],"picked":"Sozu"},{"not_picked":["Cursed Key","SacredBark"],"picked":"Philosopher\u0027s Stone"}],"items_purged_floors":[27,36],"is_endless":false,"potions_floor_spawned":[2,12,13,14,16,18,20,23,30,31,44,46,48],"ascension_level":2}}