{"host":"cfv8orgc8997ql4r","time":1613678796,"event":{"mods":["AchievementEnabler","BaseMod","DeckTracker","Keyboard Shortcuts","Minty Spire (QoL Compilation)"],"gold_per_floor":[117,192,192,210,55,83,83,94,94,146,146,156,169,69,69,69],"floor_reached":15,"language":"KOR","playtime":442,"items_purged":["Defend_P","Defend_P"],"score":120,"play_id":"7768138b-8591-438e-9270-776428c41f05","local_time":"20210219050636","is_ascension_mode":false,"campfire_choices":[{"data":"1","floor":7,"key":"LIFT"}],"circlet_count":0,"master_deck":["Strike_P","Strike_P","Strike_P","Defend_P","Defend_P","Eruption","Vigilance","CrushJoints","BowlingBash","MentalFortress","Tantrum","MentalFortress","Scrawl"],"relics":["PureWater","NeowsBlessing","Girya","Gremlin Horn","Dead Branch","Centennial Puzzle"],"acts_visited":["Exordium"],"potions_floor_usage":[8,13,15],"damage_taken":[{"damage":0,"enemies":"2 Louse","floor":1,"turns":1},{"damage":0,"enemies":"Small Slimes","floor":4,"turns":1},{"damage":0,"enemies":"Lagavulin","floor":6,"turns":1},{"damage":3,"enemies":"Jaw Worm","floor":8,"turns":2},{"damage":9,"enemies":"3 Louse","floor":12,"turns":2},{"damage":0,"enemies":"Red Slaver","floor":13,"turns":3},{"damage":0,"enemies":"3 Sentries","floor":15,"turns":1}],"seed_played":"7166855356281446916","potions_obtained":[{"floor":6,"key":"BlessingOfTheForge"},{"floor":8,"key":"Fruit Juice"},{"floor":12,"key":"Regen Potion"}],"is_trial":false,"path_per_floor":["M","?","?","M","$","E","R","M","T","T","?","M","M","$","E"],"character_chosen":"WATCHER","items_purchased":["MentalFortress"],"campfire_rested":0,"item_purchase_floors":[5],"current_hp_per_floor":[72,61,58,58,58,58,58,60,60,60,53,44,49,49,49,49],"gold":69,"neow_bonus":"THREE_ENEMY_KILL","is_daily":false,"chose_seed":false,"campfire_upgraded":0,"win_rate":0.0,"timestamp":1613678796,"path_taken":["M","?","?","M","$","E","R","M","T","T","?","M","?","$","E"],"items_purchased_type":["Card"],"build_version":"2020-12-22","purchased_purges":2,"victory":false,"max_hp_per_floor":[72,72,72,72,72,72,72,77,77,77,77,77,77,77,77,77],"card_choices":[{"not_picked":["FollowUp","CarveReality"],"picked":"CrushJoints","floor":1},{"not_picked":["CutThroughFate","Pray"],"picked":"BowlingBash","floor":4},{"not_picked":["WheelKick","Swivel"],"picked":"Tantrum","floor":6},{"not_picked":["FlyingSleeves","ForeignInfluence"],"picked":"MentalFortress","floor":8},{"not_picked":["SandsOfTime","Consecrate"],"picked":"Scrawl","floor":12},{"not_picked":["Protect","Study","CrushJoints"],"picked":"SKIP","floor":13}],"player_experience":197681,"relics_obtained":[{"floor":6,"key":"Gremlin Horn"},{"floor":9,"key":"Dead Branch"},{"floor":10,"key":"Centennial Puzzle"}],"event_choices":[{"damage_healed":0,"gold_gain":75,"player_choice":"Gather Gold","damage_taken":11,"max_hp_gain":0,"max_hp_loss":0,"event_name":"World of Goop","floor":2,"gold_loss":0},{"damage_healed":0,"gold_gain":0,"player_choice":"Success","damage_taken":3,"relics_obtained":["Girya"],"max_hp_gain":0,"max_hp_loss":0,"event_name":"Scrap Ooze","floor":3,"gold_loss":0},{"cards_removed":["Strike_P"],"damage_healed":0,"gold_gain":0,"player_choice":"Card Removal","damage_taken":7,"max_hp_gain":0,"max_hp_loss":0,"event_name":"Golden Wing","floor":11,"gold_loss":0}],"is_beta":false,"boss_relics":[],"items_purged_floors":[5,14],"is_endless":false,"potions_floor_spawned":[6,8,12],"killed_by":"3 Sentries","ascension_level":0}}