{"host":"xr2w6q7a088fu8w2","time":1613647090,"event":{"mods":["AchievementEnabler","BaseMod","Colored Powertips","Good Game Mod","Mimic Mod","Minty Spire (QoL Compilation)","MostiFishMod","Reliquary","StSLib","UnlockEverythingMod"],"gold_per_floor":[111,127,127,139,64,64,64,74,127,33,33,58,71,36,36,113,113,129,129,140,90,110,139,159,159,159,159,-1348,-1330,-1301,-1290,-1290,-1216,-1216,-1205,-1152,-1139,-1139,-1122,-1094,-1094,-1094,-1061,-1048,-1018,-1018,-1018,-998,-998,-998,-998],"floor_reached":50,"language":"ZHS","playtime":1553,"items_purged":["Defend_G","Defend_G","Strike_G"],"score":1234,"play_id":"ccd273e3-bc59-4fbb-84a8-20b343f632b6","local_time":"20210218191810","is_ascension_mode":true,"campfire_choices":[{"floor":6,"key":"RECALL"},{"data":"Bandage Up","floor":11,"key":"SMITH"},{"data":"Neutralize","floor":15,"key":"SMITH"},{"floor":25,"key":"REST"},{"data":"Blade Dance","floor":32,"key":"SMITH"},{"data":"Strike_G+1","floor":42,"key":"PURGE"},{"floor":47,"key":"DIG"},{"floor":49,"key":"DIG"}],"circlet_count":0,"master_deck":["AscendersBane","Strike_G+1","Strike_G+1","Strike_G+1","Defend_G+1","Defend_G+1","Defend_G+1","Survivor+1","Neutralize+1","Swift Strike+1","Flying Knee+1","Slice+1","Dagger Spray+1","Bandage Up+1","Masterful Stab+1","Blade Dance+1","Sucker Punch+1","Poisoned Stab+1","Skewer+1","Die Die Die+1","Backstab+1","Bane+1"],"relics":["Ring of the Snake","REME:ComplimentaryCards","DaveBox","DSteel32","SynthV:TestCard","NlothsMask","Smiling Mask","FeatherPendant","Torii","MutagenicStrength","SynthV:MejaisSoulstealer","reliquary:Knoch","xbg","Peace Pipe","Pen Nib","Nunchaku","Shovel","Turnip","Bag of Preparation","Pen Nib","Ginger"],"acts_visited":["Exordium","TheCity","TheBeyond"],"potions_floor_usage":[8,12,16,33,35],"damage_taken":[{"damage":1,"enemies":"Small Slimes","floor":1,"turns":3},{"damage":0,"enemies":"Cultist","floor":2,"turns":3},{"damage":0,"enemies":"Jaw Worm","floor":4,"turns":4},{"damage":0,"enemies":"2 Fungi Beasts","floor":8,"turns":1},{"damage":22,"enemies":"Lagavulin","floor":12,"turns":7},{"damage":0,"enemies":"3 Louse","floor":13,"turns":2},{"damage":64,"enemies":"Hexaghost","floor":16,"turns":11},{"damage":0,"enemies":"Shell Parasite","floor":18,"turns":2},{"damage":0,"enemies":"3 Byrds","floor":20,"turns":4},{"damage":0,"enemies":"Sentry and Sphere","floor":22,"turns":1},{"damage":20,"enemies":"Slavers","floor":23,"turns":2},{"damage":0,"enemies":"Cultist and Chosen","floor":24,"turns":2},{"damage":0,"enemies":"Snake Plant","floor":29,"turns":2},{"damage":0,"enemies":"Book of Stabbing","floor":30,"turns":1},{"damage":0,"enemies":"3 Cultists","floor":31,"turns":2},{"damage":16,"enemies":"Champ","floor":33,"turns":4},{"damage":0,"enemies":"3 Darklings","floor":35,"turns":2},{"damage":0,"enemies":"2 Orb Walkers","floor":36,"turns":1},{"damage":0,"enemies":"Orb Walker","floor":37,"turns":1},{"damage":0,"enemies":"Sphere and 2 Shapes","floor":39,"turns":2},{"damage":9,"enemies":"Giant Head","floor":40,"turns":2},{"damage":4,"enemies":"Maw","floor":43,"turns":4},{"damage":22,"enemies":"Maw","floor":44,"turns":3},{"damage":0,"enemies":"Nemesis","floor":45,"turns":3},{"damage":0,"enemies":"4 Shapes","floor":48,"turns":1},{"damage":78,"enemies":"Time Eater","floor":50,"turns":4}],"seed_played":"381173837869936260","potions_obtained":[{"floor":1,"key":"Block Potion"},{"floor":4,"key":"CunningPotion"},{"floor":8,"key":"FearPotion"},{"floor":23,"key":"LiquidBronze"},{"floor":31,"key":"Strength Potion"},{"floor":33,"key":"PowerPotion"},{"floor":36,"key":"Energy Potion"},{"floor":48,"key":"SpeedPotion"}],"is_trial":false,"path_per_floor":["M","M","?","M","$","R","$","M","T","$","R","E","M","?","R","B",null,"M","?","M","$","M","E","M","R","T","?","$","M","E","M","R","B",null,"M","?","M","T","M","E","$","R","MIM","M","E","?","R","M","R","B"],"character_chosen":"THE_SILENT","items_purchased":["Bandage Up","Energy Potion","SynthV:MejaisSoulstealer"],"campfire_rested":1,"item_purchase_floors":[10,28,28],"current_hp_per_floor":[64,64,64,64,64,64,64,64,64,64,64,48,54,72,72,14,58,58,58,70,70,70,50,50,71,71,71,71,72,72,72,72,68,71,71,71,71,71,71,62,62,62,58,48,60,60,60,60,60,0,0],"gold":-998,"neow_bonus":"TEN_PERCENT_HP_BONUS","is_daily":false,"chose_seed":false,"campfire_upgraded":3,"win_rate":0.0,"timestamp":1613647090,"path_taken":["M","M","?","M","$","R","?","?","T","$","R","E","M","?","R","BOSS","M","?","M","$","M","E","M","R","T","?","$","M","E","M","R","BOSS","M","?","M","?","M","E","$","R","MIM","M","E","?","R","M","R","BOSS"],"items_purchased_type":["Card","Potion","Relic"],"build_version":"2020-12-22","purchased_purges":3,"victory":false,"max_hp_per_floor":[72,72,72,72,72,72,72,72,72,72,72,72,72,72,72,72,72,72,72,72,72,72,72,72,72,72,72,72,72,72,72,72,72,72,72,72,72,72,72,72,72,72,72,72,72,72,72,72,72,72,72],"card_choices":[{"not_picked":["Backflip","Dagger Throw"],"picked":"Flying Knee","floor":1},{"not_picked":["PiercingWail","MostiFishMod:PerfectParry","Heel Hook","Prepared"],"picked":"Slice","floor":2},{"not_picked":["Caltrops","Backflip","Sucker Punch","Dagger Throw"],"picked":"Dagger Spray","floor":4},{"not_picked":["MostiFishMod:ThornCasing","Dagger Throw","Blur","MostiFishMod:PerfectParry","All Out Attack"],"picked":"SKIP","floor":8},{"not_picked":["Riddle With Holes","Tactician","Eviscerate","Prepared"],"picked":"Masterful Stab","floor":12},{"not_picked":["Acrobatics","Prepared","Terror","MostiFishMod:PerfectParry"],"picked":"Blade Dance","floor":13},{"not_picked":["Accuracy","Tactician","Bane","All Out Attack"],"picked":"Sucker Punch","floor":18},{"not_picked":["MostiFishMod:FrostNova","Infinite Blades","Dagger Spray","Sucker Punch","Quick Slash"],"picked":"SKIP","floor":20},{"not_picked":["Acrobatics","Dagger Spray","Underhanded Strike","Finisher"],"picked":"Skewer","floor":22},{"not_picked":["Prepared","Poisoned Stab","Riddle With Holes","MostiFishMod:LethalBlade","Catalyst"],"picked":"SKIP","floor":23},{"not_picked":["Caltrops","MostiFishMod:ThornCasing","Infinite Blades","MostiFishMod:PerfectParry","Cloak And Dagger"],"picked":"SKIP","floor":24},{"not_picked":["Dagger Spray","Setup","Blade Dance","Outmaneuver","Dagger Throw"],"picked":"SKIP","floor":29},{"not_picked":["Prepared","Tactician","Quick Slash","A Thousand Cuts","Riddle With Holes"],"picked":"SKIP","floor":30},{"not_picked":["Deflect","Noxious Fumes","Acrobatics","MostiFishMod:PerfectParry","MostiFishMod:PreservedThorns+1"],"picked":"SKIP","floor":31},{"not_picked":["Wraith Form v2","MostiFishMod:SpreadingSpore","Bullet Time","MostiFishMod:ShivMaster"],"picked":"Die Die Die","floor":33},{"not_picked":["Sucker Punch","Cloak And Dagger","Prepared","Blade Dance+1","Deadly Poison"],"picked":"SKIP","floor":35},{"not_picked":["Concentrate","Deflect","Acrobatics","Blade Dance"],"picked":"Backstab","floor":36},{"not_picked":["Dodge and Roll+1","MostiFishMod:PerfectParry","Blade Dance","Footwork","MostiFishMod:HiddenBlade"],"picked":"SKIP","floor":37},{"not_picked":["Bane+1","Blade Dance","Flying Knee","MostiFishMod:PreservedThorns","Deflect"],"picked":"SKIP","floor":39},{"not_picked":["MostiFishMod:PerfectParry","Deflect","After Image","Setup","Calculated Gamble"],"picked":"SKIP","floor":40},{"not_picked":["Well Laid Plans","Deadly Poison","MostiFishMod:WinterMarkForm","Deflect","Backflip"],"picked":"SKIP","floor":44},{"not_picked":["MostiFishMod:ThornCasing","Dodge and Roll+1","Prepared","Flying Knee","After Image"],"picked":"SKIP","floor":45},{"not_picked":["Backflip","Blade Dance","Deflect","Underhanded Strike"],"picked":"Bane+1","floor":48}],"player_experience":108993,"relics_obtained":[{"floor":1,"key":"SynthV:TestCard"},{"floor":12,"key":"Smiling Mask"},{"floor":23,"key":"Torii"},{"floor":30,"key":"reliquary:Knoch"},{"floor":36,"key":"Peace Pipe"},{"floor":38,"key":"Pen Nib"},{"floor":40,"key":"Nunchaku"},{"floor":43,"key":"Shovel"},{"floor":45,"key":"Turnip"},{"floor":47,"key":"reliquary:SculptingSteel"},{"floor":49,"key":"Ginger"}],"event_choices":[{"damage_healed":0,"gold_gain":0,"player_choice":"Trade","damage_taken":0,"relics_obtained":["NlothsMask"],"max_hp_gain":0,"max_hp_loss":0,"event_name":"FaceTrader","floor":3,"gold_loss":0},{"damage_healed":18,"gold_gain":0,"player_choice":"Healed","damage_taken":0,"max_hp_gain":0,"max_hp_loss":0,"event_name":"The Cleric","floor":14,"gold_loss":35},{"damage_healed":0,"gold_gain":0,"player_choice":"Read","damage_taken":0,"max_hp_gain":0,"max_hp_loss":0,"event_name":"The Library","floor":19,"gold_loss":0,"cards_obtained":["Poisoned Stab"]},{"damage_healed":0,"gold_gain":0,"player_choice":"Inject Mutagens","damage_taken":0,"relics_obtained":["MutagenicStrength"],"max_hp_gain":0,"max_hp_loss":0,"event_name":"Drug Dealer","floor":27,"gold_loss":0},{"damage_healed":0,"gold_gain":0,"player_choice":"Fight","damage_taken":0,"max_hp_gain":0,"max_hp_loss":0,"event_name":"Mysterious Sphere","floor":36,"gold_loss":0},{"damage_healed":0,"gold_gain":0,"player_choice":"Gave Potion","damage_taken":0,"relics_obtained":["Bag of Preparation"],"max_hp_gain":0,"max_hp_loss":0,"event_name":"WeMeetAgain","floor":46,"gold_loss":0}],"is_beta":false,"boss_relics":[{"not_picked":["MoonlightInvasionPlan","Ectoplasm"],"picked":"FeatherPendant"},{"not_picked":["HoveringKite","Busted Crown"],"picked":"xbg"}],"items_purged_floors":[5,21,28],"is_endless":false,"potions_floor_spawned":[1,4,8,23,30,31,33,36,37,39,45,48],"killed_by":"Time Eater","ascension_level":20}}