{"host":"tzwikg9s6mkzv6w0","time":1613637642,"event":{"mods":["BaseMod","Good Game Mod","Minty Spire (QoL Compilation)","Spicy Shops","StSLib"],"gold_per_floor":[112,112,126,51,326,354,368,368,391,424,444,103,178,204,204,283,283,297,297,312,328,328,328,102,130,178,210,47,47,47,57,57,132,132,150,21,41,55,72,72,106,106,106,106,106,120,130,157,157,157,157,157,44,71,71],"floor_reached":56,"language":"ZHS","playtime":1988,"items_purged":["Strike_G","Regret","Strike_G","Strike_G","Strike_G","Defend_G","Defend_G"],"score":2440,"play_id":"6ca371d9-b099-4899-9480-64644986df56","local_time":"20210218164042","is_ascension_mode":true,"campfire_choices":[{"data":"Terror","floor":8.0,"key":"SMITH"},{"floor":15.0,"key":"RECALL"},{"data":"Calculated Gamble","floor":23.0,"key":"SMITH"},{"data":"Tools of the Trade","floor":32.0,"key":"SMITH"},{"floor":40.0,"key":"REST"},{"floor":42.0,"key":"REST"},{"floor":49,"key":"REST"},{"floor":52,"key":"REST"}],"circlet_count":0,"master_deck":["AscendersBane","Defend_G+1","Survivor","Neutralize","Apotheosis+1","Eviscerate","Terror+1","Reflex","Acrobatics","Phantasmal Killer","Calculated Gamble+1","Tactician+1","Footwork","Tools of the Trade+1","Wraith Form v2","Escape Plan","Prepared","Acrobatics+1"],"relics":["Ring of the Snake","REME:ComplimentaryCards","NeowsBlessing","MealTicket","Potion Belt","Blood Vial","Membership Card","Bronze Scales","Lantern","Mercury Hourglass","SacredBark","Sundial","Pear","Bag of Preparation","War Paint","Fusion Hammer","Oddly Smooth Stone","Pen Nib","Paper Crane"],"acts_visited":["Exordium","TheCity","TheBeyond","TheEnding"],"potions_floor_usage":[55,55,55,55],"damage_taken":[{"damage":0.0,"enemies":"Jaw Worm","floor":1.0,"turns":1.0},{"damage":0.0,"enemies":"Cultist","floor":3.0,"turns":1.0},{"damage":0.0,"enemies":"Gremlin Nob","floor":6.0,"turns":1.0},{"damage":2.0,"enemies":"Small Slimes","floor":7.0,"turns":3.0},{"damage":14.0,"enemies":"Lagavulin","floor":10.0,"turns":7.0},{"damage":6.0,"enemies":"Blue Slaver","floor":11.0,"turns":3.0},{"damage":5.0,"enemies":"3 Sentries","floor":14.0,"turns":7.0},{"damage":21.0,"enemies":"Slime Boss","floor":16.0,"turns":8.0},{"damage":0.0,"enemies":"Chosen","floor":18.0,"turns":5.0},{"damage":0.0,"enemies":"Spheric Guardian","floor":20.0,"turns":2.0},{"damage":4.0,"enemies":"Centurion and Healer","floor":21.0,"turns":5.0},{"damage":25.0,"enemies":"Slavers","floor":25.0,"turns":7.0},{"damage":0.0,"enemies":"Book of Stabbing","floor":27.0,"turns":2.0},{"damage":0.0,"enemies":"Snecko","floor":31.0,"turns":2.0},{"damage":16.0,"enemies":"Collector","floor":33.0,"turns":3.0},{"damage":0.0,"enemies":"3 Shapes","floor":35.0,"turns":3.0},{"damage":0.0,"enemies":"3 Darklings","floor":37.0,"turns":2.0},{"damage":1.0,"enemies":"Transient","floor":38.0,"turns":6.0},{"damage":3.0,"enemies":"4 Shapes","floor":39.0,"turns":2.0},{"damage":10.0,"enemies":"Nemesis","floor":41.0,"turns":5.0},{"damage":0,"enemies":"Jaw Worm Horde","floor":46,"turns":2},{"damage":0,"enemies":"Sphere and 2 Shapes","floor":47,"turns":2},{"damage":0,"enemies":"Giant Head","floor":48,"turns":1},{"damage":0,"enemies":"Awakened One","floor":50,"turns":2},{"damage":0,"enemies":"Shield and Spear","floor":54,"turns":1},{"damage":27,"enemies":"The Heart","floor":55,"turns":4}],"seed_played":"7196055508161154351","potions_obtained":[{"floor":3.0,"key":"AttackPotion"},{"floor":6.0,"key":"Fire Potion"},{"floor":16.0,"key":"Explosive Potion"},{"floor":18.0,"key":"SteroidPotion"},{"floor":21.0,"key":"Energy Potion"},{"floor":27.0,"key":"Explosive Potion"},{"floor":38.0,"key":"SpeedPotion"},{"floor":41.0,"key":"Ancient Potion"},{"floor":47,"key":"Ancient Potion"},{"floor":54,"key":"Dexterity Potion"}],"is_trial":false,"path_per_floor":["M","?","M","$","?","E","M","R","T","E","M","$","?","E","R","B",null,"M","?","M","M","?","R","$","E","T","E","$","?","?","M","R","B",null,"M","$","M","M","M","R","E","R","T","?","?","M","M","E","R","B",null,"R","$","E","B",null],"character_chosen":"THE_SILENT","items_purchased":["Membership Card","Bronze Scales","Lantern","Sundial","Tactician","Prepared"],"campfire_rested":4,"item_purchase_floors":[12,12,12,24,24,36],"current_hp_per_floor":[59,59,59,59,59,59,57,57,57,43,39,54,43,40,40,21,55,57,57,59,57,57,57,66,51,51,53,68,68,68,70,70,56,71,73,76,76,75,73,76,66,76,76,76,72,74,76,76,76,76,76,76,76,76,49],"gold":71,"neow_bonus":"THREE_ENEMY_KILL","is_daily":false,"chose_seed":false,"campfire_upgraded":3,"win_rate":0.0,"timestamp":1613637642,"path_taken":["M","?","?","$","?","E","M","R","T","E","?","$","?","E","R","BOSS","M","?","?","M","?","R","$","E","T","E","$","?","?","?","R","BOSS","M","$","M","M","M","R","E","R","T","?","?","?","M","E","R","BOSS","R","$","E","BOSS"],"items_purchased_type":["Relic","Relic","Relic","Relic","Card","Card"],"build_version":"2020-12-22","purchased_purges":7,"victory":true,"max_hp_per_floor":[66,66,66,66,66,66,66,66,66,66,66,66,66,66,66,66,66,66,66,66,66,66,66,66,76,76,76,76,76,76,76,76,76,76,76,76,76,76,76,76,76,76,76,76,76,76,76,76,76,76,76,76,76,76,76],"card_choices":[{"not_picked":["Backflip","Slice","Flying Knee"],"picked":"SKIP","floor":1.0},{"not_picked":["Footwork","Poisoned Stab"],"picked":"Eviscerate","floor":3.0},{"not_picked":["Cloak And Dagger","Predator"],"picked":"Terror","floor":6.0},{"not_picked":["Deadly Poison","Masterful Stab"],"picked":"Reflex","floor":7.0},{"not_picked":["Masterful Stab","Dash","Endless Agony"],"picked":"SKIP","floor":10.0},{"not_picked":["Leg Sweep","Accuracy"],"picked":"Acrobatics","floor":11.0},{"not_picked":["Backflip","Caltrops","Flying Knee"],"picked":"SKIP","floor":14.0},{"not_picked":["A Thousand Cuts","Envenom"],"picked":"Phantasmal Killer","floor":16.0},{"not_picked":["Flying Knee","Dagger Spray+1","Cloak And Dagger"],"picked":"SKIP","floor":18.0},{"not_picked":["Backflip","Slice","PiercingWail"],"picked":"SKIP","floor":20.0},{"not_picked":["Quick Slash","Glass Knife","Bane+1"],"picked":"SKIP","floor":21.0},{"not_picked":["Flying Knee+1","Bane","Poisoned Stab"],"picked":"SKIP","floor":25.0},{"not_picked":["Well Laid Plans","Noxious Fumes"],"picked":"Footwork","floor":27.0},{"not_picked":["Reflex","Expertise"],"picked":"Escape Plan","floor":31.0},{"not_picked":["Deadly Poison","Sucker Punch+1","Cloak And Dagger"],"picked":"SKIP","floor":35.0},{"not_picked":["Bane","Dodge and Roll","Slice+1"],"picked":"SKIP","floor":37.0},{"not_picked":["Setup","Cloak And Dagger","Prepared"],"picked":"SKIP","floor":38.0},{"not_picked":["Caltrops","Outmaneuver","Leg Sweep+1"],"picked":"SKIP","floor":39.0},{"not_picked":["Unload","Sucker Punch","Tactician+1"],"picked":"SKIP","floor":41.0},{"not_picked":["Dagger Throw","Cloak And Dagger","Distraction+1"],"picked":"SKIP","floor":46},{"not_picked":["PiercingWail","Blade Dance","Outmaneuver+1"],"picked":"SKIP","floor":47},{"not_picked":["Backstab","Prepared"],"picked":"Acrobatics+1","floor":48},{"not_picked":["Setup+1","Backstab","Dagger Throw"],"picked":"SKIP","floor":54}],"player_experience":137556,"relics_obtained":[{"floor":6.0,"key":"MealTicket"},{"floor":9.0,"key":"Potion Belt"},{"floor":10.0,"key":"Blood Vial"},{"floor":14.0,"key":"Mercury Hourglass"},{"floor":25.0,"key":"Pear"},{"floor":26.0,"key":"Bag of Preparation"},{"floor":27.0,"key":"War Paint"},{"floor":41.0,"key":"Oddly Smooth Stone"},{"floor":48,"key":"Pen Nib"},{"floor":54,"key":"Paper Crane"}],"event_choices":[{"damage_healed":0.0,"max_hp_gain":0.0,"max_hp_loss":0.0,"gold_gain":0.0,"event_name":"Accursed Blacksmith","player_choice":"Forge","floor":2.0,"gold_loss":0.0,"damage_taken":0.0,"cards_upgraded":["Apotheosis"]},{"damage_healed":0.0,"max_hp_gain":0.0,"max_hp_loss":0.0,"gold_gain":275.0,"event_name":"Golden Shrine","player_choice":"Desecrate","floor":5.0,"gold_loss":0.0,"damage_taken":0.0,"cards_obtained":["Regret"]},{"damage_healed":0.0,"max_hp_gain":0.0,"max_hp_loss":0.0,"gold_gain":75.0,"event_name":"World of Goop","player_choice":"Gather Gold","floor":13.0,"gold_loss":0.0,"damage_taken":11.0},{"cards_removed":["Strike_G"],"damage_healed":0.0,"max_hp_gain":0.0,"max_hp_loss":0.0,"gold_gain":0.0,"event_name":"Bonfire Elementals","player_choice":"Offered Basic","floor":19.0,"gold_loss":0.0,"damage_taken":0.0},{"damage_healed":0.0,"max_hp_gain":0.0,"max_hp_loss":0.0,"gold_gain":0.0,"event_name":"The Library","player_choice":"Read","floor":22.0,"gold_loss":0.0,"damage_taken":0.0,"cards_obtained":["Calculated Gamble"]},{"damage_healed":0.0,"max_hp_gain":0.0,"max_hp_loss":0.0,"gold_gain":0.0,"cards_transformed":["Defend_G","Defend_G"],"event_name":"Drug Dealer","player_choice":"Became Test Subject","floor":29.0,"gold_loss":0.0,"damage_taken":0.0,"cards_obtained":["Tools of the Trade","Wraith Form v2"]},{"damage_healed":0.0,"max_hp_gain":0.0,"max_hp_loss":0.0,"gold_gain":0.0,"event_name":"The Mausoleum","player_choice":"Ignored","floor":30.0,"gold_loss":0.0,"damage_taken":0.0},{"damage_healed":0.0,"max_hp_gain":0.0,"max_hp_loss":0.0,"gold_gain":0.0,"event_name":"Tomb of Lord Red Mask","player_choice":"Ignored","floor":44.0,"gold_loss":0.0,"damage_taken":0.0},{"damage_healed":0,"gold_gain":0,"player_choice":"Bought 0 Potions","damage_taken":0,"max_hp_gain":0,"max_hp_loss":0,"event_name":"The Woman in Blue","floor":45,"gold_loss":0}],"is_beta":false,"boss_relics":[{"not_picked":["Tiny House","Velvet Choker"],"picked":"SacredBark"},{"not_picked":["SlaversCollar","Snecko Eye"],"picked":"Fusion Hammer"}],"items_purged_floors":[4,12,24,28,28,36,53],"is_endless":false,"potions_floor_spawned":[3,6,7,16,18,21,27,38,41,47,54],"ascension_level":18}}