{"host":"8t5dkgm85abdp22d","time":1613617328,"event":{"mods":["ATMod(阿瑾Mod)","Act Like it!","BaseMod","Colored Powertips","Conspire","Gensokyo","GungeonMod","Hallownest","Minty Spire (QoL Compilation)","MostiFishMod","Remilia（蕾米莉亚）","RumiaBox-露米娅的神秘盒子","Ryuuou龙王","StSLib","The Bug Knight","UnlockEverythingMod","Waifu the Spire","Yakumo Yukari mod"],"gold_per_floor":[133,133,143,143,28,53,53,67,93,93,154,211,211,266,266,421,421,516,516,516,560,628,736,792,850,850,850,920,1010,1152,1238,1327,1327,1352,1477,1477],"floor_reached":35,"language":"ZHS","playtime":1033,"items_purged":[],"score":724,"play_id":"4ccd54ba-c9eb-41a5-b03a-037d774430f6","local_time":"20210218110208","is_ascension_mode":true,"campfire_choices":[{"data":"AdvanceAttack_purple","floor":7.0,"key":"SMITH"},{"data":"RuptureOfTimeAndSpace_purple","floor":10.0,"key":"SMITH"},{"data":"DimensionStaggered_purple","floor":13.0,"key":"SMITH"},{"data":"GluttonyofRealm_purpleEX","floor":15.0,"key":"SMITH"},{"data":"EighthInstrument_OneDividesIntoTwo_purple","floor":27,"key":"SMITH"},{"floor":33,"key":"REST"}],"circlet_count":0,"master_deck":["AT_purpleEX","AT_purpleEX","AT_purpleEX","AT_purpleEX","Defend_purpleEX","Defend_purpleEX","Defend_purpleEX","Defend_purpleEX","Observe_purple_1","Observe_purple_2","AdvanceAttack_purple+1","RuptureOfTimeAndSpace_purple+1","DimensionStaggered_purple+1","GluttonyofRealm_purpleEX+1","D_absorption_purple","Charmbait_purple+1","Sloth_TH","StateErode_purple+1","Mirror_TwoAndThreeElementRealm_purple","EighthInstrument_OneDividesIntoTwo_purple+1","Umbrella_purple+1"],"relics":["Boundary_crack","Memoryfragments_purpleEX","AT_ATBox","DaveBox","NeowsBlessing","SynthV:TestCard","ExusiaiGun","DemoMod:BigBoy","Pen Nib","AT_MibuBalloonWealth","PreservedInsect","Antimatter_spacedebris","HereWithMe","Akabeko","Tiny Chest","Ccalipers"],"acts_visited":["Exordium","TheCity","TheCity"],"potions_floor_usage":[35],"damage_taken":[{"damage":0.0,"enemies":"2 Louse","floor":1.0,"turns":1.0},{"damage":0.0,"enemies":"Small Slimes","floor":3.0,"turns":2.0},{"damage":10.0,"enemies":"Gremlin Nob","floor":6.0,"turns":1.0},{"damage":0.0,"enemies":"Jaw Worm","floor":8.0,"turns":1.0},{"damage":0.0,"enemies":"Exordium Wildlife","floor":11.0,"turns":1.0},{"damage":7.0,"enemies":"Lagavulin","floor":12.0,"turns":1.0},{"damage":5.0,"enemies":"Gremlin Nob","floor":14.0,"turns":1.0},{"damage":0.0,"enemies":"Slime Boss","floor":16.0,"turns":3.0},{"damage":0.0,"enemies":"3 Byrds","floor":18.0,"turns":2.0},{"damage":0.0,"enemies":"Spheric Guardian","floor":21.0,"turns":1.0},{"damage":2.0,"enemies":"Centurion and Healer","floor":22.0,"turns":3.0},{"damage":0.0,"enemies":"Slavers","floor":23.0,"turns":1.0},{"damage":36.0,"enemies":"conspire:MimicChest","floor":24.0,"turns":3.0},{"damage":0.0,"enemies":"Gremlin Leader","floor":25.0,"turns":1.0},{"damage":10,"enemies":"DemoMod:Veteran_shot_gun_kin_and_bullet_kin","floor":28,"turns":1},{"damage":14,"enemies":"DemoMod:2_Veteran_bullet_kins_and_red_shotgun_kin","floor":29,"turns":2},{"damage":5,"enemies":"DemoMod:2_Mousers","floor":30,"turns":3},{"damage":7,"enemies":"DemoMod:Red_and_blue_shotgun_kin_with_gunsinger","floor":31,"turns":1},{"damage":43,"enemies":"DemoMod:Veteran_shot_gun_kin_and_blue_shotgun_kin_with_gunsinger","floor":32,"turns":3},{"damage":99,"enemies":"DemoMod:ResourcefulRat","floor":35,"turns":11}],"seed_played":"-3904895544008994586","potions_obtained":[{"floor":1.0,"key":"Energy Potion"},{"floor":6.0,"key":"Ancient Potion"},{"floor":8.0,"key":"Block Potion"},{"floor":30,"key":"DuplicationPotion"}],"is_trial":false,"path_per_floor":["M","?","M","?","$","E","R","M","T","R","M","E","R","E","R","B",null,"M","?","?","M","M","E","?","E","T","R","M","M","M","M","M","R","B","B"],"character_chosen":"Youkari","items_purchased":["DemoMod:GnawedKey"],"campfire_rested":1,"item_purchase_floors":[5],"current_hp_per_floor":[70,45,46,32,32,22,22,22,22,22,22,15,15,10,10,19,60,65,65,65,65,67,71,42,42,78,78,72,77,83,80,41,74,78,0,0],"gold":1477,"neow_bonus":"THREE_ENEMY_KILL","is_daily":false,"chose_seed":false,"campfire_upgraded":5,"win_rate":0.0,"timestamp":1613617328,"path_taken":["M","?","M","?","?","E","R","M","T","R","?","E","R","E","R","BOSS","M","?","?","M","M","E","?","E","T","R","M","M","M","M","M","R","BOSS","BOSS"],"items_purchased_type":["Relic"],"build_version":"2020-12-22","purchased_purges":0,"victory":false,"max_hp_per_floor":[70,70,70,70,70,70,70,70,70,70,70,70,70,70,70,74,74,78,78,78,78,82,86,90,90,90,90,94,98,102,106,110,110,114,114,114],"card_choices":[{"not_picked":["Nest_LightFlightworm_purple","MonsterNeedle_purple","WeekHit_purple"],"picked":"SKIP","floor":1.0},{"not_picked":["Shallow_ocean_purpleEX","Boundary_DynamicStaticEquilibrium_purple","Line_surface_state_purple","WorldDissolvedintheRealm_purple","ExistenceContinue_purple"],"picked":"SKIP","floor":3.0},{"not_picked":["Charmbait_purple","MeetDecomposer_purple","DimensionStaggered_purple","OmniscientAndOmnipotent_Monster_purple"],"picked":"AdvanceAttack_purple","floor":6.0},{"not_picked":["AdvanceAttack_purple","StateErode_purple","MeetDecomposer_purple","Theboundaryofcreation_purpleEX"],"picked":"RuptureOfTimeAndSpace_purple","floor":8.0},{"not_picked":["Photoelasticity_Doppler_Effect_purple","MeetDecomposer_purple","RuleDissolution_purple","MetroBOOM_purple"],"picked":"DimensionStaggered_purple","floor":11.0},{"not_picked":["Photoelasticity_Doppler_Effect_purple","Line_surface_state_purple","RuptureOfTimeAndSpace_purple","Realm_recovery_purpleEX","OmniscientAndOmnipotent_Monster_purple"],"picked":"SKIP","floor":12.0},{"not_picked":["SharpContractionReality_purple","StateDuplicate_purple","Shallow_ocean_purpleEX","StateErode_purple"],"picked":"GluttonyofRealm_purpleEX","floor":14.0},{"not_picked":["Know_ledgeAbilityRealm_purple","WasteWire_Metro_purple","Monsters_DoubleDeathButterfly_purple","BarrageBoundary_PipeDream_purple"],"picked":"D_absorption_purple","floor":16.0},{"not_picked":["Shallow_ocean_purpleEX+1","Realm_recovery_purpleEX+1","OmniscientAndOmnipotent_Monster_purple+1","MeetDecomposer_purple"],"picked":"Charmbait_purple+1","floor":18.0},{"not_picked":["Mirror_FormAndEmptin_purple+1","Shallow_ocean_purpleEX","OmniscientAndOmnipotent_Monster_purple","AdvanceAttack_purple+1"],"picked":"StateErode_purple+1","floor":21.0},{"not_picked":["StateErode_purple","Boundary_ObjectiveBoundary_purple+1","WangLiang_LineAndCurveDreams_purple","Shallow_ocean_purpleEX","RuleDissolution_purple"],"picked":"SKIP","floor":22.0},{"not_picked":["RuptureOfTimeAndSpace_purple","Boundary_DynamicStaticEquilibrium_purple","RealityDreamConfluencek_purple","ExistenceContinue_purple"],"picked":"Mirror_TwoAndThreeElementRealm_purple","floor":23.0},{"not_picked":["DarkRealmRedLine_purple","SharpContractionReality_purple+1","ExistenceContinue_purple","StateDuplicate_purple+1"],"picked":"EighthInstrument_OneDividesIntoTwo_purple","floor":24.0},{"not_picked":["Price_of_realm_purpleEX","EighthInstrument_OneDividesIntoTwo_purple","OpenedBox_purple","Charmbait_purple+1"],"picked":"Umbrella_purple+1","floor":25.0},{"not_picked":["AdvanceAttack_purple","Charmbait_purple+1","Shallow_ocean_purpleEX","RealityDreamConfluencek_purple+1","BarrageBoundary_PipeDream_purple"],"picked":"SKIP","floor":28},{"not_picked":["Photoelasticity_Doppler_Effect_purple","Realm_recovery_purpleEX","Charmbait_purple","Fantasy_PerpetualMotionMachine_purple","Extrememeaning_purpleEX+1"],"picked":"SKIP","floor":29},{"not_picked":["PositiveMatter_Antimatter_Universe_purple","ExistenceContinue_purple+1","Know_ledgeAbilityRealm_purple","Realm_recovery_purpleEX","Mirror_FormAndEmptin_purple+1"],"picked":"SKIP","floor":30},{"not_picked":["StateErode_purple+1","Boundary_LightAndDark_purple","Umbrella_purple","PositiveMatter_Antimatter_Universe_purple","Bait_Toxicbait_purple"],"picked":"SKIP","floor":31},{"not_picked":["RuptureOfTimeAndSpace_purple","SfantasyHide_purple+1","StateErode_purple","OmniscientAndOmnipotent_Monster_purple","WorldDissolvedintheRealm_purple"],"picked":"SKIP","floor":32}],"player_experience":92954,"relics_obtained":[{"floor":1.0,"key":"SynthV:TestCard"},{"floor":6.0,"key":"Pen Nib"},{"floor":9.0,"key":"AT_MibuBalloonWealth"},{"floor":12.0,"key":"PreservedInsect"},{"floor":14.0,"key":"Antimatter_spacedebris"},{"floor":23.0,"key":"Akabeko"},{"floor":24.0,"key":"Tiny Chest"},{"floor":25.0,"key":"Ccalipers"}],"event_choices":[{"damage_healed":0.0,"max_hp_gain":0.0,"max_hp_loss":0.0,"gold_gain":0.0,"event_name":"Scrap Ooze","player_choice":"Success","floor":2.0,"gold_loss":0.0,"damage_taken":25.0,"relics_obtained":["DemoMod:BigBoy"]},{"damage_healed":0.0,"max_hp_gain":0.0,"max_hp_loss":0.0,"gold_gain":0.0,"event_name":"conspire:Investor","player_choice":"Leave","floor":19.0,"gold_loss":0.0,"damage_taken":0.0}],"is_beta":false,"boss_relics":[{"not_picked":["SoulBox","SlaversCollar"],"picked":"HereWithMe"}],"items_purged_floors":[],"is_endless":false,"potions_floor_spawned":[1,6,8,14,16,18,21,22,30,32],"killed_by":"DemoMod:ResourcefulRat","ascension_level":5}}