{"host":"jb40sdn36ct36hhv","time":1613631480,"event":{"mods":["Act Like it!","BaseMod","Better Third Choice","Minty Spire (QoL Compilation)","StSLib","TheSwordswoman"],"gold_per_floor":[214,225,241,253,353,387,387,419,419,432,91,101,101,120,120,215,215,231,506,175,191,207,238,238,269,296,296,14,29,29,47,47,149,149,166,166,177,177,188,188,217,235,285,285,285,311,326,338,338,338,338,338,50,84,84],"floor_reached":56,"language":"ENG","playtime":5782,"items_purged":["blazmod:Strike","Regret","blazmod:Strike"],"score":1561,"play_id":"896ec64f-7cf5-4441-b333-71334b424ccd","local_time":"20210217225800","is_ascension_mode":false,"campfire_choices":[{"floor":7.0,"key":"REST"},{"floor":13.0,"key":"REST"},{"data":"blazmod:MirrorImage","floor":15.0,"key":"SMITH"},{"data":"blazmod:DanceOfTheGods","floor":24.0,"key":"SMITH"},{"data":"blazmod:FleetOfFoot","floor":27,"key":"SMITH"},{"data":"blazmod:SecondSight","floor":30,"key":"SMITH"},{"floor":32,"key":"RECALL"},{"data":"blazmod:SeismicSlash","floor":40,"key":"SMITH"},{"data":"blazmod:ButterflyEffect","floor":44,"key":"SMITH"},{"data":"blazmod:Trasient","floor":49,"key":"SMITH"},{"data":"blazmod:Trasient","floor":52,"key":"SMITH"}],"circlet_count":0,"master_deck":["blazmod:Strike","blazmod:Strike","blazmod:Defend","blazmod:Defend","blazmod:Defend","blazmod:ButterflyEffect+1","blazmod:Kyokasuigetsu","blazmod:Trasient+1","blazmod:MirrorImage+1","blazmod:TenThousand","blazmod:Trasient+1","blazmod:MyEverything","blazmod:FleetOfFoot+1","blazmod:OneWithNature","blazmod:DanceOfTheGods+1","blazmod:KatanaStrike+1","blazmod:TravelJournal+1","blazmod:MindAtPeace","blazmod:SecondSight+1","blazmod:SeismicSlash+1","blazmod:ClearTheMind+1","blazmod:DanceOfTheGods+1","blazmod:ClearTheMind+1","blazmod:FlashRock+1","blazmod:TandenKatsu+1"],"relics":["blazmod:Venustas","Bag of Marbles","Mummified Hand","Mercury Hourglass","Bronze Scales","SacredBark","Medical Kit","Potion Belt","Art of War","OrangePellets","Coffee Dripper","StoneCalendar","PreservedInsect","Strawberry","blazmod:EightLifeKatana","Bag of Preparation"],"acts_visited":["Exordium","TheCity","TheBeyond","TheEnding"],"potions_floor_usage":[25,35,55,55,55,55],"damage_taken":[{"damage":0.0,"enemies":"Small Slimes","floor":1.0,"turns":3.0},{"damage":0.0,"enemies":"Cultist","floor":2.0,"turns":4.0},{"damage":6.0,"enemies":"Jaw Worm","floor":3.0,"turns":3.0},{"damage":13.0,"enemies":"Exordium Thugs","floor":4.0,"turns":4.0},{"damage":16.0,"enemies":"3 Sentries","floor":6.0,"turns":6.0},{"damage":15.0,"enemies":"Gremlin Nob","floor":8.0,"turns":5.0},{"damage":0.0,"enemies":"3 Louse","floor":10.0,"turns":1.0},{"damage":0.0,"enemies":"Blue Slaver","floor":12.0,"turns":2.0},{"damage":0.0,"enemies":"Lots of Slimes","floor":14.0,"turns":2.0},{"damage":0.0,"enemies":"Slime Boss","floor":16.0,"turns":5.0},{"damage":3.0,"enemies":"2 Thieves","floor":18.0,"turns":3.0},{"damage":0.0,"enemies":"Spheric Guardian","floor":21.0,"turns":3.0},{"damage":6.0,"enemies":"3 Cultists","floor":22.0,"turns":4.0},{"damage":0.0,"enemies":"Gremlin Leader","floor":23.0,"turns":4.0},{"damage":4,"enemies":"Slavers","floor":25,"turns":3},{"damage":0,"enemies":"Chosen and Byrds","floor":29,"turns":3},{"damage":0,"enemies":"Shelled Parasite and Fungi","floor":31,"turns":4},{"damage":7,"enemies":"Champ","floor":33,"turns":8},{"damage":0,"enemies":"3 Darklings","floor":35,"turns":4},{"damage":4,"enemies":"3 Shapes","floor":37,"turns":4},{"damage":0,"enemies":"3 Darklings","floor":39,"turns":3},{"damage":9,"enemies":"Reptomancer","floor":41,"turns":5},{"damage":0,"enemies":"Sphere and 2 Shapes","floor":42,"turns":5},{"damage":0,"enemies":"Giant Head","floor":46,"turns":4},{"damage":0,"enemies":"Transient","floor":47,"turns":5},{"damage":0,"enemies":"Maw","floor":48,"turns":6},{"damage":0,"enemies":"Donu and Deca","floor":50,"turns":6},{"damage":0,"enemies":"Shield and Spear","floor":54,"turns":4},{"damage":0,"enemies":"The Heart","floor":55,"turns":5}],"seed_played":"7002648177169360367","potions_obtained":[{"floor":3.0,"key":"Energy Potion"},{"floor":4.0,"key":"AttackPotion"},{"floor":8.0,"key":"SpeedPotion"},{"floor":12.0,"key":"Block Potion"},{"floor":16.0,"key":"LiquidBronze"},{"floor":18.0,"key":"FearPotion"},{"floor":23.0,"key":"Explosive Potion"},{"floor":29,"key":"DuplicationPotion"},{"floor":33,"key":"ColorlessPotion"},{"floor":35,"key":"BlessingOfTheForge"},{"floor":42,"key":"Ancient Potion"},{"floor":46,"key":"Weak Potion"},{"floor":47,"key":"Block Potion"},{"floor":54,"key":"Strength Potion"}],"is_trial":false,"path_per_floor":["M","M","M","M","?","E","R","E","T","M","$","M","R","M","R","B",null,"M","?","$","M","M","E","R","E","T","R","$","M","R","M","R","B",null,"M","?","M","?","M","R","E","M","T","R","?","E","M","M","R","B",null,"R","$","E","B",null],"character_chosen":"THE_SWORDSWOMAN","items_purchased":["Bronze Scales","blazmod:MyEverything","BlessingOfTheForge","blazmod:DanceOfTheGods","Medical Kit","OrangePellets","blazmod:EightLifeKatana"],"campfire_rested":2,"item_purchase_floors":[11,11,11,20,20,28,53],"current_hp_per_floor":[40,40,34,21,21,5,17,2,2,2,2,2,14,14,14,14,40,37,37,37,37,31,31,31,27,27,27,27,27,27,27,27,20,40,40,40,36,36,36,36,27,27,27,27,27,34,34,61,61,61,72,72,72,72,72],"gold":84,"neow_bonus":"HUNDRED_GOLD","is_daily":false,"chose_seed":false,"campfire_upgraded":8,"win_rate":0.0,"timestamp":1613631480,"path_taken":["M","M","M","M","?","E","R","E","T","M","$","?","R","M","R","BOSS","M","?","$","M","?","E","R","E","T","R","$","M","R","M","R","BOSS","M","?","M","?","?","R","E","M","T","R","?","E","M","M","R","BOSS","R","$","E","BOSS"],"items_purchased_type":["Relic","Card","Potion","Card","Relic","Relic","Relic"],"build_version":"2020-12-22","purchased_purges":3,"victory":true,"max_hp_per_floor":[40,40,40,40,40,40,40,40,40,40,40,40,40,40,40,40,40,40,40,40,40,40,40,40,40,40,40,40,40,40,40,40,40,40,40,40,40,40,40,40,40,40,40,40,38,45,45,72,72,72,72,72,72,72,72],"card_choices":[{"not_picked":["blazmod:ButterFlutter","blazmod:PhoenixPlume","blazmod:Crosscut"],"picked":"SKIP","floor":1.0},{"not_picked":["blazmod:FortifiedVigor","blazmod:Valiance"],"picked":"blazmod:Trasient","floor":2.0},{"not_picked":["blazmod:FleetOfFoot","blazmod:PhysicalEndurance"],"picked":"blazmod:MirrorImage","floor":3.0},{"not_picked":["blazmod:SidewaySolace","blazmod:Crosscut"],"picked":"blazmod:TenThousand","floor":4.0},{"not_picked":["blazmod:BoulderFlash","blazmod:SidewaySolace","blazmod:SureOfHand"],"picked":"SKIP","floor":6.0},{"not_picked":["blazmod:MentalFocus","blazmod:BlindBlade"],"picked":"blazmod:Trasient","floor":8.0},{"not_picked":["blazmod:FlashRock","blazmod:StanceChange","blazmod:FortifiedVigor"],"picked":"SKIP","floor":10.0},{"not_picked":["blazmod:FleetingDawn","blazmod:StanceChange","blazmod:BeTheBlade"],"picked":"SKIP","floor":12.0},{"not_picked":["blazmod:Crosscut","blazmod:FlashRock"],"picked":"blazmod:FleetOfFoot","floor":14.0},{"not_picked":["blazmod:ForgeWays","blazmod:PerennialBeauty"],"picked":"blazmod:OneWithNature","floor":16.0},{"not_picked":["blazmod:Valiance","blazmod:KatanaStrike","blazmod:FortifiedVigor"],"picked":"SKIP","floor":18.0},{"not_picked":["blazmod:Swordstorm+1","blazmod:WildButterfly"],"picked":"blazmod:KatanaStrike+1","floor":21.0},{"not_picked":["blazmod:PhysicalEndurance+1","blazmod:SidewaySolace+1"],"picked":"blazmod:TravelJournal+1","floor":22.0},{"not_picked":["blazmod:KatanaStrike+1","blazmod:Crosscut","blazmod:Swordstorm+1"],"picked":"SKIP","floor":23.0},{"not_picked":["blazmod:MentalFocus","blazmod:Trasient+1"],"picked":"blazmod:MindAtPeace","floor":25},{"not_picked":["blazmod:StanceChange","blazmod:PhysicalEndurance"],"picked":"blazmod:SecondSight","floor":29},{"not_picked":["blazmod:KatanaStrike","blazmod:RevolvingPhoenix+1","blazmod:Crosscut+1"],"picked":"SKIP","floor":31},{"not_picked":["blazmod:ButterflyBlade","blazmod:ButterflyForm"],"picked":"blazmod:SeismicSlash","floor":33},{"not_picked":["blazmod:Crosscut","blazmod:Swordstorm"],"picked":"blazmod:ClearTheMind","floor":35},{"not_picked":["blazmod:KatanaStrike","blazmod:DevilDivine"],"picked":"blazmod:DanceOfTheGods+1","floor":37},{"not_picked":["blazmod:BoulderFlash+1","blazmod:Trasient+1"],"picked":"blazmod:ClearTheMind+1","floor":39},{"not_picked":["blazmod:BlindingFlash+1","blazmod:LoveAndHonor","blazmod:Crosscut+1"],"picked":"SKIP","floor":41},{"not_picked":["blazmod:FlyFlyAgain","blazmod:ButterFlutter+1"],"picked":"blazmod:FlashRock+1","floor":42},{"not_picked":["blazmod:MoonlightBlossoms+1","blazmod:Crosscut","blazmod:BlindingFlash+1"],"picked":"SKIP","floor":46},{"not_picked":["blazmod:Crosscut","blazmod:Valiance+1"],"picked":"blazmod:CrescentMoon","floor":47},{"not_picked":["blazmod:PureOfSoul+1","blazmod:Crosscut+1","blazmod:OpenSpirit+1"],"picked":"SKIP","floor":48},{"not_picked":["blazmod:Trasient","blazmod:FlashRock"],"picked":"blazmod:TandenKatsu+1","floor":54}],"player_experience":948545,"relics_obtained":[{"floor":6.0,"key":"Bag of Marbles"},{"floor":8.0,"key":"Mummified Hand"},{"floor":9.0,"key":"Mercury Hourglass"},{"floor":23.0,"key":"Potion Belt"},{"floor":25,"key":"Art of War"},{"floor":41,"key":"StoneCalendar"},{"floor":43,"key":"PreservedInsect"},{"floor":46,"key":"Strawberry"},{"floor":54,"key":"Bag of Preparation"}],"event_choices":[{"damage_healed":0.0,"max_hp_gain":0.0,"max_hp_loss":0.0,"gold_gain":100.0,"event_name":"Golden Shrine","player_choice":"Pray","floor":5.0,"gold_loss":0.0,"damage_taken":0.0},{"damage_healed":0.0,"max_hp_gain":0.0,"max_hp_loss":0.0,"gold_gain":275.0,"event_name":"Golden Shrine","player_choice":"Desecrate","floor":19.0,"gold_loss":0.0,"damage_taken":0.0,"cards_obtained":["Regret"]},{"cards_removed":["blazmod:Defend"],"damage_healed":0,"gold_gain":0,"player_choice":"Removed Skill","damage_taken":0,"max_hp_gain":0,"max_hp_loss":0,"event_name":"Falling","floor":36,"gold_loss":0},{"damage_healed":0,"gold_gain":0,"player_choice":"Upgraded","damage_taken":0,"max_hp_gain":0,"max_hp_loss":0,"event_name":"Upgrade Shrine","floor":38,"gold_loss":0,"cards_upgraded":["blazmod:ClearTheMind"]},{"damage_healed":0,"gold_gain":0,"player_choice":"Max HP","damage_taken":0,"max_hp_gain":0,"max_hp_loss":2,"event_name":"Winding Halls","floor":45,"gold_loss":0}],"is_beta":false,"boss_relics":[{"not_picked":["Ectoplasm","Busted Crown"],"picked":"SacredBark"},{"not_picked":["Astrolabe","Snecko Eye"],"picked":"Coffee Dripper"}],"items_purged_floors":[11,20,28],"is_endless":false,"potions_floor_spawned":[3,4,8,12,16,18,23,29,33,35,42,46,47,54],"ascension_level":0}}