{"host":"08yfhu6uhosdn245","time":1613667137,"event":{"mods":["2.2 Compatiblity","AchievementEnabler","BaseMod","Bestiary","Colored Map","Colored Powertips","Curses Come First","Highlight Path","Minty Spire (QoL Compilation)","Quick Restart","Relic Stats","StSLib"],"gold_per_floor":[115,129,148,168,178,178,178],"floor_reached":6,"language":"ENG","playtime":170,"items_purged":[],"score":65,"play_id":"74869ab2-0241-4b0d-9bf4-867496eaebbb","local_time":"20210218115217","daily_mods":["Specialized"],"is_ascension_mode":false,"campfire_choices":[],"circlet_count":0,"master_deck":["Strike_R","Strike_R","Strike_R","Strike_R","Strike_R","Defend_R","Defend_R","Defend_R","Defend_R","Bash","Fiend Fire","Fiend Fire","Fiend Fire","Fiend Fire","Fiend Fire","Clash","Rampage","Seeing Red"],"relics":["Unceasing Top"],"acts_visited":["Exordium"],"potions_floor_usage":[6],"damage_taken":[{"damage":5,"enemies":"2 Louse","floor":1,"turns":2},{"damage":11,"enemies":"Jaw Worm","floor":2,"turns":2},{"damage":0,"enemies":"Cultist","floor":3,"turns":2},{"damage":7,"enemies":"Exordium Wildlife","floor":4,"turns":2},{"damage":10,"enemies":"Looter","floor":5,"turns":2},{"damage":49,"enemies":"Lagavulin","floor":6,"turns":6}],"seed_played":"2680778115153979815","potions_obtained":[{"floor":1,"key":"ElixirPotion"},{"floor":3,"key":"LiquidBronze"},{"floor":4,"key":"DuplicationPotion"}],"is_trial":true,"path_per_floor":["M","M","M","M","M","E"],"character_chosen":"IRONCLAD","items_purchased":[],"campfire_rested":0,"item_purchase_floors":[],"current_hp_per_floor":[75,64,64,57,47,0,0],"gold":178,"neow_bonus":"","is_daily":false,"chose_seed":false,"campfire_upgraded":0,"win_rate":0.0,"timestamp":1613667137,"path_taken":["M","M","M","M","M","E"],"items_purchased_type":[],"build_version":"2020-12-22","purchased_purges":0,"victory":false,"max_hp_per_floor":[80,80,80,80,80,80,80],"relic_stats":{"counters":[6,16],"obtain_stats":[{"Unceasing Top":0},{"Unceasing Top":0},{"Unceasing Top":0}],"Unceasing Top":[17]},"card_choices":[{"not_picked":["Entrench","Dropkick"],"picked":"Clash","floor":1},{"not_picked":["Combust","Heavy Blade","Cleave"],"picked":"SKIP","floor":2},{"not_picked":["Thunderclap","Body Slam"],"picked":"Rampage","floor":3},{"not_picked":["Blood for Blood","Pummel","Disarm"],"picked":"SKIP","floor":4},{"not_picked":["Perfected Strike","Shrug It Off"],"picked":"Seeing Red","floor":5}],"player_experience":412315,"relics_obtained":[],"event_choices":[],"is_beta":false,"boss_relics":[],"items_purged_floors":[],"is_endless":false,"potions_floor_spawned":[1,3,4],"killed_by":"Lagavulin","ascension_level":0}}