{"host":"jfbo3eu2ui08ej1u","time":1613681153,"event":{"mods":["2.2 Compatiblity","AchievementEnabler","Act Like it!","Aspiration","BaseMod","Better Altar","Better Match","Better Note","Better Sensory Stone","Better Skull","Better Third Choice","Block Reminder","Colored Map","Colored Powertips","Conspire","DeckTracker","Displayed Cursed Tome","Energized Spire","Fox Events","GifTheSpireLib","Hermit","Hubris","Infinite Spire","Marked Mod","Minty Spire (QoL Compilation)","Monster B Gone","Pale of the Ancients","Poor People Problems","Quick Restart","Relic Filter","Reliquary","Reorder Act Four","Replay The Spire","Shop Mod","Spicy Shops","Spire Arcade","StSLib","Stuff the Spire","The Blue Laboratory","The Disciple","The Forsaken","The Hierophant","The Marked","Uncapped","Unceasing Turn Reminder","Wandering Minibosses"],"gold_per_floor":[118,134,153,170,180,180,206,169,169,169,169,169],"floor_reached":11,"language":"ENG","playtime":282,"items_purged":[],"score":150,"play_id":"d0156c93-184c-4485-b489-58eae86bea07","local_time":"20210218154553","is_ascension_mode":true,"campfire_choices":[{"data":"CrushJoints","floor":6.0,"key":"SMITH"},{"floor":10.0,"key":"REST"}],"circlet_count":0,"master_deck":["AscendersBane","Strike_P","Strike_P","Strike_P","Strike_P","Defend_P","Defend_P","Defend_P","Defend_P","Eruption","Vigilance","CutThroughFate","SashWhip","CrushJoints+1","Perseverance","Tantrum","Devotion"],"relics":["PureWater","StuffTheSpire:GrapeVine","Pondfish Scales"],"acts_visited":["Exordium"],"potions_floor_usage":[],"damage_taken":[{"damage":0.0,"enemies":"Cultist","floor":1.0,"turns":2.0},{"damage":0.0,"enemies":"Small Slimes","floor":2.0,"turns":2.0},{"damage":8.0,"enemies":"2 Louse","floor":3.0,"turns":3.0},{"damage":14.0,"enemies":"Exordium Wildlife","floor":4.0,"turns":3.0},{"damage":12.0,"enemies":"3 Louse","floor":5.0,"turns":3.0},{"damage":32.0,"enemies":"3 Sentries","floor":7.0,"turns":8.0},{"damage":68,"enemies":"Gremlin Nob","floor":11,"turns":3}],"seed_played":"-1020349461276682347","potions_obtained":[{"floor":1.0,"key":"blueLaboratory:NullPotion"},{"floor":2.0,"key":"Weak Potion"}],"is_trial":false,"path_per_floor":["M","M","M","M","M","R","E","?","T","R","E"],"character_chosen":"WATCHER","items_purchased":[],"campfire_rested":1,"item_purchase_floors":[],"current_hp_per_floor":[67,67,59,45,33,33,1,1,1,23,0,0],"gold":169,"neow_bonus":"TEN_PERCENT_HP_BONUS","is_daily":false,"chose_seed":false,"campfire_upgraded":1,"win_rate":0.0,"timestamp":1613681153,"path_taken":["M","?","M","M","M","R","E","?","T","R","E"],"items_purchased_type":[],"build_version":"2020-12-22","purchased_purges":0,"victory":false,"max_hp_per_floor":[74,74,74,74,74,74,74,74,74,74,74,74],"card_choices":[{"not_picked":["SashWhip","Vengeance"],"picked":"CutThroughFate","floor":1.0},{"not_picked":["Weave","MarkedMod:GentlePulse"],"picked":"SashWhip","floor":2.0},{"not_picked":["FlyingSleeves","Protect"],"picked":"CrushJoints","floor":3.0},{"not_picked":["Replay:AtTheReady","MentalFortress"],"picked":"Perseverance","floor":4.0},{"not_picked":["Replay:ManipulateFuture","PathToVictory"],"picked":"Tantrum","floor":5.0},{"not_picked":["Sanctity","MarkedMod:OneThousandNeedles"],"picked":"Devotion","floor":7.0}],"player_experience":1341945,"relics_obtained":[{"floor":7.0,"key":"StuffTheSpire:GrapeVine"},{"floor":9.0,"key":"Pondfish Scales"}],"event_choices":[{"damage_healed":0.0,"max_hp_gain":0.0,"max_hp_loss":0.0,"gold_gain":0.0,"event_name":"betterThird:BetterGoop","player_choice":"Left","floor":8.0,"gold_loss":37.0,"damage_taken":0.0}],"is_beta":false,"boss_relics":[],"items_purged_floors":[],"is_endless":false,"potions_floor_spawned":[1,2,5],"killed_by":"Gremlin Nob","ascension_level":20}}