{"host":"tq11g1xvjhf4r9h6","time":1613665490,"event":{"mods":["2.2 Compatiblity","BaseMod","Colored Powertips","Communication Mod","DeckTracker","Minty Spire (QoL Compilation)","Permanent Neow","Quick Restart","Rare Cards Sparkle","Relic Stats","StSLib","The Poker Player","Unknown Chances","everything is the same but u backflip on backflip"],"gold_per_floor":[361,379,554,292,311,311,338,288,288,298,298,309,309,323,323,425,425,445,370,370,387,286,312,322,351,351,362,165,115,127,145,145,250,250,266,266,159,172,188,188,0,0,0,29,39,58,68,82,82,82],"floor_reached":51,"language":"KOR","playtime":2140,"items_purged":["Doubt","PokerPlayerMod:Diamond1","PokerPlayerMod:Diamond5","PokerPlayerMod:BadJoker","PokerPlayerMod:CardPrinter+1"],"score":859,"play_id":"93a9409f-0866-4380-82fe-d96153ec5635","local_time":"20210219012450","is_ascension_mode":true,"metric_token":926,"campfire_choices":[{"data":"PokerPlayerMod:Club1","floor":13.0,"key":"SMITH"},{"data":"PokerPlayerMod:Diamond2","floor":15.0,"key":"SMITH"},{"data":"PokerPlayerMod:CardPrinter","floor":32.0,"key":"SMITH"},{"floor":40.0,"key":"RECALL"},{"floor":49.0,"key":"REST"}],"circlet_count":0,"master_deck":["PokerPlayerMod:Diamond4","PokerPlayerMod:Diamond4","PokerPlayerMod:Spade2","PokerPlayerMod:Spade2","PokerPlayerMod:Spade4","PokerPlayerMod:Spade4","PokerPlayerMod:Club2","PokerPlayerMod:Club2","PokerPlayerMod:Heart2","PokerPlayerMod:TrumpStrike","PokerPlayerMod:Mulligan+1","PokerPlayerMod:Diamond4","PokerPlayerMod:Harden","PokerPlayerMod:Promotion","PokerPlayerMod:Diamond4","PokerPlayerMod:Promotion+1","PokerPlayerMod:Diamond4","PokerPlayerMod:WildCard+1","PokerPlayerMod:Diamond4","Parasite","PokerPlayerMod:Spade4"],"relics":["PokerPlayerMod:DeckCase","Membership Card","Lantern","Matryoshka","Black Star","Toxic Egg 2","Molten Egg 2","Meat on the Bone","Vajra","Ancient Tea Set","Toy Ornithopter","PokerPlayerMod:BottledPoker","PokerPlayerMod:ClubPass","Red Mask","War Paint","Question Card","PokerPlayerMod:JackpotMachine","Frozen Egg 2"],"acts_visited":["Exordium","TheCity","TheBeyond"],"potions_floor_usage":[50,50,50],"damage_taken":[{"damage":2.0,"enemies":"Small Slimes","floor":1.0,"turns":3.0},{"damage":0.0,"enemies":"Cultist","floor":2.0,"turns":3.0},{"damage":4.0,"enemies":"2 Louse","floor":5.0,"turns":2.0},{"damage":18.0,"enemies":"Gremlin Nob","floor":7.0,"turns":4.0},{"damage":0.0,"enemies":"Red Slaver","floor":10.0,"turns":3.0},{"damage":0.0,"enemies":"3 Louse","floor":12.0,"turns":2.0},{"damage":0.0,"enemies":"Exordium Thugs","floor":14.0,"turns":3.0},{"damage":0.0,"enemies":"Slime Boss","floor":16.0,"turns":5.0},{"damage":16.0,"enemies":"Shell Parasite","floor":18.0,"turns":4.0},{"damage":11.0,"enemies":"3 Byrds","floor":21.0,"turns":3.0},{"damage":34.0,"enemies":"Slavers","floor":23.0,"turns":7.0},{"damage":0.0,"enemies":"Shelled Parasite and Fungi","floor":24.0,"turns":5.0},{"damage":12.0,"enemies":"Book of Stabbing","floor":25.0,"turns":6.0},{"damage":0.0,"enemies":"Centurion and Healer","floor":27.0,"turns":7.0},{"damage":0.0,"enemies":"Cultist and Chosen","floor":30.0,"turns":5.0},{"damage":11.0,"enemies":"Chosen and Byrds","floor":31.0,"turns":5.0},{"damage":30.0,"enemies":"Champ","floor":33.0,"turns":11.0},{"damage":0.0,"enemies":"Orb Walker","floor":35.0,"turns":1.0},{"damage":9.0,"enemies":"3 Darklings","floor":38.0,"turns":5.0},{"damage":29.0,"enemies":"Maw","floor":39.0,"turns":7.0},{"damage":20.0,"enemies":"Giant Head","floor":44.0,"turns":9.0},{"damage":11.0,"enemies":"Writhing Mass","floor":45.0,"turns":4.0},{"damage":7.0,"enemies":"Transient","floor":46.0,"turns":5.0},{"damage":10.0,"enemies":"Sphere and 2 Shapes","floor":47.0,"turns":4.0},{"damage":39.0,"enemies":"Spire Growth","floor":48.0,"turns":4.0},{"damage":64,"enemies":"Donu and Deca","floor":50,"turns":8}],"seed_played":"7889315315113670639","potions_obtained":[{"floor":1.0,"key":"GamblersBrew"},{"floor":10.0,"key":"FairyPotion"},{"floor":24.0,"key":"Fruit Juice"},{"floor":30.0,"key":"ColorlessPotion"},{"floor":31.0,"key":"Dexterity Potion"},{"floor":44.0,"key":"AttackPotion"},{"floor":48.0,"key":"EntropicBrew"}],"is_trial":false,"path_per_floor":["M","M","?","$","M","?","E","$","T","M","?","M","R","M","R","B",null,"M","?","?","M","$","E","M","E","T","M","$","?","M","M","R","B",null,"M","?","$","M","M","R","?","$","T","E","M","M","M","M","R","B",null],"character_chosen":"THE_POKER_PLAYER","items_purchased":["Membership Card","PokerPlayerMod:Harden","PokerPlayerMod:CardPrinter","PokerPlayerMod:ClubPass","PokerPlayerMod:Diamond4"],"campfire_rested":1,"item_purchase_floors":[4,4,22,28,37],"current_hp_per_floor":[39,42,42,42,40,30,14,14,14,17,17,22,22,28,28,28,52,36,36,36,30,30,20,36,35,35,38,38,38,43,38,38,32,57,57,54,54,54,37,37,37,37,37,30,31,28,35,18,34,28],"gold":82,"neow_bonus":"TWO_FIFTY_GOLD","is_daily":false,"chose_seed":false,"campfire_upgraded":3,"win_rate":0.0,"timestamp":1613665490,"path_taken":["M","M","?","$","M","?","E","$","T","M","?","?","R","M","R","BOSS","M","?","?","?","$","E","M","E","T","M","$","?","M","M","R","BOSS","M","?","$","M","M","R","?","?","T","E","M","?","M","M","R","BOSS"],"items_purchased_type":["Relic","Card","Card","Relic","Card"],"build_version":"2020-12-22","purchased_purges":5,"victory":true,"max_hp_per_floor":[52,52,52,52,52,52,52,52,52,52,52,52,52,52,52,52,52,52,52,52,52,52,52,52,57,57,57,57,57,57,57,57,57,57,57,54,54,54,54,54,54,54,54,54,54,54,54,54,54,54],"relic_stats":{"counters":[26,125],"Black Star":3,"War Paint":["PokerPlayerMod:Promotion","PokerPlayerMod:Mulligan"],"Question Card":5,"obtain_stats":[{"Lantern":7,"Vajra":25,"War Paint":43,"Frozen Egg 2":44,"Ancient Tea Set":25,"Question Card":43,"PokerPlayerMod:BottledPoker":26,"PokerPlayerMod:DeckCase":0,"Matryoshka":9,"Molten Egg 2":23,"PokerPlayerMod:JackpotMachine":44,"Black Star":17,"Red Mask":41,"Membership Card":4,"PokerPlayerMod:ClubPass":28,"Toxic Egg 2":20,"Toy Ornithopter":26,"Meat on the Bone":23},{"Lantern":4,"Vajra":13,"War Paint":20,"Frozen Egg 2":21,"Ancient Tea Set":13,"Question Card":20,"PokerPlayerMod:BottledPoker":13,"PokerPlayerMod:DeckCase":0,"Matryoshka":4,"Molten Egg 2":11,"PokerPlayerMod:JackpotMachine":21,"Black Star":8,"Red Mask":20,"Membership Card":2,"PokerPlayerMod:ClubPass":14,"Toxic Egg 2":9,"Toy Ornithopter":13,"Meat on the Bone":11},{"Lantern":12,"Vajra":50,"War Paint":91,"Frozen Egg 2":100,"Ancient Tea Set":50,"Question Card":91,"PokerPlayerMod:BottledPoker":50,"PokerPlayerMod:DeckCase":0,"Matryoshka":12,"Molten Egg 2":39,"PokerPlayerMod:JackpotMachine":100,"Black Star":25,"Red Mask":91,"Membership Card":6,"PokerPlayerMod:ClubPass":57,"Toxic Egg 2":29,"Toy Ornithopter":50,"Meat on the Bone":39}],"Toy Ornithopter":25,"Meat on the Bone":84},"card_choices":[{"not_picked":["PokerPlayerMod:Raise","PokerPlayerMod:CloakAndDiamond"],"picked":"PokerPlayerMod:Diamond4","floor":1.0},{"not_picked":["PokerPlayerMod:Spade3","PokerPlayerMod:DiamondStrike","PokerPlayerMod:SpadeStrike"],"picked":"SKIP","floor":2.0},{"not_picked":["PokerPlayerMod:DiamondStrike","PokerPlayerMod:CardBurn","PokerPlayerMod:JackOfSpades"],"picked":"SKIP","floor":5.0},{"not_picked":["PokerPlayerMod:Diamond4","PokerPlayerMod:DamnStraight"],"picked":"PokerPlayerMod:Promotion","floor":7.0},{"not_picked":["PokerPlayerMod:Club2","PokerPlayerMod:DartThrow","PokerPlayerMod:Diamond2"],"picked":"SKIP","floor":10.0},{"not_picked":["PokerPlayerMod:CardPrinter","PokerPlayerMod:Club1"],"picked":"PokerPlayerMod:Diamond4","floor":12.0},{"not_picked":["PokerPlayerMod:JackOfSpades","PokerPlayerMod:FlyingCard","PokerPlayerMod:SpadeStrike"],"picked":"SKIP","floor":14.0},{"not_picked":["PokerPlayerMod:FakeSymbols","PokerPlayerMod:TheDieIsCast"],"picked":"PokerPlayerMod:Promotion","floor":16.0},{"not_picked":["PokerPlayerMod:Spade1","PokerPlayerMod:Club2","PokerPlayerMod:Extraction+1"],"picked":"SKIP","floor":18.0},{"not_picked":["PokerPlayerMod:Heart8","PokerPlayerMod:FillThePot+1","PokerPlayerMod:Diamond1"],"picked":"SKIP","floor":21.0},{"not_picked":["PokerPlayerMod:FlyingCard+1","PokerPlayerMod:Club2","PokerPlayerMod:Heart7"],"picked":"SKIP","floor":23.0},{"not_picked":["PokerPlayerMod:CardBurn+1","PokerPlayerMod:DiamondStrike+1","PokerPlayerMod:ClubsClub+1"],"picked":"SKIP","floor":24.0},{"not_picked":["PokerPlayerMod:HiddenCard+1","PokerPlayerMod:Configure+1","PokerPlayerMod:CardPrinter"],"picked":"SKIP","floor":25.0},{"not_picked":["PokerPlayerMod:Diamond1","PokerPlayerMod:Heart1","PokerPlayerMod:ClubsClub+1"],"picked":"SKIP","floor":27.0},{"not_picked":["PokerPlayerMod:DartThrow+1","PokerPlayerMod:Fold+1","PokerPlayerMod:MagicTrick+1"],"picked":"SKIP","floor":30.0},{"not_picked":["PokerPlayerMod:Club1","PokerPlayerMod:DamnStraight+1"],"picked":"PokerPlayerMod:Diamond4","floor":31.0},{"not_picked":["PokerPlayerMod:Spade9","PokerPlayerMod:WasteCollection+1"],"picked":"PokerPlayerMod:WildCard+1","floor":33.0},{"not_picked":["PokerPlayerMod:Club3","PokerPlayerMod:Club1","PokerPlayerMod:Diamond2"],"picked":"SKIP","floor":35.0},{"not_picked":["PokerPlayerMod:Club3","PokerPlayerMod:Heart1","PokerPlayerMod:Spade10+"],"picked":"SKIP","floor":38.0},{"not_picked":["PokerPlayerMod:Diamond2","PokerPlayerMod:StackedDeck","PokerPlayerMod:Diamond6"],"picked":"SKIP","floor":39.0},{"not_picked":["PokerPlayerMod:Club6","PokerPlayerMod:ClubShade+1","PokerPlayerMod:Heart2","PokerPlayerMod:CloakAndDiamond+1"],"picked":"SKIP","floor":44.0},{"not_picked":["PokerPlayerMod:Diamond4","PokerPlayerMod:JackOfSpades+1","PokerPlayerMod:Heart2","PokerPlayerMod:RiskyBet+1"],"picked":"SKIP","floor":45.0},{"not_picked":["PokerPlayerMod:Manipulation+1","PokerPlayerMod:Spade4","PokerPlayerMod:ClubsClub+1","PokerPlayerMod:Trickery+1"],"picked":"SKIP","floor":46.0},{"not_picked":["PokerPlayerMod:CloakAndDiamond+1","PokerPlayerMod:SpadeStrike+1","PokerPlayerMod:Diamond5","PokerPlayerMod:Overdeal+1"],"picked":"SKIP","floor":47.0},{"not_picked":["PokerPlayerMod:Diamond6","PokerPlayerMod:Spade5","PokerPlayerMod:ClubDance+1"],"picked":"PokerPlayerMod:Spade4","floor":48.0}],"player_experience":354539,"relics_obtained":[{"floor":7.0,"key":"Lantern"},{"floor":9.0,"key":"Matryoshka"},{"floor":20.0,"key":"Toxic Egg 2"},{"floor":23.0,"key":"Molten Egg 2"},{"floor":23.0,"key":"Meat on the Bone"},{"floor":25.0,"key":"Vajra"},{"floor":25.0,"key":"Ancient Tea Set"},{"floor":26.0,"key":"Toy Ornithopter"},{"floor":26.0,"key":"PokerPlayerMod:BottledPoker"},{"floor":43.0,"key":"War Paint"},{"floor":43.0,"key":"Question Card"},{"floor":44.0,"key":"PokerPlayerMod:JackpotMachine"},{"floor":44.0,"key":"Frozen Egg 2"}],"event_choices":[{"damage_healed":0.0,"max_hp_gain":0.0,"max_hp_loss":0.0,"gold_gain":175.0,"event_name":"Liars Game","player_choice":"AGREE","floor":3.0,"gold_loss":0.0,"damage_taken":0.0,"cards_obtained":["Doubt"]},{"damage_healed":0.0,"max_hp_gain":0.0,"max_hp_loss":0.0,"gold_gain":0.0,"event_name":"Shining Light","player_choice":"Entered Light","floor":6.0,"gold_loss":0.0,"damage_taken":10.0,"cards_upgraded":["PokerPlayerMod:Spade2","PokerPlayerMod:Spade4"]},{"damage_healed":0.0,"max_hp_gain":0.0,"max_hp_loss":0.0,"gold_gain":0.0,"event_name":"Upgrade Shrine","player_choice":"Upgraded","floor":11.0,"gold_loss":0.0,"damage_taken":0.0,"cards_upgraded":["PokerPlayerMod:Diamond4"]},{"cards_removed":["PokerPlayerMod:Diamond3"],"damage_healed":0.0,"max_hp_gain":0.0,"max_hp_loss":0.0,"gold_gain":0.0,"event_name":"Beggar","player_choice":"Gave Gold","floor":19.0,"gold_loss":75.0,"damage_taken":0.0},{"damage_healed":0.0,"max_hp_gain":0.0,"max_hp_loss":0.0,"gold_gain":0.0,"event_name":"Wheel of Change","player_choice":"Relic","floor":20.0,"gold_loss":0.0,"damage_taken":0.0},{"damage_healed":0.0,"max_hp_gain":0.0,"max_hp_loss":0.0,"gold_gain":0.0,"event_name":"The Joust","player_choice":"Bet on Murderer","floor":29.0,"gold_loss":50.0,"damage_taken":0.0},{"damage_healed":0.0,"max_hp_gain":0.0,"max_hp_loss":3.0,"gold_gain":0.0,"event_name":"Winding Halls","player_choice":"Max HP","floor":36.0,"gold_loss":0.0,"damage_taken":0.0},{"damage_healed":0.0,"max_hp_gain":0.0,"max_hp_loss":0.0,"gold_gain":0.0,"event_name":"Tomb of Lord Red Mask","player_choice":"Paid","floor":41.0,"gold_loss":188.0,"damage_taken":0.0,"relics_obtained":["Red Mask"]}],"is_beta":false,"boss_relics":[{"not_picked":["Runic Dome","Tiny House"],"picked":"Black Star"},{"not_picked":["Busted Crown","Cursed Key","Coffee Dripper"]}],"items_purged_floors":[4,8,22,28,37],"is_endless":false,"potions_floor_spawned":[1,10,24,30,31,44,47,48],"ascension_level":1}}