{"host":"bx8e8mpro7fea2qq","time":1613671558,"event":{"mods":["BaseMod","Better Third Choice","Colored Map","Hermit","Marisa????????","Minty Spire (QoL Compilation)","Rare Cards Sparkle","Reliquary","StSLib","The Bug Knight","The Cursed","The Servant 0.9.4"],"gold_per_floor":[112,128,11,11,21,53,53,8,8,8,28,28,41,54,54,177,177,197,240,266,280,299,299,313,313,313,326,326,21,21,59,59,184,184,209,209,209,228,291,331,397,397,424,13,26,47,47,72,72,72,72],"floor_reached":50,"language":"ENG","playtime":3546,"items_purged":["hermit:FinalCanter"],"score":591,"play_id":"96deb29a-8cba-47e7-bff3-badf232dadcb","local_time":"20210218120558","is_ascension_mode":false,"campfire_choices":[{"floor":15,"key":"REST"},{"data":"Bludgeon","floor":23,"key":"SMITH"},{"data":"hermit:GoldenBullet","floor":25,"key":"SMITH"},{"data":"hermit:WideOpen","floor":28,"key":"SMITH"},{"floor":32,"key":"REST"},{"floor":47,"key":"REST"},{"floor":49,"key":"REST"}],"circlet_count":0,"master_deck":["hermit:Strike_Hermit","hermit:Strike_Hermit","hermit:Strike_Hermit","hermit:Strike_Hermit","hermit:Defend_Hermit","hermit:Defend_Hermit","hermit:Defend_Hermit","hermit:Defend_Hermit","hermit:Snapshot","hermit:Covet","hermit:Headshot","hermit:PistolWhip","Mind Blast","hermit:Vantage","Bludgeon+1","hermit:Enervate","hermit:Snipe","hermit:Headshot","hermit:Headshot","hermit:Horror","hermit:EyeOfTheStorm","hermit:GoldenBullet+1","hermit:WideOpen+1","hermit:Feint","hermit:BodyArmor+1","hermit:GoldenBullet","hermit:TakeAim+1","hermit:WideOpen","hermit:Desperado+1","hermit:Roughhouse","hermit:GhostlyPresence+1","Master of Strategy","Apotheosis","hermit:HighCaliber","hermit:Glare+1","hermit:TakeAim+1","hermit:GoldenBullet+1","Bludgeon+1","Discovery","hermit:ItchyTrigger+1","hermit:Horror+1","hermit:Ricochet+1"],"relics":["hermit:Momento","NeowsBlessing","Orichalcum","TungstenRod","Gremlin Horn","Pear","Golden Idol","reliquary:JackalopeAntler","Snecko Eye","Red Mask","reliquary:RoseTintedGlasses","TungstenRod","HornCleat","Peace Pipe","SlaversCollar","Spirit Poop","Ginger","reliquary:HotPoker","Gambling Chip","PreservedInsect","reliquary:Bookmark"],"acts_visited":["Exordium","TheCity","TheBeyond"],"potions_floor_usage":[33,33,41,50,50,50],"damage_taken":[{"damage":0,"enemies":"Cultist","floor":1,"turns":1},{"damage":0,"enemies":"Small Slimes","floor":2,"turns":1},{"damage":0,"enemies":"2 Louse","floor":5,"turns":1},{"damage":21,"enemies":"Lagavulin","floor":6,"turns":5},{"damage":5,"enemies":"Blue Slaver","floor":11,"turns":3},{"damage":2,"enemies":"2 Fungi Beasts","floor":13,"turns":2},{"damage":3,"enemies":"Looter","floor":14,"turns":2},{"damage":0,"enemies":"Slime Boss","floor":16,"turns":6},{"damage":3,"enemies":"2 Thieves","floor":18,"turns":2},{"damage":2,"enemies":"Masked Bandits","floor":19,"turns":3},{"damage":2,"enemies":"Shell Parasite","floor":21,"turns":2},{"damage":12,"enemies":"Shelled Parasite and Fungi","floor":22,"turns":4},{"damage":0,"enemies":"Cultist and Chosen","floor":24,"turns":3},{"damage":0,"enemies":"Snecko","floor":27,"turns":4},{"damage":3,"enemies":"Book of Stabbing","floor":31,"turns":4},{"damage":89,"enemies":"Collector","floor":33,"turns":9},{"damage":3,"enemies":"Orb Walker","floor":35,"turns":2},{"damage":0,"enemies":"3 Darklings","floor":38,"turns":4},{"damage":15,"enemies":"Mind Bloom Boss Battle","floor":39,"turns":6},{"damage":26,"enemies":"Reptomancer","floor":40,"turns":7},{"damage":2,"enemies":"2 Orb Walkers","floor":41,"turns":5},{"damage":5,"enemies":"Spire Growth","floor":45,"turns":3},{"damage":2,"enemies":"Maw","floor":46,"turns":4},{"damage":5,"enemies":"Writhing Mass","floor":48,"turns":2},{"damage":68,"enemies":"Donu and Deca","floor":50,"turns":9}],"seed_played":"-2084293322477144200","potions_obtained":[{"floor":2,"key":"FairyPotion"},{"floor":6,"key":"Regen Potion"},{"floor":11,"key":"LiquidBronze"},{"floor":16,"key":"Energy Potion"},{"floor":24,"key":"Block Potion"},{"floor":38,"key":"Explosive Potion"},{"floor":40,"key":"SteroidPotion"}],"is_trial":false,"path_per_floor":["M","M","$","?","M","E","?","$","T","?","M","T","M","M","R","B",null,"M","?","T","M","M","R","M","R","T","M","R","$","?","E","R","B",null,"M","?","?","M","?","E","?","?","T","$","M","M","R","M","R","B"],"character_chosen":"HERMIT","items_purchased":["Mind Blast","hermit:Vantage","hermit:Headshot","HornCleat","hermit:WideOpen","reliquary:Bookmark","SkillPotion","Swift Potion","Discovery"],"campfire_rested":4,"item_purchase_floors":[3,3,8,29,29,44,44,44,44],"current_hp_per_floor":[75,75,75,67,67,46,46,46,56,56,51,51,49,46,69,69,79,76,74,74,72,60,60,60,60,60,60,60,60,60,57,79,23,79,76,73,73,73,58,32,30,30,30,30,25,23,46,41,64,0,0],"gold":72,"neow_bonus":"THREE_ENEMY_KILL","is_daily":false,"chose_seed":false,"campfire_upgraded":3,"win_rate":0.0,"timestamp":1613671558,"path_taken":["M","?","$","?","M","E","?","?","T","?","M","?","?","M","R","BOSS","M","?","?","M","M","R","M","R","T","M","R","$","?","E","R","BOSS","M","?","?","?","?","E","?","?","T","$","M","M","R","M","R","BOSS"],"items_purchased_type":["Card","Card","Card","Relic","Card","Relic","Potion","Potion","Card"],"build_version":"2020-12-22","purchased_purges":1,"victory":false,"max_hp_per_floor":[75,75,75,75,75,75,75,75,85,79,79,79,79,79,79,79,79,79,79,79,79,79,79,79,79,79,79,79,79,79,79,79,79,79,79,79,79,79,79,79,79,79,79,79,79,79,79,79,79,79,79],"card_choices":[{"not_picked":["hermit:Dive","hermit:CalledShot"],"picked":"hermit:Headshot","floor":1},{"not_picked":["hermit:CalledShot","hermit:Malice"],"picked":"hermit:PistolWhip","floor":2},{"not_picked":["hermit:PistolWhip","hermit:Misfire"],"picked":"hermit:Enervate","floor":5},{"not_picked":["hermit:PistolWhip","hermit:Roulette"],"picked":"hermit:Snipe","floor":6},{"not_picked":["hermit:FullyLoaded","hermit:Snipe"],"picked":"hermit:Headshot","floor":11},{"not_picked":["hermit:TakeAim","hermit:Cheat"],"picked":"hermit:Horror","floor":13},{"not_picked":["hermit:FatalDesire","hermit:DeadMansHand"],"picked":"hermit:EyeOfTheStorm","floor":14},{"not_picked":["hermit:RoundhouseKick","hermit:DeadOrAlive"],"picked":"hermit:FinalCanter","floor":16},{"not_picked":["hermit:Snipe+1","hermit:WideOpen"],"picked":"hermit:GoldenBullet","floor":18},{"not_picked":["hermit:Feint","hermit:Headshot"],"picked":"hermit:WideOpen","floor":19},{"not_picked":["hermit:DeadMansHand","hermit:SprayPray"],"picked":"hermit:Feint","floor":21},{"not_picked":["hermit:SprayPray","hermit:Coalescence"],"picked":"hermit:BodyArmor+1","floor":22},{"not_picked":["hermit:WideOpen","hermit:Manifest+1"],"picked":"hermit:GoldenBullet","floor":24},{"not_picked":["hermit:CalledShot","hermit:HoleUp"],"picked":"hermit:TakeAim+1","floor":27},{"not_picked":["hermit:Determination+1","hermit:Quickdraw"],"picked":"hermit:Desperado+1","floor":31},{"not_picked":["hermit:Reprieve","hermit:Magnum"],"picked":"hermit:Roughhouse","floor":33},{"not_picked":["hermit:Grudge","hermit:Coalescence"],"picked":"hermit:GhostlyPresence+1","floor":35},{"not_picked":["Bandage Up","Finesse"],"picked":"Master of Strategy","floor":36},{"not_picked":["Mind Blast","Mayhem"],"picked":"Apotheosis","floor":36},{"not_picked":["hermit:CalledShot+1","hermit:LowProfile+1"],"picked":"hermit:HighCaliber","floor":38},{"not_picked":["hermit:HoleUp+1","hermit:BodyArmor"],"picked":"hermit:Glare+1","floor":39},{"not_picked":["hermit:ShadowCloak+1","hermit:Gestalt"],"picked":"hermit:TakeAim+1","floor":40},{"not_picked":["hermit:ShadowCloak","hermit:Desperado"],"picked":"hermit:GoldenBullet+1","floor":41},{"not_picked":["hermit:Ricochet+1","hermit:WideOpen+1"],"picked":"hermit:ItchyTrigger+1","floor":45},{"not_picked":["hermit:LowProfile+1","hermit:HighCaliber+1"],"picked":"hermit:Horror+1","floor":46},{"not_picked":["hermit:CursedWeapon+1","hermit:Snipe+1"],"picked":"hermit:Ricochet+1","floor":48}],"player_experience":44043,"relics_obtained":[{"floor":6,"key":"TungstenRod"},{"floor":9,"key":"Pear"},{"floor":12,"key":"reliquary:JackalopeAntler"},{"floor":19,"key":"Red Mask"},{"floor":20,"key":"reliquary:RoseTintedGlasses"},{"floor":26,"key":"reliquary:SculptingSteel"},{"floor":31,"key":"Peace Pipe"},{"floor":39,"key":"Ginger"},{"floor":40,"key":"reliquary:HotPoker"},{"floor":41,"key":"Gambling Chip"},{"floor":43,"key":"PreservedInsect"}],"event_choices":[{"damage_healed":0,"gold_gain":0,"player_choice":"Box","damage_taken":0,"relics_obtained":["Gremlin Horn"],"max_hp_gain":0,"max_hp_loss":0,"event_name":"Big Fish","floor":7,"gold_loss":0,"cards_obtained":["Regret"]},{"damage_healed":0,"gold_gain":0,"player_choice":"Lose Max HP","damage_taken":0,"relics_obtained":["Golden Idol"],"max_hp_gain":0,"max_hp_loss":6,"event_name":"Golden Idol","floor":10,"gold_loss":0},{"damage_healed":0,"gold_gain":0,"player_choice":"Fought Bandits","damage_taken":0,"max_hp_gain":0,"max_hp_loss":0,"event_name":"Masked Bandits","floor":19,"gold_loss":0},{"damage_healed":0,"gold_gain":0,"player_choice":"Ignored","damage_taken":0,"max_hp_gain":0,"max_hp_loss":0,"event_name":"Ghosts","floor":30,"gold_loss":0},{"damage_healed":0,"gold_gain":0,"player_choice":"Memory 2","damage_taken":5,"max_hp_gain":0,"max_hp_loss":0,"event_name":"SensoryStone","floor":36,"gold_loss":0},{"cards_removed":["Regret"],"damage_healed":0,"gold_gain":0,"player_choice":"Offered Curse","damage_taken":0,"relics_obtained":["Spirit Poop"],"max_hp_gain":0,"max_hp_loss":0,"event_name":"Bonfire Elementals","floor":37,"gold_loss":0},{"damage_healed":0,"gold_gain":0,"player_choice":"Fight","damage_taken":0,"max_hp_gain":0,"max_hp_loss":0,"event_name":"MindBloom","floor":39,"gold_loss":0},{"damage_healed":0,"gold_gain":0,"player_choice":"Fight","damage_taken":0,"max_hp_gain":0,"max_hp_loss":0,"event_name":"Mysterious Sphere","floor":41,"gold_loss":0},{"damage_healed":0,"gold_gain":0,"player_choice":"Copied","damage_taken":0,"max_hp_gain":0,"max_hp_loss":0,"event_name":"Duplicator","floor":42,"gold_loss":0,"cards_obtained":["Bludgeon"]}],"is_beta":false,"boss_relics":[{"not_picked":["Astrolabe","Tiny House"],"picked":"Snecko Eye"},{"not_picked":["Black Star","reliquary:RedPaperclip"],"picked":"SlaversCollar"}],"items_purged_floors":[44],"is_endless":false,"potions_floor_spawned":[2,6,11,16,19,24,27,38,40,46,48],"killed_by":"Donu and Deca","ascension_level":0}}