{"host":"q8mjpf3krl0t4p3x","time":1613636627,"event":{"mods":["BaseMod","Colored Map","Colored Powertips","Googly Eyes","Minty Spire (QoL Compilation)","Quick Restart","StSLib","everything is the same but u backflip on backflip","slay the spire mod where everything is the same but ironclad has a cowboy hat"],"gold_per_floor":[117,117,192,43,107,107,107,107,131,131,142,142,154,177,177,255,255,275,275,275,256,62,62,74,103,103,103,135,11,11,26,26,101,101,117,135,135,85,85,85,85],"floor_reached":40,"language":"ENG","playtime":2250,"items_purged":["Defend_R","Defend_R","Defend_R"],"score":714,"play_id":"8c3ef98c-5a27-42f0-9926-31f26da499bd","local_time":"20210218002347","is_ascension_mode":true,"campfire_choices":[{"data":"Rampage","floor":6.0,"key":"SMITH"},{"data":"Shrug It Off","floor":8.0,"key":"SMITH"},{"data":"Flex","floor":10.0,"key":"SMITH"},{"data":"Rage","floor":12.0,"key":"SMITH"},{"data":"Flame Barrier","floor":15.0,"key":"SMITH"},{"data":"Cleave","floor":23.0,"key":"SMITH"},{"floor":27.0,"key":"REST"},{"floor":32.0,"key":"REST"}],"circlet_count":0,"master_deck":["AscendersBane","Strike_R","Strike_R","Strike_R","Strike_R","Strike_R","Defend_R","Bash+1","Flex+1","Rampage+1","Shrug It Off+1","Armaments","Rage+1","Flame Barrier+1","Limit Break","Cleave+1","Rage+1","True Grit","Spot Weakness","Clothesline","Reaper"],"relics":["Burning Blood","Pear","Smiling Mask","Odd Mushroom","Busted Crown","Anchor","Lizard Tail","Shuriken","Tiny Chest","Bottled Flame","Philosopher\u0027s Stone"],"acts_visited":["Exordium","TheCity","TheBeyond"],"potions_floor_usage":[33,40,40],"damage_taken":[{"damage":2.0,"enemies":"Jaw Worm","floor":1.0,"turns":3.0},{"damage":11.0,"enemies":"2 Louse","floor":11.0,"turns":3.0},{"damage":2.0,"enemies":"Small Slimes","floor":13.0,"turns":3.0},{"damage":0.0,"enemies":"The Mushroom Lair","floor":14.0,"turns":4.0},{"damage":70.0,"enemies":"Hexaghost","floor":16.0,"turns":15.0},{"damage":16.0,"enemies":"3 Byrds","floor":18.0,"turns":7.0},{"damage":8.0,"enemies":"2 Thieves","floor":21.0,"turns":4.0},{"damage":12.0,"enemies":"Snecko","floor":24.0,"turns":5.0},{"damage":19.0,"enemies":"Book of Stabbing","floor":25.0,"turns":5.0},{"damage":55.0,"enemies":"Gremlin Leader","floor":28.0,"turns":6.0},{"damage":10.0,"enemies":"Sentry and Sphere","floor":31.0,"turns":5.0},{"damage":23,"enemies":"Champ","floor":33,"turns":9},{"damage":2,"enemies":"Orb Walker","floor":35,"turns":3},{"damage":17,"enemies":"3 Shapes","floor":36,"turns":6},{"damage":134,"enemies":"Giant Head","floor":40,"turns":9}],"seed_played":"191870931856264039","potions_obtained":[{"floor":1.0,"key":"LiquidMemories"},{"floor":13.0,"key":"Explosive Potion"},{"floor":14.0,"key":"SteroidPotion"},{"floor":18.0,"key":"DuplicationPotion"},{"floor":25.0,"key":"DistilledChaos"},{"floor":28.0,"key":"Fire Potion"},{"floor":31.0,"key":"SteroidPotion"},{"floor":35,"key":"Dexterity Potion"}],"is_trial":false,"path_per_floor":["M","?","?","$","?","R","T","R","T","R","M","R","M","?","R","B",null,"M","$","?","M","$","R","M","E","T","R","E","$","T","M","R","B",null,"M","M","?","$","?","E"],"character_chosen":"IRONCLAD","items_purchased":["Rampage","Shrug It Off","Armaments","Anchor","Clothesline","Explosive Potion"],"campfire_rested":2,"item_purchase_floors":[4,4,4,22,29,29],"current_hp_per_floor":[72,72,61,61,61,61,71,71,71,71,66,66,70,76,76,12,67,57,57,57,55,55,55,49,36,36,61,12,12,12,8,33,16,68,72,80,80,80,75,0,0],"gold":85,"neow_bonus":"UPGRADE_CARD","is_daily":false,"chose_seed":false,"campfire_upgraded":6,"win_rate":0.0,"timestamp":1613636627,"path_taken":["M","?","?","?","?","R","?","R","T","R","?","R","M","?","R","BOSS","M","$","?","M","$","R","?","E","T","R","E","$","?","M","R","BOSS","M","M","?","$","?","E"],"items_purchased_type":["Card","Card","Card","Relic","Card","Potion"],"build_version":"2020-12-22","purchased_purges":3,"victory":false,"max_hp_per_floor":[75,75,75,75,75,75,85,85,85,85,85,85,85,85,85,85,85,85,85,85,85,85,85,85,85,85,85,85,85,85,85,85,85,85,85,85,85,85,85,85,85],"card_choices":[{"not_picked":["Combust","Disarm"],"picked":"Flex","floor":1.0},{"not_picked":["Heavy Blade","Thunderclap"],"picked":"Rage","floor":11.0},{"not_picked":["Rampage","Warcry"],"picked":"Flame Barrier","floor":13.0},{"not_picked":["Exhume","Reaper"],"picked":"Limit Break","floor":16.0},{"not_picked":[],"picked":"Cleave","floor":18.0},{"not_picked":["Carnage"],"picked":"SKIP","floor":21.0},{"not_picked":["Intimidate"],"picked":"SKIP","floor":24.0},{"not_picked":[],"picked":"True Grit","floor":25.0},{"not_picked":[],"picked":"Spot Weakness","floor":28.0},{"not_picked":["Combust"],"picked":"SKIP","floor":31.0},{"not_picked":[],"picked":"Reaper","floor":33},{"not_picked":["Shrug It Off"],"picked":"SKIP","floor":35},{"not_picked":["Burning Pact"],"picked":"SKIP","floor":36}],"player_experience":192024,"relics_obtained":[{"floor":7.0,"key":"Pear"},{"floor":9.0,"key":"Smiling Mask"},{"floor":14.0,"key":"Odd Mushroom"},{"floor":25.0,"key":"Lizard Tail"},{"floor":26.0,"key":"Shuriken"},{"floor":28.0,"key":"Tiny Chest"},{"floor":30.0,"key":"Bottled Flame"}],"event_choices":[{"damage_healed":0.0,"max_hp_gain":0.0,"max_hp_loss":0.0,"gold_gain":0.0,"event_name":"The Cleric","player_choice":"Leave","floor":2.0,"gold_loss":0.0,"damage_taken":0.0},{"damage_healed":0.0,"max_hp_gain":0.0,"max_hp_loss":0.0,"gold_gain":75.0,"event_name":"World of Goop","player_choice":"Gather Gold","floor":3.0,"gold_loss":0.0,"damage_taken":11.0},{"damage_healed":0.0,"max_hp_gain":0.0,"max_hp_loss":0.0,"gold_gain":64.0,"event_name":"Golden Wing","player_choice":"Gained Gold","floor":5.0,"gold_loss":0.0,"damage_taken":0.0},{"damage_healed":0.0,"max_hp_gain":0.0,"max_hp_loss":0.0,"gold_gain":0.0,"event_name":"Mushrooms","player_choice":"Fought Mushrooms","floor":14.0,"gold_loss":0.0,"damage_taken":0.0},{"damage_healed":0.0,"max_hp_gain":0.0,"max_hp_loss":0.0,"gold_gain":0.0,"event_name":"Duplicator","player_choice":"Copied","floor":20.0,"gold_loss":0.0,"damage_taken":0.0,"cards_obtained":["Rage"]},{"damage_healed":0,"gold_gain":0,"player_choice":"Ignored","damage_taken":0,"max_hp_gain":0,"max_hp_loss":0,"event_name":"Tomb of Lord Red Mask","floor":37,"gold_loss":0},{"damage_healed":0,"gold_gain":0,"player_choice":"Bought 0 Potions","damage_taken":0,"max_hp_gain":0,"max_hp_loss":0,"event_name":"The Woman in Blue","floor":39,"gold_loss":0}],"is_beta":false,"boss_relics":[{"not_picked":["Empty Cage","Snecko Eye"],"picked":"Busted Crown"},{"not_picked":["Sozu","SacredBark"],"picked":"Philosopher\u0027s Stone"}],"items_purged_floors":[22,29,38],"is_endless":false,"potions_floor_spawned":[1,13,14,18,25,28,31,35,36],"killed_by":"Giant Head","ascension_level":15}}