{"host":"dmtlrev5pkc1867p","time":1613650379,"event":{"mods":["A Magickal Journey","AchievementEnabler","BaseMod","Colored Map","Colored Powertips","Downfall","Hermit","Highlight Path","Hubris","Infinite Spire","Marisa¡]Ãú«B¡@Å]²z¨F¡^","Minty Spire (QoL Compilation)","Permanent Neow","Quick Restart","Rare Cards Sparkle","Relic Sorter","Relic Stats","Replay The Spire","StSLib","SuperFastMode","The Construct","The Cursed","The Disciple","The Hierophant","The Necromancer","The Runesmith","The Servant 0.9.4"],"gold_per_floor":[117,44,57,75,75,110,110,110,110,110,124,55,80,93,93,224,224,197,213,213,312,330,330,348,368,391,412,430,194,194,194,194,314,314,327,327,54,77,1076,1076,1119,1119,1166,1166,1180,1205,1225,1246,1246,1246,1246,1246,397,431,431,431],"floor_reached":55,"language":"ZHS","playtime":2860,"items_purged":["Doubt","Injury","ReplayTheSpireMod:Doomed","Normality","Normality"],"score":924,"play_id":"9d8de960-f9de-41a2-ac9b-d8b5e0f2deb6","local_time":"20210218201259","is_ascension_mode":true,"campfire_choices":[{"floor":7.0,"key":"REST"},{"floor":10.0,"key":"REST"},{"floor":15.0,"key":"REST"},{"floor":23.0,"key":"REST"},{"floor":30.0,"key":"REST"},{"floor":32.0,"key":"RECALL"},{"floor":40.0,"key":"REST"},{"floor":44,"key":"REST"},{"floor":49,"key":"REST"},{"floor":52,"key":"REST"}],"circlet_count":0,"master_deck":["Strike_G","Strike_G","Strike_G","Strike_G","Strike_G","Defend_G","Defend_G","Defend_G","Defend_G","Defend_G","Survivor","Neutralize","Backflip","Well Laid Plans","Dagger Spray","Cloak And Dagger","hubris:Counter","Terror","Caltrops","Leg Sweep","Prepared","Bullet Time","Parasite","Venomology","PiercingWail+1","Noxious Fumes","PiercingWail","Blade Dance+1","Hidden Blade+1","Well Laid Plans+1","Infinite Blades","Blade Dance","Deflect+1","A Thousand Cuts","Quick Slash+1","Noxious Fumes","Bandage Up","Escape Plan","Slice","Secret Weapon","Bouncing Flask","Sucker Punch","Replay:Fractal Strike","Adrenaline","Parasite","Catalyst","Deadly Poison+1","Tools of the Trade","Acrobatics","Riddle With Holes","Slice+1"],"relics":["Ring of the Snake","infinitespire:Joker Card","Basket Of Snakes","Golden Idol","Meat on the Bone","Replay:Ancient Bell","Pen Nib","Shuriken","hubris:Spice","OrangePellets","Regal Pillow","Painkiller Herb","BargainBundle","hubris:Metronome","Anchor","Pet Ghost","hubris:PeanutButter"],"acts_visited":["Exordium","TheCity","TheBeyond","TheEnding"],"potions_floor_usage":[41,41,45,45,46,47,48,50,54,55],"damage_taken":[{"damage":0.0,"enemies":"Small Slimes","floor":1.0,"turns":5.0},{"damage":0.0,"enemies":"2 Louse","floor":3.0,"turns":3.0},{"damage":0.0,"enemies":"Jaw Worm","floor":4.0,"turns":4.0},{"damage":33.0,"enemies":"Gremlin Nob","floor":6.0,"turns":6.0},{"damage":0.0,"enemies":"Large Slime","floor":11.0,"turns":5.0},{"damage":10.0,"enemies":"Exordium Wildlife","floor":13.0,"turns":3.0},{"damage":3.0,"enemies":"Red Slaver","floor":14.0,"turns":4.0},{"damage":54.0,"enemies":"Hexaghost","floor":16.0,"turns":14.0},{"damage":29.0,"enemies":"2 Thieves","floor":18.0,"turns":5.0},{"damage":23.0,"enemies":"Shell Parasite","floor":19.0,"turns":5.0},{"damage":6.0,"enemies":"Chosen and Byrds","floor":22.0,"turns":6.0},{"damage":17.0,"enemies":"Snake Plant","floor":24.0,"turns":5.0},{"damage":25.0,"enemies":"Centurion and Healer","floor":25.0,"turns":7.0},{"damage":27.0,"enemies":"Shelled Parasite and Fungi","floor":27.0,"turns":4.0},{"damage":18.0,"enemies":"Snake Plant","floor":28.0,"turns":4.0},{"damage":38.0,"enemies":"hubris:MusketHawk","floor":33.0,"turns":8.0},{"damage":10.0,"enemies":"Orb Walker","floor":35.0,"turns":3.0},{"damage":26.0,"enemies":"3 Darklings","floor":38.0,"turns":5.0},{"damage":32,"enemies":"Reptomancer","floor":41,"turns":6},{"damage":6,"enemies":"Transient","floor":45,"turns":5},{"damage":3,"enemies":"Spire Growth","floor":46,"turns":3},{"damage":16,"enemies":"Writhing Mass","floor":47,"turns":6},{"damage":5,"enemies":"Maw","floor":48,"turns":5},{"damage":68,"enemies":"Time Eater","floor":50,"turns":8},{"damage":5,"enemies":"Shield and Spear","floor":54,"turns":3},{"damage":99,"enemies":"The Heart","floor":55,"turns":6}],"seed_played":"-2785177028755477752","potions_obtained":[{"floor":1.0,"key":"Flashbang"},{"floor":4.0,"key":"BlessingOfTheForge"},{"floor":13.0,"key":"EntropicBrew"},{"floor":19.0,"key":"Elixir"},{"floor":25.0,"key":"Poison Potion"},{"floor":27.0,"key":"Weak Potion"},{"floor":28.0,"key":"Doom Potion"},{"floor":41,"key":"Fire Potion"},{"floor":45,"key":"Dexterity Potion"}],"is_trial":false,"path_per_floor":["M","$","M","M","?","E","R","?","T","R","M","$","M","M","R","B",null,"M","M","AVR","?","M","R","M","M","T","M","M","$","R","?","R","B",null,"?","T","T","?","?","T","E","AVR","T","T","?","?","?","?","T","B",null,"T","T","E","B"],"character_chosen":"THE_SILENT","items_purchased":["Well Laid Plans","Caltrops","Infinite Blades","Blade Dance","Deflect+1","BargainBundle","Noxious Fumes","Bandage Up","Milkshake","Swift Potion","Escape Plan","Slice","Secret Weapon","Pet Ghost","Tools of the Trade","Acrobatics","Riddle With Holes","hubris:Spice","LiquidMemories"],"campfire_rested":9,"item_purchase_floors":[2,12,29,29,29,37,37,37,37,37,37,37,37,53,53,53,53,53,53],"current_hp_per_floor":[45,45,45,45,45,12,33,33,33,54,54,54,44,41,62,20,66,49,38,38,38,44,67,50,37,37,22,16,16,54,54,54,28,66,56,56,56,50,50,78,46,46,54,86,78,75,59,58,78,26,65,78,70,65,0,0],"gold":431,"neow_bonus":"ONE_RARE_RELIC","is_daily":false,"chose_seed":false,"campfire_upgraded":0,"win_rate":0.0,"timestamp":1613650379,"path_taken":["M","$","M","M","?","E","R","?","T","R","M","$","M","M","R","BOSS","BOSS","M","M","AVR","?","M","R","M","M","T","M","M","$","R","?","R","BOSS","BOSS","?","?","T","?","?","T","E","AVR","T","T","?","?","?","?","T","BOSS","T","T","E","BOSS"],"items_purchased_type":["Card","Card","Card","Card","Card","Relic","Card","Card","Potion","Potion","Card","Card","Card","Relic","Card","Card","Card","Relic","Potion"],"build_version":"2020-12-22","purchased_purges":5,"victory":false,"max_hp_per_floor":[70,70,70,70,70,70,70,70,70,70,70,70,70,70,70,70,78,78,78,78,78,78,78,78,78,78,78,78,78,78,78,78,78,78,78,78,78,78,78,78,78,78,86,86,78,78,78,78,78,78,78,78,70,70,70,70],"relic_stats":{"OrangePellets":[25],"Regal Pillow":27,"counters":[26,138],"Golden Idol":203,"Shuriken":[50],"Pen Nib":[23],"obtain_stats":[{"Regal Pillow":26,"BargainBundle":37,"hubris:Metronome":41,"Golden Idol":8,"Basket Of Snakes":6,"Painkiller Herb":34,"infinitespire:Joker Card":0,"Pen Nib":17,"Replay:Ancient Bell":17,"Pet Ghost":53,"OrangePellets":20,"Anchor":42,"Shuriken":17,"hubris:Spice":17,"hubris:PeanutButter":54,"Ring of the Snake":0,"Meat on the Bone":9},{"Regal Pillow":13,"BargainBundle":17,"hubris:Metronome":19,"Golden Idol":4,"Basket Of Snakes":4,"Painkiller Herb":16,"infinitespire:Joker Card":0,"Pen Nib":8,"Replay:Ancient Bell":8,"Pet Ghost":24,"OrangePellets":10,"Anchor":19,"Shuriken":8,"hubris:Spice":8,"hubris:PeanutButter":25,"Ring of the Snake":0,"Meat on the Bone":4},{"Regal Pillow":72,"BargainBundle":91,"hubris:Metronome":102,"Golden Idol":18,"Basket Of Snakes":18,"Painkiller Herb":88,"infinitespire:Joker Card":0,"Pen Nib":44,"Replay:Ancient Bell":44,"Pet Ghost":129,"OrangePellets":54,"Anchor":102,"Shuriken":44,"hubris:Spice":44,"hubris:PeanutButter":132,"Ring of the Snake":0,"Meat on the Bone":18}],"Ring of the Snake":[52],"Meat on the Bone":120},"card_choices":[{"not_picked":["hubris:SlightOfHand","Flying Knee"],"picked":"Backflip","floor":1.0},{"not_picked":["Underhanded Strike","Slice"],"picked":"Dagger Spray","floor":3.0},{"not_picked":["Backflip","Sneak Up"],"picked":"Cloak And Dagger","floor":4.0},{"not_picked":["Sucker Punch","Underhanded Strike"],"picked":"hubris:Counter","floor":6.0},{"not_picked":["PiercingWail","Prepared"],"picked":"Terror","floor":11.0},{"not_picked":["Atom Bomb","PiercingWail"],"picked":"Leg Sweep","floor":13.0},{"not_picked":["Quick Slash","Bane"],"picked":"Prepared","floor":14.0},{"not_picked":["ReplayTheSpireMod:From All Sides","ReplayTheSpireMod:Necrosis"],"picked":"Bullet Time","floor":16.0},{"not_picked":["hubris:Despair","Normality"],"picked":"Doubt","floor":17.0},{"not_picked":["hubris:Envy","Replay:Sluggish"],"picked":"Parasite","floor":17.0},{"not_picked":["infinitespire:Pacifist","hubris:Sloth"],"picked":"ReplayTheSpireMod:Doomed","floor":17.0},{"not_picked":["Accuracy","Underhanded Strike"],"picked":"Venomology","floor":18.0},{"not_picked":["Outmaneuver+1","Prepared"],"picked":"PiercingWail+1","floor":19.0},{"not_picked":["Backflip","Prepared"],"picked":"Noxious Fumes","floor":22.0},{"not_picked":["ReplayTheSpireMod:Speed Training","Bane"],"picked":"PiercingWail","floor":24.0},{"not_picked":["Setup","ReplayTheSpireMod:Tripwire+1"],"picked":"Blade Dance+1","floor":25.0},{"not_picked":["ReplayTheSpireMod:Scrap Shanks+1","hubris:Sniper"],"picked":"Hidden Blade+1","floor":27.0},{"not_picked":["Finisher","Footwork"],"picked":"Well Laid Plans+1","floor":28.0},{"not_picked":["Phantasmal Killer","Venomology"],"picked":"A Thousand Cuts","floor":33.0},{"not_picked":["Slice+1","Outmaneuver+1"],"picked":"Quick Slash+1","floor":35.0},{"not_picked":["Deflect+1","Dodge and Roll"],"picked":"Bouncing Flask","floor":38.0},{"not_picked":["Terror+1","Sneak Up"],"picked":"Sucker Punch","floor":41},{"not_picked":["hubris:SpiceAddiction","Prepared"],"picked":"hubris:SpiceAddiction","floor":45},{"not_picked":["Bane+1","hubris:SpiceAddiction"],"picked":"Adrenaline","floor":46},{"not_picked":["hubris:SpiceAddiction","Sucker Punch"],"picked":"Catalyst","floor":47},{"not_picked":["Distraction","Underhanded Strike"],"picked":"Deadly Poison+1","floor":48},{"not_picked":["hubris:SpiceAddiction","Flying Knee"],"picked":"Slice+1","floor":54}],"player_experience":720271,"relics_obtained":[{"floor":6.0,"key":"Basket Of Snakes"},{"floor":9.0,"key":"Meat on the Bone"},{"floor":26.0,"key":"Regal Pillow"},{"floor":41,"key":"hubris:Metronome"},{"floor":43,"key":"hubris:Spice"},{"floor":54,"key":"hubris:PeanutButter"}],"event_choices":[{"damage_healed":0.0,"max_hp_gain":0.0,"max_hp_loss":0.0,"gold_gain":0.0,"event_name":"Scrap Ooze","player_choice":"Fled","floor":5.0,"gold_loss":0.0,"damage_taken":0.0},{"damage_healed":0.0,"max_hp_gain":0.0,"max_hp_loss":0.0,"gold_gain":0.0,"event_name":"Golden Idol","player_choice":"Take Wound","floor":8.0,"gold_loss":0.0,"damage_taken":0.0,"relics_obtained":["Golden Idol"],"cards_obtained":["Injury"]},{"damage_healed":0.0,"max_hp_gain":0.0,"max_hp_loss":0.0,"gold_gain":99.0,"event_name":"Nest","player_choice":"Stole From Cult","floor":21.0,"gold_loss":0.0,"damage_taken":0.0},{"damage_healed":0.0,"max_hp_gain":0.0,"max_hp_loss":0.0,"gold_gain":0.0,"event_name":"The Mausoleum","player_choice":"Ignored","floor":31.0,"gold_loss":0.0,"damage_taken":0.0},{"damage_healed":0.0,"max_hp_gain":0.0,"max_hp_loss":0.0,"gold_gain":999.0,"event_name":"MindBloom","player_choice":"Gold","floor":39.0,"gold_loss":0.0,"damage_taken":0.0,"cards_obtained":["Normality","Normality"]}],"is_beta":false,"boss_relics":[{"not_picked":["hubris:VirtuousBlindfold","hubris:CrackedHourglass"],"picked":"Replay:Ancient Bell"},{"not_picked":["Potion Belt","Lantern"],"picked":"Pen Nib"},{"not_picked":["Question Card","Gremlin Horn"],"picked":"Shuriken"},{"not_picked":["Pocketwatch","Replay:Towering Pillar of Hats"],"picked":"hubris:Spice"},{"not_picked":["construct:WeddingRing","Replay:Bronze Core"],"picked":"Painkiller Herb"}],"items_purged_floors":[20,29,37,42,53],"is_endless":false,"potions_floor_spawned":[1,4,13,19,25,27,28,38,41,45],"killed_by":"The Heart","ascension_level":6}}