{"host":"sav7uxregyirlf69","time":1613613835,"event":{"mods":["AchievementEnabler","BaseMod","Colored Map","DeckTracker","Keyboard Shortcuts","Minty Spire (QoL Compilation)","READ ME - Guardian Mod","StSLib","SuperFastMode"],"gold_per_floor":[116,128,146,157,174,174,99,41,41,54,54,96,124,153,153,153,153],"floor_reached":16,"language":"KOR","playtime":255,"items_purged":[],"score":212,"play_id":"05082320-e94c-44fe-bd81-f835c3146977","local_time":"20210218110355","is_ascension_mode":true,"campfire_choices":[{"data":"Dramatic Entrance","floor":6,"key":"SMITH"},{"data":"Noxious Fumes","floor":11,"key":"SMITH"},{"data":"Neutralize","floor":15,"key":"SMITH"}],"circlet_count":0,"master_deck":["AscendersBane","Strike_G","Strike_G","Strike_G","Strike_G","Defend_G","Defend_G","Defend_G","Defend_G","Defend_G","Survivor","Neutralize+1","Dramatic Entrance+1","Sucker Punch","Blade Dance","Noxious Fumes+1","Dagger Spray","PiercingWail","Dagger Throw","Escape Plan"],"relics":["Ring of the Snake","CeramicFish","Bottled Tornado","Incense Burner"],"acts_visited":["Exordium"],"potions_floor_usage":[16,16],"damage_taken":[{"damage":1.0,"enemies":"Cultist","floor":1.0,"turns":4.0},{"damage":1.0,"enemies":"Small Slimes","floor":2.0,"turns":4.0},{"damage":9.0,"enemies":"Jaw Worm","floor":3.0,"turns":2.0},{"damage":8,"enemies":"Gremlin Gang","floor":4,"turns":3},{"damage":0,"enemies":"2 Fungi Beasts","floor":5,"turns":2},{"damage":1,"enemies":"Looter","floor":10,"turns":3},{"damage":11,"enemies":"3 Sentries","floor":12,"turns":5},{"damage":1,"enemies":"Red Slaver","floor":13,"turns":5},{"damage":0,"enemies":"3 Louse","floor":14,"turns":2},{"damage":30,"enemies":"Hexaghost","floor":16,"turns":10}],"seed_played":"77762838802913657","potions_obtained":[{"floor":2.0,"key":"Fire Potion"},{"floor":10,"key":"DistilledChaos"}],"is_trial":false,"path_per_floor":["M","M","M","M","M","R","?","?","T","M","R","E","M","M","R","B"],"character_chosen":"THE_SILENT","items_purchased":[],"campfire_rested":0,"item_purchase_floors":[],"current_hp_per_floor":[58,57,48,40,40,40,40,40,40,39,39,28,27,27,27,0,0],"gold":153,"neow_bonus":"RANDOM_COLORLESS","is_daily":false,"chose_seed":false,"campfire_upgraded":3,"win_rate":0.0,"timestamp":1613613835,"path_taken":["M","?","M","M","M","R","?","?","T","M","R","E","M","M","R","BOSS"],"items_purchased_type":[],"build_version":"2020-12-22","purchased_purges":0,"victory":false,"max_hp_per_floor":[66,66,66,66,66,66,66,66,66,66,66,66,66,66,66,66,66],"card_choices":[{"not_picked":["Deep Breath","Enlightenment"],"picked":"Dramatic Entrance","floor":0.0},{"not_picked":["Prepared","Deflect"],"picked":"Sucker Punch","floor":1.0},{"not_picked":["Sucker Punch","Backflip"],"picked":"Blade Dance","floor":2.0},{"not_picked":["Blade Dance","Leg Sweep"],"picked":"Noxious Fumes","floor":3},{"not_picked":["Blade Dance","Leg Sweep","Deadly Poison"],"picked":"SKIP","floor":4},{"not_picked":["Caltrops","Quick Slash"],"picked":"Dagger Spray","floor":5},{"not_picked":["Deflect","Infinite Blades","Outmaneuver"],"picked":"SKIP","floor":10},{"not_picked":["Eviscerate","Dash"],"picked":"PiercingWail","floor":12},{"not_picked":["Calculated Gamble","Distraction"],"picked":"Dagger Throw","floor":13},{"not_picked":["Finisher","Die Die Die"],"picked":"Escape Plan","floor":14}],"player_experience":1601350,"relics_obtained":[{"floor":9,"key":"Bottled Tornado"},{"floor":12,"key":"Incense Burner"}],"event_choices":[{"cards_removed":["Strike_G"],"damage_healed":0,"gold_gain":0,"player_choice":"Card Removal","damage_taken":0,"max_hp_gain":0,"max_hp_loss":0,"event_name":"The Cleric","floor":7,"gold_loss":75},{"damage_healed":0,"gold_gain":0,"player_choice":"Paid Gold","damage_taken":0,"relics_obtained":["CeramicFish"],"max_hp_gain":0,"max_hp_loss":0,"event_name":"WeMeetAgain","floor":8,"gold_loss":58}],"is_beta":false,"boss_relics":[],"items_purged_floors":[],"is_endless":false,"potions_floor_spawned":[2,10],"killed_by":"Hexaghost","ascension_level":20}}