{"host":"fxrgx7wt2cpkbhka","time":1613621078,"event":{"mods":["AchievementEnabler","BaseMod","Colored Powertips","Dark Map","Minty Spire (QoL Compilation)","Permanent Neow","Quick Restart","Slay-I","StSLib","Waifu the Spire"],"gold_per_floor":[109,284,284,335,350,384,144,219,242,261,261,279,279,290,290,290,290],"floor_reached":16,"language":"ENG","playtime":416,"items_purged":[],"score":155,"play_id":"7a07ad20-46da-4878-ad98-32907f46548f","local_time":"20210217200438","is_ascension_mode":true,"campfire_choices":[{"floor":11,"key":"REST"},{"data":"Escape Plan","floor":13,"key":"SMITH"},{"data":"Neutralize","floor":15,"key":"SMITH"}],"circlet_count":0,"master_deck":["AscendersBane","Strike_G","Strike_G","Strike_G","Strike_G","Strike_G","Defend_G","Defend_G","Defend_G","Defend_G","Defend_G","Survivor","Neutralize+1","Crippling Poison+1","Doubt","Escape Plan+1","Masterful Stab"],"relics":["Ring of the Snake","Snake Skull","Omamori","HornCleat"],"acts_visited":["Exordium"],"potions_floor_usage":[16],"damage_taken":[{"damage":0,"enemies":"Small Slimes","floor":1,"turns":3},{"damage":3,"enemies":"Jaw Worm","floor":5,"turns":4},{"damage":33,"enemies":"Gremlin Nob","floor":6,"turns":5},{"damage":0,"enemies":"2 Louse","floor":10,"turns":2},{"damage":2,"enemies":"Exordium Thugs","floor":12,"turns":6},{"damage":3,"enemies":"2 Fungi Beasts","floor":14,"turns":4},{"damage":36,"enemies":"Hexaghost","floor":16,"turns":12}],"seed_played":"5884859404311979228","potions_obtained":[{"floor":1,"key":"PowerPotion"},{"floor":6,"key":"Swift Potion"}],"is_trial":false,"path_per_floor":["M","?","?","T","M","E","$","?","T","M","R","M","R","M","R","B"],"character_chosen":"THE_SILENT","items_purchased":["HornCleat"],"campfire_rested":1,"item_purchase_floors":[7],"current_hp_per_floor":[59,59,59,59,56,23,23,15,15,15,40,38,38,35,35,0,0],"gold":290,"neow_bonus":"TWENTY_PERCENT_HP_BONUS","is_daily":false,"chose_seed":false,"campfire_upgraded":2,"win_rate":0.0,"timestamp":1613621078,"path_taken":["M","?","?","?","M","E","$","?","T","M","R","M","R","M","R","BOSS"],"items_purchased_type":["Relic"],"build_version":"2020-12-22","purchased_purges":0,"victory":false,"max_hp_per_floor":[84,84,84,84,84,84,84,84,84,84,84,84,84,84,84,84,84],"card_choices":[{"not_picked":["Infinite Blades","Reflex"],"picked":"Crippling Poison","floor":1},{"not_picked":["Slice","Endless Agony","Well Laid Plans"],"picked":"SKIP","floor":5},{"not_picked":["Well Laid Plans","Setup"],"picked":"Escape Plan","floor":6},{"not_picked":["Tactician","Dagger Throw","Reflex"],"picked":"SKIP","floor":10},{"not_picked":["Cloak And Dagger","Blade Dance"],"picked":"Masterful Stab","floor":12},{"not_picked":["Flechettes","Catalyst","Slice"],"picked":"SKIP","floor":14}],"player_experience":789892,"relics_obtained":[{"floor":4,"key":"Snake Skull"},{"floor":6,"key":"Omamori"}],"event_choices":[{"damage_healed":0,"gold_gain":175,"player_choice":"AGREE","damage_taken":0,"max_hp_gain":0,"max_hp_loss":0,"event_name":"Liars Game","floor":2,"gold_loss":0,"cards_obtained":["Doubt"]},{"damage_healed":0,"gold_gain":0,"player_choice":"Grow","damage_taken":0,"max_hp_gain":0,"max_hp_loss":0,"event_name":"Living Wall","floor":3,"gold_loss":0,"cards_upgraded":["Crippling Poison"]},{"damage_healed":0,"gold_gain":75,"player_choice":"Touch","damage_taken":8,"max_hp_gain":0,"max_hp_loss":0,"event_name":"FaceTrader","floor":8,"gold_loss":0}],"is_beta":false,"boss_relics":[],"items_purged_floors":[],"is_endless":false,"potions_floor_spawned":[1,6,14],"killed_by":"Hexaghost","ascension_level":11}}