{"host":"z4j51vjvl4ssilsu","time":1613675074,"event":{"mods":["AchievementEnabler","Act Like it!","Aspiration","BaseMod","Better Altar","Better Match","Better Note","Better Sensory Stone","Better Silent Start","Better Skull","Better Synergies","Better Third Choice","Better Vampires","Better-Laid Plans","BetterRewards","Block Reminder","CapriCore","Colored Powertips","Conspire","DeckTracker","Disable Question Mark Monsters","Elementarium","Emptier Cage","Energized Spire","Gensokyo","GifTheSpireLib","Gold Saver","GungeonMod","Halation","Hallownest","Hubris","Infinite Spire","Ironclad Rager","Marisa????????","Marked Mod","Mimic Mod","Minty Spire (QoL Compilation)","MostiFishMod","Permanent Neow","Quick Restart","RRrroohrrRGHHhhh!!","Reliquary","Replay The Spire","SCP261 Mod","SacredBarkPlus","Smile Girya","Spicy Shops","StS++","StSLib","Stuff the Spire","The Bug Knight","The Cursed","The Elementalist","The Marked","The Servant 0.9.4","Transform Curses","Unceasing Turn Reminder"],"gold_per_floor":[114,114,134,152,152,152,182,195,195,120,140,174,174,200,200,296,296,311,8,8,23,23,23,55,55,55,8,35,35,35,51,51,51,51],"floor_reached":33,"language":"ENG","playtime":2050,"items_purged":[],"score":397,"play_id":"df55ec6d-c1e9-4251-9c0e-6bbecd524aa2","local_time":"20210218160434","is_ascension_mode":true,"campfire_choices":[{"data":"MostiFishMod:EE1D","floor":6.0,"key":"SMITH"},{"floor":13.0,"key":"REST"},{"floor":15.0,"key":"REST"},{"floor":23.0,"key":"REST"},{"floor":25.0,"key":"REST"},{"floor":30.0,"key":"REST"},{"data":"Noxious Fumes","floor":32.0,"key":"SMITH"}],"circlet_count":0,"master_deck":["Strike_G","Strike_G","Strike_G","Strike_G","Defend_G+1","Defend_G","Defend_G","Defend_G","Survivor","Neutralize","Parasite","MostiFishMod:EE1D+1","MostiFishMod:EE1D","MostiFishMod:EE1D","Cloak And Dagger","MostiFishMod:Confrontation","StuffTheSpire:Injection","Adrenaline+1","Toxin Wave","StuffTheSpire:Incantation+1","rorgmod:Prepared","Noxious Fumes+1","rorgmod:Tools of the Trade","Bane+1","rorgmod:Accuracy","MostiFishMod:FrostNova+1","MostiFishMod:VineMother+1","Gensokyo:Shovel","Terror"],"relics":["Ring of the Serpent","DaveBox","Mummified Hand","EE1DDrone","SynthV:TestCard","hubris:BottledRain","StSpp:TwinEgg","StSpp:Monolith","reliquary:PartyBalloon","Gremlin Food","Gensokyo:RedStar","StSpp:XCola","reliquary:IridiumChain","Thread and Needle","hubris:Towel"],"acts_visited":["Gensokyo:Gensokyo","Gensokyo:Gensokyoer"],"potions_floor_usage":[],"damage_taken":[{"damage":3.0,"enemies":"Gensokyo:2_Kodama","floor":1.0,"turns":6.0},{"damage":7.0,"enemies":"Gensokyo:Python","floor":3.0,"turns":6.0},{"damage":0.0,"enemies":"Gensokyo:Gryphon","floor":4.0,"turns":8.0},{"damage":23.0,"enemies":"Gensokyo:Aya","floor":7.0,"turns":10.0},{"damage":14.0,"enemies":"Gensokyo:5_Fairies","floor":8.0,"turns":7.0},{"damage":9.0,"enemies":"Gensokyo:Gryphon_and_Rabbit","floor":11.0,"turns":6.0},{"damage":0.0,"enemies":"Gensokyo:Mamizou","floor":12.0,"turns":10.0},{"damage":23.0,"enemies":"Gensokyo:Kokoro","floor":16.0,"turns":14.0},{"damage":25.0,"enemies":"Gensokyo:Chomper","floor":18.0,"turns":5.0},{"damage":27.0,"enemies":"Gensokyo:2_Gloops","floor":21.0,"turns":6.0},{"damage":7.0,"enemies":"Gensokyo:Tenshi","floor":24.0,"turns":5.0},{"damage":5.0,"enemies":"Nightmare","floor":28.0,"turns":7.0},{"damage":2.0,"enemies":"Gensokyo:Mirror_and_Dog","floor":31.0,"turns":2.0},{"damage":35,"enemies":"Gensokyo:Eternal_Rivals","floor":33,"turns":3}],"seed_played":"-1185369739976223351","potions_obtained":[{"floor":3.0,"key":"SteroidPotion"},{"floor":4.0,"key":"SpeedPotion"},{"floor":12.0,"key":"Reflective Coating"},{"floor":24.0,"key":"SkillPotion"}],"is_trial":false,"path_per_floor":["M","?","M","M","?","R","E","M","T","?","M","E","R","T","R","B",null,"M","$","?","M","?","R","E","R","T","COS","NM","?","R","M","R","B"],"character_chosen":"THE_SILENT","items_purchased":["rorgmod:Accuracy","MostiFishMod:FrostNova","Gremlin Food"],"campfire_rested":5,"item_purchase_floors":[19,19,19],"current_hp_per_floor":[67,67,60,60,60,60,37,23,23,23,14,14,35,35,56,33,70,45,45,45,18,18,39,32,53,53,53,48,48,69,67,67,0,0],"gold":51,"neow_bonus":"ONE_RARE_RELIC","is_daily":false,"chose_seed":false,"campfire_upgraded":2,"win_rate":0.0,"timestamp":1613675074,"path_taken":["M","?","M","M","?","R","E","?","T","?","M","E","R","?","R","BOSS","M","$","?","M","?","R","E","R","T","COS","NM","?","R","M","R","BOSS"],"items_purchased_type":["Card","Card","Relic"],"build_version":"2020-12-22","purchased_purges":0,"victory":false,"max_hp_per_floor":[70,70,70,70,70,70,70,70,70,70,70,70,70,70,70,70,70,70,70,70,70,70,70,70,70,70,70,70,70,70,70,70,35,35],"card_choices":[{"not_picked":["hubris:SlightOfHand","Sucker Punch"],"picked":"Cloak And Dagger","floor":1.0},{"not_picked":["Hidden Blade","PiercingWail","Blade Dance","Quick Slash"],"picked":"MostiFishMod:Confrontation","floor":3.0},{"not_picked":["Dagger Throw","ReplayTheSpireMod:The Works","Choke","Flying Knee"],"picked":"StuffTheSpire:Injection","floor":4.0},{"not_picked":["Concentrate","Quick Slash","Dagger Spray","StuffTheSpire:MirrorStance"],"picked":"Adrenaline","floor":7.0},{"not_picked":["StuffTheSpire:Injection","Replay:Poison Smokescreen","Poisoned Stab","Cloak And Dagger"],"picked":"Toxin Wave","floor":8.0},{"not_picked":["Calculated Gamble+1","StuffTheSpire:Repulse+1","Escape Plan+1","StuffTheSpire:Fury+1"],"picked":"StuffTheSpire:Incantation+1","floor":10.0},{"not_picked":["rorgmod:Tendon Slice","StuffTheSpire:BumpUp","Dodge and Roll","Poisoned Stab"],"picked":"rorgmod:Prepared","floor":11.0},{"not_picked":["PiercingWail","MostiFishMod:InvigoratingSolution","rorgmod:Tendon Slice","Dodge and Roll"],"picked":"Noxious Fumes","floor":12.0},{"not_picked":["After Image","rorgmod:Wraith Form","MostiFishMod:Opportunism","Envenom"],"picked":"rorgmod:Tools of the Trade","floor":16.0},{"not_picked":["Flying Knee","StuffTheSpire:BrimstoneBlast","MostiFishMod:PerfectParry","Dagger Spray+1"],"picked":"Bane+1","floor":18.0},{"not_picked":["Sucker Punch","Eviscerate","Poisoned Stab+1","StSpp:Dive","Setup"],"picked":"SKIP","floor":21.0},{"not_picked":["Riddle With Holes","Setup","StSpp:SpareBlade+1","ReplayTheSpireMod:Exploit Weakness"],"picked":"MostiFishMod:VineMother+1","floor":24.0},{"not_picked":["hubris:SlightOfHand","Dash+1","rorgmod:Prepared","PiercingWail"],"picked":"Terror","floor":28.0},{"not_picked":["Outmaneuver+1","Backflip","Deflect","Well Laid Plans","Bouncing Flask"],"picked":"SKIP","floor":31.0}],"player_experience":328421,"relics_obtained":[{"floor":1.0,"key":"SynthV:TestCard"},{"floor":7.0,"key":"hubris:BottledRain"},{"floor":9.0,"key":"StSpp:TwinEgg"},{"floor":12.0,"key":"StSpp:Monolith"},{"floor":14.0,"key":"reliquary:PartyBalloon"},{"floor":24.0,"key":"StSpp:XCola"},{"floor":26.0,"key":"reliquary:IridiumChain"},{"floor":28.0,"key":"Thread and Needle"}],"event_choices":[{"damage_healed":0.0,"max_hp_gain":0.0,"max_hp_loss":0.0,"gold_gain":0.0,"event_name":"betterMatch:BetterMatch","player_choice":"2","floor":10.0,"gold_loss":0.0,"damage_taken":0.0,"cards_obtained":["betterMatch:UncommonCard"]},{"damage_healed":0.0,"max_hp_gain":0.0,"max_hp_loss":0.0,"gold_gain":0.0,"event_name":"conspire:Investor","player_choice":"Leave","floor":20.0,"gold_loss":0.0,"damage_taken":0.0}],"is_beta":false,"boss_relics":[{"not_picked":["SlaversCollar","aspiration:SecretTechniqueScroll"],"picked":"Ring of the Serpent"}],"items_purged_floors":[],"is_endless":false,"potions_floor_spawned":[3,4,12,16,24,28],"killed_by":"Gensokyo:Eternal_Rivals","ascension_level":4}}