{"host":"en4narc5947t7k9n","time":1613671677,"event":{"mods":["AchievementEnabler","BaseMod","Colored Map","Minty Spire (QoL Compilation)","SuperFastMode"],"gold_per_floor":[111,123,73,73,84,96,62,93,118,130,142,154,166,212,224,236,236],"floor_reached":16,"language":"KOR","playtime":736,"items_purged":[],"score":108,"play_id":"377c020d-475c-40b0-90ef-451d21f3bc08","local_time":"20210219030757","is_ascension_mode":false,"campfire_choices":[{"data":"Neutralize","floor":11,"key":"SMITH"},{"data":"Bouncing Flask","floor":15,"key":"SMITH"}],"circlet_count":0,"master_deck":["Strike_G","Strike_G","Strike_G","Strike_G","Defend_G","Defend_G","Defend_G","Defend_G+1","Defend_G","Survivor","Neutralize+1","Prepared","Slice","Deadly Poison","Dagger Spray","Bouncing Flask+1","Endless Agony","Bouncing Flask+1","Bane"],"relics":["Ring of the Snake","Snake Skull","MawBank","Art of War","War Paint"],"acts_visited":["Exordium"],"potions_floor_usage":[8,14,14],"damage_taken":[{"damage":0,"enemies":"2 Louse","floor":1,"turns":2},{"damage":11,"enemies":"Jaw Worm","floor":2,"turns":6},{"damage":0,"enemies":"Cultist","floor":5,"turns":4},{"damage":2,"enemies":"Blue Slaver","floor":6,"turns":4},{"damage":26,"enemies":"3 Sentries","floor":8,"turns":5},{"damage":8,"enemies":"Lagavulin","floor":14,"turns":3},{"damage":22,"enemies":"Hexaghost","floor":16,"turns":5}],"seed_played":"331286948644157493","potions_obtained":[{"floor":1,"key":"AttackPotion"},{"floor":6,"key":"FearPotion"},{"floor":8,"key":"ColorlessPotion"}],"is_trial":false,"path_per_floor":["M","M","$","?","M","M","$","E","T","$","R","?","?","E","R","B"],"character_chosen":"THE_SILENT","items_purchased":["Deadly Poison","Endless Agony"],"campfire_rested":0,"item_purchase_floors":[3,7],"current_hp_per_floor":[77,66,66,59,59,57,57,31,31,31,31,24,29,21,21,0,0],"gold":236,"neow_bonus":"TEN_PERCENT_HP_BONUS","is_daily":false,"chose_seed":false,"campfire_upgraded":2,"win_rate":0.0,"timestamp":1613671677,"path_taken":["M","M","$","?","M","M","$","E","T","$","R","?","?","E","R","BOSS"],"items_purchased_type":["Card","Card"],"build_version":"2020-12-22","purchased_purges":0,"victory":false,"max_hp_per_floor":[77,77,77,77,77,77,77,77,77,77,77,77,82,82,82,82,82],"card_choices":[{"not_picked":["Dagger Spray","Well Laid Plans"],"picked":"Prepared","floor":1},{"not_picked":["Riddle With Holes","Quick Slash"],"picked":"Slice","floor":2},{"not_picked":["PiercingWail","Dodge and Roll"],"picked":"Dagger Spray","floor":5},{"not_picked":["Blade Dance","Backflip"],"picked":"Bouncing Flask","floor":6},{"not_picked":["Dodge and Roll","Night Terror"],"picked":"Bouncing Flask","floor":8},{"not_picked":["Blade Dance","Prepared"],"picked":"Bane","floor":14}],"player_experience":67716,"relics_obtained":[{"floor":8,"key":"Snake Skull"},{"floor":9,"key":"MawBank"},{"floor":14,"key":"War Paint"}],"event_choices":[{"cards_removed":["Strike_G"],"damage_healed":0,"gold_gain":0,"player_choice":"Card Removal","damage_taken":7,"max_hp_gain":0,"max_hp_loss":0,"event_name":"Golden Wing","floor":4,"gold_loss":0},{"damage_healed":0,"gold_gain":0,"player_choice":"Success","damage_taken":7,"relics_obtained":["Art of War"],"max_hp_gain":0,"max_hp_loss":0,"event_name":"Scrap Ooze","floor":12,"gold_loss":0},{"damage_healed":0,"gold_gain":0,"player_choice":"Donut","damage_taken":0,"max_hp_gain":5,"max_hp_loss":0,"event_name":"Big Fish","floor":13,"gold_loss":0}],"is_beta":false,"boss_relics":[],"items_purged_floors":[],"is_endless":false,"potions_floor_spawned":[1,6,8],"killed_by":"Hexaghost","ascension_level":0}}