{"host":"8eqe2o2g03nh9rfw","time":1613670973,"event":{"mods":["AchievementEnabler","AlwaysNeverKeys","BaseMod","Better Third Choice","Block Reminder","Colored Map","Colored Powertips","GifTheSpireLib","Minty Spire (QoL Compilation)","Permanent Neow","Quick Restart","StSLib","Weighted Paths"],"gold_per_floor":[116,116,116,130,146,146,161,177,204,234,54,54,54,67,67,67,67],"floor_reached":16,"language":"ENG","playtime":1438,"items_purged":[],"score":102,"play_id":"8a5eb58e-67de-4a1d-a915-3d066b038cd1","local_time":"20210218125613","is_ascension_mode":false,"campfire_choices":[{"floor":6.0,"key":"RECALL"},{"floor":13,"key":"REST"},{"floor":15,"key":"REST"}],"circlet_count":0,"master_deck":["Strike_P","Strike_P","Strike_P","Strike_P","Defend_P","Defend_P","Defend_P","Defend_P","Eruption+1","Vigilance","Protect","Burn","Swivel","WreathOfFlame","Prostrate","Halt","EmptyBody","Crescendo","Eruption","SashWhip"],"relics":["PureWater","Oddly Smooth Stone","Smiling Mask","Juzu Bracelet"],"acts_visited":["Exordium"],"potions_floor_usage":[16],"damage_taken":[{"damage":3.0,"enemies":"Jaw Worm","floor":1.0,"turns":6.0},{"damage":0.0,"enemies":"Small Slimes","floor":4.0,"turns":3.0},{"damage":1.0,"enemies":"Cultist","floor":5.0,"turns":3.0},{"damage":3.0,"enemies":"2 Fungi Beasts","floor":7.0,"turns":4.0},{"damage":2.0,"enemies":"Exordium Thugs","floor":8.0,"turns":7.0},{"damage":71.0,"enemies":"Lagavulin","floor":10.0,"turns":12.0},{"damage":0,"enemies":"Blue Slaver","floor":14,"turns":9},{"damage":98,"enemies":"The Guardian","floor":16,"turns":15}],"seed_played":"7107568901116038253","potions_obtained":[{"floor":1.0,"key":"DistilledChaos"},{"floor":4.0,"key":"Fire Potion"},{"floor":8.0,"key":"Regen Potion"},{"floor":10,"key":"Weak Potion"}],"is_trial":false,"path_per_floor":["M","?","?","M","M","R","M","M","T","E","$","?","R","M","R","B"],"character_chosen":"WATCHER","items_purchased":["Juzu Bracelet","Crescendo"],"campfire_rested":2,"item_purchase_floors":[11,11],"current_hp_per_floor":[76,76,76,76,75,75,72,70,70,14,14,14,37,37,60,0,0],"gold":67,"neow_bonus":"TEN_PERCENT_HP_BONUS","is_daily":false,"chose_seed":false,"campfire_upgraded":0,"win_rate":0.0,"timestamp":1613670973,"path_taken":["M","?","?","?","M","R","M","M","T","E","$","?","R","M","R","BOSS"],"items_purchased_type":["Relic","Card"],"build_version":"2020-12-22","purchased_purges":0,"victory":false,"max_hp_per_floor":[79,79,79,79,79,79,79,79,79,79,79,79,79,79,79,79,79],"card_choices":[{"not_picked":["Weave","ThirdEye"],"picked":"Protect","floor":1.0},{"not_picked":["Consecrate","PathToVictory"],"picked":"Swivel","floor":4.0},{"not_picked":["CrushJoints","Crescendo"],"picked":"WreathOfFlame","floor":5.0},{"not_picked":["FollowUp","Halt"],"picked":"Prostrate","floor":7.0},{"not_picked":["PathToVictory","BattleHymn"],"picked":"Halt","floor":8.0},{"not_picked":["Scrawl","Crescendo"],"picked":"EmptyBody","floor":10},{"not_picked":["Evaluate","Conclude"],"picked":"SashWhip","floor":14}],"player_experience":150383,"relics_obtained":[{"floor":9.0,"key":"Oddly Smooth Stone"},{"floor":10,"key":"Smiling Mask"}],"event_choices":[{"damage_healed":76.0,"max_hp_gain":0.0,"max_hp_loss":79.0,"gold_gain":0.0,"event_name":"betterThird:BetterShining","player_choice":"Embrace Burn","floor":2.0,"gold_loss":0.0,"damage_taken":0.0},{"damage_healed":0.0,"max_hp_gain":0.0,"max_hp_loss":0.0,"gold_gain":0.0,"event_name":"Upgrade Shrine","player_choice":"Upgraded","floor":3.0,"gold_loss":0.0,"damage_taken":0.0,"cards_upgraded":["Eruption"]},{"damage_healed":0,"gold_gain":0,"player_choice":"1 cards matched","damage_taken":0,"max_hp_gain":0,"max_hp_loss":0,"event_name":"Match and Keep!","floor":12,"gold_loss":0,"cards_obtained":["Eruption"]}],"is_beta":false,"boss_relics":[],"items_purged_floors":[],"is_endless":false,"potions_floor_spawned":[1,4,8,10],"killed_by":"The Guardian","ascension_level":0}}