{"host":"qxlnb1uz9drfcwnc","time":1613623206,"event":{"mods":["100% Spire Juice","BaseMod","Bestiary","Curses Come First","Minty Spire (QoL Compilation)","StSLib","The Servant 0.9.4"],"gold_per_floor":[117,135,145,156,106,106,141,141,195,229,229,260,260,293,293,391,391,406,406,90,90,106,106,1,26,50,50,76,76,86,86,86,186,186,205,0,0,19,19,49,81,93,105,117,140,6,6,6,6,6,6],"floor_reached":50,"language":"ENG","playtime":2251,"items_purged":["Defend_G"],"score":663,"play_id":"1eab4829-b2c4-4704-b4ee-1d4315e9dd70","local_time":"20210217204006","is_ascension_mode":true,"campfire_choices":[{"data":"Infinite Blades","floor":6.0,"key":"SMITH"},{"data":"Neutralize","floor":8.0,"key":"SMITH"},{"data":"Phantasmal Killer","floor":13.0,"key":"SMITH"},{"floor":15.0,"key":"REST"},{"data":"Venomology","floor":23.0,"key":"SMITH"},{"data":"Terror","floor":29.0,"key":"SMITH"},{"floor":32,"key":"REST"},{"data":"Blade Dance","floor":42,"key":"SMITH"},{"data":"Blade Dance","floor":44,"key":"SMITH"},{"floor":47,"key":"RECALL"},{"data":"Cloak And Dagger","floor":49,"key":"SMITH"}],"circlet_count":0,"master_deck":["Defend_G","Defend_G","Defend_G","Survivor","Neutralize+1","Infinite Blades+1","Backflip","Quick Slash","Blade Dance+1","Backstab","Phantasmal Killer+1","Eviscerate","Cloak And Dagger+1","Venomology+1","Masterful Stab","Accuracy+1","Bite+1","Bite+1","Bite+1","Bite+1","Bite+1","Terror+1","All Out Attack+1","Accuracy+1","Slice+1","Shame","Accuracy+1","Envenom+1","Storm of Steel+1","Blade Dance+1","Phantasmal Killer+1","Backstab+1","Blade Dance+1"],"relics":["HoveringKite","Frozen Egg 2","Orichalcum","PreservedInsect","Turnip","Gremlin Horn","WristBlade","Molten Egg 2","Sundial","Bronze Scales","Ice Cream","StoneCalendar","Busted Crown","Red Mask","MawBank","Lee\u0027s Waffle"],"acts_visited":["Exordium","TheCity","TheBeyond"],"potions_floor_usage":[33,40,41,45,45,45],"damage_taken":[{"damage":0.0,"enemies":"Small Slimes","floor":1.0,"turns":5.0},{"damage":0.0,"enemies":"2 Louse","floor":2.0,"turns":3.0},{"damage":3.0,"enemies":"Cultist","floor":3.0,"turns":4.0},{"damage":4.0,"enemies":"Blue Slaver","floor":4.0,"turns":5.0},{"damage":19.0,"enemies":"Gremlin Nob","floor":7.0,"turns":4.0},{"damage":20.0,"enemies":"Lagavulin","floor":10.0,"turns":9.0},{"damage":7.0,"enemies":"Gremlin Nob","floor":12.0,"turns":3.0},{"damage":7.0,"enemies":"3 Sentries","floor":14.0,"turns":4.0},{"damage":6.0,"enemies":"Slime Boss","floor":16.0,"turns":7.0},{"damage":5.0,"enemies":"Spheric Guardian","floor":18.0,"turns":3.0},{"damage":17.0,"enemies":"2 Thieves","floor":22.0,"turns":3.0},{"damage":12.0,"enemies":"Gremlin Leader","floor":25.0,"turns":3.0},{"damage":20.0,"enemies":"Book of Stabbing","floor":28.0,"turns":3.0},{"damage":15.0,"enemies":"Centurion and Healer","floor":30.0,"turns":2.0},{"damage":39,"enemies":"Automaton","floor":33,"turns":5},{"damage":13,"enemies":"Orb Walker","floor":35,"turns":3},{"damage":33,"enemies":"3 Shapes","floor":38,"turns":2},{"damage":5,"enemies":"Nemesis","floor":40,"turns":3},{"damage":5,"enemies":"3 Darklings","floor":41,"turns":3},{"damage":33,"enemies":"Writhing Mass","floor":45,"turns":5},{"damage":60,"enemies":"Time Eater","floor":50,"turns":3}],"seed_played":"-4777437116751422682","potions_obtained":[{"floor":1.0,"key":"PowerPotion"},{"floor":12.0,"key":"AttackPotion"},{"floor":14.0,"key":"CultistPotion"},{"floor":28.0,"key":"Regen Potion"},{"floor":30.0,"key":"ColorlessPotion"},{"floor":41,"key":"FairyPotion"},{"floor":45,"key":"Ancient Potion"}],"is_trial":false,"path_per_floor":["M","M","M","M","?","R","E","R","T","E","?","E","R","E","R","B",null,"M","?","$","?","M","R","$","E","T","?","E","R","M","?","R","B",null,"M","?","?","M","?","E","M","R","T","R","M","$","R","?","R","B"],"character_chosen":"THE_SILENT","items_purchased":["Molten Egg 2","All Out Attack+1","Accuracy+1","Lee\u0027s Waffle"],"campfire_rested":2,"item_purchase_floors":[20,24,24,46],"current_hp_per_floor":[70,70,67,63,63,63,44,44,44,24,24,17,17,10,31,25,70,65,65,65,49,41,41,41,37,37,37,23,23,11,11,25,4,49,42,42,42,12,12,13,14,14,14,14,20,56,56,53,53,0,0],"gold":6,"neow_bonus":"BOSS_RELIC","is_daily":false,"chose_seed":false,"campfire_upgraded":8,"win_rate":0.0,"timestamp":1613623206,"path_taken":["M","M","M","M","?","R","E","R","T","E","?","E","R","E","R","BOSS","M","?","$","?","M","R","$","E","T","?","E","R","?","?","R","BOSS","M","?","?","?","?","E","M","R","T","R","?","$","R","?","R","BOSS"],"items_purchased_type":["Relic","Card","Card","Relic"],"build_version":"2020-12-22","purchased_purges":1,"victory":false,"max_hp_per_floor":[70,70,70,70,70,70,70,70,70,70,70,70,70,70,70,70,70,70,70,70,49,49,49,49,49,49,49,49,49,49,49,49,49,49,49,49,49,49,49,49,49,49,49,49,49,56,56,53,53,53,53],"card_choices":[{"not_picked":["Blade Dance","Flying Knee"],"picked":"Infinite Blades","floor":1.0},{"not_picked":["Underhanded Strike","Bane"],"picked":"Backflip","floor":2.0},{"not_picked":["Deadly Poison","Deflect"],"picked":"Quick Slash","floor":3.0},{"not_picked":["Blade Dance","Footwork","Poisoned Stab"],"picked":"SKIP","floor":4.0},{"not_picked":["Footwork","Poisoned Stab"],"picked":"Blade Dance","floor":4.0},{"not_picked":["Dagger Spray","Dash"],"picked":"Backstab","floor":7.0},{"not_picked":["Expertise","PiercingWail"],"picked":"Phantasmal Killer","floor":10.0},{"not_picked":["Flechettes","Poisoned Stab"],"picked":"Eviscerate","floor":12.0},{"not_picked":["Calculated Gamble","Dodge and Roll"],"picked":"Cloak And Dagger","floor":14.0},{"not_picked":["Burst","Bullet Time"],"picked":"Venomology","floor":16.0},{"not_picked":["Calculated Gamble","Flying Knee"],"picked":"Masterful Stab","floor":18.0},{"not_picked":["Catalyst","Dodge and Roll"],"picked":"Terror","floor":22.0},{"not_picked":["Well Laid Plans+1","Crippling Poison"],"picked":"Slice+1","floor":25.0},{"not_picked":["Caltrops+1","Slice+1"],"picked":"Accuracy+1","floor":28.0},{"not_picked":["Cloak And Dagger","Backflip"],"picked":"Envenom+1","floor":30.0},{"not_picked":["Bullet Time","A Thousand Cuts+1"],"picked":"Storm of Steel","floor":33},{"not_picked":["Underhanded Strike+1"],"picked":"SKIP","floor":35},{"not_picked":[],"picked":"Blade Dance","floor":38},{"not_picked":[],"picked":"Backstab+1","floor":40},{"not_picked":[],"picked":"Blade Dance+1","floor":41},{"not_picked":["Terror"],"picked":"SKIP","floor":45}],"player_experience":132796,"relics_obtained":[{"floor":7.0,"key":"Frozen Egg 2"},{"floor":9.0,"key":"Orichalcum"},{"floor":10.0,"key":"PreservedInsect"},{"floor":12.0,"key":"Turnip"},{"floor":14.0,"key":"Gremlin Horn"},{"floor":25.0,"key":"Sundial"},{"floor":26.0,"key":"Bronze Scales"},{"floor":28.0,"key":"StoneCalendar"},{"floor":40,"key":"MawBank"}],"event_choices":[{"cards_removed":["Defend_G"],"damage_healed":0.0,"max_hp_gain":0.0,"max_hp_loss":0.0,"gold_gain":0.0,"event_name":"The Cleric","player_choice":"Card Removal","floor":5.0,"gold_loss":50.0,"damage_taken":0.0},{"cards_removed":["Strike_G"],"damage_healed":0.0,"max_hp_gain":0.0,"max_hp_loss":0.0,"gold_gain":0.0,"event_name":"Bonfire Elementals","player_choice":"Offered Basic","floor":11.0,"gold_loss":0.0,"damage_taken":0.0},{"damage_healed":0.0,"max_hp_gain":0.0,"max_hp_loss":0.0,"gold_gain":0.0,"event_name":"The Library","player_choice":"Read","floor":19.0,"gold_loss":0.0,"damage_taken":0.0,"cards_obtained":["Accuracy"]},{"damage_healed":0.0,"max_hp_gain":0.0,"max_hp_loss":21.0,"gold_gain":0.0,"event_name":"Vampires","player_choice":"Became a vampire","floor":21.0,"gold_loss":0.0,"damage_taken":0.0,"cards_obtained":["Bite","Bite","Bite","Bite","Bite"]},{"damage_healed":0.0,"max_hp_gain":0.0,"max_hp_loss":0.0,"gold_gain":0.0,"event_name":"Addict","player_choice":"Stole Relic","floor":27.0,"gold_loss":0.0,"damage_taken":0.0,"relics_obtained":["Ice Cream"],"cards_obtained":["Shame"]},{"damage_healed":0,"gold_gain":0,"player_choice":"Ignored","damage_taken":0,"max_hp_gain":0,"max_hp_loss":0,"event_name":"Cursed Tome","floor":31,"gold_loss":0},{"damage_healed":0,"gold_gain":0,"player_choice":"Paid","damage_taken":0,"relics_obtained":["Red Mask"],"max_hp_gain":0,"max_hp_loss":0,"event_name":"Tomb of Lord Red Mask","floor":36,"gold_loss":205},{"damage_healed":0,"gold_gain":0,"player_choice":"Forge","damage_taken":0,"max_hp_gain":0,"max_hp_loss":0,"event_name":"Accursed Blacksmith","floor":37,"gold_loss":0,"cards_upgraded":["Storm of Steel"]},{"damage_healed":0,"gold_gain":0,"player_choice":"Copied","damage_taken":0,"max_hp_gain":0,"max_hp_loss":0,"event_name":"Duplicator","floor":39,"gold_loss":0,"cards_obtained":["Phantasmal Killer"]},{"damage_healed":0,"gold_gain":0,"player_choice":"Max HP","damage_taken":0,"max_hp_gain":0,"max_hp_loss":3,"event_name":"Winding Halls","floor":48,"gold_loss":0}],"is_beta":false,"boss_relics":[{"not_picked":["Snecko Eye","Runic Dome"],"picked":"WristBlade"},{"not_picked":["Pandora\u0027s Box","Coffee Dripper"],"picked":"Busted Crown"}],"items_purged_floors":[20],"is_endless":false,"potions_floor_spawned":[1,12,14,28,30,41,45],"killed_by":"Time Eater","ascension_level":4}}