{"host":"kxz5izodaorfb9am","time":1613651657,"event":{"mods":["BaseMod","GifTheSpireLib","Minty Spire (QoL Compilation)","Shop Mod","StSLib"],"gold_per_floor":[113,130,130,280,1,1,1,76,76,76,90,90,90],"floor_reached":12,"language":"ENG","playtime":378,"items_purged":["Doubt"],"score":122,"play_id":"bc891e0e-5c7f-421a-a984-c3bf0927436f","local_time":"20210218133417","is_ascension_mode":true,"campfire_choices":[{"data":"The Bomb","floor":6,"key":"SMITH"},{"floor":10,"key":"REST"}],"circlet_count":0,"master_deck":["AscendersBane","Strike_G+1","Strike_G","Strike_G","Strike_G","Strike_G","Defend_G","Defend_G","Defend_G","Defend_G","Defend_G+1","Survivor","Neutralize","The Bomb+1","Backflip"],"relics":["Snecko Eye","Pen Nib"],"acts_visited":["Exordium"],"potions_floor_usage":[12],"damage_taken":[{"damage":7,"enemies":"Cultist","floor":1,"turns":7},{"damage":6,"enemies":"Jaw Worm","floor":2,"turns":6},{"damage":10,"enemies":"Small Slimes","floor":11,"turns":3},{"damage":29,"enemies":"Gremlin Nob","floor":12,"turns":3}],"seed_played":"-3064579012416455267","potions_obtained":[{"floor":11,"key":"DuplicationPotion"}],"is_trial":false,"path_per_floor":["M","M","?","?","$","R","?","?","T","R","M","E"],"character_chosen":"THE_SILENT","items_purchased":["The Bomb"],"campfire_rested":1,"item_purchase_floors":[5],"current_hp_per_floor":[52,46,46,46,46,46,26,15,15,34,24,0,0],"gold":90,"neow_bonus":"BOSS_RELIC","is_daily":false,"chose_seed":false,"campfire_upgraded":1,"win_rate":0.0,"timestamp":1613651657,"path_taken":["M","?","?","?","$","R","?","?","T","R","M","E"],"items_purchased_type":["Card"],"build_version":"2020-12-22","purchased_purges":1,"victory":false,"max_hp_per_floor":[66,66,66,66,66,66,66,66,66,66,66,66,66],"card_choices":[{"not_picked":["Poisoned Stab","Setup","Endless Agony"],"picked":"SKIP","floor":1},{"not_picked":["Caltrops","Bane","Footwork"],"picked":"SKIP","floor":2},{"not_picked":["Acrobatics","Poisoned Stab"],"picked":"Backflip","floor":11}],"player_experience":346451,"relics_obtained":[{"floor":9,"key":"Pen Nib"}],"event_choices":[{"damage_healed":0,"gold_gain":0,"player_choice":"Ignored","damage_taken":0,"max_hp_gain":0,"max_hp_loss":0,"event_name":"Golden Idol","floor":3,"gold_loss":0},{"damage_healed":0,"gold_gain":150,"player_choice":"AGREE","damage_taken":0,"max_hp_gain":0,"max_hp_loss":0,"event_name":"Liars Game","floor":4,"gold_loss":0,"cards_obtained":["Doubt"]},{"damage_healed":0,"gold_gain":0,"player_choice":"Entered Light","damage_taken":20,"max_hp_gain":0,"max_hp_loss":0,"event_name":"Shining Light","floor":7,"gold_loss":0,"cards_upgraded":["Defend_G","Strike_G"]},{"damage_healed":0,"gold_gain":75,"player_choice":"Gather Gold","damage_taken":11,"max_hp_gain":0,"max_hp_loss":0,"event_name":"World of Goop","floor":8,"gold_loss":0}],"is_beta":false,"boss_relics":[],"items_purged_floors":[5],"is_endless":false,"potions_floor_spawned":[11],"killed_by":"Gremlin Nob","ascension_level":17}}