{"host":"zdcz0a6aak4rnx0s","time":1613606548,"event":{"mods":["AchievementEnabler","BaseMod","Colored Map","Colored Powertips","Minty Spire (QoL Compilation)","StSLib"],"gold_per_floor":[118,118,131,149,149,149,179,179,231,231,248,248,258,36,36,110,110,126,137,27,45,8,8,58,8,8,8,20,32,32],"floor_reached":29,"language":"ENG","playtime":1306,"items_purged":["Strike_R","Rage+1"],"score":420,"play_id":"abdc096e-de82-4259-b88a-09c479fa9b03","local_time":"20210217180228","is_ascension_mode":true,"campfire_choices":[{"data":"Armaments","floor":6,"key":"SMITH"},{"data":"True Grit","floor":8,"key":"SMITH"},{"data":"Disarm","floor":10,"key":"SMITH"},{"data":"Rampage","floor":12,"key":"SMITH"},{"floor":15,"key":"REST"},{"floor":23,"key":"REST"},{"floor":28,"key":"REST"}],"circlet_count":0,"master_deck":["AscendersBane","Defend_R","Defend_R","Defend_R","Defend_R","Bash+1","Rampage+1","Disarm+1","Armaments+1","True Grit+1","Ghostly Armor","Disarm","Berserk","Berserk+1","Pummel+1","Spot Weakness+1","Burning Pact"],"relics":["Burning Blood","Smiling Mask","Bronze Scales","Tiny Chest","Blood Vial","Oddly Smooth Stone","Astrolabe","Pen Nib","MawBank"],"acts_visited":["Exordium","TheCity"],"potions_floor_usage":[7,19,19,29,29],"damage_taken":[{"damage":5,"enemies":"Small Slimes","floor":1,"turns":3},{"damage":1,"enemies":"Cultist","floor":3,"turns":3},{"damage":14,"enemies":"2 Louse","floor":4,"turns":3},{"damage":23,"enemies":"Lagavulin","floor":7,"turns":7},{"damage":17,"enemies":"Lots of Slimes","floor":11,"turns":5},{"damage":9,"enemies":"2 Fungi Beasts","floor":13,"turns":5},{"damage":28,"enemies":"Hexaghost","floor":16,"turns":13},{"damage":11,"enemies":"Shell Parasite","floor":18,"turns":7},{"damage":5,"enemies":"Chosen","floor":19,"turns":10},{"damage":63,"enemies":"Sentry and Sphere","floor":21,"turns":13},{"damage":77,"enemies":"3 Cultists","floor":29,"turns":7}],"seed_played":"-859328880102592475","potions_obtained":[{"floor":1,"key":"Energy Potion"},{"floor":4,"key":"BloodPotion"},{"floor":7,"key":"FearPotion"},{"floor":16,"key":"ColorlessPotion"},{"floor":18,"key":"EntropicBrew"},{"floor":21,"key":"EssenceOfSteel"}],"is_trial":false,"path_per_floor":["M","?","M","M","?","R","E","R","T","R","M","R","M","$","R","B",null,"M","M","?","M","$","R","?","$","T","T","R","M"],"character_chosen":"IRONCLAD","items_purchased":["Oddly Smooth Stone","Burning Pact"],"campfire_rested":3,"item_purchase_floors":[14,22],"current_hp_per_floor":[69,69,74,66,61,61,59,59,59,59,50,50,49,49,71,51,69,66,69,69,14,14,36,36,36,36,36,58,0,0],"gold":32,"neow_bonus":"THREE_CARDS","is_daily":false,"chose_seed":false,"campfire_upgraded":4,"win_rate":0.0,"timestamp":1613606548,"path_taken":["M","?","?","M","?","R","E","R","T","R","M","R","M","$","R","BOSS","M","M","?","?","$","R","?","$","T","?","R","?"],"items_purchased_type":["Relic","Card"],"build_version":"2020-12-22","purchased_purges":2,"victory":false,"max_hp_per_floor":[75,75,75,75,75,75,75,75,75,75,75,75,75,75,75,75,75,75,75,75,75,75,75,75,75,75,75,75,75,75],"card_choices":[{"not_picked":["Shrug It Off","Flame Barrier"],"picked":"Rampage","floor":0},{"not_picked":["Body Slam","Clothesline"],"picked":"Disarm","floor":1},{"not_picked":["Rampage","Pommel Strike","Wild Strike"],"picked":"SKIP","floor":3},{"not_picked":["Dual Wield","Pummel"],"picked":"Armaments","floor":4},{"not_picked":["Combust","Perfected Strike"],"picked":"True Grit","floor":7},{"not_picked":["Headbutt","Reaper"],"picked":"Ghostly Armor","floor":11},{"not_picked":["Wild Strike","Feel No Pain"],"picked":"Disarm","floor":13},{"not_picked":["Brutality","Bludgeon"],"picked":"Berserk","floor":16},{"not_picked":["Cleave","True Grit","Anger"],"picked":"SKIP","floor":18},{"not_picked":["Hemokinesis+1","Iron Wave","Rage"],"picked":"SKIP","floor":19},{"not_picked":["Heavy Blade","Berserk"],"picked":"Spot Weakness+1","floor":21}],"player_experience":1038794,"relics_obtained":[{"floor":7,"key":"Tiny Chest"},{"floor":9,"key":"Blood Vial"},{"floor":26,"key":"Pen Nib"},{"floor":27,"key":"MawBank"}],"event_choices":[{"damage_healed":0,"gold_gain":0,"player_choice":"Gave Potion","damage_taken":0,"relics_obtained":["Smiling Mask"],"max_hp_gain":0,"max_hp_loss":0,"event_name":"WeMeetAgain","floor":2,"gold_loss":0},{"damage_healed":0,"gold_gain":0,"player_choice":"Success","damage_taken":5,"relics_obtained":["Bronze Scales"],"max_hp_gain":0,"max_hp_loss":0,"event_name":"Scrap Ooze","floor":5,"gold_loss":0},{"cards_removed":["Strike_R"],"damage_healed":0,"gold_gain":0,"player_choice":"Upgrade and Remove","damage_taken":0,"max_hp_gain":0,"max_hp_loss":0,"event_name":"Designer","floor":20,"gold_loss":110,"cards_upgraded":["Bash"]},{"damage_healed":0,"gold_gain":50,"player_choice":"Stole From Cult","damage_taken":0,"max_hp_gain":0,"max_hp_loss":0,"event_name":"Nest","floor":24,"gold_loss":0}],"is_beta":false,"boss_relics":[{"not_picked":["Ectoplasm","Philosopher\u0027s Stone"],"picked":"Astrolabe"}],"items_purged_floors":[14,25],"is_endless":false,"potions_floor_spawned":[1,4,7,16,18,21],"killed_by":"3 Cultists","ascension_level":18}}