{"host":"f5gffvlv6a66yqkd","time":1613614533,"event":{"mods":["2.2 Compatiblity","BaseMod","Colored Map","Custom Start","DeckTracker","Keyboard Shortcuts","Minty Spire (QoL Compilation)","Permanent Neow","Quick Restart","Relic Stats","StSLib","SuperFastMode"],"gold_per_floor":[317,337,349,359,370,370,383,383,408,437,437,457,482,482,482,560,560,575,591,601,472,492,492,518,538,583,583,583,257,291,291,291,368,368,382,392,392,403,416,416,451,451,500,500,519,552,552,564,564,564,564,564,199,230,230,230],"floor_reached":55,"language":"KOR","playtime":1719,"items_purged":["Strike_P","Strike_P","Defend_P"],"score":1438,"play_id":"d9d8b4dc-3f42-4434-85e3-653fcfd2b338","local_time":"20210218111533","is_ascension_mode":true,"campfire_choices":[{"data":"Eruption","floor":6.0,"key":"SMITH"},{"data":"WheelKick","floor":8.0,"key":"SMITH"},{"data":"Scrawl","floor":11.0,"key":"SMITH"},{"data":"Ragnarok","floor":15.0,"key":"SMITH"},{"data":"TalkToTheHand","floor":23.0,"key":"SMITH"},{"data":"Wallop","floor":28.0,"key":"SMITH"},{"data":"Scrawl","floor":32.0,"key":"SMITH"},{"data":"EmptyMind","floor":40.0,"key":"SMITH"},{"floor":42.0,"key":"REST"},{"floor":44.0,"key":"RECALL"},{"data":"Tantrum","floor":49.0,"key":"SMITH"},{"data":"CutThroughFate","floor":52.0,"key":"SMITH"}],"circlet_count":0,"master_deck":["AscendersBane","Defend_P","Defend_P","Defend_P+1","Eruption+1","Vigilance","CrushJoints","WheelKick+1","TalkToTheHand+1","Scrawl+1","Ragnarok+1","DeusExMachina","EmptyBody+1","FlurryOfBlows+1","Indignation","CutThroughFate+1","Wallop+1","EmptyFist","Scrawl+1","LessonLearned","DeusExMachina","EmptyMind+1","Tantrum+1","InnerPeace+1","Enlightenment+1","Flash of Steel"],"relics":["PureWater","Old Coin","White Beast Statue","Strawberry","VioletLotus","Blood Vial","Bronze Scales","Centennial Puzzle","Meat on the Bone","Runic Pyramid","Toxic Egg 2","Happy Flower","Frozen Egg 2","Mummified Hand","InkBottle"],"acts_visited":["Exordium","TheCity","TheBeyond","TheEnding"],"potions_floor_usage":[54,55,55],"damage_taken":[{"damage":0.0,"enemies":"Cultist","floor":1.0,"turns":2.0},{"damage":3.0,"enemies":"2 Louse","floor":2.0,"turns":2.0},{"damage":0.0,"enemies":"Small Slimes","floor":3.0,"turns":3.0},{"damage":0.0,"enemies":"3 Louse","floor":4.0,"turns":3.0},{"damage":8.0,"enemies":"Blue Slaver","floor":5.0,"turns":2.0},{"damage":8.0,"enemies":"Lots of Slimes","floor":7.0,"turns":3.0},{"damage":0.0,"enemies":"Lagavulin","floor":10.0,"turns":4.0},{"damage":3.0,"enemies":"3 Louse","floor":12.0,"turns":4.0},{"damage":16.0,"enemies":"Gremlin Nob","floor":13.0,"turns":3.0},{"damage":0.0,"enemies":"Slime Boss","floor":16.0,"turns":5.0},{"damage":2.0,"enemies":"3 Byrds","floor":18.0,"turns":3.0},{"damage":0.0,"enemies":"Shell Parasite","floor":19.0,"turns":1.0},{"damage":0.0,"enemies":"Shelled Parasite and Fungi","floor":20.0,"turns":1.0},{"damage":12.0,"enemies":"Cultist and Chosen","floor":22.0,"turns":3.0},{"damage":3.0,"enemies":"Book of Stabbing","floor":24.0,"turns":3.0},{"damage":7.0,"enemies":"3 Cultists","floor":25.0,"turns":3.0},{"damage":5.0,"enemies":"Slavers","floor":30.0,"turns":3.0},{"damage":37.0,"enemies":"Champ","floor":33.0,"turns":7.0},{"damage":22.0,"enemies":"3 Darklings","floor":35.0,"turns":4.0},{"damage":1.0,"enemies":"Orb Walker","floor":36.0,"turns":2.0},{"damage":5.0,"enemies":"Jaw Worm Horde","floor":38.0,"turns":3.0},{"damage":3.0,"enemies":"Writhing Mass","floor":39.0,"turns":3.0},{"damage":33.0,"enemies":"Giant Head","floor":41.0,"turns":7.0},{"damage":0.0,"enemies":"Maw","floor":45.0,"turns":5.0},{"damage":16.0,"enemies":"Nemesis","floor":46.0,"turns":3.0},{"damage":2.0,"enemies":"3 Darklings","floor":48.0,"turns":3.0},{"damage":32.0,"enemies":"Time Eater","floor":50.0,"turns":5.0},{"damage":61,"enemies":"Shield and Spear","floor":54,"turns":5},{"damage":53,"enemies":"The Heart","floor":55,"turns":2}],"seed_played":"-6689865037157038093","potions_obtained":[{"floor":4.0,"key":"Block Potion"},{"floor":5.0,"key":"ColorlessPotion"},{"floor":12.0,"key":"FearPotion"},{"floor":13.0,"key":"FearPotion"},{"floor":18.0,"key":"SkillPotion"},{"floor":19.0,"key":"Swift Potion"},{"floor":22.0,"key":"EntropicBrew"},{"floor":24.0,"key":"EntropicBrew"},{"floor":30.0,"key":"StancePotion"},{"floor":35.0,"key":"DuplicationPotion"},{"floor":46.0,"key":"Strength Potion"},{"floor":54,"key":"Energy Potion"}],"is_trial":false,"path_per_floor":["M","M","M","M","M","R","M","R","T","E","R","M","E","?","R","B",null,"M","M","M","$","M","R","E","M","T","?","R","$","E","?","R","B",null,"M","M","?","M","M","R","E","R","T","R","M","E","?","M","R","B",null,"R","$","E","B"],"character_chosen":"WATCHER","items_purchased":["EmptyBody","Centennial Puzzle","Scrawl","Mummified Hand"],"campfire_rested":1,"item_purchase_floors":[21,29,29,53],"current_hp_per_floor":[61,58,58,58,50,50,42,42,42,42,42,39,30,35,35,35,69,67,67,67,67,55,55,52,47,47,47,47,47,44,44,44,21,65,45,46,46,43,42,42,23,47,47,47,49,47,37,49,49,31,68,68,68,21,0,0],"gold":230,"neow_bonus":"ONE_RARE_RELIC","is_daily":false,"chose_seed":false,"campfire_upgraded":10,"win_rate":0.0,"timestamp":1613614533,"path_taken":["M","M","M","M","M","R","?","R","T","E","R","M","E","?","R","BOSS","M","M","M","$","M","R","E","M","T","?","R","$","E","?","R","BOSS","M","M","?","?","M","R","E","R","T","R","M","E","?","M","R","BOSS","R","$","E","BOSS"],"items_purchased_type":["Card","Relic","Card","Relic"],"build_version":"2020-12-22","purchased_purges":3,"victory":false,"max_hp_per_floor":[68,68,68,68,68,68,68,68,68,68,68,68,75,80,80,80,80,80,80,80,80,80,80,80,80,80,80,80,80,80,80,80,80,80,80,80,80,80,80,80,80,80,80,80,80,80,80,80,80,80,80,80,80,80,80,80],"relic_stats":{"Blood Vial":28,"Centennial Puzzle":[33],"Happy Flower":[7],"counters":[29,97],"Mummified Hand":[0],"Bronze Scales":[135],"VioletLotus":[24],"obtain_stats":[{"Happy Flower":43,"Frozen Egg 2":46,"White Beast Statue":10,"Old Coin":0,"Blood Vial":24,"Centennial Puzzle":29,"Mummified Hand":53,"Strawberry":13,"Bronze Scales":26,"VioletLotus":17,"PureWater":0,"Toxic Egg 2":41,"InkBottle":54,"Meat on the Bone":30,"Runic Pyramid":34},{"Happy Flower":23,"Frozen Egg 2":25,"White Beast Statue":7,"Old Coin":0,"Blood Vial":15,"Centennial Puzzle":16,"Mummified Hand":27,"Strawberry":9,"Bronze Scales":16,"VioletLotus":10,"PureWater":0,"Toxic Egg 2":23,"InkBottle":28,"Meat on the Bone":17,"Runic Pyramid":18},{"Happy Flower":74,"Frozen Egg 2":82,"White Beast Statue":19,"Old Coin":0,"Blood Vial":42,"Centennial Puzzle":45,"Mummified Hand":90,"Strawberry":26,"Bronze Scales":45,"VioletLotus":31,"PureWater":0,"Toxic Egg 2":74,"InkBottle":95,"Meat on the Bone":48,"Runic Pyramid":55}],"InkBottle":[1],"Meat on the Bone":72},"card_choices":[{"not_picked":["Protect","Prostrate"],"picked":"CrushJoints","floor":1.0},{"not_picked":["ClearTheMind","FlyingSleeves","ReachHeaven"],"picked":"SKIP","floor":2.0},{"not_picked":["Evaluate","EmptyBody"],"picked":"WheelKick","floor":3.0},{"not_picked":["Protect","ReachHeaven","Nirvana"],"picked":"SKIP","floor":4.0},{"not_picked":["SashWhip","Protect"],"picked":"TalkToTheHand","floor":5.0},{"not_picked":["Fasting2","ReachHeaven"],"picked":"Scrawl","floor":7.0},{"not_picked":["Halt","SashWhip","EmptyBody"],"picked":"SKIP","floor":10.0},{"not_picked":["BowlingBash","FlyingSleeves"],"picked":"Ragnarok","floor":12.0},{"not_picked":["Conclude","Halt"],"picked":"DeusExMachina","floor":13.0},{"not_picked":["ForeignInfluence","FollowUp+1","SashWhip"],"picked":"SKIP","floor":18.0},{"not_picked":["Protect+1","Sanctity","SashWhip"],"picked":"SKIP","floor":19.0},{"not_picked":["Evaluate","DeusExMachina","WindmillStrike"],"picked":"SKIP","floor":20.0},{"not_picked":["Prostrate","ThirdEye"],"picked":"FlurryOfBlows","floor":22.0},{"not_picked":["Prostrate","FlurryOfBlows"],"picked":"Indignation","floor":24.0},{"not_picked":["JustLucky","BowlingBash"],"picked":"CutThroughFate","floor":25.0},{"not_picked":["FollowUp","Meditate","WindmillStrike"],"picked":"SKIP","floor":30.0},{"not_picked":["Alpha","DevaForm"],"picked":"LessonLearned","floor":33.0},{"not_picked":["WindmillStrike+1","PathToVictory","SashWhip"],"picked":"SKIP","floor":35.0},{"not_picked":["Protect","Weave","PathToVictory"],"picked":"SKIP","floor":36.0},{"not_picked":["Vengeance","ThirdEye+1"],"picked":"EmptyMind","floor":38.0},{"not_picked":["SashWhip","EmptyBody","JustLucky"],"picked":"SKIP","floor":39.0},{"not_picked":["Crescendo+1","BowlingBash+1","Blasphemy+1"],"picked":"SKIP","floor":41.0},{"not_picked":["FollowUp","Evaluate+1"],"picked":"Tantrum","floor":45.0},{"not_picked":["CrushJoints","FollowUp"],"picked":"InnerPeace+1","floor":46.0},{"not_picked":["Discovery+1","Swift Strike"],"picked":"Enlightenment+1","floor":47.0},{"not_picked":["Magnetism+1","Bandage Up+1"],"picked":"Flash of Steel","floor":47.0},{"not_picked":["CrushJoints+1","Weave","PathToVictory+1"],"picked":"SKIP","floor":48.0},{"not_picked":["EmptyBody+1","DevaForm+1","WindmillStrike+1"],"picked":"SKIP","floor":54}],"player_experience":1489100,"relics_obtained":[{"floor":10.0,"key":"White Beast Statue"},{"floor":13.0,"key":"Strawberry"},{"floor":24.0,"key":"Blood Vial"},{"floor":26.0,"key":"Bronze Scales"},{"floor":30.0,"key":"Meat on the Bone"},{"floor":41.0,"key":"Toxic Egg 2"},{"floor":43.0,"key":"Happy Flower"},{"floor":46.0,"key":"Frozen Egg 2"},{"floor":54,"key":"InkBottle"}],"event_choices":[{"damage_healed":0.0,"max_hp_gain":5.0,"max_hp_loss":0.0,"gold_gain":0.0,"event_name":"Big Fish","player_choice":"Donut","floor":14.0,"gold_loss":0.0,"damage_taken":0.0},{"damage_healed":0.0,"max_hp_gain":0.0,"max_hp_loss":0.0,"gold_gain":0.0,"cards_transformed":["Strike_P","Strike_P"],"event_name":"Drug Dealer","player_choice":"Became Test Subject","floor":27.0,"gold_loss":0.0,"damage_taken":0.0,"cards_obtained":["Wallop","EmptyFist"]},{"damage_healed":0.0,"max_hp_gain":0.0,"max_hp_loss":0.0,"gold_gain":0.0,"event_name":"Ghosts","player_choice":"Ignored","floor":31.0,"gold_loss":0.0,"damage_taken":0.0},{"damage_healed":0.0,"max_hp_gain":0.0,"max_hp_loss":0.0,"gold_gain":0.0,"event_name":"Duplicator","player_choice":"Copied","floor":37.0,"gold_loss":0.0,"damage_taken":0.0,"cards_obtained":["DeusExMachina"]},{"damage_healed":0.0,"max_hp_gain":0.0,"max_hp_loss":0.0,"gold_gain":0.0,"event_name":"SensoryStone","player_choice":"Memory 3","floor":47.0,"gold_loss":0.0,"damage_taken":10.0}],"is_beta":false,"boss_relics":[{"not_picked":["SacredBark","Sozu"],"picked":"VioletLotus"},{"not_picked":["SlaversCollar","Runic Dome"],"picked":"Runic Pyramid"}],"items_purged_floors":[21,29,53],"is_endless":false,"potions_floor_spawned":[4,5,12,13,16,18,19,20,22,24,25,30,33,35,36,38,39,41,45,46,48,54],"killed_by":"The Heart","ascension_level":14}}