{"host":"6rz02yiipefhcw4r","time":1613647765,"event":{"mods":["2.2 Compatiblity","BaseMod","Block Reminder","Colored Map","Curses Come First","DeckTracker","Googly Eyes","Minty Spire (QoL Compilation)","Quick Restart","Rare Cards Sparkle","StSLib"],"gold_per_floor":[365,380,108,120,133,161,161,195,195,195,195,229,229,259,259,259,259],"floor_reached":16,"language":"ENG","playtime":697,"items_purged":["Injury"],"score":306,"play_id":"b359b1e4-c957-4053-86d5-661d27af1f49","local_time":"20210218092925","is_ascension_mode":true,"campfire_choices":[{"data":"Electrodynamics","floor":7,"key":"SMITH"},{"data":"Barrage","floor":10,"key":"SMITH"},{"data":"Barrage","floor":13,"key":"SMITH"},{"data":"Loop","floor":15,"key":"SMITH"}],"circlet_count":0,"master_deck":["AscendersBane","Strike_B","Strike_B","Strike_B","Strike_B","Defend_B","Defend_B","Defend_B","Defend_B","Zap","Dualcast","Self Repair","Rebound","Barrage+1","BootSequence","Glacier","Glacier","Genetic Algorithm","Barrage+1","Electrodynamics+1","Ball Lightning","Coolheaded","Loop+1","Compile Driver"],"relics":["Cracked Core","Orrery","Potion Belt","Juzu Bracelet","Centennial Puzzle","Letter Opener","Ice Cream"],"acts_visited":["Exordium"],"potions_floor_usage":[6,12,16],"damage_taken":[{"damage":0,"enemies":"Small Slimes","floor":1,"turns":3},{"damage":11,"enemies":"Jaw Worm","floor":2,"turns":5},{"damage":0,"enemies":"Cultist","floor":4,"turns":3},{"damage":1,"enemies":"Blue Slaver","floor":5,"turns":6},{"damage":15,"enemies":"Lagavulin","floor":6,"turns":8},{"damage":5,"enemies":"3 Sentries","floor":8,"turns":3},{"damage":13,"enemies":"Gremlin Nob","floor":12,"turns":4},{"damage":0,"enemies":"3 Sentries","floor":14,"turns":3},{"damage":54,"enemies":"Hexaghost","floor":16,"turns":9}],"seed_played":"-7792395933239161381","potions_obtained":[{"floor":5,"key":"Energy Potion"},{"floor":6,"key":"Block Potion"},{"floor":12,"key":"Explosive Potion"}],"is_trial":false,"path_per_floor":["M","M","$","M","M","E","R","E","T","R","?","E","R","E","R","B"],"character_chosen":"DEFECT","items_purchased":["Barrage","Orrery"],"campfire_rested":0,"item_purchase_floors":[3,3],"current_hp_per_floor":[64,60,60,67,71,63,63,58,58,58,58,52,52,52,52,0,0],"gold":259,"neow_bonus":"TWO_FIFTY_GOLD","is_daily":false,"chose_seed":false,"campfire_upgraded":4,"win_rate":0.0,"timestamp":1613647765,"path_taken":["M","M","$","M","M","E","R","E","T","R","?","E","R","E","R","BOSS"],"items_purchased_type":["Card","Relic"],"build_version":"2020-12-22","purchased_purges":1,"victory":false,"max_hp_per_floor":[71,71,71,71,71,71,71,71,71,71,71,71,71,71,71,71,71],"card_choices":[{"not_picked":["Gash","FTL"],"picked":"Self Repair","floor":1},{"not_picked":["Redo","Auto Shields"],"picked":"Rebound","floor":2},{"not_picked":["Stack","Redo"],"picked":"BootSequence","floor":3},{"not_picked":["Hologram","Leap"],"picked":"Glacier","floor":3},{"not_picked":["Conserve Battery","Scrape"],"picked":"Glacier","floor":3},{"not_picked":["Rebound","Beam Cell"],"picked":"Genetic Algorithm","floor":3},{"not_picked":["Redo","Reprogram"],"picked":"Barrage","floor":3},{"not_picked":["Lockon","Rebound"],"picked":"Electrodynamics","floor":4},{"not_picked":["Hologram","Conserve Battery"],"picked":"Ball Lightning","floor":5},{"not_picked":["Seek","Force Field"],"picked":"Coolheaded","floor":6},{"not_picked":["Cold Snap","BootSequence"],"picked":"Loop","floor":8},{"not_picked":["Darkness","Coolheaded","Scrape"],"picked":"SKIP","floor":12},{"not_picked":["Force Field","Seek"],"picked":"Compile Driver","floor":14}],"player_experience":809884,"relics_obtained":[{"floor":6,"key":"Potion Belt"},{"floor":8,"key":"Juzu Bracelet"},{"floor":9,"key":"Centennial Puzzle"},{"floor":12,"key":"Letter Opener"},{"floor":14,"key":"Ice Cream"}],"event_choices":[{"damage_healed":0,"gold_gain":0,"player_choice":"Searched \u00271\u0027 times","damage_taken":0,"max_hp_gain":0,"max_hp_loss":0,"event_name":"Dead Adventurer","floor":11,"gold_loss":0}],"is_beta":false,"boss_relics":[],"items_purged_floors":[3],"is_endless":false,"potions_floor_spawned":[5,6,12],"killed_by":"Hexaghost","ascension_level":20}}