{"host":"rspt8ghchagqewrq","time":1613666088,"event":{"mods":["AchievementEnabler","BaseMod","Colored Map","Colored Powertips","Minty Spire (QoL Compilation)","Quick Restart"],"gold_per_floor":[115,133,133,149,163,191,191,204,230,244,244,272,272,285,285,389,389,370,380,394,394,394,394],"floor_reached":22,"language":"FRA","playtime":1318,"items_purged":[],"score":210,"play_id":"8859a437-08de-435f-806b-662a037acc92","local_time":"20210218173448","is_ascension_mode":true,"campfire_choices":[{"data":"Leg Sweep","floor":7,"key":"SMITH"},{"data":"Deadly Poison","floor":15,"key":"SMITH"}],"circlet_count":0,"master_deck":["Survivor","Neutralize","Deadly Poison+1","Leg Sweep+1","Blade Dance","Deflect","Accuracy","Bane","Blur","Deadly Poison","A Thousand Cuts","Caltrops","Infinite Blades","Acrobatics","Cloak And Dagger","Poisoned Stab","Footwork","Reflex","Unload","Endless Agony","Malaise","Noxious Fumes","Cloak And Dagger+1","Poisoned Stab"],"relics":["Snecko Eye","Sundial","Art of War","Whetstone","Pandora\u0027s Box"],"acts_visited":["Exordium","TheCity"],"potions_floor_usage":[10,12,12,16],"damage_taken":[{"damage":0,"enemies":"Jaw Worm","floor":1,"turns":5},{"damage":2,"enemies":"2 Louse","floor":2,"turns":2},{"damage":0,"enemies":"Small Slimes","floor":4,"turns":3},{"damage":0,"enemies":"Looter","floor":5,"turns":4},{"damage":5,"enemies":"Lagavulin","floor":6,"turns":7},{"damage":5,"enemies":"3 Louse","floor":8,"turns":3},{"damage":0,"enemies":"Large Slime","floor":10,"turns":4},{"damage":18,"enemies":"3 Sentries","floor":12,"turns":12},{"damage":7,"enemies":"Exordium Wildlife","floor":14,"turns":4},{"damage":29,"enemies":"Hexaghost","floor":16,"turns":13},{"damage":14,"enemies":"2 Thieves","floor":18,"turns":4},{"damage":13,"enemies":"Chosen","floor":19,"turns":6},{"damage":8,"enemies":"Centurion and Healer","floor":20,"turns":7},{"damage":43,"enemies":"Cultist and Chosen","floor":22,"turns":4}],"seed_played":"-418885816453229059","potions_obtained":[{"floor":1,"key":"LiquidMemories"},{"floor":2,"key":"GamblersBrew"},{"floor":4,"key":"PowerPotion"},{"floor":14,"key":"Energy Potion"}],"is_trial":false,"path_per_floor":["M","M","$","M","M","E","R","M","T","M","?","E","?","M","R","B",null,"M","M","M","?","M"],"character_chosen":"THE_SILENT","items_purchased":[],"campfire_rested":0,"item_purchase_floors":[],"current_hp_per_floor":[70,68,68,68,68,63,63,58,58,58,58,40,45,38,38,9,75,61,48,40,40,0,0],"gold":394,"neow_bonus":"BOSS_RELIC","is_daily":false,"chose_seed":false,"campfire_upgraded":2,"win_rate":0.0,"timestamp":1613666088,"path_taken":["M","M","$","M","M","E","R","M","T","M","?","E","?","M","R","BOSS","M","M","M","?","M"],"items_purchased_type":[],"build_version":"2020-12-22","purchased_purges":0,"victory":false,"max_hp_per_floor":[70,70,70,70,70,70,70,70,70,70,70,70,75,75,75,75,75,75,75,75,75,75,75],"card_choices":[{"not_picked":["Infinite Blades","Concentrate"],"picked":"Deadly Poison","floor":1},{"not_picked":["Finisher","Underhanded Strike"],"picked":"Leg Sweep","floor":2},{"not_picked":["Cloak And Dagger","Dodge and Roll"],"picked":"Blade Dance","floor":4},{"not_picked":["Setup","Calculated Gamble"],"picked":"Deflect","floor":5},{"not_picked":["Malaise","Prepared"],"picked":"Accuracy","floor":6},{"not_picked":["Dagger Spray","Accuracy"],"picked":"Bane","floor":8},{"not_picked":["Acrobatics","Slice","Prepared"],"picked":"SKIP","floor":10},{"not_picked":["Flying Knee","Blade Dance"],"picked":"Blur","floor":12},{"not_picked":["Deflect","After Image"],"picked":"Deadly Poison","floor":14},{"not_picked":["Doppelganger","Adrenaline"],"picked":"A Thousand Cuts","floor":16},{"not_picked":["Blur","Sucker Punch"],"picked":"Noxious Fumes","floor":18},{"not_picked":["Setup","Accuracy"],"picked":"Cloak And Dagger+1","floor":19},{"not_picked":["Flying Knee+1","Slice"],"picked":"Poisoned Stab","floor":20}],"player_experience":92564,"relics_obtained":[{"floor":6,"key":"Sundial"},{"floor":9,"key":"Art of War"},{"floor":12,"key":"Whetstone"}],"event_choices":[{"damage_healed":0,"gold_gain":0,"player_choice":"Ignored","damage_taken":0,"max_hp_gain":0,"max_hp_loss":0,"event_name":"Liars Game","floor":11,"gold_loss":0},{"damage_healed":0,"gold_gain":0,"player_choice":"Donut","damage_taken":0,"max_hp_gain":5,"max_hp_loss":0,"event_name":"Big Fish","floor":13,"gold_loss":0},{"damage_healed":0,"gold_gain":0,"player_choice":"Ignored","damage_taken":0,"max_hp_gain":0,"max_hp_loss":0,"event_name":"Ghosts","floor":21,"gold_loss":0}],"is_beta":false,"boss_relics":[{"not_picked":["HoveringKite","Philosopher\u0027s Stone"],"picked":"Pandora\u0027s Box"}],"items_purged_floors":[],"is_endless":false,"potions_floor_spawned":[1,2,4,14],"killed_by":"Cultist and Chosen","ascension_level":1}}