{"host":"956g3854xvs16zht","time":1613606503,"event":{"mods":["2.2 Compatiblity","AlwaysNeverKeys","Aspiration","BaseMod","BetterRewards","Colored Map","Colored Powertips","DeckTracker","Displayed Cursed Tome","Energized Spire","Evolution","Friendly Minions","Infinite Spire","Minty Spire (QoL Compilation)","Permanent Neow","Relic Filter","Relic Sorter","Shop Mod","Spicy Shops","StSLib","TheHero"],"gold_per_floor":[117,117,128,21,21,53,53,65,65,90,102,112,128,142,142,239,239,250,250,270,185,185,185,215,215,215,239,262,284,314,326,338,350,350],"floor_reached":33,"language":"ENG","playtime":6330,"items_purged":[],"score":281,"play_id":"50e1a3e9-7ac7-41c7-ba56-b69538b68e43","local_time":"20210217190143","is_ascension_mode":false,"campfire_choices":[{"data":"Defragment","floor":7,"key":"SMITH"},{"data":"Self Repair","floor":15,"key":"SMITH"},{"data":"Thunder Strike","floor":23,"key":"SMITH"},{"data":"Redo","floor":25,"key":"SMITH"},{"floor":32,"key":"REST"}],"circlet_count":0,"master_deck":["Barrage","Barrage","Strike_B","Strike_B","Defend_B","Defend_B","Defend_B","Defend_B","Zap","Dualcast","Defragment+1","Self Repair+1","Ball Lightning","Storm","Redo","Barrage","Conserve Battery","Gash","Go for the Eyes","Redo+1","Thunder Strike+1","Auto Shields+1","Auto Shields+1","Auto Shields+1","Ball Lightning+1"],"relics":["Cracked Core","aspiration:DSix","EVO:Axolotl","Strawberry","Mercury Hourglass","Frozen Egg 2","Torii","Nloth\u0027s Gift","Oddly Smooth Stone","aspiration:TomeofQuesting","MawBank","aspiration:Stellarator","Shuriken"],"acts_visited":["Exordium","TheCity"],"potions_floor_usage":[24],"damage_taken":[{"damage":1,"enemies":"2 Louse","floor":1,"turns":3},{"damage":1,"enemies":"Cultist","floor":3,"turns":3},{"damage":8,"enemies":"Gremlin Nob","floor":6,"turns":3},{"damage":8,"enemies":"Jaw Worm","floor":8,"turns":3},{"damage":18,"enemies":"3 Sentries","floor":10,"turns":4},{"damage":3,"enemies":"Gremlin Gang","floor":11,"turns":3},{"damage":0,"enemies":"Large Slime","floor":12,"turns":2},{"damage":13,"enemies":"Red Slaver","floor":13,"turns":2},{"damage":2,"enemies":"Blue Slaver","floor":14,"turns":4},{"damage":25,"enemies":"The Guardian","floor":16,"turns":7},{"damage":22,"enemies":"Spheric Guardian","floor":18,"turns":5},{"damage":17,"enemies":"Shell Parasite","floor":20,"turns":4},{"damage":26,"enemies":"Book of Stabbing","floor":24,"turns":5},{"damage":22,"enemies":"Shelled Parasite and Fungi","floor":27,"turns":5},{"damage":1,"enemies":"Snecko","floor":28,"turns":5},{"damage":10,"enemies":"Cultist and Chosen","floor":29,"turns":5},{"damage":10,"enemies":"Centurion and Healer","floor":30,"turns":8},{"damage":88,"enemies":"Champ","floor":33,"turns":10}],"seed_played":"1613637761526372720","potions_obtained":[{"floor":1,"key":"PowerPotion"},{"floor":10,"key":"SkillPotion"},{"floor":11,"key":"EssenceOfDarkness"},{"floor":13,"key":"Ancient Potion"},{"floor":27,"key":"ColorlessPotion"}],"is_trial":false,"path_per_floor":["M","?","M","$","?","E","R","M","T","E","M","M","M","M","R","B",null,"M","?","M","?","?","R","E","R","T","M","M","M","M","AVR","R","B"],"character_chosen":"DEFECT","items_purchased":["Ball Lightning","Storm"],"campfire_rested":1,"item_purchase_floors":[4,4],"current_hp_per_floor":[74,81,80,80,62,61,61,60,60,49,53,53,47,52,52,37,82,70,70,63,63,63,63,47,47,47,35,44,44,44,44,68,0,0],"gold":350,"neow_bonus":"DSIX","is_daily":false,"chose_seed":false,"campfire_upgraded":4,"win_rate":0.0,"timestamp":1613606503,"path_taken":["M","?","?","?","?","E","R","M","T","E","?","M","?","M","R","BOSS","M","?","?","?","?","R","E","R","T","?","M","M","M","AVR","R","BOSS"],"items_purchased_type":["Card","Card"],"build_version":"2020-12-22","purchased_purges":0,"victory":false,"max_hp_per_floor":[75,82,82,82,82,82,82,82,82,82,82,82,82,82,82,82,82,82,82,82,82,82,82,82,82,82,82,82,82,82,82,82,82,82],"card_choices":[{"not_picked":["Glacier","Rebound"],"picked":"Defragment","floor":1},{"not_picked":["Rebound","Compile Driver"],"picked":"Self Repair","floor":3},{"not_picked":["Leap","Rebound"],"picked":"Redo","floor":6},{"not_picked":["Biased Cognition+1","Coolheaded"],"picked":"Barrage","floor":8},{"not_picked":["Consume","Ball Lightning"],"picked":"Conserve Battery","floor":10},{"not_picked":["Melter","Beam Cell"],"picked":"Gash","floor":11},{"not_picked":["Rebound","Storm+1"],"picked":"Go for the Eyes","floor":12},{"not_picked":["Barrage","Cold Snap","All For One"],"picked":"SKIP","floor":13},{"not_picked":["Coolheaded","Conserve Battery"],"picked":"Redo","floor":14},{"not_picked":["Fission","Biased Cognition+1"],"picked":"Thunder Strike","floor":16},{"not_picked":["Cold Snap","Sweeping Beam"],"picked":"Auto Shields+1","floor":18},{"not_picked":["Genetic Algorithm","Melter"],"picked":"Auto Shields+1","floor":20},{"not_picked":["Consume","White Noise","Scrape"],"picked":"SKIP","floor":24},{"not_picked":["Cold Snap+1","Redo","Compile Driver"],"picked":"SKIP","floor":27},{"not_picked":["Leap","Rebound"],"picked":"Auto Shields+1","floor":28},{"not_picked":["Barrage","Hello World+1"],"picked":"Ball Lightning+1","floor":29},{"not_picked":["Go for the Eyes","Darkness+1","Leap"],"picked":"SKIP","floor":30}],"player_experience":26652,"relics_obtained":[{"floor":6,"key":"Frozen Egg 2"},{"floor":10,"key":"Torii"},{"floor":24,"key":"aspiration:TomeofQuesting"},{"floor":26,"key":"MawBank"}],"event_choices":[{"damage_healed":0,"gold_gain":0,"player_choice":"Gave Potion","damage_taken":0,"relics_obtained":["Strawberry"],"max_hp_gain":0,"max_hp_loss":0,"event_name":"WeMeetAgain","floor":2,"gold_loss":0},{"damage_healed":0,"gold_gain":0,"player_choice":"Success","damage_taken":18,"relics_obtained":["Mercury Hourglass"],"max_hp_gain":0,"max_hp_loss":0,"event_name":"Scrap Ooze","floor":5,"gold_loss":0},{"damage_healed":0,"gold_gain":0,"player_choice":"Traded Relic","damage_taken":0,"relics_obtained":["Nloth\u0027s Gift"],"max_hp_gain":0,"max_hp_loss":0,"event_name":"N\u0027loth","floor":19,"relics_lost":["SacredBark"],"gold_loss":0},{"damage_healed":0,"gold_gain":0,"player_choice":"Obtained Relic","damage_taken":0,"relics_obtained":["Oddly Smooth Stone"],"max_hp_gain":0,"max_hp_loss":0,"event_name":"Addict","floor":21,"gold_loss":85},{"damage_healed":0,"gold_gain":0,"player_choice":"Ignored","damage_taken":0,"max_hp_gain":0,"max_hp_loss":0,"event_name":"Transmorgrifier","floor":22,"gold_loss":0}],"is_beta":false,"boss_relics":[{"not_picked":["Runic Dome","energizedSpire:CursedPentagram"],"picked":"SacredBark"}],"items_purged_floors":[],"is_endless":false,"potions_floor_spawned":[1,10,11,13,14,18,20,27,29],"killed_by":"Champ","ascension_level":0}}