{"host":"lxu17chzujqn8whl","time":1613674803,"event":{"mods":["BaseMod","Minty Spire (QoL Compilation)","Relic Stats","StSLib"],"gold_per_floor":[111,126,136,152,152,177,189,217,254,331,384,422,565,811,823,835,835],"floor_reached":16,"language":"ENG","playtime":522,"items_purged":[],"score":114,"play_id":"5b1f3296-5591-402b-9e9e-b8b15bc0c16c","local_time":"20210218110003","is_ascension_mode":false,"campfire_choices":[{"floor":7.0,"key":"REST"},{"floor":15,"key":"REST"}],"circlet_count":0,"master_deck":["Strike_R","Strike_R","Strike_R","Strike_R","Strike_R","Defend_R","Defend_R","Defend_R","Defend_R","Bash","Disarm","Cleave","Pommel Strike","Clothesline","Doubt"],"relics":["Burning Blood","SsserpentHead","MawBank","CeramicFish","Bronze Scales","Eternal Feather"],"acts_visited":["Exordium"],"potions_floor_usage":[11,11,12],"damage_taken":[{"damage":6.0,"enemies":"Jaw Worm","floor":1.0,"turns":3.0},{"damage":3.0,"enemies":"Cultist","floor":2.0,"turns":5.0},{"damage":10.0,"enemies":"2 Louse","floor":3.0,"turns":3.0},{"damage":16.0,"enemies":"2 Fungi Beasts","floor":4.0,"turns":4.0},{"damage":33.0,"enemies":"3 Sentries","floor":6.0,"turns":10.0},{"damage":22.0,"enemies":"Looter","floor":8.0,"turns":4.0},{"damage":43,"enemies":"Gremlin Gang","floor":10,"turns":4},{"damage":18,"enemies":"Gremlin Nob","floor":11,"turns":4},{"damage":5,"enemies":"Blue Slaver","floor":12,"turns":3},{"damage":39,"enemies":"Hexaghost","floor":16,"turns":13}],"seed_played":"7647616017087990931","potions_obtained":[{"floor":1.0,"key":"FearPotion"},{"floor":4.0,"key":"PowerPotion"},{"floor":8.0,"key":"DuplicationPotion"},{"floor":11,"key":"Fire Potion"}],"is_trial":false,"path_per_floor":["M","M","M","M","?","E","R","M","T","M","E","M","T","?","R","B"],"character_chosen":"IRONCLAD","items_purchased":[],"campfire_rested":2,"item_purchase_floors":[],"current_hp_per_floor":[88,88,84,74,74,47,73,57,57,20,8,9,9,9,44,5,5],"gold":835,"neow_bonus":"TEN_PERCENT_HP_BONUS","is_daily":false,"chose_seed":false,"campfire_upgraded":0,"win_rate":0.0,"timestamp":1613674803,"path_taken":["M","M","M","M","?","E","R","M","T","?","E","M","?","?","R","BOSS"],"items_purchased_type":[],"build_version":"2020-12-22","purchased_purges":0,"victory":false,"max_hp_per_floor":[88,88,88,88,88,88,88,88,88,88,88,88,88,88,88,88,88],"relic_stats":{"SsserpentHead":150,"counters":[10,53],"CeramicFish":27,"Bronze Scales":[75],"Eternal Feather":9,"MawBank":120,"obtain_stats":[{"SsserpentHead":5,"CeramicFish":9,"Bronze Scales":11,"Eternal Feather":13,"MawBank":6,"Burning Blood":0},{"SsserpentHead":4,"CeramicFish":6,"Bronze Scales":8,"Eternal Feather":9,"MawBank":5,"Burning Blood":0},{"SsserpentHead":15,"CeramicFish":29,"Bronze Scales":37,"Eternal Feather":40,"MawBank":25,"Burning Blood":0}],"Burning Blood":51},"card_choices":[{"not_picked":["Dark Embrace","Iron Wave"],"picked":"Disarm","floor":1.0},{"not_picked":["Clash","Flex","Bloodletting"],"picked":"SKIP","floor":2.0},{"not_picked":["Sword Boomerang","Infernal Blade","Heavy Blade"],"picked":"SKIP","floor":3.0},{"not_picked":["Rupture","Iron Wave","Twin Strike"],"picked":"SKIP","floor":4.0},{"not_picked":["Heavy Blade","Clash","Power Through"],"picked":"SKIP","floor":6.0},{"not_picked":["Seeing Red","Heavy Blade"],"picked":"Cleave","floor":8.0},{"not_picked":["Sword Boomerang","True Grit","Warcry"],"picked":"SKIP","floor":10},{"not_picked":["Warcry","Combust"],"picked":"Pommel Strike","floor":11},{"not_picked":["Sword Boomerang","Thunderclap"],"picked":"Clothesline","floor":12}],"player_experience":705674,"relics_obtained":[{"floor":6.0,"key":"MawBank"},{"floor":9.0,"key":"CeramicFish"},{"floor":11,"key":"Bronze Scales"},{"floor":13,"key":"Eternal Feather"}],"event_choices":[{"damage_healed":0.0,"max_hp_gain":0.0,"max_hp_loss":0.0,"gold_gain":0.0,"event_name":"FaceTrader","player_choice":"Trade","floor":5.0,"gold_loss":0.0,"damage_taken":0.0,"relics_obtained":["SsserpentHead"]},{"damage_healed":0,"gold_gain":175,"player_choice":"AGREE","damage_taken":0,"max_hp_gain":0,"max_hp_loss":0,"event_name":"Liars Game","floor":14,"gold_loss":0,"cards_obtained":["Doubt"]}],"is_beta":false,"boss_relics":[],"items_purged_floors":[],"is_endless":false,"potions_floor_spawned":[1,4,8,11],"killed_by":"Hexaghost","ascension_level":0}}