{"host":"38p8qnzhmsyj15s2","time":1613644627,"event":{"mods":["AchievementEnabler","Act Like it!","Aspiration","BaseMod","BetterRewards","Challenge The Spire","Colored Powertips","Conspire","DeckTracker","Defuse TimeMaze Blight","Downfall","Energized Spire","GifTheSpireLib","Googly Eyes","Halation","Hermit","Infinite Spire","Jorbs\u0027s Wanderer Trilogy","Minty Spire (QoL Compilation)","Quick Restart","Random Character Button","Rare Cards Sparkle","Replay The Spire","StSLib","The Hayseed","The Hierophant","The Jungle","TheFirefly","Wandering Minibosses","everything is the same but u backflip on backflip"],"gold_per_floor":[118,118,129,129,23,23,57,21,21,52,64,64,91,104,104,203,203,213,224,257,273,297,297,313,313,337,337,337,337,337,360,360,460,460,479,497,497,497,512,550,550,578,578,590,590,590,590,617,617,626],"floor_reached":51,"language":"ENG","playtime":7464,"items_purged":["Amnesia","champ:PerfectedStrike"],"score":865,"play_id":"f6684a3a-8cdc-41d5-a605-19641d775dbe","local_time":"20210218103707","is_ascension_mode":false,"campfire_choices":[{"data":"hermit:Snapshot","floor":6.0,"key":"SMITH"},{"data":"stsjorbsmod:Prestidigitation","floor":15.0,"key":"SMITH"},{"floor":23,"key":"REST"},{"data":"sneckomod:SerpentIdol","floor":27,"key":"SMITH"},{"data":"thefirefly:NebulaVeil","floor":30,"key":"SMITH"},{"data":"hermit:LoneWolf","floor":32,"key":"SMITH"},{"data":"Replay:Undeath\u0027s Touch","floor":41,"key":"SMITH"},{"data":"Mayhem","floor":47,"key":"SMITH"},{"floor":49,"key":"REST"}],"circlet_count":0,"master_deck":["hermit:Strike_Hermit","hermit:Strike_Hermit","hermit:Snapshot+1","hermit:Roulette+1","hexamod:ThirdSeal","hermit:Adapt+1","thefirefly:NebulaVeil+1","sneckomod:SerpentIdol+1","hermit:Headshot+1","hermit:LoneWolf+1","hexamod:Hexaguard","Injury","stsjorbsmod:Prestidigitation+1","Replay:Dark Deal+1","Pain","Voices","hierophant:Chorus+1","conspire:SharedLibrary","stsjorbsmod:OldPocket+1","ReplayTheSpireMod:Tripwire+1","conspire:Rain+1","Deflect+1","theJungle:Gourd+1","theJungle:Gourd+1","theJungle:Gourd+1","theJungle:Gourd+1","theJungle:Gourd+1","Slimebound:Replication+1","BasicCrystalCard+1","bronze:SpaghettiCode+1","expansioncontent:QuickStudy+1","sneckomod:Unknown1Cost+1","stsjorbsmod:ParryingBlow+1","Replay:Parry","Mayhem+1","ReplayTheSpireMod:Uncanny Aura+1","bronze:WhirlingStrike","Replay:Undeath\u0027s Touch+1","stsjorbsmod:SilverStrike+1","stsjorbsmod:Brooding+1","Crescendo+1"],"relics":["hermit:Momento","PrismaticShard","Ring of Panic","Ring of Peace","ReplayFunnel","Replay:Bottled Eggs","hermit:CharredGlove","Toxic Egg 2","halation:AfternoonTea","Kintsugi","Replay:Towering Pillar of Hats","theJungle:BirthdayCake","Bag of Preparation","Blue Doll","Ring of Chaos","halation:PapillonHeart","Nunchaku","halation:IllGainedPizza","HornCleat","Orichalcum","aspiration:PoetsPen_weak","halation:LettersToHer"],"acts_visited":["Exordium","Exordium","TheBeyond"],"potions_floor_usage":[33,36,50],"damage_taken":[{"damage":0.0,"enemies":"Cultist","floor":1.0,"turns":4.0},{"damage":0.0,"enemies":"Jaw Worm","floor":3.0,"turns":3.0},{"damage":8.0,"enemies":"3 Sentries","floor":7.0,"turns":11.0},{"damage":0.0,"enemies":"Lagavulin","floor":10.0,"turns":5.0},{"damage":0.0,"enemies":"Small Slimes","floor":11.0,"turns":2.0},{"damage":0.0,"enemies":"Looter","floor":14.0,"turns":2.0},{"damage":22.0,"enemies":"The Guardian","floor":16.0,"turns":8.0},{"damage":9.0,"enemies":"theJungle:Flameango_and_Byrd","floor":18.0,"turns":6.0},{"damage":13,"enemies":"theJungle:5_Spyders","floor":19,"turns":8},{"damage":0,"enemies":"conspire:MimicChest","floor":20,"turns":7},{"damage":4,"enemies":"theJungle:2_Flameangoes","floor":21,"turns":7},{"damage":0,"enemies":"theJungle:JungleHuntersEncounter","floor":22,"turns":6},{"damage":6,"enemies":"theJungle:Snecko_Cultist_And_Trap","floor":24,"turns":8},{"damage":0,"enemies":"theJungle:Lyon","floor":31,"turns":7},{"damage":0,"enemies":"theJungle:QueenSpyder","floor":33,"turns":9},{"damage":0,"enemies":"Orb Walker","floor":35,"turns":4},{"damage":0,"enemies":"3 Darklings","floor":36,"turns":5},{"damage":0,"enemies":"Transient","floor":39,"turns":5},{"damage":0,"enemies":"Nemesis","floor":40,"turns":7},{"damage":10,"enemies":"Reptomancer","floor":42,"turns":6},{"damage":0,"enemies":"Writhing Mass","floor":44,"turns":2},{"damage":0,"enemies":"Spire Growth","floor":48,"turns":3},{"damage":97,"enemies":"Awakened One","floor":50,"turns":6}],"seed_played":"-3047335680873163989","potions_obtained":[{"floor":1.0,"key":"FearPotion"},{"floor":7.0,"key":"SkillPotion"},{"floor":10.0,"key":"hexamod:SoulburnPotion"},{"floor":11.0,"key":"Explosive Potion"},{"floor":20,"key":"SpeedPotion"},{"floor":22,"key":"Reflective Coating"},{"floor":24,"key":"bronze:BurnAndBuffPotion"},{"floor":33,"key":"sneckomod:MuddlingPotion"},{"floor":35,"key":"AttackPotion"},{"floor":40,"key":"Elixir"}],"is_trial":false,"path_per_floor":["M","?","M","?","$","R","E","$","T","E","M","?","T","M","R","B",null,"M","M","?","M","M","R","M","?","T","R","AVR","?","R","M","R","B",null,"M","M","?","?","M","E","R","E","T","M","AVR","T","R","M","R","B",null],"character_chosen":"HERMIT","items_purchased":["hermit:Adapt+1","hermit:Headshot+1"],"campfire_rested":2,"item_purchase_floors":[5,8],"current_hp_per_floor":[82,82,82,82,82,82,74,74,74,74,74,74,74,74,74,52,82,73,60,60,56,56,80,82,102,102,102,102,102,102,102,102,102,102,102,102,97,87,87,87,87,77,77,77,77,77,77,77,97,6],"gold":626,"neow_bonus":"TEN_PERCENT_HP_BONUS","is_daily":false,"chose_seed":false,"campfire_upgraded":7,"win_rate":0.0,"timestamp":1613644627,"path_taken":["M","?","M","?","$","R","E","?","T","E","M","?","?","M","R","BOSS","M","M","?","M","M","R","M","?","T","R","AVR","?","R","M","R","BOSS","M","M","?","?","M","E","R","E","T","M","AVR","?","R","M","R","BOSS"],"items_purchased_type":["Card","Card"],"build_version":"2020-12-22","purchased_purges":2,"victory":true,"max_hp_per_floor":[82,82,82,82,82,82,82,82,82,82,82,82,82,82,82,82,82,82,82,82,82,82,82,82,102,102,102,102,102,102,102,102,102,102,102,102,97,97,97,97,97,97,97,97,97,97,97,97,97,97],"card_choices":[{"not_picked":["hermit:Feint","hermit:LowProfile"],"picked":"hermit:Roulette","floor":1.0},{"not_picked":["champ:Backstep","Guardian:EvasiveProtocol"],"picked":"hexamod:ThirdSeal","floor":3.0},{"not_picked":["champ:Haymaker","Slimebound:RollThrough"],"picked":"thefirefly:NebulaVeil","floor":7.0},{"not_picked":["thefirefly:FullProjection","thefirefly:InterceptingShot"],"picked":"sneckomod:SerpentIdol","floor":7.0},{"not_picked":["stsjorbsmod:DisguiseSelf","Slimebound:Chomp"],"picked":"hermit:LoneWolf","floor":10.0},{"not_picked":["champ:SteelEdge","Ball Lightning"],"picked":"hexamod:Hexaguard","floor":10.0},{"not_picked":["hexamod:FastForward","champ:DefensiveShout","champ:FancyFootwork"],"picked":"SKIP","floor":11.0},{"not_picked":["expansioncontent:PrepareCrush+1","Expertise+1"],"picked":"stsjorbsmod:Prestidigitation","floor":14.0},{"not_picked":["bronze:BurnOut","TheSimpletonMod:TakeHeart+1"],"picked":"Replay:Dark Deal+1","floor":16.0},{"not_picked":["Guardian:Gem_Green","hexamod:GhostShield+1"],"picked":"hierophant:Chorus+1","floor":18},{"not_picked":["expansioncontent:GuardianWhirl","TheSimpletonMod:DoubleBarrel"],"picked":"champ:PerfectedStrike","floor":19},{"not_picked":["CarveReality","thefirefly:ArtillleryBeam+1"],"picked":"conspire:SharedLibrary","floor":19},{"not_picked":["Intimidate+1","Bandage Up+1"],"picked":"stsjorbsmod:OldPocket+1","floor":20},{"not_picked":["Replay:AtTheReady+1","Aggregate+1"],"picked":"ReplayTheSpireMod:Tripwire+1","floor":20},{"not_picked":["stsjorbsmod:WanderingMind+1","Well Laid Plans","hexamod:ThermalTransfer"],"picked":"SKIP","floor":21},{"not_picked":["bronze:ChildClass+1","champ:ArenaPreparation+1","Coolheaded+1"],"picked":"SKIP","floor":21},{"not_picked":["stsjorbsmod:FocusedRage+1","Slimebound:RollThrough"],"picked":"conspire:Rain+1","floor":22},{"not_picked":["stsjorbsmod:Goosebumps","sneckomod:DiceCrush+1","Quick Slash"],"picked":"SKIP","floor":22},{"not_picked":["Aggregate+1","thefirefly:EphemeronForm"],"picked":"Deflect+1","floor":24},{"not_picked":["Guardian:Gem_Green","Defy Death+1","stsjorbsmod:Shake+1"],"picked":"SKIP","floor":24},{"not_picked":["Cold Snap","Sucker Punch"],"picked":"Slimebound:Replication+1","floor":31},{"not_picked":["stsjorbsmod:ForcedPresence+1","thefirefly:Prominence"],"picked":"BasicCrystalCard+1","floor":31},{"not_picked":["stsjorbsmod:MirrorImage+1","hierophant:LocustPlague"],"picked":"bronze:SpaghettiCode+1","floor":33},{"not_picked":["TheSimpletonMod:CrackOfDawn","thefirefly:SoulStrike"],"picked":"expansioncontent:QuickStudy+1","floor":33},{"not_picked":["stsjorbsmod:Hibernate+1","TheSimpletonMod:SeedCoat+1"],"picked":"sneckomod:Unknown1Cost+1","floor":35},{"not_picked":["hexamod:GhostShield+1","bronze:Invalidate+1"],"picked":"stsjorbsmod:ParryingBlow+1","floor":36},{"not_picked":["Trip+1","Replay:Dark Deal+1"],"picked":"Replay:Parry","floor":38},{"not_picked":["Replay:BasicMightCard","Replay:Parry"],"picked":"Mayhem","floor":38},{"not_picked":["ReplayTheSpireMod:Trickstab","PanicButton+1"],"picked":"ReplayTheSpireMod:Uncanny Aura+1","floor":38},{"not_picked":["hermit:HighCaliber","ReplayTheSpireMod:Strike From Hell+1"],"picked":"bronze:WhirlingStrike","floor":39},{"not_picked":["thefirefly:MirrorShield+1","Halt+1","TheSimpletonMod:OnionBloom+1"],"picked":"SKIP","floor":39},{"not_picked":["hermit:Vantage+1","thefirefly:Reposition+1"],"picked":"Replay:Undeath\u0027s Touch","floor":40},{"not_picked":["bronze:OilSpill+1","Guardian:Reroute+1","TheSimpletonMod:DigIn+1"],"picked":"SKIP","floor":40},{"not_picked":["champ:BerserkersShout+1","All Out Attack+1"],"picked":"stsjorbsmod:SilverStrike+1","floor":42},{"not_picked":["sneckomod:UnknownBlock+1","ConjureBlade+1"],"picked":"stsjorbsmod:Brooding+1","floor":42},{"not_picked":["TheSimpletonMod:Germinate+1","Forethought+1"],"picked":"Crescendo+1","floor":44},{"not_picked":["hermit:Horror+1","hierophant:SealAway+1","TheSimpletonMod:CullingStrike+1"],"picked":"SKIP","floor":48}],"player_experience":5793,"relics_obtained":[{"floor":4.0,"key":"Ring of Panic"},{"floor":4.0,"key":"Ring of Peace"},{"floor":7.0,"key":"ReplayFunnel"},{"floor":9.0,"key":"Replay:Bottled Eggs"},{"floor":10.0,"key":"hermit:CharredGlove"},{"floor":13.0,"key":"halation:AfternoonTea"},{"floor":20,"key":"Replay:Towering Pillar of Hats"},{"floor":26,"key":"Bag of Preparation"},{"floor":40,"key":"Nunchaku"},{"floor":42,"key":"halation:IllGainedPizza"},{"floor":43,"key":"HornCleat"},{"floor":46,"key":"halation:LettersToHer"}],"event_choices":[{"damage_healed":0,"gold_gain":0,"player_choice":"Memory 3","damage_taken":10,"max_hp_gain":0,"max_hp_loss":0,"event_name":"SensoryStone","floor":38,"gold_loss":0}],"is_beta":false,"boss_relics":[{"not_picked":["Coffee Dripper","Runic Pyramid"],"picked":"Kintsugi"},{"not_picked":["Runic Dome","aspiration:DefectSkillbook"],"picked":"Ring of Chaos"}],"items_purged_floors":[28,45],"is_endless":false,"potions_floor_spawned":[1,7,10,11,20,22,24,33,35,40,48],"ascension_level":0}}