{"host":"l2lylj0omvglf5x0","time":1613667119,"event":{"mods":["2.2 Compatiblity","BaseMod","Bestiary","Block Reminder","Colored Map","Colored Powertips","Curses Come First","Highlight Path","Keyboard Shortcuts","Minty Spire (QoL Compilation)","Relic Sorter","Relic Stats","Slay the Relics Exporter","StSLib","SuperFastMode"],"gold_per_floor":[111,131,48,13,29,29,63,63,63,91,109,119,146,163,163,258,258,274,274,274,45,45,72,82,32,32,32,63,14,49,62,62,62,62],"floor_reached":33,"language":"ENG","playtime":2744,"items_purged":["Strike_R"],"score":485,"play_id":"2117f0af-421d-4a2f-bb15-5c5f2068aa87","local_time":"20210218175159","is_ascension_mode":true,"campfire_choices":[{"data":"Armaments","floor":6,"key":"SMITH"},{"data":"Bandage Up","floor":8,"key":"SMITH"},{"floor":15,"key":"RECALL"},{"floor":27,"key":"REST"},{"floor":32,"key":"REST"}],"circlet_count":0,"master_deck":["AscendersBane","Strike_R","Strike_R","Defend_R","Defend_R","Defend_R","Bash","Warcry","Armaments+1","Bandage Up+1","Metallicize","Brutality","Heavy Blade","Dropkick","Reaper","Clothesline","Bludgeon","Ghostly Armor+1","True Grit+1","Rupture+1","Shrug It Off+1"],"relics":["Runic Pyramid","Thread and Needle","StrikeDummy","Dead Branch","Regal Pillow","Black Star","Sling","Toxic Egg 2","Shuriken","Singing Bowl","Bird Faced Urn","HornCleat","CaptainsWheel","Orichalcum"],"acts_visited":["Exordium","TheCity"],"potions_floor_usage":[7,10,18,18,23,30,31,33],"damage_taken":[{"damage":8,"enemies":"2 Louse","floor":1,"turns":2},{"damage":4,"enemies":"Jaw Worm","floor":2,"turns":4},{"damage":7,"enemies":"Small Slimes","floor":5,"turns":5},{"damage":12,"enemies":"3 Sentries","floor":7,"turns":9},{"damage":22,"enemies":"Lagavulin","floor":10,"turns":8},{"damage":4,"enemies":"Exordium Thugs","floor":11,"turns":4},{"damage":5,"enemies":"Red Slaver","floor":12,"turns":3},{"damage":11,"enemies":"Gremlin Nob","floor":13,"turns":3},{"damage":0,"enemies":"Large Slime","floor":14,"turns":5},{"damage":38,"enemies":"Hexaghost","floor":16,"turns":12},{"damage":51,"enemies":"3 Byrds","floor":18,"turns":6},{"damage":16,"enemies":"Book of Stabbing","floor":23,"turns":6},{"damage":38,"enemies":"2 Thieves","floor":24,"turns":5},{"damage":69,"enemies":"Slavers","floor":28,"turns":10},{"damage":29,"enemies":"Gremlin Leader","floor":30,"turns":6},{"damage":0,"enemies":"Snake Plant","floor":31,"turns":5},{"damage":95,"enemies":"Collector","floor":33,"turns":7}],"seed_played":"2604756201668465095","potions_obtained":[{"floor":2,"key":"DuplicationPotion"},{"floor":7,"key":"Fruit Juice"},{"floor":10,"key":"ColorlessPotion"},{"floor":11,"key":"BloodPotion"},{"floor":16,"key":"PowerPotion"},{"floor":18,"key":"Ancient Potion"},{"floor":24,"key":"Dexterity Potion"},{"floor":30,"key":"DuplicationPotion"},{"floor":31,"key":"AttackPotion"}],"is_trial":false,"path_per_floor":["M","M","$","?","M","R","E","R","T","E","M","M","E","M","R","B",null,"M","?","?","$","?","E","M","$","T","R","E","$","E","M","R","B"],"character_chosen":"IRONCLAD","items_purchased":["Bandage Up","Sling","True Grit+1","Shrug It Off+1"],"campfire_rested":2,"item_purchase_floors":[3,21,25,29],"current_hp_per_floor":[64,60,60,80,79,79,71,71,71,60,62,63,58,64,64,32,72,37,37,37,37,29,36,18,18,18,58,7,7,5,12,53,0,0],"gold":62,"neow_bonus":"BOSS_RELIC","is_daily":false,"chose_seed":false,"campfire_upgraded":2,"win_rate":0.0,"timestamp":1613667119,"path_taken":["M","M","$","?","M","R","E","R","T","E","M","M","E","M","R","BOSS","M","?","?","$","?","E","?","?","T","R","E","$","E","M","R","BOSS"],"items_purchased_type":["Card","Relic","Card","Card"],"build_version":"2020-12-22","purchased_purges":1,"victory":false,"max_hp_per_floor":[80,80,80,80,80,80,80,80,80,85,85,85,85,85,85,85,85,85,85,85,85,85,85,85,85,85,85,85,85,87,89,89,89,89],"relic_stats":{"Regal Pillow":30,"Singing Bowl":4,"counters":[17,100],"Shuriken":[3],"Dead Branch":[74],"Bird Faced Urn":[18],"Black Star":3,"Orichalcum":[12],"obtain_stats":[{"Regal Pillow":13,"Singing Bowl":26,"Dead Branch":10,"Thread and Needle":7,"Orichalcum":30,"Sling":21,"Burning Blood":0,"CaptainsWheel":30,"HornCleat":28,"Shuriken":23,"Bird Faced Urn":28,"Black Star":17,"Toxic Egg 2":23,"StrikeDummy":9,"Runic Pyramid":0},{"Regal Pillow":8,"Singing Bowl":13,"Dead Branch":5,"Thread and Needle":4,"Orichalcum":15,"Sling":11,"Burning Blood":0,"CaptainsWheel":15,"HornCleat":14,"Shuriken":12,"Bird Faced Urn":14,"Black Star":10,"Toxic Egg 2":12,"StrikeDummy":4,"Runic Pyramid":0},{"Regal Pillow":38,"Singing Bowl":72,"Dead Branch":28,"Thread and Needle":20,"Orichalcum":88,"Sling":61,"Burning Blood":0,"CaptainsWheel":88,"HornCleat":82,"Shuriken":67,"Bird Faced Urn":82,"Black Star":55,"Toxic Egg 2":67,"StrikeDummy":20,"Runic Pyramid":0}]},"card_choices":[{"not_picked":["Thunderclap","Perfected Strike"],"picked":"Warcry","floor":1},{"not_picked":["Flex","Cleave"],"picked":"Armaments","floor":2},{"not_picked":["Twin Strike","Anger"],"picked":"Metallicize","floor":5},{"not_picked":["Intimidate","Flex"],"picked":"Brutality","floor":7},{"not_picked":["Body Slam","Bludgeon"],"picked":"Heavy Blade","floor":10},{"not_picked":["Seeing Red","Fire Breathing"],"picked":"Dropkick","floor":11},{"not_picked":["Havoc","Twin Strike","Pummel"],"picked":"SKIP","floor":12},{"not_picked":["Havoc","Twin Strike","Warcry"],"picked":"SKIP","floor":13},{"not_picked":["Armaments","Clothesline","Iron Wave"],"picked":"SKIP","floor":14},{"not_picked":["Brutality","Corruption"],"picked":"Reaper","floor":16},{"not_picked":["Havoc","Pommel Strike","Battle Trance"],"picked":"SKIP","floor":18},{"not_picked":["Dropkick","Anger","Iron Wave"],"picked":"SKIP","floor":23},{"not_picked":["Rampage","Anger+1"],"picked":"Ghostly Armor+1","floor":24},{"not_picked":["Iron Wave","Carnage"],"picked":"Rupture+1","floor":28},{"not_picked":["Clothesline+1","Evolve","Iron Wave"],"picked":"Singing Bowl","floor":30},{"not_picked":["Twin Strike","Pummel","Anger"],"picked":"Singing Bowl","floor":31}],"player_experience":973240,"relics_obtained":[{"floor":7,"key":"Thread and Needle"},{"floor":9,"key":"StrikeDummy"},{"floor":10,"key":"Dead Branch"},{"floor":13,"key":"Regal Pillow"},{"floor":23,"key":"Toxic Egg 2"},{"floor":23,"key":"Shuriken"},{"floor":26,"key":"Singing Bowl"},{"floor":28,"key":"Bird Faced Urn"},{"floor":28,"key":"HornCleat"},{"floor":30,"key":"CaptainsWheel"},{"floor":30,"key":"Orichalcum"}],"event_choices":[{"damage_healed":20,"gold_gain":0,"player_choice":"Healed","damage_taken":0,"max_hp_gain":0,"max_hp_loss":0,"event_name":"The Cleric","floor":4,"gold_loss":35},{"cards_removed":["Strike_R"],"damage_healed":0,"gold_gain":0,"player_choice":"Elegance","damage_taken":0,"max_hp_gain":0,"max_hp_loss":0,"event_name":"Back to Basics","floor":19,"gold_loss":0},{"damage_healed":0,"gold_gain":0,"cards_transformed":["Defend_R","Strike_R"],"player_choice":"Became Test Subject","damage_taken":0,"max_hp_gain":0,"max_hp_loss":0,"event_name":"Drug Dealer","floor":20,"gold_loss":0,"cards_obtained":["Clothesline","Bludgeon"]},{"damage_healed":0,"gold_gain":0,"player_choice":"Damaged","damage_taken":8,"max_hp_gain":0,"max_hp_loss":0,"event_name":"Wheel of Change","floor":22,"gold_loss":0}],"is_beta":false,"boss_relics":[{"not_picked":["Fusion Hammer","Coffee Dripper"],"picked":"Black Star"}],"items_purged_floors":[21],"is_endless":false,"potions_floor_spawned":[2,7,10,11,16,18,24,30,31],"killed_by":"Collector","ascension_level":10}}