{"host":"6pietnjer90du4bs","time":1613659983,"event":{"mods":["Aspiration","BaseMod","Bossed Relics","Colored Map","Infinite Spire","Minty Spire (QoL Compilation)","Replay The Spire","StSLib"],"gold_per_floor":[110,110,26,42,42,76,76,76,102,116,116,152,152,32,32,32,32],"floor_reached":16,"language":"ENG","playtime":290,"items_purged":[],"score":255,"play_id":"3e0eca76-cecd-43e7-9a57-ff9c478c936d","local_time":"20210218155303","is_ascension_mode":true,"campfire_choices":[{"data":"Blood for Blood","floor":7,"key":"SMITH"},{"floor":11,"key":"REST"},{"floor":15,"key":"REST"}],"circlet_count":0,"master_deck":["AscendersBane","Strike_R","Strike_R+1","Strike_R","Strike_R","Strike_R+1","Defend_R","Defend_R","Defend_R","Defend_R","Bash","Blood for Blood+1","Injury","ReplayTheSpireMod:LeadingStrike+1","Berserk+1"],"relics":["Burning Blood","NeowsBlessing","Molten Egg 2","infinitespire:Beetle Shell","Golden Idol","Whetstone","Replay:Bottled Steam"],"acts_visited":["Exordium"],"potions_floor_usage":[12],"damage_taken":[{"damage":0,"enemies":"Jaw Worm","floor":1,"turns":1},{"damage":0,"enemies":"2 Louse","floor":4,"turns":1},{"damage":0,"enemies":"Lagavulin","floor":6,"turns":1},{"damage":10,"enemies":"Small Slimes","floor":10,"turns":3},{"damage":60,"enemies":"3 Sentries","floor":12,"turns":10},{"damage":51,"enemies":"Slime Boss","floor":16,"turns":7}],"seed_played":"-2380617580005246004","potions_obtained":[{"floor":4,"key":"Regen Potion"}],"is_trial":false,"path_per_floor":["M","?","$","M","?","E","R","?","T","M","R","E","?","$","R","B"],"character_chosen":"IRONCLAD","items_purchased":["Blood for Blood","Berserk+1"],"campfire_rested":2,"item_purchase_floors":[3,14],"current_hp_per_floor":[74,74,74,75,75,75,75,49,49,45,67,28,28,28,50,0,0],"gold":32,"neow_bonus":"THREE_ENEMY_KILL","is_daily":false,"chose_seed":false,"campfire_upgraded":1,"win_rate":0.0,"timestamp":1613659983,"path_taken":["M","?","$","M","?","E","R","?","T","M","R","E","?","?","R","BOSS"],"items_purchased_type":["Card","Card"],"build_version":"2020-12-22","purchased_purges":0,"victory":false,"max_hp_per_floor":[75,75,75,75,75,75,75,75,75,75,75,75,75,75,75,75,75],"card_choices":[{"not_picked":["Wild Strike","Armaments","ReplayTheSpireMod:Strike From Hell"],"picked":"SKIP","floor":1},{"not_picked":["Body Slam","Pummel","Clash"],"picked":"SKIP","floor":4},{"not_picked":["Shrug It Off","Flex"],"picked":"ReplayTheSpireMod:LeadingStrike+1","floor":6},{"not_picked":["Pommel Strike+1","True Grit","Dropkick+1"],"picked":"SKIP","floor":10},{"not_picked":["Iron Wave+1","True Grit","Warcry"],"picked":"SKIP","floor":12}],"player_experience":745859,"relics_obtained":[{"floor":6,"key":"infinitespire:Beetle Shell"},{"floor":9,"key":"Whetstone"},{"floor":12,"key":"Replay:Bottled Steam"}],"event_choices":[{"damage_healed":0,"gold_gain":0,"player_choice":"Take Damage","damage_taken":26,"relics_obtained":["Golden Idol"],"max_hp_gain":0,"max_hp_loss":0,"event_name":"Golden Idol","floor":8,"gold_loss":0},{"damage_healed":0,"gold_gain":0,"player_choice":"Searched \u00271\u0027 times","damage_taken":0,"max_hp_gain":0,"max_hp_loss":0,"event_name":"Dead Adventurer","floor":13,"gold_loss":0}],"is_beta":false,"boss_relics":[],"items_purged_floors":[],"is_endless":false,"potions_floor_spawned":[4],"killed_by":"Slime Boss","ascension_level":19}}