{"host":"sav7uxregyirlf69","time":1613639610,"event":{"mods":["AchievementEnabler","BaseMod","Colored Map","DeckTracker","Keyboard Shortcuts","Minty Spire (QoL Compilation)","READ ME - Guardian Mod","StSLib","SuperFastMode"],"gold_per_floor":[114,264,264,21,41,69,69,80,80,80,146,172,191,209,209,209,209],"floor_reached":16,"language":"KOR","playtime":208,"items_purged":["Doubt"],"score":274,"play_id":"32e8c967-03e4-4faa-a707-d5462f3891de","local_time":"20210218181330","is_ascension_mode":true,"campfire_choices":[{"data":"Bash","floor":7,"key":"SMITH"},{"data":"Disarm","floor":10,"key":"SMITH"},{"data":"True Grit","floor":15,"key":"SMITH"}],"circlet_count":0,"master_deck":["AscendersBane","Strike_R","Strike_R","Strike_R","Strike_R","Strike_R","Defend_R","Defend_R","Defend_R","Defend_R","Bash+1","Disarm+1","Immolate","Dropkick","Dropkick","Fire Breathing","Dual Wield","Shrug It Off","Second Wind","True Grit+1"],"relics":["Burning Blood","NeowsBlessing","SsserpentHead","Orrery","Darkstone Periapt","Matryoshka","Toy Ornithopter"],"acts_visited":["Exordium"],"potions_floor_usage":[12,16],"damage_taken":[{"damage":0,"enemies":"Jaw Worm","floor":1,"turns":1},{"damage":0,"enemies":"Small Slimes","floor":5,"turns":1},{"damage":0,"enemies":"3 Sentries","floor":6,"turns":2},{"damage":4,"enemies":"Cultist","floor":8,"turns":3},{"damage":27,"enemies":"Gremlin Gang","floor":11,"turns":4},{"damage":31,"enemies":"Gremlin Nob","floor":12,"turns":4},{"damage":0,"enemies":"2 Fungi Beasts","floor":13,"turns":2},{"damage":18,"enemies":"Exordium Thugs","floor":14,"turns":3},{"damage":30,"enemies":"The Guardian","floor":16,"turns":7}],"seed_played":"6125932099042137582","potions_obtained":[{"floor":5,"key":"Strength Potion"},{"floor":8,"key":"Energy Potion"}],"is_trial":false,"path_per_floor":["M","?","?","$","M","E","R","M","T","R","M","E","M","M","R","B"],"character_chosen":"IRONCLAD","items_purchased":["Orrery"],"campfire_rested":0,"item_purchase_floors":[4],"current_hp_per_floor":[74,74,74,74,75,75,75,75,75,75,54,29,35,23,23,0,0],"gold":209,"neow_bonus":"THREE_ENEMY_KILL","is_daily":false,"chose_seed":false,"campfire_upgraded":3,"win_rate":0.0,"timestamp":1613639610,"path_taken":["M","?","?","$","M","E","R","M","T","R","?","E","M","M","R","BOSS"],"items_purchased_type":["Relic"],"build_version":"2020-12-22","purchased_purges":1,"victory":false,"max_hp_per_floor":[75,75,75,75,75,75,75,75,75,75,75,75,75,75,75,75,75],"card_choices":[{"not_picked":["Clothesline","Sword Boomerang"],"picked":"Disarm","floor":1},{"not_picked":["Sword Boomerang","Hemokinesis"],"picked":"Immolate","floor":4},{"not_picked":["Infernal Blade","Clash"],"picked":"Dropkick","floor":4},{"not_picked":["Anger","Headbutt"],"picked":"Dropkick","floor":4},{"not_picked":["Thunderclap","True Grit"],"picked":"Fire Breathing","floor":5},{"not_picked":["Cleave","Headbutt"],"picked":"Dual Wield","floor":6},{"not_picked":["Pummel","Power Through"],"picked":"Shrug It Off","floor":8},{"not_picked":["Warcry","Hemokinesis","Spot Weakness"],"picked":"SKIP","floor":11},{"not_picked":["Impervious","Heavy Blade","Perfected Strike"],"picked":"SKIP","floor":12},{"not_picked":["Anger","Dropkick"],"picked":"Second Wind","floor":13},{"not_picked":["Wild Strike","Sword Boomerang"],"picked":"True Grit","floor":14}],"player_experience":1611561,"relics_obtained":[{"floor":6,"key":"Darkstone Periapt"},{"floor":9,"key":"Matryoshka"},{"floor":12,"key":"Toy Ornithopter"}],"event_choices":[{"damage_healed":0,"gold_gain":150,"player_choice":"AGREE","damage_taken":0,"max_hp_gain":0,"max_hp_loss":0,"event_name":"Liars Game","floor":2,"gold_loss":0,"cards_obtained":["Doubt"]},{"damage_healed":0,"gold_gain":0,"player_choice":"Trade","damage_taken":0,"relics_obtained":["SsserpentHead"],"max_hp_gain":0,"max_hp_loss":0,"event_name":"FaceTrader","floor":3,"gold_loss":0}],"is_beta":false,"boss_relics":[],"items_purged_floors":[4],"is_endless":false,"potions_floor_spawned":[5,8,11],"killed_by":"The Guardian","ascension_level":20}}