{"host":"8g24zuco0epbjwbo","time":1613632555,"event":{"mods":["Act Like it!","Aspiration","Bard","BaseMod","Beaked The Cultist","Hermit","Hubris","Infinite Spire","Minty Spire (QoL Compilation)","Relic Stats","Reliquary","Replay The Spire","Small Relic Pack","Spire Arcade","StSLib","The Blue Laboratory","The Construct","The IronCluck","The Judge","The Jungle","The Runesmith","[IsaacMod]????"],"gold_per_floor":[110,110,128,158,179,231,231,303,328,349,268,291,5,83,83,193,193],"floor_reached":16,"language":"ENG","playtime":620,"items_purged":[],"score":110,"play_id":"4846cff4-d34b-4f00-a463-53bb72f1ed27","local_time":"20210218021555","is_ascension_mode":false,"campfire_choices":[{"data":"hermit:Covet","floor":7,"key":"SMITH"},{"floor":15,"key":"REST"}],"circlet_count":0,"master_deck":["hermit:Strike_Hermit","hermit:Strike_Hermit","hermit:Strike_Hermit","hermit:Strike_Hermit","hermit:Defend_Hermit","hermit:Defend_Hermit","hermit:Defend_Hermit","hermit:Defend_Hermit+1","hermit:Snapshot","hermit:Covet+1","Bomb","hermit:Ricochet","Injury","hermit:GoldenBullet","hermit:Vantage+1","hermit:Spite","hermit:CalledShot","hermit:TakeAim","hermit:Coalescence","hermit:Combo","hermit:Gestalt+1","ReplayTheSpireMod:Splinters","hermit:ItchyTrigger","hermit:Scavenge"],"relics":["hermit:Momento","HushsDoor","SalivaCoin","aspiration:Nostalgia","WordoMod:Effigy","Golden Idol","DoctorsRemote","Strawberry","Gremlin Food","reliquary:ExpiredCoupon","Eternal Feather","War Paint"],"acts_visited":["Exordium"],"potions_floor_usage":[16],"damage_taken":[{"damage":0,"enemies":"2 Louse","floor":1,"turns":3},{"damage":0,"enemies":"Small Slimes","floor":3,"turns":3},{"damage":1,"enemies":"Cultist","floor":4,"turns":3},{"damage":0,"enemies":"Red Slaver","floor":5,"turns":3},{"damage":33,"enemies":"Lagavulin","floor":6,"turns":6},{"damage":31,"enemies":"3 Sentries","floor":8,"turns":7},{"damage":0,"enemies":"Exordium Wildlife","floor":10,"turns":2},{"damage":54,"enemies":"Hexaghost","floor":16,"turns":9}],"seed_played":"2033423337041699092","potions_obtained":[{"floor":3,"key":"BlessingOfTheForge"},{"floor":5,"key":"SpeedPotion"},{"floor":10,"key":"blueLaboratory:BottleOfVodka"}],"is_trial":false,"path_per_floor":["M","?","M","M","M","E","R","E","T","M","$","T","$","?","R","B"],"character_chosen":"HERMIT","items_purchased":["hermit:Combo","hermit:Gestalt","Eternal Feather"],"campfire_rested":1,"item_purchase_floors":[11,13,13],"current_hp_per_floor":[75,75,75,74,74,41,41,17,17,17,17,17,17,17,53,0,0],"gold":193,"neow_bonus":"NOSTALGIA","is_daily":false,"chose_seed":false,"campfire_upgraded":1,"win_rate":0.0,"timestamp":1613632555,"path_taken":["M","?","M","M","M","E","R","E","T","M","?","?","$","?","R","BOSS"],"items_purchased_type":["Card","Card","Relic"],"build_version":"2020-12-22","purchased_purges":0,"victory":false,"max_hp_per_floor":[75,75,75,75,75,75,75,82,82,82,82,82,82,82,82,82,82],"relic_stats":{"counters":[8,36],"Golden Idol":48,"Eternal Feather":12,"War Paint":["hermit:Defend_Hermit","hermit:Vantage"],"obtain_stats":[{"KeepersGift":0,"Gremlin Food":9,"DoctorsRemote":6,"WordoMod:Effigy":0,"aspiration:Nostalgia":0,"Golden Idol":2,"Eternal Feather":13,"War Paint":14,"reliquary:ExpiredCoupon":12,"Strawberry":8,"SalivaCoin":0,"HushsDoor":0,"hermit:Momento":0},{"KeepersGift":0,"Gremlin Food":6,"DoctorsRemote":5,"WordoMod:Effigy":0,"aspiration:Nostalgia":0,"Golden Idol":1,"Eternal Feather":7,"War Paint":7,"reliquary:ExpiredCoupon":7,"Strawberry":6,"SalivaCoin":0,"HushsDoor":0,"hermit:Momento":0},{"KeepersGift":0,"Gremlin Food":25,"DoctorsRemote":18,"WordoMod:Effigy":0,"aspiration:Nostalgia":0,"Golden Idol":3,"Eternal Feather":27,"War Paint":27,"reliquary:ExpiredCoupon":27,"Strawberry":25,"SalivaCoin":0,"HushsDoor":0,"hermit:Momento":0}]},"card_choices":[{"not_picked":[],"picked":"Bomb","floor":0},{"not_picked":["hermit:SprayPray","hermit:EyeOfTheStorm"],"picked":"hermit:Ricochet","floor":1},{"not_picked":["hermit:FlashPowder","hermit:CalledShot"],"picked":"hermit:GoldenBullet","floor":3},{"not_picked":["hermit:EyeOfTheStorm","hermit:Ricochet"],"picked":"hermit:Vantage","floor":4},{"not_picked":["hermit:Grudge","hermit:GoldenBullet"],"picked":"hermit:Spite","floor":5},{"not_picked":["hermit:HighCaliber","hermit:Spite"],"picked":"hermit:CalledShot","floor":6},{"not_picked":["hermit:SprayPray","hermit:EyeOfTheStorm"],"picked":"hermit:TakeAim","floor":8},{"not_picked":["hermit:LuckOfTheDraw","hermit:Snipe"],"picked":"hermit:Coalescence","floor":10},{"not_picked":["hermit:Manifest","hermit:Virtue"],"picked":"hermit:ItchyTrigger","floor":14},{"not_picked":["hermit:Coalescence","hermit:Roulette"],"picked":"hermit:Scavenge","floor":14}],"player_experience":430831,"relics_obtained":[{"floor":6,"key":"DoctorsRemote"},{"floor":8,"key":"Strawberry"},{"floor":9,"key":"Gremlin Food"},{"floor":12,"key":"reliquary:ExpiredCoupon"},{"floor":14,"key":"War Paint"}],"event_choices":[{"damage_healed":0,"gold_gain":0,"player_choice":"Take Wound","damage_taken":0,"relics_obtained":["Golden Idol"],"max_hp_gain":0,"max_hp_loss":0,"event_name":"Golden Idol","floor":2,"gold_loss":0,"cards_obtained":["Injury"]}],"is_beta":false,"boss_relics":[],"items_purged_floors":[],"is_endless":false,"potions_floor_spawned":[3,5,10],"killed_by":"Hexaghost","ascension_level":0}}