{"host":"zybdh2ue20qfjbiz","time":1613660496,"event":{"mods":["AchievementEnabler","BaseMod","Better Altar","Better Skull","BetterRewards","Friendly Minions","Koishi","Lobotomy","LobotomyExtend","Minty Spire (QoL Compilation)","RemiliaÅiÂQïƒ‰ª?Åj","StSLib"],"gold_per_floor":[114,129,129,79,94,109,109,124,149,179,194,233,248,287,287,387,387,402,426,351,26,50,80,80,155,164,164,203,227,236,275,275,393,402,426,450,450,500,534,534,154,154,163,163,187,202,232,250,250,259,259],"floor_reached":52,"language":"ENG","playtime":2970,"items_purged":["Strike_G","Strike_G"],"score":1110,"play_id":"81bf4c4a-1ebd-499e-adf8-650d07c2a6e3","local_time":"20210218180136","daily_mods":["Cursed Run","ControlledChaos","Lethality"],"is_ascension_mode":false,"campfire_choices":[{"floor":7,"key":"REST"},{"data":"Neutralize","floor":15,"key":"SMITH"},{"data":"Tools of the Trade","floor":24,"key":"SMITH"},{"floor":32,"key":"REST"},{"data":"Malaise","floor":40,"key":"SMITH"},{"data":"1","floor":42,"key":"LIFT"},{"data":"2","floor":44,"key":"LIFT"},{"data":"3","floor":49,"key":"LIFT"}],"circlet_count":0,"master_deck":["Strike_G","Strike_G","Defend_G","Defend_G","Defend_G","Defend_G","Survivor","Neutralize+1","Dagger Throw","Quick Slash","Riddle With Holes+1","Shame","Tools of the Trade+1","Backflip","Riddle With Holes","Quick Slash+1","Terror","Endless Agony","Shame","Infinite Blades","Endless Agony+1","Decay","Prepared+1","Regret","Malaise+1","CurseOfTheBell","Acrobatics","Escape Plan+1","Clumsy","Calculated Gamble","Decay","Dagger Spray","Master of Strategy","Discovery","Doubt"],"relics":["Cursed Key","Darkstone Periapt","Du-Vu Doll","Frozen Eye","LetterFromLob","HornCleat","Akabeko","Omamori","CeramicFish","Blue Candle","SlaversCollar","Matryoshka","Pantograph","Letter Opener","ScarletDevilRocket","Anchor","Oddly Smooth Stone","Whetstone","Blood Vial","Calling Bell","Girya","Bronze Scales","InkBottle","Ice Cream","Dream Catcher","Paper Crane","Question Card","StoneCalendar"],"acts_visited":["Exordium","TheCity","TheBeyond"],"potions_floor_usage":[31,31,50,50,50],"damage_taken":[{"damage":5,"enemies":"Jaw Worm","floor":1,"turns":2},{"damage":0,"enemies":"2 Louse","floor":2,"turns":1},{"damage":0,"enemies":"Cultist","floor":5,"turns":2},{"damage":3,"enemies":"Looter","floor":6,"turns":3},{"damage":0,"enemies":"Blue Slaver","floor":8,"turns":3},{"damage":0,"enemies":"Gremlin Nob","floor":10,"turns":2},{"damage":5,"enemies":"Exordium Wildlife","floor":11,"turns":2},{"damage":2,"enemies":"3 Sentries","floor":12,"turns":4},{"damage":4,"enemies":"3 Louse","floor":13,"turns":2},{"damage":0,"enemies":"Lagavulin","floor":14,"turns":2},{"damage":22,"enemies":"The Guardian","floor":16,"turns":7},{"damage":3,"enemies":"Chosen","floor":18,"turns":2},{"damage":20,"enemies":"3 Byrds","floor":19,"turns":3},{"damage":9,"enemies":"Shelled Parasite and Fungi","floor":22,"turns":2},{"damage":0,"enemies":"Book of Stabbing","floor":23,"turns":3},{"damage":0,"enemies":"Gremlin Leader","floor":28,"turns":2},{"damage":0,"enemies":"Cultist and Chosen","floor":29,"turns":3},{"damage":16,"enemies":"Slavers","floor":31,"turns":4},{"damage":19,"enemies":"Automaton","floor":33,"turns":6},{"damage":8,"enemies":"3 Darklings","floor":35,"turns":3},{"damage":2,"enemies":"Orb Walker","floor":36,"turns":2},{"damage":1,"enemies":"Mind Bloom Boss Battle","floor":38,"turns":4},{"damage":14,"enemies":"Writhing Mass","floor":45,"turns":2},{"damage":0,"enemies":"Jaw Worm Horde","floor":46,"turns":3},{"damage":2,"enemies":"Reptomancer","floor":47,"turns":2},{"damage":62,"enemies":"Awakened One","floor":50,"turns":5}],"seed_played":"-4060160915487772418","potions_obtained":[{"floor":1,"key":"Explosive Potion"},{"floor":5,"key":"Poison Potion"},{"floor":11,"key":"BlessingOfTheForge"},{"floor":14,"key":"Regen Potion"},{"floor":18,"key":"EssenceOfSteel"},{"floor":22,"key":"Fire Potion"},{"floor":31,"key":"Regen Potion"},{"floor":33,"key":"Regen Potion"},{"floor":35,"key":"Fire Potion"},{"floor":38,"key":"SpeedPotion"},{"floor":46,"key":"EntropicBrew"}],"is_trial":false,"path_per_floor":["M","M","?","?","M","M","R","M","T","E","M","E","M","E","R","B",null,"M","M","?","$","M","E","R","T","T","M","E","M","?","E","R","B",null,"M","M","?","?","T","R","$","R","T","R","M","M","E","?","R","B",null,null],"character_chosen":"THE_SILENT","items_purchased":["Matryoshka","Calculated Gamble","Paper Crane"],"campfire_rested":2,"item_purchase_floors":[21,41,41],"current_hp_per_floor":[65,65,47,47,47,44,65,65,71,71,66,64,60,60,60,38,76,73,53,53,53,44,44,44,44,50,50,50,50,56,52,78,75,100,92,92,92,99,105,105,105,105,111,111,98,100,100,90,90,56,56],"gold":259,"neow_bonus":"","is_daily":true,"chose_seed":false,"campfire_upgraded":3,"win_rate":0.0,"timestamp":1613660496,"path_taken":["M","M","?","?","M","M","R","M","T","E","M","E","M","E","R","BOSS","M","M","?","$","M","E","R","?","T","M","E","M","?","E","R","BOSS","M","M","?","?","?","R","$","R","T","R","?","M","E","?","R","BOSS"],"items_purchased_type":["Relic","Card","Relic"],"build_version":"2020-12-22","purchased_purges":2,"victory":true,"max_hp_per_floor":[70,70,70,70,70,70,70,70,76,76,76,76,76,76,76,76,76,76,76,76,76,76,76,76,76,82,82,82,82,88,88,88,94,100,100,100,100,100,106,106,106,106,112,112,112,112,112,112,112,118,118],"card_choices":[{"not_picked":["Crippling Poison","Blur"],"picked":"Dagger Throw","floor":1},{"not_picked":["Deadly Poison","Outmaneuver","Catalyst"],"picked":"SKIP","floor":2},{"not_picked":["Dodge and Roll","Flying Knee"],"picked":"Quick Slash","floor":5},{"not_picked":["Reflex","All Out Attack","Underhanded Strike"],"picked":"SKIP","floor":6},{"not_picked":["Sucker Punch","Slice"],"picked":"Riddle With Holes","floor":8},{"not_picked":["Quick Slash","Dodge and Roll"],"picked":"Tools of the Trade","floor":10},{"not_picked":["Caltrops","Bane"],"picked":"Backflip","floor":11},{"not_picked":["Crippling Poison","Prepared"],"picked":"Riddle With Holes","floor":12},{"not_picked":["Slice","Doppelganger","Distraction"],"picked":"SKIP","floor":13},{"not_picked":["Sucker Punch","Flying Knee"],"picked":"Quick Slash","floor":14},{"not_picked":["Flying Knee+1","Dodge and Roll"],"picked":"Terror","floor":19},{"not_picked":["Acrobatics+1","Masterful Stab"],"picked":"Endless Agony","floor":22},{"not_picked":["Choke+1","Flying Knee+1","All Out Attack+1"],"picked":"SKIP","floor":23},{"not_picked":["Predator","Bouncing Flask+1"],"picked":"Infinite Blades","floor":28},{"not_picked":["Dagger Throw","Heel Hook"],"picked":"Endless Agony+1","floor":29},{"not_picked":["Cloak And Dagger+1","Dagger Spray"],"picked":"Prepared+1","floor":31},{"not_picked":["Night Terror","Grand Finale"],"picked":"Malaise","floor":33},{"not_picked":["Underhanded Strike","Bane+1"],"picked":"Acrobatics","floor":35},{"not_picked":["Slice+1","Masterful Stab"],"picked":"Escape Plan+1","floor":36},{"not_picked":["Bane+1","Cloak And Dagger+1","Eviscerate"],"picked":"Dagger Spray","floor":45},{"not_picked":["Deflect+1","Flechettes","Quick Slash","Bane+1"],"picked":"SKIP","floor":46},{"not_picked":["Backstab","Doppelganger","Underhanded Strike","Dash"],"picked":"SKIP","floor":47},{"not_picked":["Blind","Secret Weapon","Dramatic Entrance"],"picked":"Master of Strategy","floor":48},{"not_picked":["Panacea","Purity","Deep Breath"],"picked":"Discovery","floor":48}],"player_experience":421101,"relics_obtained":[{"floor":1,"key":"LetterFromLob"},{"floor":9,"key":"Akabeko"},{"floor":10,"key":"Omamori"},{"floor":12,"key":"CeramicFish"},{"floor":14,"key":"Blue Candle"},{"floor":23,"key":"Pantograph"},{"floor":25,"key":"Letter Opener"},{"floor":25,"key":"ScarletDevilRocket"},{"floor":26,"key":"Anchor"},{"floor":26,"key":"Oddly Smooth Stone"},{"floor":28,"key":"Whetstone"},{"floor":31,"key":"Blood Vial"},{"floor":34,"key":"Girya"},{"floor":34,"key":"Bronze Scales"},{"floor":34,"key":"InkBottle"},{"floor":38,"key":"Ice Cream"},{"floor":39,"key":"Dream Catcher"},{"floor":43,"key":"Question Card"},{"floor":47,"key":"StoneCalendar"}],"event_choices":[{"damage_healed":0,"gold_gain":0,"player_choice":"Success","damage_taken":18,"relics_obtained":["HornCleat"],"max_hp_gain":0,"max_hp_loss":0,"event_name":"Scrap Ooze","floor":3,"gold_loss":0},{"cards_removed":["Defend_G"],"damage_healed":0,"gold_gain":0,"player_choice":"Card Removal","damage_taken":0,"max_hp_gain":0,"max_hp_loss":0,"event_name":"The Cleric","floor":4,"gold_loss":50},{"cards_removed":["Strike_G"],"damage_healed":0,"gold_gain":0,"player_choice":"Gave Gold","damage_taken":0,"max_hp_gain":0,"max_hp_loss":0,"event_name":"Beggar","floor":20,"gold_loss":75},{"damage_healed":0,"gold_gain":0,"player_choice":" Defy","damage_taken":0,"max_hp_gain":0,"max_hp_loss":0,"event_name":"betterAltar:BetterAltar","floor":30,"gold_loss":0,"cards_obtained":["Decay"]},{"damage_healed":0,"gold_gain":0,"player_choice":"Ignored","damage_taken":0,"max_hp_gain":0,"max_hp_loss":0,"event_name":"Tomb of Lord Red Mask","floor":37,"gold_loss":0},{"damage_healed":0,"gold_gain":0,"player_choice":"Fight","damage_taken":0,"max_hp_gain":0,"max_hp_loss":0,"event_name":"MindBloom","floor":38,"gold_loss":0},{"damage_healed":0,"gold_gain":0,"player_choice":"Memory 3","damage_taken":10,"max_hp_gain":0,"max_hp_loss":0,"event_name":"SensoryStone","floor":48,"gold_loss":0}],"is_beta":false,"boss_relics":[{"not_picked":["Runic Dome","Pandora\u0027s Box"],"picked":"SlaversCollar"},{"not_picked":["Runic Pyramid","Fusion Hammer"],"picked":"Calling Bell"}],"items_purged_floors":[21,41],"is_endless":false,"potions_floor_spawned":[1,5,11,14,18,19,22,31,33,35,38,45,46],"ascension_level":0}}