{"host":"t0r9wuv4zaiwets7","time":1613677580,"event":{"mods":["100% Spire Juice","AchievementEnabler","Astrologer","Bard","BaseMod","Bestiary","ChefMod","Colored Map","Colored Powertips","Downfall","Hermit","Highlight Path","Jorbs\u0027s Wanderer Trilogy","Minty Spire (QoL Compilation)","Potionbrewer","Robot Space Explorer","StSLib","The Administrix","The Animator","The Dragon Tamer","The Gatherer","The Mystic"],"gold_per_floor":[211,227,227,251,28,64,64,64,364,364,387,387,426,426,426,550,550,575,591,591,591,605,605,626,725,725,725,39,55,55,80,80,206,206,231,275,295,319,340,340,376,392,392,20,43,63,63,63,63,63],"floor_reached":51,"language":"ENG","playtime":2756,"items_purged":["Gatherer:Strike_Gatherer"],"score":718,"play_id":"0b7a22b3-d8de-4b1a-a7f3-e05640412382","local_time":"20210218114620","is_ascension_mode":false,"metric_token":1425,"campfire_choices":[{"floor":7.0,"key":"REST"},{"data":"Gatherer:Centralize","floor":10.0,"key":"SMITH"},{"data":"Sadistic Nature","floor":12.0,"key":"SMITH"},{"floor":15.0,"key":"REST"},{"data":"Gatherer:AcidicSpray","floor":23.0,"key":"SMITH"},{"floor":30.0,"key":"REST"},{"floor":32.0,"key":"REST"},{"floor":40.0,"key":"REST"},{"floor":47,"key":"REST"},{"floor":49,"key":"REST"}],"circlet_count":0,"master_deck":["Gatherer:Strike_Gatherer","Gatherer:Strike_Gatherer","Gatherer:Strike_Gatherer","Gatherer:Defend_Gatherer","Gatherer:Defend_Gatherer","Gatherer:Defend_Gatherer","Gatherer:Defend_Gatherer","Gatherer:Defend_Gatherer","Gatherer:Centralize+1","Gatherer:FlowerWhip+1","Gatherer:Frenzy","Gatherer:TacticalStrike","Gatherer:Nutrients","Sadistic Nature+1","Gatherer:BigPouch","Gatherer:WitheringStrike","bronze:Strike","Gatherer:WitheringStrike","Gatherer:RottenStipe","Gatherer:MindSearch","Gatherer:Snatch","Gatherer:AcidicSpray+1","Sadistic Nature+1","Jack Of All Trades+1","Thinking Ahead+1","Gatherer:Misfortune+1","Gatherer:Bulldoze","CurseOfTheBell","Gatherer:Frenzy+1","Gatherer:FragileHammer+1","Gatherer:WoolGloves+1","Gatherer:WoolGloves+1","Gatherer:AlchemyTrial+1","Gatherer:Transmute+1","Gatherer:EnergyBasket+1"],"relics":["Gatherer:AlchemyBag","Golden Idol","Turnip","Old Coin","Unceasing Top","Busted Crown","Question Card","DollysMirror","Toxic Egg 2","Calling Bell","Vajra","Letter Opener","CaptainsWheel","Gatherer:MistGenerator","HornCleat","Akabeko"],"acts_visited":["Exordium","TheCity","TheBeyond"],"potions_floor_usage":[50,50],"damage_taken":[{"damage":6.0,"enemies":"Jaw Worm","floor":1.0,"turns":3.0},{"damage":5.0,"enemies":"Small Slimes","floor":2.0,"turns":3.0},{"damage":0.0,"enemies":"Cultist","floor":4.0,"turns":2.0},{"damage":23.0,"enemies":"Lagavulin","floor":6.0,"turns":6.0},{"damage":0.0,"enemies":"2 Fungi Beasts","floor":11.0,"turns":2.0},{"damage":27.0,"enemies":"3 Sentries","floor":13.0,"turns":9.0},{"damage":0.0,"enemies":"Looter","floor":14.0,"turns":1.0},{"damage":6.0,"enemies":"Hexaghost","floor":16.0,"turns":8.0},{"damage":7.0,"enemies":"3 Byrds","floor":18.0,"turns":3.0},{"damage":7.0,"enemies":"Spheric Guardian","floor":19.0,"turns":3.0},{"damage":15.0,"enemies":"Snecko","floor":22.0,"turns":4.0},{"damage":14.0,"enemies":"Shelled Parasite and Fungi","floor":24.0,"turns":3.0},{"damage":2.0,"enemies":"Centurion and Healer","floor":29.0,"turns":4.0},{"damage":10.0,"enemies":"Snake Plant","floor":31.0,"turns":2.0},{"damage":26.0,"enemies":"Automaton","floor":33.0,"turns":7.0},{"damage":5.0,"enemies":"3 Darklings","floor":35.0,"turns":4.0},{"damage":3.0,"enemies":"3 Shapes","floor":36.0,"turns":3.0},{"damage":5.0,"enemies":"Maw","floor":37.0,"turns":5.0},{"damage":18.0,"enemies":"4 Shapes","floor":38.0,"turns":3.0},{"damage":0.0,"enemies":"Transient","floor":39.0,"turns":5.0},{"damage":8.0,"enemies":"Reptomancer","floor":41.0,"turns":4.0},{"damage":16.0,"enemies":"Sphere and 2 Shapes","floor":42.0,"turns":4.0},{"damage":1,"enemies":"Writhing Mass","floor":45,"turns":3},{"damage":0,"enemies":"4 Shapes","floor":46,"turns":4},{"damage":53,"enemies":"Donu and Deca","floor":50,"turns":11}],"seed_played":"724446881565752633","potions_obtained":[{"floor":4.0,"key":"Dexterity Potion"},{"floor":6.0,"key":"SmokeBomb"},{"floor":13.0,"key":"Explosive Potion"},{"floor":16.0,"key":"SkillPotion"},{"floor":22.0,"key":"FearPotion"},{"floor":24.0,"key":"BlessingOfTheForge"},{"floor":33.0,"key":"sneckomod:MuddlingPotion"},{"floor":35.0,"key":"bronze:BurnAndBuffPotion"},{"floor":39.0,"key":"potionbrewer:EndurancePotion"},{"floor":41.0,"key":"potionbrewer:StunPotion"},{"floor":45,"key":"SteroidPotion"},{"floor":46,"key":"FairyPotion"},{"floor":48,"key":"Energy Potion"}],"is_trial":false,"path_per_floor":["M","M","?","M","$","E","R","?","T","R","M","R","E","M","R","B",null,"M","M","?","?","M","R","M","?","T","?","$","M","R","M","R","B",null,"M","M","M","M","M","R","E","M","T","$","M","M","R","?","R","B",null],"character_chosen":"THE_GATHERER","items_purchased":["Sadistic Nature","Gatherer:BigPouch","DollysMirror","Toxic Egg 2","Jack Of All Trades+1","Thinking Ahead+1","Gatherer:Transmute+1","Akabeko","Gatherer:EnergyBasket+1","Dexterity Potion"],"campfire_rested":7,"item_purchase_floors":[5,5,28,28,28,28,44,44,44,44],"current_hp_per_floor":[66,61,43,43,43,20,41,41,41,41,41,41,14,14,35,29,72,65,58,58,58,43,43,29,29,29,29,29,27,48,38,59,33,72,67,64,59,41,41,62,54,38,38,38,37,37,58,58,72,19],"gold":63,"neow_bonus":"HUNDRED_GOLD","is_daily":false,"chose_seed":false,"campfire_upgraded":3,"win_rate":0.0,"timestamp":1613677580,"path_taken":["M","M","?","M","$","E","R","?","T","R","M","R","E","M","R","BOSS","M","?","?","?","M","R","M","?","T","?","$","M","R","M","R","BOSS","M","M","M","M","M","R","E","M","T","$","M","M","R","?","R","BOSS"],"items_purchased_type":["Card","Card","Relic","Relic","Card","Card","Card","Relic","Card","Potion"],"build_version":"2020-12-22","purchased_purges":1,"victory":true,"max_hp_per_floor":[72,72,72,72,72,72,72,72,72,72,72,72,72,72,72,72,72,72,72,72,72,72,72,72,72,72,72,72,72,72,72,72,72,72,72,72,72,72,72,72,72,72,72,72,72,72,72,72,72,72],"card_choices":[{"not_picked":["Gatherer:AcidicSpray","Gatherer:CollectorsShot"],"picked":"Gatherer:Frenzy","floor":1.0},{"not_picked":["Gatherer:Enchant","Gatherer:Convert"],"picked":"Gatherer:TacticalStrike","floor":2.0},{"not_picked":["Gatherer:DrugPower","Gatherer:ScrollOfWall"],"picked":"Gatherer:Nutrients","floor":4.0},{"not_picked":["Gatherer:AromaProtection","Gatherer:WoolGloves"],"picked":"Gatherer:WitheringStrike","floor":6.0},{"not_picked":["Gatherer:RecipeChange","Gatherer:BambuSword"],"picked":"Gatherer:WitheringStrike","floor":11.0},{"not_picked":["Gatherer:ScrollOfWall","Gatherer:GlowingPlant"],"picked":"Gatherer:RottenStipe","floor":13.0},{"not_picked":["Gatherer:Photoscythe","Gatherer:Examine"],"picked":"Gatherer:MindSearch","floor":16.0},{"not_picked":[],"picked":"Gatherer:Snatch","floor":18.0},{"not_picked":["Gatherer:CarefulStrike"],"picked":"SKIP","floor":19.0},{"not_picked":["Gatherer:Polymorphism"],"picked":"SKIP","floor":22.0},{"not_picked":["Gatherer:GlowingPlant"],"picked":"SKIP","floor":24.0},{"not_picked":["Gatherer:EnergyBasket+1"],"picked":"Gatherer:Misfortune+1","floor":29.0},{"not_picked":["Gatherer:TacticalStrike+1","Gatherer:PotentialSlash"],"picked":"SKIP","floor":31.0},{"not_picked":["Gatherer:Examine+1"],"picked":"Gatherer:Bulldoze","floor":33.0},{"not_picked":["Gatherer:CarefulStrike+1"],"picked":"Gatherer:Frenzy+1","floor":35.0},{"not_picked":["Gatherer:ScherryThrow+1"],"picked":"Gatherer:FragileHammer+1","floor":36.0},{"not_picked":["Gatherer:SaveValuables+1"],"picked":"Gatherer:WoolGloves+1","floor":37.0},{"not_picked":["Gatherer:TreeGrowth+1"],"picked":"Gatherer:WoolGloves+1","floor":38.0},{"not_picked":["Gatherer:TacticalStrike+1"],"picked":"Gatherer:AlchemyTrial+1","floor":39.0},{"not_picked":["Gatherer:TacticalStrike","Gatherer:FlowerShield+1"],"picked":"SKIP","floor":41.0},{"not_picked":["Gatherer:FinishingStrike","Gatherer:WoolGloves+1"],"picked":"SKIP","floor":42.0},{"not_picked":["Gatherer:FlowerPower+1","Gatherer:AromaProtection+1"],"picked":"SKIP","floor":45},{"not_picked":["Gatherer:EchoOfNature+1","Gatherer:DrugPower"],"picked":"SKIP","floor":46}],"player_experience":218456,"relics_obtained":[{"floor":6.0,"key":"Turnip"},{"floor":9.0,"key":"Old Coin"},{"floor":13.0,"key":"Unceasing Top"},{"floor":26.0,"key":"Question Card"},{"floor":34.0,"key":"Vajra"},{"floor":34.0,"key":"Letter Opener"},{"floor":34.0,"key":"CaptainsWheel"},{"floor":41.0,"key":"Gatherer:MistGenerator"},{"floor":43.0,"key":"HornCleat"}],"event_choices":[{"damage_healed":0.0,"max_hp_gain":0.0,"max_hp_loss":0.0,"gold_gain":0.0,"event_name":"Golden Idol","player_choice":"Take Damage","floor":3.0,"gold_loss":0.0,"damage_taken":18.0,"relics_obtained":["Golden Idol"]},{"cards_removed":["Gatherer:Strike_Gatherer"],"damage_healed":0.0,"max_hp_gain":0.0,"max_hp_loss":0.0,"gold_gain":0.0,"event_name":"NoteForYourself","player_choice":"Took Card","floor":8.0,"gold_loss":0.0,"damage_taken":0.0,"cards_obtained":["bronze:Strike"]},{"damage_healed":0.0,"max_hp_gain":0.0,"max_hp_loss":0.0,"gold_gain":0.0,"event_name":"The Library","player_choice":"Read","floor":20.0,"gold_loss":0.0,"damage_taken":0.0,"cards_obtained":["Gatherer:AcidicSpray"]},{"damage_healed":0.0,"max_hp_gain":0.0,"max_hp_loss":0.0,"gold_gain":0.0,"event_name":"Ghosts","player_choice":"Ignored","floor":21.0,"gold_loss":0.0,"damage_taken":0.0},{"damage_healed":0.0,"max_hp_gain":0.0,"max_hp_loss":0.0,"gold_gain":99.0,"event_name":"Nest","player_choice":"Stole From Cult","floor":25.0,"gold_loss":0.0,"damage_taken":0.0},{"damage_healed":0.0,"max_hp_gain":0.0,"max_hp_loss":0.0,"gold_gain":0.0,"event_name":"Gatherer:BottleCollector","player_choice":"Ignored","floor":27.0,"gold_loss":0.0,"damage_taken":0.0},{"damage_healed":0,"gold_gain":0,"player_choice":"Got Potions","damage_taken":0,"max_hp_gain":0,"max_hp_loss":0,"event_name":"Lab","floor":48,"gold_loss":0}],"is_beta":false,"boss_relics":[{"not_picked":["Gatherer:ExplorersPath","Cursed Key"],"picked":"Busted Crown"},{"not_picked":["Empty Cage","Sozu"],"picked":"Calling Bell"}],"items_purged_floors":[44],"is_endless":false,"potions_floor_spawned":[4,6,13,16,22,24,33,35,39,41,45,46],"ascension_level":0}}