{"host":"izfv7kj6uxfdw52k","time":1613643748,"event":{"mods":["AchievementEnabler","Act Like it!","Arknights","BaseMod","Colored Map","Colored Powertips","Gensokyo","Hermit","Highlight Path","Luminous","Marisa（F雨　魔理沙）","Minty Spire (QoL Compilation)","MostiFishMod","Permanent Neow","Quick Restart","Relic Sorter","Reorder Act Four","Replay The Spire","Spicy Shops","StSLib","The Animator","WarShipGirlsR/战舰少女R mod","【遗物卡牌】REMEMod"],"gold_per_floor":[116,134,134,344,361,391,391,407,407,442,452,470,488,519,519,615,615,631,881,900,100,100,100,100,132,155,165,179,130,142,22,22,22,22],"floor_reached":33,"language":"ZHS","playtime":3191,"items_purged":["ats:Defend"],"score":389,"play_id":"12b605d5-1f1e-481e-b3f4-2c8b4a687d83","local_time":"20210218182228","is_ascension_mode":false,"campfire_choices":[{"data":"rmod:windflower","floor":7,"key":"SMITH"},{"data":"ats:Apocalypse","floor":15,"key":"SMITH"},{"data":"ats:Part Time Job","floor":23,"key":"SMITH"}],"circlet_count":0,"master_deck":["ats:Strike C","ats:Strike G","ats:Strike S+1","ats:Strike V","ats:Armor Crushing Shot","ats:Defend","ats:Defend","ats:Defend","Pot Of Greed","rmod:windflower+1","ats:Cat Scratch","Pot Of Greed","ats:Hook Shot+1","ats:Demon Strength","ats:Sunburst","ats:Echo Reverb","ats:Chain Hook+1","ats:Apocalypse+1","ats:Automatic Cover","ats:Closed Bolt Burst Fire","ats:Healing Drone","ats:Shadow Assault","ats:Burning Ground","Pot Of Greed","ats:Thorns","REME_PuzzleBox","ats:Part Time Job+1","ats:Thorns","Gensokyo:Shovel","ats:Soul Rend"],"relics":["ats:Sanity","DaveBox","REME_ComplimentaryCards","Grinning Jar","BirthdayGift-Tetrahedron","SynthV:TestCard","ats:Originium","Replay:Bottled Snecko","ImprovedEquipment","Matryoshka","Bottled Flame","GreenFoldingFan","Blue Doll","Whetstone","ats:Defend","MealTicket","Vajra","Gensokyo:MaskOfHope"],"acts_visited":["Exordium","Gensokyo:Gensokyoer"],"potions_floor_usage":[28],"damage_taken":[{"damage":2,"enemies":"Jaw Worm","floor":1,"turns":2},{"damage":2,"enemies":"2 Louse","floor":2,"turns":2},{"damage":2,"enemies":"Cultist","floor":5,"turns":2},{"damage":4,"enemies":"Lagavulin","floor":6,"turns":3},{"damage":12,"enemies":"3 Louse","floor":8,"turns":2},{"damage":2,"enemies":"3 Sentries","floor":10,"turns":2},{"damage":2,"enemies":"2 Fungi Beasts","floor":11,"turns":2},{"damage":2,"enemies":"Looter","floor":12,"turns":2},{"damage":2,"enemies":"Lots of Slimes","floor":13,"turns":2},{"damage":4,"enemies":"Lagavulin","floor":14,"turns":3},{"damage":9,"enemies":"Hexaghost","floor":16,"turns":5},{"damage":14,"enemies":"Gensokyo:3_Dogs","floor":18,"turns":4},{"damage":6,"enemies":"Gensokyo:Chomper","floor":20,"turns":2},{"damage":2,"enemies":"Gensokyo:Tenshi","floor":25,"turns":2},{"damage":10,"enemies":"Gensokyo:Wraith","floor":27,"turns":3},{"damage":9,"enemies":"Gensokyo:Monolith_and_Dog","floor":28,"turns":2},{"damage":19,"enemies":"Gensokyo:Swordslinger","floor":30,"turns":2},{"damage":74,"enemies":"Gensokyo:Eternal_Rivals","floor":33,"turns":3}],"seed_played":"-8824454333393649636","potions_obtained":[{"floor":2,"key":"ColorlessPotion"},{"floor":8,"key":"Milkshake"},{"floor":11,"key":"CultistPotion"},{"floor":12,"key":"Doom Potion"}],"is_trial":false,"path_per_floor":["M","M","?","?","M","E","R","M","T","E","M","M","M","E","R","B",null,"M","?","M","$","?","R","?","E","T","M","M","COS","M","?","R_BF","B"],"character_chosen":"DOCTOR_CLASS","items_purchased":["Blue Doll","Whetstone","ats:Thorns","ats:Defend","REME_PuzzleBox"],"campfire_rested":0,"item_purchase_floors":[21,21,21,21,21],"current_hp_per_floor":[70,68,68,68,66,62,62,50,50,48,50,52,50,50,50,65,72,72,68,68,68,68,68,68,68,68,68,68,68,59,59,59,0,0],"gold":22,"neow_bonus":"RANDOM_COMMON_RELIC","is_daily":false,"chose_seed":false,"campfire_upgraded":3,"win_rate":0.0,"timestamp":1613643748,"path_taken":["M","M","?","?","M","E","R","?","T","E","M","M","M","E","R","BOSS","M","?","M","$","?","R","?","E","T","M","M","COS","M","?","R_BF","BOSS"],"items_purchased_type":["Relic","Relic","Card","Card","Card"],"build_version":"2020-12-22","purchased_purges":1,"victory":false,"max_hp_per_floor":[72,72,72,72,72,72,72,72,72,72,72,72,72,72,72,72,72,72,68,68,68,68,68,68,68,68,68,68,68,68,68,68,68,68],"card_choices":[{"not_picked":["ats:Curse Doll","ats:Spore Proliferation"],"picked":"ats:Cat Scratch","floor":1},{"not_picked":["ats:Cat Scratch","ats:Thorns","ats:Encircling Forest","ats:Flame Of Heaven"],"picked":"ats:Very Hot Blade","floor":2},{"not_picked":["ats:Cat Scratch","ats:Spore Proliferation","ats:Explosion Area Strengthen","ats:Assault Order"],"picked":"ats:Demon Strength","floor":4},{"not_picked":["ats:Healing Drone","ats:Flexible Camouflage","ats:Guard Mode","ats:Cat Scratch"],"picked":"ats:Sunburst","floor":5},{"not_picked":["ats:Shell Defense","ats:Charging Defense","ats:Absolute Focus","ats:Red Shift"],"picked":"ats:Echo Reverb","floor":6},{"not_picked":["ats:Sashimi Platter","ats:Counter Healing Mode","ats:Curse Doll","ats:Assault Order"],"picked":"ats:Chain Hook","floor":8},{"not_picked":["ats:Song Of Battle","ats:Healing Strengthening","ats:Closed Bolt Burst Fire","ats:Absolute Focus"],"picked":"ats:Apocalypse","floor":10},{"not_picked":["ats:Leaping Hammer","ats:Curse Doll","ats:Assault Order","ats:Dogmatic Field"],"picked":"ats:Automatic Cover","floor":11},{"not_picked":["ats:Apocalypse","ats:Cat Scratch","ats:Revitalization","ats:Collapsing Strike"],"picked":"ats:Closed Bolt Burst Fire","floor":12},{"not_picked":["ats:Shadow Raid","ats:Guard Mode","ats:Assault Order","ats:Leaping Hammer","ats:Powerful Strike"],"picked":"SKIP","floor":13},{"not_picked":["ats:Revitalization","ats:Guardian Obelisk","ats:Assault Order","ats:Hammer On"],"picked":"ats:Healing Drone","floor":14},{"not_picked":["ats:Disruption Kick","ats:Ambush","ats:Roar Of Ursus","ats:Soul Rend"],"picked":"ats:Shadow Assault","floor":16},{"not_picked":["ats:Sword Rain","ats:Consecutive Shot Auto+1","ats:Very Hot Blade","ats:Hook Shot","ats:Serious Mode"],"picked":"SKIP","floor":18},{"not_picked":["ats:Support Order","ats:Explosion Area Strengthen+1","ats:Blood Oath","ats:Beaten Up"],"picked":"ats:Burning Ground","floor":20},{"not_picked":["ats:Phantom","ats:Consecutive Shot Auto+1","ats:Absolute Focus","ats:Magnetic Hammer"],"picked":"ats:Thorns","floor":25},{"not_picked":["ats:Healing Drone","ats:Assault Order","ats:Explosion Area Strengthen","ats:Blood Oath","ats:Rapid Magazine"],"picked":"SKIP","floor":27},{"not_picked":["ats:Shell Defense","ats:Shadow Assault","ats:Revitalization","ats:Curse Doll","ats:Very Hot Blade"],"picked":"SKIP","floor":28},{"not_picked":["ats:Cat Scratch+1","ats:Absolute Focus+1","ats:Flexible Camouflage+1","ats:Revitalization","ats:Very Hot Blade"],"picked":"SKIP","floor":30}],"player_experience":61406,"relics_obtained":[{"floor":1,"key":"SynthV:TestCard"},{"floor":6,"key":"ats:Originium"},{"floor":6,"key":"Replay:Bottled Snecko"},{"floor":9,"key":"ImprovedEquipment"},{"floor":10,"key":"ats:Originium"},{"floor":10,"key":"Matryoshka"},{"floor":14,"key":"ats:Originium"},{"floor":14,"key":"Bottled Flame"},{"floor":25,"key":"ats:Originium"},{"floor":25,"key":"MealTicket"},{"floor":26,"key":"Vajra"}],"event_choices":[],"is_beta":false,"boss_relics":[{"not_picked":["Snecko Eye","Calling Bell"],"picked":"GreenFoldingFan"}],"items_purged_floors":[21],"is_endless":false,"potions_floor_spawned":[2,8,11,12,16,18,27],"killed_by":"Gensokyo:Eternal_Rivals","ascension_level":0}}