{"host":"oehe2dxjvdgux73m","time":1613660266,"event":{"mods":["AchievementEnabler","BaseMod","Colored Map","Colored Powertips","DeckTracker","Keyboard Shortcuts","Minty Spire (QoL Compilation)","Permanent Neow","Quick Restart","StSLib","SuperFastMode"],"gold_per_floor":[114,76,90,165,10,37,50,50,97,117,71,102,102,129,129,229,229,241,166,146,166,178,178,178,178],"floor_reached":24,"language":"KOR","playtime":754,"items_purged":["Strike_B"],"score":301,"play_id":"0ace3bf7-98c9-4417-9282-bf0e4da9b1ff","local_time":"20210218235746","is_ascension_mode":true,"campfire_choices":[{"data":"Self Repair","floor":8.0,"key":"SMITH"},{"floor":15.0,"key":"REST"},{"data":"Beam Cell","floor":23,"key":"SMITH"}],"circlet_count":0,"master_deck":["Defend_B","Defend_B","Defend_B","Defend_B","Zap","Dualcast","Fusion","Gash","Self Repair+1","Rebound","All For One","Glacier","Hologram","Gash","Beam Cell+1","Go for the Eyes","Skim","Echo Form","Conserve Battery+1","Loop+1","Static Discharge+1","Capacitor+1","Auto Shields+1","Buffer"],"relics":["Cracked Core","Strawberry","Dream Catcher","Bronze Scales","Pen Nib","Astrolabe"],"acts_visited":["Exordium","TheCity"],"potions_floor_usage":[],"damage_taken":[{"damage":1.0,"enemies":"Cultist","floor":1.0,"turns":3.0},{"damage":16.0,"enemies":"Small Slimes","floor":3.0,"turns":4.0},{"damage":32.0,"enemies":"Gremlin Nob","floor":6.0,"turns":4.0},{"damage":1.0,"enemies":"Jaw Worm","floor":7.0,"turns":3.0},{"damage":0.0,"enemies":"Large Slime","floor":10.0,"turns":4.0},{"damage":32.0,"enemies":"Lagavulin","floor":12.0,"turns":4.0},{"damage":0.0,"enemies":"3 Sentries","floor":14.0,"turns":6.0},{"damage":34.0,"enemies":"The Guardian","floor":16.0,"turns":11.0},{"damage":2.0,"enemies":"Chosen","floor":18.0,"turns":3.0},{"damage":25.0,"enemies":"2 Thieves","floor":20.0,"turns":4.0},{"damage":4.0,"enemies":"Snecko","floor":21.0,"turns":4.0},{"damage":10,"enemies":"Snake Plant","floor":22,"turns":5},{"damage":61,"enemies":"Gremlin Leader","floor":24,"turns":4}],"seed_played":"4799347126281918585","potions_obtained":[{"floor":3.0,"key":"FocusPotion"},{"floor":10.0,"key":"Ancient Potion"},{"floor":12.0,"key":"FocusPotion"},{"floor":14.0,"key":"Block Potion"},{"floor":20.0,"key":"DistilledChaos"}],"is_trial":false,"path_per_floor":["M","$","M","?","$","E","M","R","T","M","$","E","?","E","R","B",null,"M","$","M","M","M","R","E"],"character_chosen":"DEFECT","items_purchased":["Self Repair","All For One","Gash"],"campfire_rested":1,"item_purchase_floors":[2,5,11],"current_hp_per_floor":[74,74,65,54,54,29,28,28,28,38,38,6,6,16,40,16,66,64,64,49,55,55,55,0,0],"gold":178,"neow_bonus":"THREE_CARDS","is_daily":false,"chose_seed":false,"campfire_upgraded":2,"win_rate":0.0,"timestamp":1613660266,"path_taken":["M","$","M","?","$","E","M","R","T","M","$","E","?","E","R","BOSS","M","$","M","M","M","R","E"],"items_purchased_type":["Card","Card","Card"],"build_version":"2020-12-22","purchased_purges":1,"victory":false,"max_hp_per_floor":[75,75,75,75,75,82,82,82,82,82,82,82,82,82,82,82,82,82,82,82,82,82,82,82,82],"card_choices":[{"not_picked":["Rebound","Conserve Battery"],"picked":"Fusion","floor":0.0},{"not_picked":["Stack","Cold Snap"],"picked":"Gash","floor":1.0},{"not_picked":["Steam","Redo"],"picked":"Rebound","floor":3.0},{"not_picked":["Hello World","Conserve Battery"],"picked":"Glacier","floor":6.0},{"not_picked":["Leap","Barrage","Recycle"],"picked":"SKIP","floor":7.0},{"not_picked":["Steam","Compile Driver"],"picked":"Hologram","floor":10.0},{"not_picked":["Doom and Gloom","Leap"],"picked":"Beam Cell","floor":12.0},{"not_picked":["Force Field","Reboot"],"picked":"Go for the Eyes","floor":14.0},{"not_picked":["Barrage","Coolheaded"],"picked":"Skim","floor":15.0},{"not_picked":["Creative AI","Core Surge"],"picked":"Echo Form","floor":16.0},{"not_picked":["Undo","Redo+1","Steam"],"picked":"SKIP","floor":18.0},{"not_picked":["Force Field","Melter"],"picked":"Capacitor+1","floor":20.0},{"not_picked":["Fusion","Go for the Eyes"],"picked":"Auto Shields+1","floor":21.0},{"not_picked":["Ball Lightning","Sweeping Beam"],"picked":"Buffer","floor":22}],"player_experience":477715,"relics_obtained":[{"floor":6.0,"key":"Strawberry"},{"floor":9.0,"key":"Dream Catcher"},{"floor":12.0,"key":"Bronze Scales"},{"floor":14.0,"key":"Pen Nib"}],"event_choices":[{"damage_healed":0.0,"max_hp_gain":0.0,"max_hp_loss":0.0,"gold_gain":75.0,"event_name":"World of Goop","player_choice":"Gather Gold","floor":4.0,"gold_loss":0.0,"damage_taken":11.0},{"damage_healed":0.0,"max_hp_gain":0.0,"max_hp_loss":0.0,"gold_gain":0.0,"event_name":"Dead Adventurer","player_choice":"Searched \u00271\u0027 times","floor":13.0,"gold_loss":0.0,"damage_taken":0.0}],"is_beta":false,"boss_relics":[{"not_picked":["Calling Bell","Ectoplasm"],"picked":"Astrolabe"}],"items_purged_floors":[19],"is_endless":false,"potions_floor_spawned":[3,10,12,14,20],"killed_by":"Gremlin Leader","ascension_level":5}}