{"host":"a7js9z8d6aod1ovy","time":1613635190,"event":{"mods":["AchievementEnabler","BaseMod","Googly Eyes","GungeonMod","Hermit","Minty Spire (QoL Compilation)","Rare Cards Sparkle","StSLib","SuperFastMode","The Poker Player"],"gold_per_floor":[111,111,123,298,298,298,42,42,67,107,107,125,148,148,148,276,276,294,294,294],"floor_reached":19,"language":"KOR","playtime":606,"items_purged":["hermit:Strike_Hermit"],"score":190,"play_id":"dcad2066-c041-4964-a569-6294cc73e816","local_time":"20210218165950","is_ascension_mode":false,"campfire_choices":[{"data":"hermit:TakeAim","floor":6,"key":"SMITH"},{"data":"hermit:HeroicBravado","floor":11,"key":"SMITH"},{"floor":15,"key":"REST"}],"circlet_count":0,"master_deck":["hermit:Strike_Hermit","hermit:Strike_Hermit","hermit:Strike_Hermit","hermit:Defend_Hermit","hermit:Defend_Hermit","hermit:Defend_Hermit","hermit:Snapshot","hermit:Covet","hermit:Quickdraw","hermit:TakeAim+1","Doubt","hermit:ShadowCloak","hermit:HeroicBravado+1","hermit:Dive","hermit:BigShot","hermit:Purgatory","hermit:CalledShot"],"relics":["hermit:Momento","NeowsBlessing","Golden Idol","hermit:RedScarf","Bag of Marbles","Calipers","Boot","SacredBark"],"acts_visited":["Exordium","TheCity"],"potions_floor_usage":[16,16],"damage_taken":[{"damage":0,"enemies":"Jaw Worm","floor":1,"turns":1},{"damage":0,"enemies":"Small Slimes","floor":3,"turns":1},{"damage":0,"enemies":"Gremlin Nob","floor":10,"turns":1},{"damage":1,"enemies":"Cultist","floor":12,"turns":4},{"damage":13,"enemies":"Large Slime","floor":13,"turns":9},{"damage":40,"enemies":"The Guardian","floor":16,"turns":18},{"damage":63,"enemies":"Chosen","floor":18,"turns":5},{"damage":35,"enemies":"Shell Parasite","floor":19,"turns":4}],"seed_played":"-4519798689222591931","potions_obtained":[{"floor":1,"key":"Fire Potion"},{"floor":10,"key":"AttackPotion"},{"floor":12,"key":"Block Potion"}],"is_trial":false,"path_per_floor":["M","?","M","?","?","R","$","T","T","E","R","M","M","?","R","B",null,"M","M"],"character_chosen":"HERMIT","items_purchased":["hermit:ShadowCloak","hermit:HeroicBravado"],"campfire_rested":1,"item_purchase_floors":[7,7],"current_hp_per_floor":[75,68,68,68,50,50,50,50,50,50,50,49,36,36,58,18,75,12,0,0],"gold":294,"neow_bonus":"THREE_ENEMY_KILL","is_daily":false,"chose_seed":false,"campfire_upgraded":2,"win_rate":0.0,"timestamp":1613635190,"path_taken":["M","?","M","?","?","R","$","?","T","E","R","M","?","?","R","BOSS","M","?"],"items_purchased_type":["Card","Card"],"build_version":"2020-12-22","purchased_purges":1,"victory":false,"max_hp_per_floor":[75,75,75,75,75,75,75,75,75,75,75,75,75,75,75,75,75,75,75,75],"card_choices":[{"not_picked":["hermit:Combo","hermit:SprayPray"],"picked":"hermit:Quickdraw","floor":1},{"not_picked":["hermit:CursedWeapon","hermit:ItchyTrigger"],"picked":"hermit:TakeAim","floor":3},{"not_picked":["hermit:HoleUp","hermit:Maintenance"],"picked":"hermit:Dive","floor":10},{"not_picked":["hermit:BodyArmor","hermit:Quickdraw","hermit:LowProfile"],"picked":"SKIP","floor":12},{"not_picked":["hermit:Roulette","hermit:Manifest"],"picked":"hermit:BigShot","floor":13},{"not_picked":["hermit:Roughhouse","hermit:Gambit"],"picked":"hermit:Purgatory","floor":16},{"not_picked":["hermit:TakeAim+1","hermit:TrackingShot"],"picked":"hermit:CalledShot","floor":18}],"player_experience":33357,"relics_obtained":[{"floor":8,"key":"hermit:RedScarf"},{"floor":9,"key":"Bag of Marbles"},{"floor":10,"key":"Calipers"}],"event_choices":[{"cards_removed":["hermit:Defend_Hermit"],"damage_healed":0,"gold_gain":0,"player_choice":"Card Removal","damage_taken":7,"max_hp_gain":0,"max_hp_loss":0,"event_name":"Golden Wing","floor":2,"gold_loss":0},{"damage_healed":0,"gold_gain":175,"player_choice":"AGREE","damage_taken":0,"max_hp_gain":0,"max_hp_loss":0,"event_name":"Liars Game","floor":4,"gold_loss":0,"cards_obtained":["Doubt"]},{"damage_healed":0,"gold_gain":0,"player_choice":"Take Damage","damage_taken":18,"relics_obtained":["Golden Idol"],"max_hp_gain":0,"max_hp_loss":0,"event_name":"Golden Idol","floor":5,"gold_loss":0},{"damage_healed":0,"gold_gain":0,"player_choice":"Gave Potion","damage_taken":0,"relics_obtained":["Boot"],"max_hp_gain":0,"max_hp_loss":0,"event_name":"WeMeetAgain","floor":14,"gold_loss":0}],"is_beta":false,"boss_relics":[{"not_picked":["Runic Dome","Coffee Dripper"],"picked":"SacredBark"}],"items_purged_floors":[7],"is_endless":false,"potions_floor_spawned":[1,10,12],"killed_by":"Shell Parasite","ascension_level":0}}