{"host":"goda751pbqw5j0wn","time":1613626126,"event":{"mods":["Act Like it!","Arknights","BaseMod","Highlight Path","Minty Spire (QoL Compilation)","READ ME - Guardian Mod","Shop Mod","StSLib","óô»ðÖ¸ÄÏ"],"gold_per_floor":[118,118,193,214,214,257,257,276,276,310,330,161,161,7,7,7,7],"floor_reached":16,"language":"ZHS","playtime":1064,"items_purged":["ats:Defend"],"score":108,"play_id":"c7fc2b32-a177-44a5-945f-9ab4ddfdd756","local_time":"20210218132846","is_ascension_mode":false,"campfire_choices":[{"floor":7,"key":"REST"},{"floor":13,"key":"REST"},{"data":"ats:Hammer On","floor":15,"key":"SMITH"}],"circlet_count":0,"master_deck":["ats:Strike C","ats:Strike G","ats:Strike S","ats:Strike V","ats:Armor Crushing Shot","ats:Defend","ats:Defend","ats:Defend","ats:Emotion Absorption","ats:Shell Defense+1","ats:Powerful Strike","ats:Ignite","ats:Flexible Camouflage","ats:Defend Order+1","ats:Apocalypse","ats:Song Of Battle+1","ats:Hammer On+1"],"relics":["ats:Sanity","Golden Idol","Darkstone Periapt","ats:Originium","Frozen Egg 2","Sundial","Smiling Mask","Lee\u0027s Waffle"],"acts_visited":["Exordium"],"potions_floor_usage":[10,16,16],"damage_taken":[{"damage":4.0,"enemies":"ats:Genji","floor":1.0,"turns":5.0},{"damage":15,"enemies":"Jaw Worm","floor":4,"turns":9},{"damage":38,"enemies":"3 Sentries","floor":6,"turns":13},{"damage":1,"enemies":"2 Louse","floor":8,"turns":3},{"damage":21,"enemies":"Lagavulin","floor":10,"turns":5},{"damage":4,"enemies":"Blue Slaver","floor":11,"turns":4},{"damage":120,"enemies":"Hexaghost","floor":16,"turns":14}],"seed_played":"-7282419466589652950","potions_obtained":[{"floor":6,"key":"SteroidPotion"},{"floor":10,"key":"ColorlessPotion"},{"floor":11,"key":"SneckoOil"}],"is_trial":false,"path_per_floor":["M","?","T","M","?","E","R","M","T","E","M","$","R","$","R","B"],"character_chosen":"DOCTOR_CLASS","items_purchased":["ats:Song Of Battle+1","ats:Hammer On","Lee\u0027s Waffle"],"campfire_rested":2,"item_purchase_floors":[12,12,14],"current_hp_per_floor":[75,56,56,52,52,23,46,45,45,24,22,22,45,86,86,0,0],"gold":7,"neow_bonus":"TEN_PERCENT_HP_BONUS","is_daily":false,"chose_seed":false,"campfire_upgraded":1,"win_rate":0.0,"timestamp":1613626126,"path_taken":["M","?","?","M","?","E","R","M","T","E","M","?","R","$","R","BOSS"],"items_purchased_type":["Card","Card","Relic"],"build_version":"2020-12-22","purchased_purges":1,"victory":false,"max_hp_per_floor":[79,79,79,79,79,79,79,79,79,79,79,79,79,86,86,86,86],"card_choices":[{"not_picked":["ats:Poison Spread","ats:Revitalization"],"picked":"ats:Shell Defense","floor":1.0},{"not_picked":["ats:Very Hot Blade","ats:Ignite"],"picked":"ats:Powerful Strike","floor":4},{"not_picked":["ats:True Silver Slash","ats:Charging Defense"],"picked":"ats:Ignite","floor":6},{"not_picked":["ats:Absolute Focus","ats:Powerful Strike"],"picked":"ats:Flexible Camouflage","floor":8},{"not_picked":["ats:Hammer On","ats:Steam Pump"],"picked":"ats:Defend Order+1","floor":10},{"not_picked":["ats:Flexible Camouflage","ats:Poison Spread"],"picked":"ats:Apocalypse","floor":11}],"player_experience":532846,"relics_obtained":[{"floor":3.0,"key":"Darkstone Periapt"},{"floor":6,"key":"ats:Originium"},{"floor":6,"key":"Frozen Egg 2"},{"floor":9,"key":"Sundial"},{"floor":10,"key":"ats:Originium"},{"floor":10,"key":"Smiling Mask"}],"event_choices":[{"damage_healed":0.0,"max_hp_gain":0.0,"max_hp_loss":0.0,"gold_gain":0.0,"event_name":"Golden Idol","player_choice":"Take Damage","floor":2.0,"gold_loss":0.0,"damage_taken":19.0,"relics_obtained":["Golden Idol"]},{"damage_healed":0,"gold_gain":0,"player_choice":"Grow","damage_taken":0,"max_hp_gain":0,"max_hp_loss":0,"event_name":"Living Wall","floor":5,"gold_loss":0,"cards_upgraded":["ats:Shell Defense"]}],"is_beta":false,"boss_relics":[],"items_purged_floors":[12],"is_endless":false,"potions_floor_spawned":[6,10,11],"killed_by":"Hexaghost","ascension_level":0}}