{"host":"mu5qkq7030l6349q","time":1613677204,"event":{"mods":["AchievementEnabler","BaseMod","Colored Powertips","Downfall","Highlight Path","Minty Spire (QoL Compilation)","Permanent Neow","Rare Cards Sparkle","Replay The Spire","StSLib"],"gold_per_floor":[219,219,237,237,253,282,282,313,388,405,405,420,438,467,467,562,562,581,581,598,598,608,642,642,674,674,709,725,751,780,848,860,974,986,1010,1022,1034,1146,1175,1212,1224,1269,1281,1305,1342,1354,1057,1073,1073,1073,1073,1073,525,550,550],"floor_reached":56,"language":"ENG","playtime":4441,"items_purged":[],"score":1382,"play_id":"c84f75e6-17b0-4c74-b6d6-d77894929e54","local_time":"20210218204004","is_ascension_mode":true,"campfire_choices":[{"data":"Ragnarok","floor":11.0,"key":"SMITH"},{"data":"Replay:ManipulateFuture","floor":15.0,"key":"SMITH"},{"floor":24.0,"key":"REST"},{"data":"Weave","floor":32.0,"key":"SMITH"},{"data":"Weave","floor":41.0,"key":"SMITH"},{"data":"DevaForm","floor":46,"key":"SMITH"},{"floor":49,"key":"RECALL"},{"data":"Worship","floor":52,"key":"SMITH"}],"circlet_count":0,"master_deck":["Defend_P","Defend_P","Defend_P+1","Defend_P+1","Eruption","Vigilance","Weave+1","SandsOfTime+1","Weave+1","CutThroughFate","Ragnarok+1","FlyingSleeves","Halt","Replay:ManipulateFuture+1","Weave+1","ThirdEye","DevaForm+1","Replay:Battleflow+1","Worship+1","CutThroughFate+1","Prostrate+1","ReachHeaven+1","Scrawl","ThirdEye","CutThroughFate","ReplayTheSpireMod:Splinters","Master of Strategy","Bandage Up","Weave+1","CutThroughFate+1","Nirvana","ThirdEye","Thinking Ahead","CutThroughFate","Nirvana","Vault"],"relics":["Replay:Wanted Poster","Whetstone","ReplayTheSpireMod:TigerMarble","Letter Opener","Counterbalance","Replay:Bronze Core","Enchiridion","War Paint","Centennial Puzzle","Mercury Hourglass","Anchor","Red Mask","ReplayFunnel","MawBank","Replay:Drink Me","Quantum Egg","Regal Pillow","Bag of Preparation","CaptainsWheel","ReplayTheSpireMod:Lightbulb","Replay:Bottled Flurry","Replay:Rubber Ducky"],"acts_visited":["Exordium","TheCity","TheBeyond","TheEnding"],"potions_floor_usage":[55,55],"damage_taken":[{"damage":0.0,"enemies":"Small Slimes","floor":1.0,"turns":2.0},{"damage":0.0,"enemies":"Jaw Worm","floor":3.0,"turns":3.0},{"damage":8.0,"enemies":"2 Louse","floor":5.0,"turns":3.0},{"damage":15.0,"enemies":"Lagavulin","floor":6.0,"turns":5.0},{"damage":1.0,"enemies":"Gremlin Nob","floor":8.0,"turns":3.0},{"damage":0.0,"enemies":"Exordium Thugs","floor":10.0,"turns":2.0},{"damage":5.0,"enemies":"Red Slaver","floor":12.0,"turns":2.0},{"damage":0.0,"enemies":"Looter","floor":13.0,"turns":2.0},{"damage":0.0,"enemies":"3 Sentries","floor":14.0,"turns":3.0},{"damage":20.0,"enemies":"The Guardian","floor":16.0,"turns":5.0},{"damage":0.0,"enemies":"Shell Parasite","floor":18.0,"turns":2.0},{"damage":3.0,"enemies":"Spheric Guardian","floor":20.0,"turns":3.0},{"damage":0.0,"enemies":"Centurion and Healer","floor":22.0,"turns":4.0},{"damage":28.0,"enemies":"Replay:Snechameleon","floor":23.0,"turns":5.0},{"damage":16.0,"enemies":"Slavers","floor":25.0,"turns":2.0},{"damage":12.0,"enemies":"Gremlin Leader","floor":27.0,"turns":4.0},{"damage":0.0,"enemies":"3 Cultists","floor":28.0,"turns":2.0},{"damage":1.0,"enemies":"Masked Bandits","floor":29.0,"turns":3.0},{"damage":0.0,"enemies":"Book of Stabbing","floor":30.0,"turns":2.0},{"damage":13.0,"enemies":"Automaton","floor":33.0,"turns":7.0},{"damage":6.0,"enemies":"3 Shapes","floor":35.0,"turns":2.0},{"damage":0.0,"enemies":"3 Darklings","floor":39.0,"turns":2.0},{"damage":0.0,"enemies":"Reptomancer","floor":40.0,"turns":6.0},{"damage":0.0,"enemies":"R_Hoarder","floor":42.0,"turns":4.0},{"damage":0.0,"enemies":"Jaw Worm Horde","floor":44.0,"turns":2.0},{"damage":0,"enemies":"Reptomancer","floor":45,"turns":3},{"damage":0,"enemies":"Maw","floor":48,"turns":3},{"damage":26,"enemies":"Replay:Hell Engine","floor":50,"turns":4},{"damage":0,"enemies":"Shield and Spear","floor":54,"turns":4},{"damage":30,"enemies":"The Heart","floor":55,"turns":6}],"seed_played":"7894166075195684040","potions_obtained":[{"floor":5.0,"key":"Swift Potion"},{"floor":8.0,"key":"Adrenaline Potion"},{"floor":10.0,"key":"bronze:BurnAndBuffPotion"},{"floor":13.0,"key":"DuplicationPotion"},{"floor":29.0,"key":"Energy Potion"},{"floor":35.0,"key":"Strength Potion"}],"is_trial":false,"path_per_floor":["M","?","M","T","M","E","?","E","T","M","R","M","M","E","R","B",null,"M","?","M","?","M","E","R","E","T","E","M","?","E","?","R","B",null,"M","?","?","?","M","E","R","E","T","M","E","R","$","M","R","B",null,"R","$","E","B",null],"character_chosen":"WATCHER","items_purchased":["Nirvana","ThirdEye","Thinking Ahead","CutThroughFate","Nirvana","ReplayTheSpireMod:Lightbulb","Replay:Bottled Flurry"],"campfire_rested":1,"item_purchase_floors":[47,47,47,53,53,53,53],"current_hp_per_floor":[72,65,65,65,57,42,42,41,41,41,41,36,36,36,36,16,72,72,72,69,53,53,25,46,30,30,18,18,17,17,17,17,13,54,48,38,38,38,42,46,46,50,50,50,50,50,50,50,50,28,51,51,51,51,25],"gold":550,"neow_bonus":"BOSS_RELIC","is_daily":false,"chose_seed":false,"campfire_upgraded":6,"win_rate":0.0,"timestamp":1613677204,"path_taken":["M","?","M","?","M","E","?","E","T","?","R","M","M","E","R","BOSS","M","?","M","?","M","E","R","E","T","E","M","?","E","?","R","BOSS","M","?","?","?","?","E","R","E","T","M","E","R","?","M","R","BOSS","R","$","E","BOSS"],"items_purchased_type":["Card","Card","Card","Card","Card","Relic","Relic"],"build_version":"2020-12-22","purchased_purges":0,"victory":true,"max_hp_per_floor":[72,72,72,72,72,72,72,72,72,72,72,72,72,72,72,72,72,72,72,72,72,72,72,72,72,72,72,72,72,72,72,72,72,54,54,54,51,51,51,51,51,51,51,51,51,51,51,51,51,51,51,51,51,51,51],"card_choices":[{"not_picked":["Replay:BluntJabs","EmptyBody","Wallop"],"picked":"SKIP","floor":1.0},{"not_picked":["Replay:BluntJabs","Study"],"picked":"Weave","floor":3.0},{"not_picked":["Crescendo","PathToVictory"],"picked":"SandsOfTime","floor":5.0},{"not_picked":["InnerPeace","SashWhip"],"picked":"Weave","floor":6.0},{"not_picked":["EmptyBody","ClearTheMind"],"picked":"FlyingSleeves","floor":8.0},{"not_picked":["SignatureMove","Crescendo"],"picked":"Halt","floor":10.0},{"not_picked":["CrushJoints","Collect"],"picked":"Replay:ManipulateFuture","floor":12.0},{"not_picked":["Evaluate","ClearTheMind"],"picked":"Weave","floor":13.0},{"not_picked":["Judgement","Replay:DivineShield"],"picked":"ThirdEye","floor":14.0},{"not_picked":["Blasphemy","Replay:LoomingThreat"],"picked":"DevaForm","floor":16.0},{"not_picked":["Adaptation","Replay:Vibes"],"picked":"Replay:Battleflow+1","floor":18.0},{"not_picked":["ThirdEye","CarveReality"],"picked":"CutThroughFate+1","floor":20.0},{"not_picked":["Crescendo","Consecrate","PathToVictory+1"],"picked":"SKIP","floor":22.0},{"not_picked":["FlyingSleeves","PathToVictory","FlurryOfBlows"],"picked":"SKIP","floor":23.0},{"not_picked":["MentalFortress+1","Replay:DivineShield"],"picked":"Prostrate+1","floor":25.0},{"not_picked":["Worship+1","Conclude"],"picked":"ReachHeaven+1","floor":27.0},{"not_picked":["DeceiveReality+1","LikeWater+1"],"picked":"Scrawl","floor":28.0},{"not_picked":["Replay:BluntJabs","Replay:AtTheReady"],"picked":"ThirdEye","floor":29.0},{"not_picked":["Replay:BluntJabs","Prostrate"],"picked":"CutThroughFate","floor":30.0},{"not_picked":["Evaluate+1","BowlingBash+1","Replay:BluntJabs"],"picked":"SKIP","floor":35.0},{"not_picked":["Dramatic Entrance","Mind Blast"],"picked":"Master of Strategy","floor":36.0},{"not_picked":["Good Instincts","Replay:BasicMightCard"],"picked":"Bandage Up","floor":36.0},{"not_picked":["Prostrate","ClearTheMind+1","WindmillStrike+1"],"picked":"SKIP","floor":39.0},{"not_picked":["EmptyFist","DeceiveReality+1"],"picked":"Weave+1","floor":40.0},{"not_picked":["FearNoEvil","Protect"],"picked":"CutThroughFate+1","floor":42.0},{"not_picked":["Prostrate+1","Wallop+1","Protect"],"picked":"SKIP","floor":44.0},{"not_picked":["ConjureBlade","Brilliance","EmptyBody"],"picked":"SKIP","floor":45},{"not_picked":["BowlingBash+1","Crescendo+1","FollowUp"],"picked":"SKIP","floor":48},{"not_picked":["Replay:Vibes","Meditate"],"picked":"Vault","floor":54}],"player_experience":48104,"relics_obtained":[{"floor":6.0,"key":"Whetstone"},{"floor":8.0,"key":"ReplayTheSpireMod:TigerMarble"},{"floor":9.0,"key":"Letter Opener"},{"floor":14.0,"key":"Counterbalance"},{"floor":21.0,"key":"Enchiridion"},{"floor":23.0,"key":"War Paint"},{"floor":25.0,"key":"Centennial Puzzle"},{"floor":26.0,"key":"Mercury Hourglass"},{"floor":27.0,"key":"Anchor"},{"floor":29.0,"key":"Red Mask"},{"floor":30.0,"key":"ReplayFunnel"},{"floor":31.0,"key":"MawBank"},{"floor":40.0,"key":"Quantum Egg"},{"floor":42.0,"key":"Regal Pillow"},{"floor":43.0,"key":"Bag of Preparation"},{"floor":45,"key":"CaptainsWheel"},{"floor":54,"key":"Replay:Rubber Ducky"}],"event_choices":[{"cards_removed":["Strike_P"],"damage_healed":0.0,"max_hp_gain":0.0,"max_hp_loss":0.0,"gold_gain":0.0,"event_name":"Golden Wing","player_choice":"Card Removal","floor":2.0,"gold_loss":0.0,"damage_taken":7.0},{"damage_healed":0.0,"max_hp_gain":0.0,"max_hp_loss":0.0,"gold_gain":0.0,"event_name":"Match and Keep!","player_choice":"2 cards matched","floor":7.0,"gold_loss":0.0,"damage_taken":0.0,"cards_obtained":["CutThroughFate","Ragnarok"]},{"damage_healed":0.0,"max_hp_gain":0.0,"max_hp_loss":0.0,"gold_gain":0.0,"event_name":"The Library","player_choice":"Read","floor":19.0,"gold_loss":0.0,"damage_taken":0.0,"cards_obtained":["Worship"]},{"damage_healed":0.0,"max_hp_gain":0.0,"max_hp_loss":0.0,"gold_gain":0.0,"event_name":"Cursed Tome","player_choice":"Obtained Book","floor":21.0,"gold_loss":0.0,"damage_taken":16.0},{"damage_healed":0.0,"max_hp_gain":0.0,"max_hp_loss":0.0,"gold_gain":0.0,"event_name":"Masked Bandits","player_choice":"Fought Bandits","floor":29.0,"gold_loss":0.0,"damage_taken":0.0},{"damage_healed":0.0,"max_hp_gain":0.0,"max_hp_loss":0.0,"gold_gain":0.0,"event_name":"SensoryStone","player_choice":"Memory 3","floor":36.0,"gold_loss":0.0,"damage_taken":10.0},{"damage_healed":0.0,"max_hp_gain":0.0,"max_hp_loss":3.0,"gold_gain":0.0,"event_name":"Winding Halls","player_choice":"Max HP","floor":37.0,"gold_loss":0.0,"damage_taken":0.0},{"damage_healed":0.0,"max_hp_gain":0.0,"max_hp_loss":0.0,"gold_gain":100.0,"event_name":"Golden Shrine","player_choice":"Pray","floor":38.0,"gold_loss":0.0,"damage_taken":0.0}],"is_beta":false,"boss_relics":[{"not_picked":["Replay:Ancient Bell","VioletLotus"],"picked":"Replay:Bronze Core"},{"not_picked":["ChewingGum","SlaversCollar"],"picked":"Replay:Drink Me"}],"items_purged_floors":[],"is_endless":false,"potions_floor_spawned":[5,8,10,13,14,16,18,22,23,25,29,30,35,39,42],"ascension_level":1}}