{"host":"jfbo3eu2ui08ej1u","time":1613682036,"event":{"mods":["2.2 Compatiblity","AchievementEnabler","Act Like it!","Aspiration","BaseMod","Better Altar","Better Match","Better Note","Better Sensory Stone","Better Skull","Better Third Choice","Block Reminder","Colored Map","Colored Powertips","Conspire","DeckTracker","Displayed Cursed Tome","Energized Spire","Fox Events","GifTheSpireLib","Hermit","Hubris","Infinite Spire","Marked Mod","Minty Spire (QoL Compilation)","Monster B Gone","Pale of the Ancients","Poor People Problems","Quick Restart","Relic Filter","Reliquary","Reorder Act Four","Replay The Spire","Shop Mod","Spicy Shops","Spire Arcade","StSLib","Stuff the Spire","The Blue Laboratory","The Disciple","The Forsaken","The Hierophant","The Marked","Uncapped","Unceasing Turn Reminder","Wandering Minibosses"],"gold_per_floor":[118,135,145,162,162,196,196,228,276,276,293,293,318,318,318,318,318],"floor_reached":16,"language":"ENG","playtime":854,"items_purged":[],"score":240,"play_id":"b945e80e-84b8-4529-ba21-e1c70ff67b27","local_time":"20210218160036","is_ascension_mode":true,"campfire_choices":[{"floor":7,"key":"REST"},{"floor":10,"key":"REST"},{"floor":12,"key":"REST"},{"floor":15,"key":"REST"}],"circlet_count":0,"master_deck":["AscendersBane","Strike_P","Strike_P","Strike_P","Strike_P","Defend_P","Defend_P","Defend_P","Defend_P","Eruption","Vigilance","FearNoEvil","Vengeance","EmptyFist","ThirdEye","FlurryOfBlows","Conclude","MentalFortress","FollowUp","Injury"],"relics":["PureWater","Replay:Wax Seal","Bottled Lightning","ReplayTheSpireMod:Lightbulb","StuffTheSpire:Nightcore","Golden Idol"],"acts_visited":["Exordium"],"potions_floor_usage":[6,13],"damage_taken":[{"damage":5.0,"enemies":"infinitespire:Voidling","floor":1.0,"turns":4.0},{"damage":0.0,"enemies":"Small Slimes","floor":2.0,"turns":2.0},{"damage":0.0,"enemies":"Cultist","floor":3.0,"turns":2.0},{"damage":18.0,"enemies":"Exordium Wildlife","floor":4.0,"turns":4.0},{"damage":24,"enemies":"Lagavulin","floor":6,"turns":7},{"damage":43,"enemies":"3 Sentries","floor":8,"turns":11},{"damage":0,"enemies":"2 Fungi Beasts","floor":11,"turns":2},{"damage":18,"enemies":"Gremlin Nob","floor":13,"turns":4},{"damage":51,"enemies":"Hexaghost","floor":16,"turns":10}],"seed_played":"-9141853464851768534","potions_obtained":[{"floor":3.0,"key":"blueLaboratory:AbyssPotion"},{"floor":4.0,"key":"blueLaboratory:MidnightOil"},{"floor":8,"key":"LifebloodPotion"}],"is_trial":false,"path_per_floor":["M","M","M","M","?","E","R","E","T","R","M","R","E","?","R","B"],"character_chosen":"WATCHER","items_purchased":[],"campfire_rested":4,"item_purchase_floors":[],"current_hp_per_floor":[62,62,62,44,48,24,46,3,3,25,25,47,29,29,51,0,0],"gold":318,"neow_bonus":"TEN_PERCENT_HP_BONUS","is_daily":false,"chose_seed":false,"campfire_upgraded":0,"win_rate":0.0,"timestamp":1613682036,"path_taken":["M","?","M","M","?","E","R","E","T","R","?","R","E","?","R","BOSS"],"items_purchased_type":[],"build_version":"2020-12-22","purchased_purges":0,"victory":false,"max_hp_per_floor":[74,74,74,74,74,74,74,74,74,74,74,74,74,74,74,74,74],"card_choices":[{"not_picked":["DeceiveReality","Halt"],"picked":"FearNoEvil","floor":1.0},{"not_picked":["Prostrate","EmptyBody"],"picked":"Vengeance","floor":2.0},{"not_picked":["ThirdEye","MarkedMod:GentlePulse"],"picked":"EmptyFist","floor":3.0},{"not_picked":["Replay:AtTheReady","EmptyBody"],"picked":"ThirdEye","floor":4.0},{"not_picked":["WreathOfFlame","Crescendo"],"picked":"FlurryOfBlows","floor":6},{"not_picked":["Weave","MarkedMod:FirstStrike"],"picked":"Conclude","floor":8},{"not_picked":["MarkedMod:SlowDance","Replay:AtTheReady"],"picked":"MentalFortress","floor":11},{"not_picked":["Meditate","SandsOfTime"],"picked":"FollowUp","floor":13}],"player_experience":1341945,"relics_obtained":[{"floor":6,"key":"Replay:Wax Seal"},{"floor":8,"key":"Bottled Lightning"},{"floor":9,"key":"ReplayTheSpireMod:Lightbulb"},{"floor":13,"key":"StuffTheSpire:Nightcore"}],"event_choices":[{"damage_healed":0,"gold_gain":0,"player_choice":"Take Wound","damage_taken":0,"relics_obtained":["Golden Idol"],"max_hp_gain":0,"max_hp_loss":0,"event_name":"Golden Idol","floor":14,"gold_loss":0,"cards_obtained":["Injury"]}],"is_beta":false,"boss_relics":[],"items_purged_floors":[],"is_endless":false,"potions_floor_spawned":[3,4,8],"killed_by":"Hexaghost","ascension_level":20}}