{"host":"su4bqgzf8ryjohfr","time":1613607976,"event":{"mods":["BaseMod","Highlight Path","Minty Spire (QoL Compilation)"],"gold_per_floor":[118,76,5111,5111,5126,5126,5152,5171,5171,5185,5202,4468,4468,4486,4486,4589,4639,4653,4653,4673,4683,4699,4734,4734,4762,4844,4876,4876,4801,4017,4017,4017,4117,4117,4137,4137,3451,0,17,17,44,44,68,83,109,109,109,126,126,126,126,126,5160,5190,5190],"floor_reached":56,"language":"ENG","playtime":7917,"items_purged":["Defend_G","Strike_G","Strike_G+1","Defend_G+1","Doubt"],"score":1729,"play_id":"58a9702e-52e2-448b-96f0-7b03483015aa","local_time":"20210217192616","is_ascension_mode":true,"campfire_choices":[{"data":"Blade Dance","floor":6,"key":"SMITH"},{"data":"Footwork","floor":13,"key":"SMITH"},{"data":"Prepared","floor":15,"key":"SMITH"},{"floor":24,"key":"REST"},{"floor":28,"key":"RECALL"},{"data":"Tactician","floor":32,"key":"SMITH"},{"data":"Blade Dance","floor":40,"key":"SMITH"},{"data":"Footwork","floor":42,"key":"SMITH"},{"data":"Underhanded Strike","floor":47,"key":"SMITH"},{"data":"Acrobatics","floor":49,"key":"SMITH"},{"data":"Dagger Throw","floor":52,"key":"SMITH"}],"circlet_count":0,"master_deck":["Strike_G+1","Strike_G+1","Defend_G+1","Defend_G+1","Defend_G+1","Survivor","Neutralize","Dagger Throw+1","Acrobatics+1","Blade Dance+1","Footwork+1","Tactician+1","Footwork+1","PiercingWail","Blade Dance+1","Prepared+1","Footwork+1","Flying Knee","Endless Agony+1","Adrenaline+1","Acrobatics+1","Deflect+1","Crippling Poison+1","Outmaneuver+1","Endless Agony+1","Backflip+1","Underhanded Strike+1","Distraction+1","Noxious Fumes+1","Burst+1","Panacea+1","Accuracy+1","Blur+1","Endless Agony+1","Parasite","Outmaneuver+1","Apotheosis+1"],"relics":["SacredBark","Anchor","Gambling Chip","Paper Crane","Frozen Egg 2","Sling","Toxic Egg 2","Strawberry","Tiny House","Gremlin Horn","Snake Skull","Toy Ornithopter","Medical Kit","Eternal Feather","Lantern","SlaversCollar","HandDrill","Happy Flower","Oddly Smooth Stone","Red Mask","Pen Nib","Dream Catcher","Dead Branch","Mummified Hand","Orichalcum","OrangePellets","Nunchaku"],"acts_visited":["Exordium","TheCity","TheBeyond","TheEnding"],"potions_floor_usage":[7,7,16,16,23,23,33,33,44,45,55],"damage_taken":[{"damage":9,"enemies":"2 Louse","floor":1,"turns":4},{"damage":0,"enemies":"Small Slimes","floor":5,"turns":4},{"damage":11,"enemies":"Lagavulin","floor":7,"turns":4},{"damage":0,"enemies":"Cultist","floor":8,"turns":3},{"damage":2,"enemies":"Lots of Slimes","floor":10,"turns":4},{"damage":0,"enemies":"3 Louse","floor":11,"turns":3},{"damage":2,"enemies":"Blue Slaver","floor":14,"turns":5},{"damage":27,"enemies":"Slime Boss","floor":16,"turns":12},{"damage":26,"enemies":"Spheric Guardian","floor":18,"turns":4},{"damage":0,"enemies":"Shell Parasite","floor":20,"turns":5},{"damage":13,"enemies":"Centurion and Healer","floor":21,"turns":9},{"damage":17,"enemies":"Shelled Parasite and Fungi","floor":22,"turns":9},{"damage":2,"enemies":"Book of Stabbing","floor":23,"turns":7},{"damage":0,"enemies":"Gremlin Leader","floor":25,"turns":6},{"damage":5,"enemies":"Slavers","floor":27,"turns":6},{"damage":15,"enemies":"Collector","floor":33,"turns":7},{"damage":0,"enemies":"Orb Walker","floor":35,"turns":4},{"damage":0,"enemies":"3 Shapes","floor":39,"turns":3},{"damage":0,"enemies":"Reptomancer","floor":41,"turns":6},{"damage":31,"enemies":"Writhing Mass","floor":44,"turns":6},{"damage":0,"enemies":"Giant Head","floor":45,"turns":5},{"damage":0,"enemies":"Spire Growth","floor":48,"turns":3},{"damage":22,"enemies":"Donu and Deca","floor":50,"turns":8},{"damage":0,"enemies":"Shield and Spear","floor":54,"turns":4},{"damage":23,"enemies":"The Heart","floor":55,"turns":8}],"seed_played":"-3155081843322111595","potions_obtained":[{"floor":7,"key":"GhostInAJar"},{"floor":11,"key":"Fire Potion"},{"floor":17,"key":"PowerPotion"},{"floor":21,"key":"PowerPotion"},{"floor":27,"key":"DuplicationPotion"},{"floor":33,"key":"FairyPotion"},{"floor":39,"key":"CultistPotion"},{"floor":44,"key":"SkillPotion"}],"is_trial":false,"path_per_floor":["M","?","$","?","M","R","E","M","T","M","M","$","R","M","R","B",null,"M","?","M","M","M","E","R","E","T","E","R","?","$","?","R","B",null,"M","?","$","?","M","R","E","R","T","M","E","?","R","M","R","B",null,"R","$","E","B",null],"character_chosen":"THE_SILENT","items_purchased":["Anchor","Acrobatics","Blade Dance","Footwork","Flechettes","CunningPotion","LiquidBronze","SkillPotion","Gambling Chip","Sling","Toxic Egg 2","Strawberry","Footwork+1","Flying Knee","Medical Kit","Eternal Feather","Lantern","Noxious Fumes+1","CunningPotion","HandDrill","Happy Flower","Oddly Smooth Stone","Accuracy+1","Apotheosis+1","Mummified Hand","Orichalcum","Dexterity Potion","OrangePellets"],"campfire_rested":1,"item_purchase_floors":[3,3,3,3,3,3,3,3,3,12,12,12,12,12,30,30,30,30,30,37,37,37,37,53,53,53,53,53],"current_hp_per_floor":[61,61,61,61,61,61,50,50,50,48,48,55,55,53,53,26,69,43,43,43,30,13,11,35,35,35,30,30,30,30,57,75,67,78,78,78,78,78,78,82,82,82,82,51,56,82,82,82,82,60,77,82,82,82,64],"gold":5190,"neow_bonus":"BOSS_RELIC","is_daily":false,"chose_seed":false,"campfire_upgraded":9,"win_rate":0.0,"timestamp":1613607976,"path_taken":["M","?","$","?","M","R","E","M","T","?","?","$","R","M","R","BOSS","M","?","M","M","M","E","R","E","T","E","R","?","$","?","R","BOSS","M","?","$","?","M","R","E","R","T","M","E","?","R","M","R","BOSS","R","$","E","BOSS"],"items_purchased_type":["Relic","Card","Card","Card","Card","Potion","Potion","Potion","Relic","Relic","Relic","Relic","Card","Card","Relic","Relic","Relic","Card","Potion","Relic","Relic","Relic","Card","Card","Relic","Relic","Potion","Relic"],"build_version":"2020-12-22","purchased_purges":5,"victory":true,"max_hp_per_floor":[70,70,70,70,70,70,70,70,70,70,70,77,77,77,77,77,82,82,82,82,82,82,82,82,82,82,82,82,82,82,82,82,82,82,82,82,82,82,82,82,82,82,82,82,82,82,82,82,82,82,82,82,82,82,82],"card_choices":[{"not_picked":["Underhanded Strike","All Out Attack"],"picked":"Dagger Throw","floor":1},{"not_picked":["Dodge and Roll","Sucker Punch"],"picked":"Tactician","floor":5},{"not_picked":["Tactician","A Thousand Cuts"],"picked":"Footwork","floor":7},{"not_picked":["Cloak And Dagger","Leg Sweep"],"picked":"PiercingWail","floor":8},{"not_picked":["PiercingWail","All Out Attack"],"picked":"Blade Dance","floor":10},{"not_picked":["Riddle With Holes","Concentrate"],"picked":"Prepared","floor":11},{"not_picked":["Dagger Spray","Dagger Throw"],"picked":"Endless Agony","floor":14},{"not_picked":["After Image+1","Doppelganger+1"],"picked":"Adrenaline+1","floor":16},{"not_picked":["Leg Sweep+1","Masterful Stab"],"picked":"Acrobatics+1","floor":17},{"not_picked":["Dagger Throw","Dagger Spray"],"picked":"Deflect+1","floor":18},{"not_picked":["All Out Attack","Flechettes"],"picked":"Crippling Poison+1","floor":20},{"not_picked":["Well Laid Plans+1","Blade Dance+1"],"picked":"Outmaneuver+1","floor":21},{"not_picked":["Backstab","Underhanded Strike"],"picked":"Endless Agony+1","floor":22},{"not_picked":["Skewer+1","Poisoned Stab"],"picked":"Backflip+1","floor":23},{"not_picked":["Slice","Poisoned Stab"],"picked":"Underhanded Strike","floor":25},{"not_picked":["Expertise+1","Dodge and Roll+1"],"picked":"Distraction+1","floor":27},{"not_picked":["Night Terror+1","Adrenaline+1"],"picked":"Burst+1","floor":33},{"not_picked":["Bane+1","All Out Attack","Predator"],"picked":"SKIP","floor":35},{"not_picked":["Metamorphosis+1","Impatience+1"],"picked":"Panacea+1","floor":36},{"not_picked":["Reflex+1","Flechettes+1"],"picked":"Blur+1","floor":39},{"not_picked":["Backstab","Poisoned Stab"],"picked":"Endless Agony+1","floor":41},{"not_picked":["Sucker Punch","Reflex+1"],"picked":"Outmaneuver+1","floor":44},{"not_picked":["Setup+1","Glass Knife","Sucker Punch"],"picked":"SKIP","floor":45},{"not_picked":["Dodge and Roll+1","Deadly Poison+1","PiercingWail+1"],"picked":"SKIP","floor":48},{"not_picked":["Noxious Fumes+1","Dagger Spray","All Out Attack+1"],"picked":"SKIP","floor":54}],"player_experience":101856,"relics_obtained":[{"floor":7,"key":"Paper Crane"},{"floor":9,"key":"Frozen Egg 2"},{"floor":23,"key":"Gremlin Horn"},{"floor":25,"key":"Snake Skull"},{"floor":27,"key":"Toy Ornithopter"},{"floor":41,"key":"Pen Nib"},{"floor":43,"key":"Dream Catcher"},{"floor":45,"key":"Dead Branch"},{"floor":54,"key":"Nunchaku"}],"event_choices":[{"damage_healed":0,"gold_gain":0,"player_choice":"Left Gold","damage_taken":0,"max_hp_gain":0,"max_hp_loss":0,"event_name":"World of Goop","floor":2,"gold_loss":42},{"cards_removed":["Strike_G"],"damage_healed":0,"gold_gain":0,"player_choice":"Offered Basic","damage_taken":0,"max_hp_gain":0,"max_hp_loss":0,"event_name":"Bonfire Elementals","floor":4,"gold_loss":0},{"damage_healed":0,"gold_gain":0,"player_choice":"Simplicity","damage_taken":0,"max_hp_gain":0,"max_hp_loss":0,"event_name":"Back to Basics","floor":19,"gold_loss":0,"cards_upgraded":["Strike_G","Strike_G","Strike_G","Defend_G","Defend_G","Defend_G","Defend_G"]},{"cards_removed":["Flechettes"],"damage_healed":0,"gold_gain":0,"player_choice":"Gave Gold","damage_taken":0,"max_hp_gain":0,"max_hp_loss":0,"event_name":"Beggar","floor":29,"gold_loss":75},{"damage_healed":27,"gold_gain":0,"player_choice":"Heal","damage_taken":0,"max_hp_gain":0,"max_hp_loss":0,"event_name":"The Library","floor":31,"gold_loss":0},{"damage_healed":0,"gold_gain":0,"player_choice":"Memory 1","damage_taken":0,"max_hp_gain":0,"max_hp_loss":0,"event_name":"SensoryStone","floor":36,"gold_loss":0},{"damage_healed":0,"gold_gain":0,"player_choice":"Paid","damage_taken":0,"relics_obtained":["Red Mask"],"max_hp_gain":0,"max_hp_loss":0,"event_name":"Tomb of Lord Red Mask","floor":38,"gold_loss":3451},{"damage_healed":26,"gold_gain":0,"player_choice":"Heal","damage_taken":0,"max_hp_gain":0,"max_hp_loss":0,"event_name":"MindBloom","floor":46,"gold_loss":0,"cards_obtained":["Doubt"]}],"is_beta":false,"boss_relics":[{"not_picked":["Ectoplasm","Empty Cage"],"picked":"Tiny House"},{"not_picked":["Coffee Dripper","Runic Dome"],"picked":"SlaversCollar"}],"items_purged_floors":[3,12,30,37,53],"is_endless":false,"potions_floor_spawned":[5,7,11,21,27,33,39,44],"ascension_level":5}}