{"host":"o1cu55645d5ske2f","time":1613673136,"event":{"mods":["AchievementEnabler","Act Like it!","Aspiration","BaseMod","Colored Map","Colored Powertips","Dota2Spire","Emptier Cage","Friendly Minions","Gensokyo","GifTheSpireLib","Hallownest","Hermit","Highlight Path","Hubris","Infinite Spire","KinomotoSakuraMod(木之本樱)","Koishi","Lobotomy","LobotomyExtend","Marisa（F雨　魔理沙）","Minty Spire (QoL Compilation)","Quick Restart","Rare Cards Sparkle","Relic Stats","Remilia（蕾米莉亚）","Replay The Spire","RumiaBox-露米娅的神秘盒子","Shop Mod","Spicy Shops","StSLib","TestMod","The Administrix","The Blackbeard","The Bug Knight","The Cursed","The Hierophant","The Mystic","The Runesmith","The Servant 0.9.4","Yakumo Yukari mod","Youmu（魂魄妖梦）","Yuyuko","【功能Mod】混沌之环修复补丁","【功能Mod】聪明的最终Boss"],"gold_per_floor":[112,131,143,153,167,186,186,186,186,186,186,198,214,214,214,310,310,323,339,349,368,380,380,480,480,480,493,493,508,528,548,548,548,548],"floor_reached":33,"language":"ZHS","playtime":2434,"items_purged":[],"score":299,"play_id":"5d718311-040c-4127-8080-42ba6b6bf07e","local_time":"20210219023216","is_ascension_mode":false,"campfire_choices":[{"data":"SpellCardSeal","floor":7.0,"key":"SMITH"},{"floor":11.0,"key":"REST"},{"floor":23.0,"key":"REST"},{"floor":25.0,"key":"REST"},{"floor":32.0,"key":"REST"}],"circlet_count":0,"master_deck":["SakuraCardTheMove+","SakuraCardTheRain+","ClowCardTheSword","ClowCardTheShield","SpellCardSeal+1","SpellCardRelease","ClowCardTheThrough","ClowCardTheGlow","ClowCardTheSilent+1","ClowCardTheRain","Toxin Wave","ClowCardTheFreeze","ClowCardTheBubbles","ClowCardTheFirey","ClowCardTheSnow","ClowCardTheLibra","ClowCardTheReturn","ClowCardTheLibra+1","ClowCardTheWave"],"relics":["KSMOD_SealedBook","KSMOD_SealedWand","testmod-TestBox","LetterFromLob","Empty Cage","Incense Burner"],"acts_visited":["Gensokyo:Gensokyo","TheCity"],"potions_floor_usage":[],"damage_taken":[{"damage":3.0,"enemies":"Gensokyo:2_Kodama","floor":1.0,"turns":5.0},{"damage":17.0,"enemies":"Gensokyo:3_Fairies","floor":2.0,"turns":12.0},{"damage":7.0,"enemies":"Gensokyo:Gryphon","floor":3.0,"turns":4.0},{"damage":5.0,"enemies":"Gensokyo:VengefulSpirit","floor":4.0,"turns":6.0},{"damage":2.0,"enemies":"Gensokyo:2_Rabbits","floor":5.0,"turns":2.0},{"damage":0.0,"enemies":"Gensokyo:LivingMonolith","floor":6.0,"turns":3.0},{"damage":4.0,"enemies":"Gensokyo:Gryphon_and_Rabbit","floor":12.0,"turns":4.0},{"damage":0.0,"enemies":"Gensokyo:2_Rabbits","floor":13.0,"turns":3.0},{"damage":0.0,"enemies":"Gensokyo:Reimu","floor":16.0,"turns":13.0},{"damage":18.0,"enemies":"Shell Parasite","floor":18.0,"turns":6.0},{"damage":20.0,"enemies":"Spheric Guardian","floor":19.0,"turns":4.0},{"damage":0.0,"enemies":"Centurion and Healer","floor":20.0,"turns":7.0},{"damage":24.0,"enemies":"Cultist and Chosen","floor":21.0,"turns":6.0},{"damage":12.0,"enemies":"Sentry and Sphere","floor":22.0,"turns":5.0},{"damage":12.0,"enemies":"Centurion and Healer","floor":27.0,"turns":5.0},{"damage":24.0,"enemies":"Shelled Parasite and Fungi","floor":29.0,"turns":5.0},{"damage":9.0,"enemies":"Snake Plant","floor":30.0,"turns":4.0},{"damage":12.0,"enemies":"Centurion and Healer","floor":31.0,"turns":6.0},{"damage":0,"enemies":"Automaton","floor":33,"turns":3}],"seed_played":"1654349838806056922","potions_obtained":[{"floor":1.0,"key":"Ancient Potion"},{"floor":5.0,"key":"ColorlessPotion"},{"floor":12.0,"key":"Dota2Spire:Clarity"},{"floor":13.0,"key":"SneckoOil"},{"floor":19.0,"key":"Fruit Juice"},{"floor":22.0,"key":"Fire Potion"},{"floor":27.0,"key":"Dexterity Potion"},{"floor":31.0,"key":"SteroidPotion"}],"is_trial":false,"path_per_floor":["M","M","M","M","M","M","R","?","T","?","R","M","M","?","R_BF","B",null,"M","M","M","M","M","R","?","R","T","M","?","M","M","M","R","B"],"character_chosen":"KINOMOTOSAKURA","items_purchased":[],"campfire_rested":4,"item_purchase_floors":[],"current_hp_per_floor":[67,50,43,38,36,36,36,29,29,29,50,46,46,53,76,76,77,59,44,44,20,8,32,32,56,56,44,44,20,13,1,25,25,25],"gold":548,"neow_bonus":"ONE_RANDOM_RARE_CARD","is_daily":false,"chose_seed":false,"campfire_upgraded":1,"win_rate":0.0,"timestamp":1613673136,"path_taken":["M","M","?","M","M","M","R","?","T","?","R","M","?","?","R_BF","BOSS","M","M","M","M","M","R","?","R","T","?","?","M","M","M","R","BOSS"],"items_purchased_type":[],"build_version":"2020-12-22","purchased_purges":0,"victory":false,"max_hp_per_floor":[70,70,70,70,70,70,70,70,70,70,70,70,70,77,77,77,77,77,82,82,82,82,82,82,82,82,82,82,82,82,82,82,82,82],"relic_stats":{"counters":[19,103],"obtain_stats":[{"testmod-TestBox":0,"KSMOD_SealedBook":0,"KSMOD_SealedWand":0,"LetterFromLob":1,"Incense Burner":26,"Empty Cage":17},{"testmod-TestBox":0,"KSMOD_SealedBook":0,"KSMOD_SealedWand":0,"LetterFromLob":1,"Incense Burner":14,"Empty Cage":9},{"testmod-TestBox":0,"KSMOD_SealedBook":0,"KSMOD_SealedWand":0,"LetterFromLob":5,"Incense Burner":80,"Empty Cage":52}]},"card_choices":[{"not_picked":["ClowCardTheDream","ClowCardTheLibra"],"picked":"ClowCardTheGlow","floor":1.0},{"not_picked":["ClowCardTheMirror","ClowCardTheShot"],"picked":"ClowCardTheSilent","floor":2.0},{"not_picked":["ClowCardTheMaze","ClowCardTheArrow","ClowCardTheWood"],"picked":"SKIP","floor":3.0},{"not_picked":["ClowCardTheFloat","ClowCardTheShadow"],"picked":"ClowCardTheRain","floor":4.0},{"not_picked":["ClowCardTheCloud","ClowCardTheSweet"],"picked":"ClowCardTheRain","floor":5.0},{"not_picked":["ClowCardTheLoop","ClowCardTheShadow","ClowCardTheBig"],"picked":"SKIP","floor":6.0},{"not_picked":["ClowCardTheFloat","ClowCardTheMirror"],"picked":"ClowCardTheFreeze","floor":12.0},{"not_picked":["ClowCardTheDream","ClowCardTheMist","ClowCardTheArrow"],"picked":"SKIP","floor":13.0},{"not_picked":["ClowCardTheSand","ClowCardTheWood"],"picked":"ClowCardTheMove+1","floor":18.0},{"not_picked":["ClowCardTheFloat","ClowCardTheSand"],"picked":"ClowCardTheBubbles","floor":19.0},{"not_picked":["ClowCardThePower","ClowCardTheMist","ClowCardTheDream"],"picked":"SKIP","floor":20.0},{"not_picked":["ClowCardTheWave","ClowCardTheThrough"],"picked":"ClowCardTheFirey","floor":21.0},{"not_picked":["ClowCardTheVoice","ClowCardTheLock+1","ClowCardTheIllusion"],"picked":"SKIP","floor":22.0},{"not_picked":["ClowCardTheJump","ClowCardTheWindy","ClowCardTheSilent"],"picked":"SKIP","floor":27.0},{"not_picked":["ClowCardTheSilent+1","ClowCardTheMist"],"picked":"ClowCardTheReturn","floor":29.0},{"not_picked":["ClowCardTheWood","ClowCardTheArrow"],"picked":"ClowCardTheLibra+1","floor":30.0},{"not_picked":["ClowCardTheVoice","ClowCardTheDream"],"picked":"ClowCardTheWave","floor":31.0}],"player_experience":137361,"relics_obtained":[{"floor":1.0,"key":"LetterFromLob"},{"floor":26.0,"key":"Incense Burner"}],"event_choices":[{"damage_healed":0.0,"max_hp_gain":0.0,"max_hp_loss":0.0,"gold_gain":100.0,"event_name":"Golden Shrine","player_choice":"Pray","floor":24.0,"gold_loss":0.0,"damage_taken":0.0},{"damage_healed":0.0,"max_hp_gain":0.0,"max_hp_loss":0.0,"gold_gain":0.0,"cards_transformed":["Crippling Poison","Finisher"],"event_name":"Drug Dealer","player_choice":"Became Test Subject","floor":28.0,"gold_loss":0.0,"damage_taken":0.0,"cards_obtained":["ClowCardTheSnow","ClowCardTheLibra"]}],"is_beta":false,"boss_relics":[{"not_picked":["testmod-KeyOfTheVoid","Coffee Dripper"],"picked":"Empty Cage"}],"items_purged_floors":[],"is_endless":false,"potions_floor_spawned":[1,5,12,13,19,22,27,29,31],"killed_by":"Automaton","ascension_level":0}}