{"host":"iwx63wjdqe91ab4t","time":1613623698,"event":{"mods":["AchievementEnabler","Act Like it!","Aspiration","BaseMod","BetterRewards","Downfall","Friendly Minions","Hermit","Hubris","Infinite Spire","Jorbs\u0027s Wanderer Trilogy","Marisa????????","Mimic Mod","Minty Spire (QoL Compilation)","Quick Restart","Reliquary","Replay The Spire","StSLib","The Bug Knight","The Construct","The Cursed","The Disciple","The Hierophant","The Jungle","The Necromancer","The Runesmith","The Servant 0.9.4"],"gold_per_floor":[99,116,130,130,63,115,197,197,214,226,226,237,250,281,292,392,392,392,404,418,418,44,44,44],"floor_reached":23,"language":"ENG","playtime":1637,"items_purged":["hubris:Lust"],"score":298,"play_id":"6b0ca83f-1689-4499-8cba-f40bba01662f","local_time":"20210217224818","is_ascension_mode":true,"campfire_choices":[{"data":"hermit:Snapshot","floor":1.0,"key":"SMITH"},{"data":"hermit:FlashPowder","floor":8.0,"key":"SMITH"},{"floor":18.0,"key":"DIG"}],"circlet_count":0,"master_deck":["hermit:Strike_Hermit","hermit:Strike_Hermit","hermit:Strike_Hermit","hermit:Defend_Hermit","hermit:Snapshot+1","hermit:Covet","hermit:FlashPowder+1","hermit:HighCaliber","hermit:HighCaliber","hermit:Shortfuse","hermit:HighCaliber","hermit:BodyArmor","hermit:Dissolve","hermit:HighNoon","hermit:Quickdraw","hermit:HighCaliber","hermit:BodyArmor","Survey Options","expansioncontent:DashGenerateEvil"],"relics":["hermit:Momento","Shuriken","reliquary:RedPaperclip","reliquary:NewFriend"],"acts_visited":["Exordium","TheCity"],"potions_floor_usage":[23],"damage_taken":[{"damage":2.0,"enemies":"Jaw Worm","floor":2.0,"turns":4.0},{"damage":0.0,"enemies":"2 Louse","floor":3.0,"turns":2.0},{"damage":0.0,"enemies":"downfall:FleeingMerchant","floor":5.0,"turns":4.0},{"damage":0.0,"enemies":"Cultist","floor":9.0,"turns":2.0},{"damage":0.0,"enemies":"2 Fungi Beasts","floor":10.0,"turns":2.0},{"damage":2.0,"enemies":"Lots of Slimes","floor":12.0,"turns":3.0},{"damage":0.0,"enemies":"Large Slime","floor":13.0,"turns":4.0},{"damage":0.0,"enemies":"Replay:BlueRogue","floor":14.0,"turns":4.0},{"damage":3.0,"enemies":"2 Fungi Beasts","floor":15.0,"turns":3.0},{"damage":121.0,"enemies":"DF_ARCHETYPE_STREAMLINE","floor":16.0,"turns":17.0},{"damage":31.0,"enemies":"3 Byrds","floor":19.0,"turns":6.0},{"damage":15.0,"enemies":"downfall:LooterAlt2","floor":20.0,"turns":4.0},{"damage":9.0,"enemies":"downfall:FleeingMerchant","floor":22.0,"turns":4.0},{"damage":15,"enemies":"Nightmare","floor":23,"turns":5}],"seed_played":"-3958952879166896667","potions_obtained":[{"floor":2.0,"key":"Languid Potion"},{"floor":3.0,"key":"Fire Potion"},{"floor":12.0,"key":"FairyPotion"},{"floor":16.0,"key":"Energy Potion"}],"is_trial":false,"path_per_floor":["R","M","M","?","$","?","T","R","M","M","?","M","M","E","M","B",null,"R","M","M","?","$","NM"],"character_chosen":"HERMIT","items_purchased":["hermit:HighCaliber","Survey Options","expansioncontent:DashGenerateEvil"],"campfire_rested":0,"item_purchase_floors":[5,22,22],"current_hp_per_floor":[82,80,80,80,80,48,48,48,48,48,82,80,80,80,77,16,66,66,35,20,20,11,0,0],"gold":44,"neow_bonus":"TEN_PERCENT_HP_BONUS","is_daily":false,"chose_seed":false,"campfire_upgraded":2,"win_rate":0.0,"timestamp":1613623698,"path_taken":["R","M","M","?","$","?","T","R","?","M","?","M","?","E","M","BOSS","R","M","M","?","$","NM"],"items_purchased_type":["Card","Card","Card"],"build_version":"2020-12-22","purchased_purges":1,"victory":false,"max_hp_per_floor":[82,82,82,82,82,82,82,82,82,82,82,82,82,82,82,82,82,82,82,82,82,82,82,82],"card_choices":[{"not_picked":["hermit:LowProfile","hermit:Virtue"],"picked":"hermit:FlashPowder","floor":2.0},{"not_picked":["hermit:Manifest","hermit:ItchyTrigger"],"picked":"hermit:NoHoldsBarred","floor":3.0},{"not_picked":["hermit:WideOpen","hermit:Scavenge"],"picked":"hermit:HighCaliber","floor":5.0},{"not_picked":["hermit:ItchyTrigger","hermit:LuckOfTheDraw"],"picked":"hermit:Shortfuse","floor":6.0},{"not_picked":["hermit:LowProfile","hermit:PistolWhip","hermit:Manifest"],"picked":"SKIP","floor":9.0},{"not_picked":["hermit:TakeAim","hermit:Combo"],"picked":"hermit:HighCaliber","floor":10.0},{"not_picked":["hermit:Ricochet","hermit:Dive"],"picked":"hermit:BodyArmor","floor":12.0},{"not_picked":["hermit:LowProfile","hermit:Quickdraw","hermit:Feint"],"picked":"SKIP","floor":13.0},{"not_picked":["hermit:GhostlyPresence","hermit:DeadMansHand"],"picked":"hermit:Dissolve","floor":14.0},{"not_picked":["hermit:Glare","hermit:CalledShot","hermit:Coalescence"],"picked":"SKIP","floor":15.0},{"not_picked":["hermit:Gambit","hermit:Magnum"],"picked":"hermit:HighNoon","floor":16.0},{"not_picked":["hermit:Vantage","hermit:HoleUp"],"picked":"hermit:Quickdraw","floor":19.0},{"not_picked":["hermit:Misfire","hermit:SprayPray"],"picked":"hermit:HighCaliber","floor":20.0},{"not_picked":["hermit:ItchyTrigger","hermit:Combo+1"],"picked":"hermit:BodyArmor","floor":22.0}],"player_experience":307894,"relics_obtained":[{"floor":6.0,"key":"Shuriken"},{"floor":7.0,"key":"infinitespire:WardingShard"},{"floor":14.0,"key":"reliquary:ExpiredCoupon"},{"floor":18.0,"key":"reliquary:NewFriend"}],"event_choices":[{"cards_removed":["hermit:NoHoldsBarred"],"damage_healed":34.0,"max_hp_gain":0.0,"max_hp_loss":0.0,"gold_gain":0.0,"event_name":"Bonfire Elementals","player_choice":"Offered Uncommon","floor":11.0,"gold_loss":0.0,"damage_taken":0.0}],"is_beta":false,"boss_relics":[{"not_picked":["Honey Jar","hermit:BartenderGlass"],"picked":"reliquary:RedPaperclip"}],"items_purged_floors":[22],"is_endless":false,"potions_floor_spawned":[2,3,12,16],"killed_by":"Nightmare","ascension_level":5}}