{"host":"sc0o2qwpf9j16a4i","time":1613670196,"event":{"mods":["AchievementEnabler","BaseMod","BetterRewards","Block Reminder","Colored Map","Colored Powertips","Custom Start","Highlight Path","Minty Spire (QoL Compilation)","Relic Stats"],"gold_per_floor":[116,41,41,58,70,99,99,117,141,166,166,180,235,266,266,364,364,382,382,9,9,23,50,66,83,129,329,365,392,307,329,329,435,435,457,1474,1496,1523,819,819,859,871,917,929,941,989,1001,1069,1081,1093],"floor_reached":51,"language":"ENG","playtime":2055,"items_purged":["Strike_B","Normality"],"score":951,"play_id":"1b9d5468-253c-442a-86bf-72d76e57e13a","local_time":"20210218194316","daily_mods":["Specialized","Purple Cards","Terminal"],"is_ascension_mode":false,"campfire_choices":[{"data":"SashWhip","floor":7,"key":"SMITH"},{"data":"TalkToTheHand","floor":15,"key":"SMITH"},{"floor":32,"key":"REST"},{"floor":40,"key":"REST"},{"floor":42,"key":"REST"},{"floor":47,"key":"REST"},{"floor":49,"key":"REST"}],"circlet_count":0,"master_deck":["Strike_B","Strike_B+1","Strike_B+1","Defend_B","Defend_B","Defend_B","Defend_B","Zap","Dualcast+1","Leap","Leap","Leap","Leap","Leap","Ball Lightning+1","CutThroughFate","SashWhip+1","Wallop","DeceiveReality","Coolheaded","TalkToTheHand+1","Scrawl","RitualDagger","TalkToTheHand","Hologram","Reinforced Body","Doom and Gloom","Pain","ThirdEye","DeceiveReality","Nirvana","DevaForm","Sweeping Beam+1","Normality","Conserve Battery","Thinking Ahead","Enlightenment","Finesse","RitualDagger","Loop","Consume+1","Injury","Protect+1","Defragment"],"relics":["Cracked Core","DataDisk","Omamori","Odd Mushroom","Juzu Bracelet","Emotion Chip","Thread and Needle","Cursed Key","Lee\u0027s Waffle","Whetstone","Letter Opener","CeramicFish","Boot","Oddly Smooth Stone","Inserter","Mummified Hand","Ancient Tea Set","DollysMirror","MawBank","Vajra","Bottled Tornado","Unceasing Top"],"acts_visited":["Exordium","TheCity","TheBeyond"],"potions_floor_usage":[12,16,22,23,23,23,24,33,50,50,50],"damage_taken":[{"damage":0,"enemies":"Cultist","floor":1,"turns":3},{"damage":0,"enemies":"Small Slimes","floor":4,"turns":3},{"damage":1,"enemies":"Jaw Worm","floor":5,"turns":3},{"damage":1,"enemies":"Lagavulin","floor":6,"turns":7},{"damage":0,"enemies":"2 Fungi Beasts","floor":8,"turns":3},{"damage":14,"enemies":"The Mushroom Lair","floor":10,"turns":5},{"damage":0,"enemies":"3 Louse","floor":12,"turns":1},{"damage":0,"enemies":"3 Sentries","floor":13,"turns":6},{"damage":0,"enemies":"3 Sentries","floor":14,"turns":8},{"damage":0,"enemies":"The Guardian","floor":16,"turns":10},{"damage":5,"enemies":"2 Thieves","floor":18,"turns":4},{"damage":2,"enemies":"3 Byrds","floor":22,"turns":6},{"damage":24,"enemies":"Gremlin Leader","floor":23,"turns":10},{"damage":0,"enemies":"Cultist and Chosen","floor":24,"turns":6},{"damage":0,"enemies":"Snake Plant","floor":25,"turns":6},{"damage":3,"enemies":"Slavers","floor":28,"turns":7},{"damage":0,"enemies":"Centurion and Healer","floor":29,"turns":7},{"damage":0,"enemies":"Snecko","floor":31,"turns":5},{"damage":21,"enemies":"Automaton","floor":33,"turns":15},{"damage":5,"enemies":"3 Darklings","floor":35,"turns":6},{"damage":17,"enemies":"3 Shapes","floor":37,"turns":4},{"damage":24,"enemies":"Reptomancer","floor":41,"turns":9},{"damage":4,"enemies":"Nemesis","floor":46,"turns":9},{"damage":17,"enemies":"2 Orb Walkers","floor":48,"turns":7},{"damage":14,"enemies":"Time Eater","floor":50,"turns":14}],"seed_played":"908386238169057337","potions_obtained":[{"floor":4,"key":"Explosive Potion"},{"floor":5,"key":"FocusPotion"},{"floor":10,"key":"Energy Potion"},{"floor":14,"key":"AttackPotion"},{"floor":16,"key":"Weak Potion"},{"floor":18,"key":"EntropicBrew"},{"floor":24,"key":"Fruit Juice"},{"floor":25,"key":"LiquidBronze"},{"floor":31,"key":"ColorlessPotion"},{"floor":35,"key":"PowerPotion"},{"floor":45,"key":"Ancient Potion"},{"floor":48,"key":"PowerPotion"}],"is_trial":true,"path_per_floor":["M","$","?","M","M","E","R","M","T","?","?","M","?","E","R","B",null,"M","?","$","?","M","E","M","M","T","?","E","M","?","M","R","B",null,"M","?","M","?","$","R","E","R","T","?","?","E","R","?","R","B",null],"character_chosen":"DEFECT","items_purchased":["Lee\u0027s Waffle","TalkToTheHand","Whetstone","Mummified Hand","Ancient Tea Set","DollysMirror","Loop"],"campfire_rested":5,"item_purchase_floors":[20,20,20,39,39,39,39],"current_hp_per_floor":[73,72,58,58,57,56,56,56,56,42,42,42,42,42,42,42,57,52,46,61,60,58,34,39,39,39,39,36,36,36,36,52,31,52,47,47,30,20,20,34,10,23,23,23,23,19,30,13,23,9],"gold":1105,"neow_bonus":"","is_daily":false,"chose_seed":false,"campfire_upgraded":2,"win_rate":0.0,"timestamp":1613670196,"path_taken":["M","$","?","M","M","E","R","M","T","?","?","M","?","E","R","BOSS","M","?","$","?","M","E","M","M","T","?","E","M","?","M","R","BOSS","M","?","M","?","$","R","E","R","T","?","?","E","R","?","R","BOSS"],"items_purchased_type":["Relic","Card","Relic","Relic","Relic","Relic","Card"],"build_version":"2020-12-22","purchased_purges":2,"victory":true,"max_hp_per_floor":[73,72,71,70,69,68,67,66,65,64,63,62,61,60,59,58,57,56,55,61,60,59,58,62,61,60,59,58,57,56,55,54,53,52,51,50,49,48,47,46,45,44,43,40,39,38,37,36,35,34],"relic_stats":{"Lee\u0027s Waffle":16,"Inserter":[22],"counters":[25,164],"CeramicFish":153,"Juzu Bracelet":3,"Whetstone":["Ball Lightning","Strike_B"],"Letter Opener":[212],"Cursed Key":2,"Boot":[23],"MawBank":120,"Emotion Chip":[50,33,11,6,0],"Mummified Hand":[16],"obtain_stats":[{"Lee\u0027s Waffle":20,"Inserter":34,"CeramicFish":26,"Oddly Smooth Stone":30,"Vajra":43,"Thread and Needle":14,"Omamori":9,"Juzu Bracelet":11,"Whetstone":20,"Letter Opener":23,"Odd Mushroom":10,"Bottled Tornado":46,"Cursed Key":17,"Boot":28,"Ancient Tea Set":39,"MawBank":41,"DataDisk":6,"Emotion Chip":13,"Mummified Hand":39,"DollysMirror":39,"Cracked Core":0,"Unceasing Top":48},{"Lee\u0027s Waffle":11,"Inserter":19,"CeramicFish":15,"Oddly Smooth Stone":17,"Vajra":22,"Thread and Needle":9,"Omamori":5,"Juzu Bracelet":6,"Whetstone":11,"Letter Opener":13,"Odd Mushroom":6,"Bottled Tornado":23,"Cursed Key":10,"Boot":16,"Ancient Tea Set":21,"MawBank":22,"DataDisk":4,"Emotion Chip":8,"Mummified Hand":21,"DollysMirror":21,"Cracked Core":0,"Unceasing Top":24},{"Lee\u0027s Waffle":53,"Inserter":115,"CeramicFish":81,"Oddly Smooth Stone":95,"Vajra":134,"Thread and Needle":39,"Omamori":19,"Juzu Bracelet":24,"Whetstone":53,"Letter Opener":69,"Odd Mushroom":24,"Bottled Tornado":143,"Cursed Key":49,"Boot":88,"Ancient Tea Set":125,"MawBank":134,"DataDisk":16,"Emotion Chip":31,"Mummified Hand":125,"DollysMirror":125,"Cracked Core":0,"Unceasing Top":150}],"Unceasing Top":[0]},"card_choices":[{"not_picked":["Weave","Blizzard"],"picked":"Ball Lightning","floor":1},{"not_picked":["ClearTheMind","Turbo"],"picked":"CutThroughFate","floor":4},{"not_picked":["Adaptation","FollowUp"],"picked":"SashWhip","floor":5},{"not_picked":["Recycle","Rip and Tear","Beam Cell"],"picked":"SKIP","floor":6},{"not_picked":["Barrage","Leap"],"picked":"Wallop","floor":8},{"not_picked":["Steam Power","Tantrum"],"picked":"DeceiveReality","floor":10},{"not_picked":["Consecrate","DeceiveReality"],"picked":"Coolheaded","floor":12},{"not_picked":["Devotion","Streamline"],"picked":"TalkToTheHand","floor":14},{"not_picked":["Seek","Core Surge"],"picked":"Scrawl","floor":16},{"not_picked":["Blizzard","Reprogram","Perseverance"],"picked":"SKIP","floor":18},{"not_picked":["Barrage","Rebound"],"picked":"Hologram","floor":22},{"not_picked":["Sweeping Beam","Lockon"],"picked":"Reinforced Body","floor":23},{"not_picked":["Barrage","Conserve Battery+1"],"picked":"Doom and Gloom","floor":24},{"not_picked":["FollowUp","Collect","FlyingSleeves"],"picked":"SKIP","floor":25},{"not_picked":["Reprogram","Sweeping Beam"],"picked":"ThirdEye","floor":28},{"not_picked":["FlurryOfBlows","Gash+1"],"picked":"DeceiveReality","floor":29},{"not_picked":["Storm","Evaluate"],"picked":"Nirvana","floor":31},{"not_picked":["Alpha","Core Surge"],"picked":"DevaForm","floor":33},{"not_picked":["Perseverance+1","WaveOfTheHand"],"picked":"Sweeping Beam+1","floor":35},{"not_picked":["SashWhip","Leap"],"picked":"Conserve Battery","floor":37},{"not_picked":["Transmutation","Violence"],"picked":"Thinking Ahead","floor":38},{"not_picked":["Finesse","HandOfGreed"],"picked":"Enlightenment","floor":38},{"not_picked":["HandOfGreed","Blind"],"picked":"Finesse","floor":38},{"not_picked":["Chaos","Amplify"],"picked":"Consume+1","floor":41},{"not_picked":["Pray+1","CarveReality+1"],"picked":"Protect+1","floor":46},{"not_picked":["Consecrate","Redo+1"],"picked":"Defragment","floor":48}],"player_experience":1469973,"relics_obtained":[{"floor":6,"key":"DataDisk"},{"floor":9,"key":"Omamori"},{"floor":10,"key":"Odd Mushroom"},{"floor":13,"key":"Emotion Chip"},{"floor":14,"key":"Thread and Needle"},{"floor":23,"key":"Letter Opener"},{"floor":26,"key":"CeramicFish"},{"floor":28,"key":"Boot"},{"floor":41,"key":"MawBank"},{"floor":43,"key":"Vajra"},{"floor":46,"key":"Bottled Tornado"},{"floor":48,"key":"Unceasing Top"}],"event_choices":[{"damage_healed":0,"gold_gain":0,"player_choice":"Entered Light","damage_taken":14,"max_hp_gain":0,"max_hp_loss":0,"event_name":"Shining Light","floor":3,"gold_loss":0,"cards_upgraded":["Strike_B","Dualcast"]},{"damage_healed":0,"gold_gain":0,"player_choice":"Fought Mushrooms","damage_taken":0,"max_hp_gain":0,"max_hp_loss":0,"event_name":"Mushrooms","floor":10,"gold_loss":0},{"damage_healed":0,"gold_gain":0,"player_choice":"Box","damage_taken":0,"relics_obtained":["Juzu Bracelet"],"max_hp_gain":0,"max_hp_loss":0,"event_name":"Big Fish","floor":11,"gold_loss":0,"cards_obtained":["Regret"]},{"damage_healed":0,"gold_gain":0,"player_choice":"Searched \u00272\u0027 times","damage_taken":0,"max_hp_gain":0,"max_hp_loss":0,"event_name":"Dead Adventurer","floor":13,"gold_loss":0},{"damage_healed":0,"gold_gain":0,"player_choice":"Joined the Cult","damage_taken":6,"max_hp_gain":0,"max_hp_loss":0,"event_name":"Nest","floor":19,"gold_loss":0,"cards_obtained":["RitualDagger"]},{"damage_healed":0,"gold_gain":0,"player_choice":"Cursed","damage_taken":0,"max_hp_gain":0,"max_hp_loss":0,"event_name":"Wheel of Change","floor":21,"gold_loss":0,"cards_obtained":["Decay"]},{"damage_healed":0,"gold_gain":250,"player_choice":"Bet on Owner","damage_taken":0,"max_hp_gain":0,"max_hp_loss":0,"event_name":"The Joust","floor":27,"gold_loss":50},{"damage_healed":0,"gold_gain":0,"player_choice":"Obtained Relic","damage_taken":0,"relics_obtained":["Oddly Smooth Stone"],"max_hp_gain":0,"max_hp_loss":0,"event_name":"Addict","floor":30,"gold_loss":85},{"damage_healed":0,"gold_gain":999,"player_choice":"Gold","damage_taken":0,"max_hp_gain":0,"max_hp_loss":0,"event_name":"MindBloom","floor":36,"gold_loss":0,"cards_obtained":["Normality","Normality"]},{"damage_healed":0,"gold_gain":0,"player_choice":"Memory 3","damage_taken":10,"max_hp_gain":0,"max_hp_loss":0,"event_name":"SensoryStone","floor":38,"gold_loss":0},{"damage_healed":0,"gold_gain":0,"player_choice":"Max HP","damage_taken":0,"max_hp_gain":0,"max_hp_loss":2,"event_name":"Winding Halls","floor":44,"gold_loss":0},{"damage_healed":0,"gold_gain":0,"player_choice":"Got Potions","damage_taken":0,"max_hp_gain":0,"max_hp_loss":0,"event_name":"Lab","floor":45,"gold_loss":0},{"damage_healed":0,"gold_gain":0,"player_choice":"Fight","damage_taken":0,"max_hp_gain":0,"max_hp_loss":0,"event_name":"Mysterious Sphere","floor":48,"gold_loss":0}],"is_beta":false,"boss_relics":[{"not_picked":["SacredBark","Coffee Dripper"],"picked":"Cursed Key"},{"not_picked":["Empty Cage","Runic Pyramid"],"picked":"Inserter"}],"items_purged_floors":[2,39],"is_endless":false,"potions_floor_spawned":[4,5,10,14,16,18,24,25,29,31,35,48],"ascension_level":0}}