{"host":"v4pe0ixo3k7iwzp0","time":1613635481,"event":{"mods":["100% Spire Juice","BaseMod","Bestiary","Highlight Path","Minty Spire (QoL Compilation)","StSLib","Td1madao Mod","The Senshi"],"gold_per_floor":[111,129,145,160,174,174,190,190,190,41,41,61,11,38,38,142,142,155,171,188,202,6,6,24,52,75,91,110,34,45,144,144,245,245,261,1260,1260,1272,1282,1282,1315,1315,1315],"floor_reached":42,"language":"ENG","playtime":3893,"items_purged":[],"score":506,"play_id":"531f72dd-d3a4-4880-bd22-708e8c568298","local_time":"20210218000441","is_ascension_mode":false,"campfire_choices":[{"data":"theSenshi:MoonPrismPowerMakeUp","floor":6.0,"key":"SMITH"},{"data":"theSenshi:MoonCrisisMakeUp","floor":8.0,"key":"SMITH"},{"data":"theSenshi:MoonCrystalPowerMakeUp","floor":11.0,"key":"SMITH"},{"data":"theSenshi:RainbowMoonHeartAche","floor":15.0,"key":"SMITH"},{"data":"theSenshi:MoonCosmicPowerMakeUp","floor":23.0,"key":"SMITH"},{"floor":32.0,"key":"REST"},{"floor":40,"key":"REST"}],"circlet_count":0,"master_deck":["theSenshi:SailorKick","theSenshi:SailorKick","theSenshi:SailorKick","theSenshi:SailorKick","theSenshi:SailorBlock","theSenshi:SailorBlock","theSenshi:RoseThrow+1","theSenshi:MoonPrismPowerMakeUp+1","theSenshi:MoonCrystalPowerMakeUp+1","theSenshi:MoonCrisisMakeUp+1","theSenshi:MoonHealingEscalation+1","theSenshi:TuxedoMaskAssists","theSenshi:InTheNameOfTheMoon","theSenshi:TallSilhouette","theSenshi:MoonTiaraMagic","theSenshi:MoonsReflection","theSenshi:SailorVenusAssists","theSenshi:RainbowMoonHeartAche+1","theSenshi:LunaSensingAllies","theSenshi:TallSilhouette","theSenshi:MoonPunch","theSenshi:MoonCosmicPowerMakeUp+1","theSenshi:Sidestep+1","theSenshi:SailorMarsAssists","theSenshi:LunasBite+1","theSenshi:SailorUranusAssists+1","theSenshi:SailorChibiMoonAssists+1","theSenshi:MoonGorgeousMeditation","theSenshi:SailorMercuryAssists+1","theSenshi:VenusGlamour","theSenshi:GlimpseOfThePast","theSenshi:TuxedoMaskAssists+1","Normality","theSenshi:Sidestep+1","theSenshi:MoonsReflection+1","theSenshi:SailorNeptuneAssists+1"],"relics":["theSenshi:TransformationBroochRelic","Letter Opener","Orrery","War Paint","Cursed Key","Omamori","TungstenRod","Dream Catcher","Philosopher\u0027s Stone","Ornamental Fan"],"acts_visited":["Exordium","TheCity","TheBeyond"],"potions_floor_usage":[39,41],"damage_taken":[{"damage":0.0,"enemies":"Cultist","floor":1.0,"turns":4.0},{"damage":0.0,"enemies":"2 Louse","floor":2.0,"turns":4.0},{"damage":15.0,"enemies":"Jaw Worm","floor":3.0,"turns":6.0},{"damage":7.0,"enemies":"2 Fungi Beasts","floor":4.0,"turns":4.0},{"damage":10.0,"enemies":"Looter","floor":5.0,"turns":5.0},{"damage":2.0,"enemies":"Large Slime","floor":7.0,"turns":9.0},{"damage":3.0,"enemies":"2 Fungi Beasts","floor":12.0,"turns":3.0},{"damage":11.0,"enemies":"Lagavulin","floor":14.0,"turns":9.0},{"damage":28.0,"enemies":"Hexaghost","floor":16.0,"turns":12.0},{"damage":0.0,"enemies":"Chosen","floor":18.0,"turns":6.0},{"damage":0.0,"enemies":"Spheric Guardian","floor":19.0,"turns":3.0},{"damage":21.0,"enemies":"Snecko","floor":20.0,"turns":8.0},{"damage":18.0,"enemies":"Centurion and Healer","floor":21.0,"turns":8.0},{"damage":21.0,"enemies":"Shelled Parasite and Fungi","floor":24.0,"turns":7.0},{"damage":35.0,"enemies":"Slavers","floor":25.0,"turns":7.0},{"damage":10.0,"enemies":"Sentry and Sphere","floor":27.0,"turns":5.0},{"damage":11.0,"enemies":"Snake Plant","floor":28.0,"turns":6.0},{"damage":8.0,"enemies":"Centurion and Healer","floor":30.0,"turns":5.0},{"damage":60.0,"enemies":"Collector","floor":33.0,"turns":11.0},{"damage":47,"enemies":"3 Darklings","floor":35,"turns":7},{"damage":0,"enemies":"Orb Walker","floor":38,"turns":4},{"damage":14,"enemies":"Writhing Mass","floor":39,"turns":6},{"damage":48,"enemies":"Reptomancer","floor":41,"turns":9},{"damage":26,"enemies":"Sphere and 2 Shapes","floor":42,"turns":3}],"seed_played":"6293525956880704314","potions_obtained":[{"floor":3.0,"key":"Explosive Potion"},{"floor":5.0,"key":"DistilledChaos"},{"floor":14.0,"key":"Block Potion"},{"floor":20.0,"key":"AttackPotion"},{"floor":25.0,"key":"LiquidBronze"},{"floor":30.0,"key":"Swift Potion"},{"floor":39,"key":"Explosive Potion"},{"floor":41,"key":"DuplicationPotion"}],"is_trial":false,"path_per_floor":["M","M","M","M","M","R","M","R","T","$","R","M","$","E","R","B",null,"M","M","M","M","$","R","M","E","T","M","M","$","M","?","R","B",null,"M","?","?","M","M","R","E","M"],"character_chosen":"THE_SENSHI","items_purchased":["Orrery","theSenshi:SailorVenusAssists","Omamori","theSenshi:SailorMarsAssists","theSenshi:MoonGorgeousMeditation"],"campfire_rested":2,"item_purchase_floors":[10,13,22,22,29],"current_hp_per_floor":[75,75,60,53,53,53,71,71,71,71,71,68,68,62,62,44,75,75,75,70,62,62,62,61,36,36,36,35,35,37,37,59,19,75,28,28,28,38,34,56,18,0,0],"gold":1315,"neow_bonus":"REMOVE_CARD","is_daily":false,"chose_seed":false,"campfire_upgraded":5,"win_rate":0.0,"timestamp":1613635481,"path_taken":["M","M","M","M","M","R","M","R","T","$","R","M","$","E","R","BOSS","M","M","M","M","$","R","?","E","T","M","M","$","M","?","R","BOSS","M","?","?","M","M","R","E","M"],"items_purchased_type":["Relic","Card","Relic","Card","Card"],"build_version":"2020-12-22","purchased_purges":0,"victory":false,"max_hp_per_floor":[75,75,75,75,75,75,75,75,75,75,75,75,75,75,75,75,75,75,75,75,75,75,75,75,75,75,75,75,75,75,75,75,75,75,75,75,75,75,75,75,75,75,75],"card_choices":[{"not_picked":["theSenshi:LateForSchool","theSenshi:MoonKick"],"picked":"theSenshi:MoonCrystalPowerMakeUp","floor":1.0},{"not_picked":["theSenshi:MercurysCunning","theSenshi:Sidestep"],"picked":"theSenshi:MoonCrisisMakeUp","floor":2.0},{"not_picked":["theSenshi:EncouragingSpeech","theSenshi:MoonPower"],"picked":"theSenshi:MoonHealingEscalation","floor":3.0},{"not_picked":["theSenshi:UranusStrength","theSenshi:NeptunesGrace","theSenshi:TuxedoSmokingBomber"],"picked":"SKIP","floor":4.0},{"not_picked":["theSenshi:TuxedoSmokingBomber","theSenshi:EncouragingSpeech","theSenshi:PlutosSolemnity"],"picked":"SKIP","floor":5.0},{"not_picked":["theSenshi:SailorUranusAssists","theSenshi:TallSilhouette"],"picked":"theSenshi:TuxedoMaskAssists","floor":7.0},{"not_picked":["theSenshi:MoonCrystalPowerMakeUp","theSenshi:MercurysCunning"],"picked":"theSenshi:InTheNameOfTheMoon","floor":10.0},{"not_picked":["theSenshi:SchoolBag","theSenshi:SaturnsMystery"],"picked":"theSenshi:TallSilhouette","floor":10.0},{"not_picked":["theSenshi:ChibiMoonsLove","theSenshi:SailorChibiMoonAssists"],"picked":"theSenshi:MoonTiaraMagic","floor":10.0},{"not_picked":["theSenshi:SailorV","theSenshi:TallSilhouette"],"picked":"theSenshi:MoonsReflection","floor":10.0},{"not_picked":["theSenshi:MoonTiaraMagic","theSenshi:LateForSchool","theSenshi:GatheringStrength"],"picked":"SKIP","floor":12.0},{"not_picked":["theSenshi:SailorStarMakerAssists","theSenshi:MoonCosmicPowerMakeUp"],"picked":"theSenshi:RainbowMoonHeartAche","floor":14.0},{"not_picked":["theSenshi:SailorCosmosAssists","theSenshi:StudyParty"],"picked":"theSenshi:LunaSensingAllies","floor":16.0},{"not_picked":["theSenshi:TuxedoSmokingBomber","theSenshi:MoonCrisisMakeUp"],"picked":"theSenshi:TallSilhouette","floor":18.0},{"not_picked":["theSenshi:InTheNickOfTime","theSenshi:UranusStrength"],"picked":"theSenshi:MoonPunch","floor":19.0},{"not_picked":["theSenshi:SchoolBag","theSenshi:LateForSchool"],"picked":"theSenshi:MoonCosmicPowerMakeUp","floor":20.0},{"not_picked":["theSenshi:MoonsReflection","theSenshi:SailorStarMakerAssists"],"picked":"theSenshi:Sidestep+1","floor":21.0},{"not_picked":["theSenshi:SailorUranusAssists","theSenshi:RainbowMoonHeartAche"],"picked":"theSenshi:LunasBite+1","floor":24.0},{"not_picked":["theSenshi:LunaWiseMentor","theSenshi:LateForSchool"],"picked":"theSenshi:SailorUranusAssists+1","floor":25.0},{"not_picked":["theSenshi:TuxedoMaskAssists","theSenshi:OdangoHead","theSenshi:EncouragingSpeech"],"picked":"SKIP","floor":27.0},{"not_picked":["theSenshi:SupersonicWaves","theSenshi:Overload"],"picked":"theSenshi:SailorChibiMoonAssists+1","floor":28.0},{"not_picked":["theSenshi:SailorChibiMoonAssists","theSenshi:SailorStarHealerAssists"],"picked":"theSenshi:SailorMercuryAssists+1","floor":30.0},{"not_picked":["theSenshi:SupersonicWaves","theSenshi:SailorChibiMoonAssists"],"picked":"theSenshi:VenusGlamour","floor":32.0},{"not_picked":["theSenshi:JupitersPower","theSenshi:InTheNameOfTheMoon"],"picked":"theSenshi:GlimpseOfThePast","floor":33.0},{"not_picked":["theSenshi:EncouragingSpeech+1","theSenshi:SailorV+1"],"picked":"theSenshi:TuxedoMaskAssists+1","floor":35},{"not_picked":["theSenshi:LateForSchool","theSenshi:SailorMarsAssists+1"],"picked":"theSenshi:Sidestep+1","floor":38},{"not_picked":["theSenshi:SailorMercuryAssists+1","theSenshi:SteeledNerves"],"picked":"theSenshi:MoonsReflection+1","floor":39},{"not_picked":["theSenshi:MoonSpiralHeartAttack","theSenshi:SailorPlutoAssists"],"picked":"theSenshi:SailorNeptuneAssists+1","floor":41}],"player_experience":139728,"relics_obtained":[{"floor":9.0,"key":"Letter Opener"},{"floor":14.0,"key":"War Paint"},{"floor":25.0,"key":"TungstenRod"},{"floor":26.0,"key":"Dream Catcher"},{"floor":41,"key":"Ornamental Fan"}],"event_choices":[{"damage_healed":0.0,"max_hp_gain":0.0,"max_hp_loss":0.0,"gold_gain":99.0,"event_name":"Nest","player_choice":"Stole From Cult","floor":31.0,"gold_loss":0.0,"damage_taken":0.0},{"damage_healed":0,"gold_gain":999,"player_choice":"Gold","damage_taken":0,"max_hp_gain":0,"max_hp_loss":0,"event_name":"MindBloom","floor":36,"gold_loss":0,"cards_obtained":["Normality","Normality"]},{"cards_removed":["theSenshi:SailorBlock"],"damage_healed":0,"gold_gain":0,"player_choice":"Removed Skill","damage_taken":0,"max_hp_gain":0,"max_hp_loss":0,"event_name":"Falling","floor":37,"gold_loss":0}],"is_beta":false,"boss_relics":[{"not_picked":["SacredBark","Snecko Eye"],"picked":"Cursed Key"},{"not_picked":["Runic Pyramid","Velvet Choker"],"picked":"Philosopher\u0027s Stone"}],"items_purged_floors":[],"is_endless":false,"potions_floor_spawned":[2,3,5,14,20,24,25,30,39,41],"killed_by":"Sphere and 2 Shapes","ascension_level":0}}