{"host":"hbvn1mkfq2iixsau","time":1613659231,"event":{"mods":["AchievementEnabler","Act Like it!","BaseMod","Better Altar","Better Match","Better Sensory Stone","Better Skull","Better Third Choice","Colored Map","Minty Spire (QoL Compilation)","Quick Restart","Relic Stats","Replay The Spire","Shop Mod","StSLib"],"gold_per_floor":[110,110,110,110,110,135,135,165,165,199,199,225,242,267,267,267,267],"floor_reached":16,"language":"ENG","playtime":928,"items_purged":[],"score":193,"play_id":"f62db68d-f3d0-433c-a36f-84828368a6fc","local_time":"20210218164031","is_ascension_mode":true,"campfire_choices":[{"floor":7,"key":"RECALL"},{"floor":11,"key":"REST"},{"floor":15,"key":"REST"}],"circlet_count":0,"master_deck":["Strike_G","Strike_G","Strike_G+1","Strike_G","Strike_G","Defend_G","Defend_G+1","Defend_G+1","Defend_G","Defend_G","Survivor+1","Neutralize+1","Outmaneuver+1","Burst+1","PiercingWail+1"],"relics":["Ring of the Snake","NeowsBlessing","Mercury Hourglass","Singing Bowl","Toxic Egg 2","Gremlin Food","War Paint","Potion Belt"],"acts_visited":["Exordium"],"potions_floor_usage":[10,14,16],"damage_taken":[{"damage":0,"enemies":"2 Louse","floor":1,"turns":1},{"damage":0,"enemies":"Lagavulin","floor":6,"turns":1},{"damage":0,"enemies":"3 Sentries","floor":8,"turns":1},{"damage":39,"enemies":"Lagavulin","floor":10,"turns":10},{"damage":16,"enemies":"3 Sentries","floor":12,"turns":9},{"damage":0,"enemies":"Jaw Worm","floor":13,"turns":4},{"damage":9,"enemies":"Lagavulin","floor":14,"turns":10},{"damage":51,"enemies":"The Guardian","floor":16,"turns":14}],"seed_played":"-654430256256163079","potions_obtained":[{"floor":1,"key":"DistilledChaos"},{"floor":8,"key":"Milkshake"},{"floor":10,"key":"Block Potion"}],"is_trial":false,"path_per_floor":["M","$","?","?","$","E","R","E","T","E","R","E","M","E","R","B"],"character_chosen":"THE_SILENT","items_purchased":[],"campfire_rested":2,"item_purchase_floors":[],"current_hp_per_floor":[70,70,70,70,70,70,70,72,72,33,54,38,40,31,53,2,2],"gold":267,"neow_bonus":"THREE_ENEMY_KILL","is_daily":false,"chose_seed":false,"campfire_upgraded":0,"win_rate":0.0,"timestamp":1613659231,"path_taken":["M","$","?","?","?","E","R","E","T","E","R","E","?","E","R","BOSS"],"items_purchased_type":[],"build_version":"2020-12-22","purchased_purges":0,"victory":false,"max_hp_per_floor":[70,70,70,70,70,70,70,72,72,72,72,72,74,74,74,74,74],"relic_stats":{"Singing Bowl":4,"counters":[8,49],"War Paint":["Defend_G","Survivor"],"obtain_stats":[{"Gremlin Food":10,"Potion Belt":14,"NeowsBlessing":0,"Singing Bowl":8,"Toxic Egg 2":9,"War Paint":12,"Ring of the Snake":0,"Mercury Hourglass":6},{"Gremlin Food":4,"Potion Belt":7,"NeowsBlessing":0,"Singing Bowl":3,"Toxic Egg 2":3,"War Paint":5,"Ring of the Snake":0,"Mercury Hourglass":2},{"Gremlin Food":13,"Potion Belt":35,"NeowsBlessing":0,"Singing Bowl":3,"Toxic Egg 2":3,"War Paint":22,"Ring of the Snake":0,"Mercury Hourglass":2}],"Ring of the Snake":[16],"Mercury Hourglass":[122]},"card_choices":[{"not_picked":["Tactician","Skewer","Slice"],"picked":"SKIP","floor":1},{"not_picked":["Prepared","Expertise","All Out Attack"],"picked":"SKIP","floor":6},{"not_picked":["Reflex","Predator","Flying Knee"],"picked":"Singing Bowl","floor":8},{"not_picked":["Sneak Up+1","Sucker Punch"],"picked":"Outmaneuver+1","floor":10},{"not_picked":["Deadly Poison+1","Toxin Wave+1"],"picked":"Burst+1","floor":12},{"not_picked":["Blur+1","Underhanded Strike","Deflect+1"],"picked":"Singing Bowl","floor":13},{"not_picked":["Setup+1","Storm of Steel+1"],"picked":"PiercingWail+1","floor":14}],"player_experience":270675,"relics_obtained":[{"floor":6,"key":"Mercury Hourglass"},{"floor":8,"key":"Singing Bowl"},{"floor":9,"key":"Toxic Egg 2"},{"floor":10,"key":"Gremlin Food"},{"floor":12,"key":"War Paint"},{"floor":14,"key":"Potion Belt"}],"event_choices":[{"damage_healed":0,"gold_gain":0,"player_choice":"Grow","damage_taken":0,"max_hp_gain":0,"max_hp_loss":0,"event_name":"Living Wall","floor":3,"gold_loss":0,"cards_upgraded":["Neutralize"]},{"damage_healed":0,"gold_gain":0,"player_choice":"Ignored","damage_taken":0,"max_hp_gain":0,"max_hp_loss":0,"event_name":"Golden Wing","floor":4,"gold_loss":0}],"is_beta":false,"boss_relics":[],"items_purged_floors":[],"is_endless":false,"potions_floor_spawned":[1,8,10],"killed_by":"The Guardian","ascension_level":1}}