{"host":"sav7uxregyirlf69","time":1613627001,"event":{"mods":["AchievementEnabler","BaseMod","Colored Map","DeckTracker","Keyboard Shortcuts","Minty Spire (QoL Compilation)","READ ME - Guardian Mod","StSLib","SuperFastMode"],"gold_per_floor":[117,117,137,147,147,147,170,170,170,170,170],"floor_reached":10,"language":"KOR","playtime":119,"items_purged":[],"score":116,"play_id":"ab939bdb-c16e-4d0f-9adc-2f2258cb637f","local_time":"20210218144321","is_ascension_mode":true,"campfire_choices":[{"data":"Fire Breathing","floor":6,"key":"SMITH"},{"floor":8,"key":"REST"}],"circlet_count":0,"master_deck":["AscendersBane","Strike_R","Strike_R","Strike_R","Strike_R","Strike_R","Defend_R","Defend_R","Defend_R","Defend_R","Bash","Feel No Pain","Fire Breathing+1","Pommel Strike"],"relics":["Burning Blood","Potion Belt","Golden Idol","HornCleat"],"acts_visited":["Exordium"],"potions_floor_usage":[7,10],"damage_taken":[{"damage":6,"enemies":"Cultist","floor":1,"turns":3},{"damage":5,"enemies":"2 Louse","floor":3,"turns":3},{"damage":19,"enemies":"Jaw Worm","floor":4,"turns":4},{"damage":23,"enemies":"Lots of Slimes","floor":7,"turns":7},{"damage":60,"enemies":"Lagavulin","floor":10,"turns":7}],"seed_played":"4106558581707057675","potions_obtained":[{"floor":3,"key":"FearPotion"},{"floor":4,"key":"Fire Potion"},{"floor":7,"key":"Ancient Potion"}],"is_trial":false,"path_per_floor":["M","T","M","M","?","R","M","R","T","E"],"character_chosen":"IRONCLAD","items_purchased":[],"campfire_rested":1,"item_purchase_floors":[],"current_hp_per_floor":[75,75,76,63,35,35,18,42,42,0,0],"gold":170,"neow_bonus":"TEN_PERCENT_HP_BONUS","is_daily":false,"chose_seed":false,"campfire_upgraded":1,"win_rate":0.0,"timestamp":1613627001,"path_taken":["M","?","M","M","?","R","M","R","T","E"],"items_purchased_type":[],"build_version":"2020-12-22","purchased_purges":0,"victory":false,"max_hp_per_floor":[82,82,82,82,82,82,82,82,82,82,82],"card_choices":[{"not_picked":["Clash","Warcry"],"picked":"Feel No Pain","floor":1},{"not_picked":["Armaments","Anger"],"picked":"Fire Breathing","floor":3},{"not_picked":["Clothesline","Headbutt","Sword Boomerang"],"picked":"SKIP","floor":4},{"not_picked":["Flex","Clash"],"picked":"Pommel Strike","floor":7}],"player_experience":1608647,"relics_obtained":[{"floor":2,"key":"Potion Belt"},{"floor":9,"key":"HornCleat"}],"event_choices":[{"damage_healed":0,"gold_gain":0,"player_choice":"Take Damage","damage_taken":28,"relics_obtained":["Golden Idol"],"max_hp_gain":0,"max_hp_loss":0,"event_name":"Golden Idol","floor":5,"gold_loss":0}],"is_beta":false,"boss_relics":[],"items_purged_floors":[],"is_endless":false,"potions_floor_spawned":[3,4,7],"killed_by":"Lagavulin","ascension_level":20}}