{"host":"99l0i25nwwr6z99u","time":1613610733,"event":{"mods":["Act Like it!","BaseMod","Colored Map","Colored Powertips","Googly Eyes","Minty Spire (QoL Compilation)","Quick Restart","StSLib"],"gold_per_floor":[111,125,145,145,164,196,196,212,235,235,245,275,425,444,444,521,521,534,552,552,65,65,91,91,91,91,117,117,117,117,136,136,210,260,276,1,17,29,29,29,29,29,29,29],"floor_reached":43,"language":"ENG","playtime":1803,"items_purged":["Doubt"],"score":1427,"play_id":"badc86d4-ff6c-4f21-aeb4-d776898906a1","local_time":"20210217201213","is_ascension_mode":true,"campfire_choices":[{"data":"Eruption","floor":7.0,"key":"SMITH"},{"data":"Scrawl","floor":15.0,"key":"SMITH"},{"data":"Blasphemy","floor":25.0,"key":"SMITH"},{"floor":32.0,"key":"REST"},{"data":"Vault","floor":40.0,"key":"SMITH"}],"circlet_count":0,"master_deck":["AscendersBane","Strike_P+1","Strike_P+1","Strike_P+1","Defend_P+1","Defend_P+1","Defend_P+1","Defend_P+1","Eruption+1","Vigilance","CrushJoints","ClearTheMind","Conclude","Tantrum","Scrawl+1","CutThroughFate","FearNoEvil","Prostrate","Blasphemy+1","EmptyBody","Vault+1","LikeWater+1","Writhe","WindmillStrike","Vault","DeceiveReality+1","FollowUp+1","Halt","Prostrate"],"relics":["PureWater","Toy Ornithopter","Damaru","Strawberry","SlaversCollar","Enchiridion","Lee\u0027s Waffle","Pen Nib","Juzu Bracelet","Bag of Marbles","Oddly Smooth Stone","FaceOfCleric","Anchor","Tiny House","Pantograph"],"acts_visited":["Exordium","TheCity","TheBeyond"],"potions_floor_usage":[43,43],"damage_taken":[{"damage":0.0,"enemies":"Jaw Worm","floor":1.0,"turns":5.0},{"damage":0.0,"enemies":"Small Slimes","floor":2.0,"turns":5.0},{"damage":0.0,"enemies":"2 Louse","floor":3.0,"turns":2.0},{"damage":2.0,"enemies":"2 Fungi Beasts","floor":5.0,"turns":4.0},{"damage":16.0,"enemies":"Gremlin Nob","floor":6.0,"turns":3.0},{"damage":0.0,"enemies":"Exordium Thugs","floor":8.0,"turns":2.0},{"damage":0.0,"enemies":"Large Slime","floor":11.0,"turns":3.0},{"damage":0.0,"enemies":"Lagavulin","floor":12.0,"turns":3.0},{"damage":0.0,"enemies":"Lots of Slimes","floor":14.0,"turns":1.0},{"damage":0.0,"enemies":"Slime Boss","floor":16.0,"turns":5.0},{"damage":27.0,"enemies":"Shell Parasite","floor":18.0,"turns":3.0},{"damage":21.0,"enemies":"2 Thieves","floor":19.0,"turns":3.0},{"damage":33.0,"enemies":"Slavers","floor":23.0,"turns":5.0},{"damage":53.0,"enemies":"Book of Stabbing","floor":27.0,"turns":5.0},{"damage":0.0,"enemies":"Centurion and Healer","floor":31.0,"turns":5.0},{"damage":79.0,"enemies":"Champ","floor":33.0,"turns":10.0},{"damage":17.0,"enemies":"3 Darklings","floor":35.0,"turns":6.0},{"damage":0.0,"enemies":"Orb Walker","floor":37.0,"turns":2.0},{"damage":15.0,"enemies":"Sphere and 2 Shapes","floor":38.0,"turns":11.0},{"damage":29,"enemies":"Time Eater","floor":42,"turns":9},{"damage":85,"enemies":"Awakened One","floor":43,"turns":12}],"seed_played":"-7455360022840882648","potions_obtained":[{"floor":2.0,"key":"SneckoOil"},{"floor":3.0,"key":"SteroidPotion"},{"floor":5.0,"key":"FairyPotion"},{"floor":8.0,"key":"Explosive Potion"},{"floor":27.0,"key":"PowerPotion"},{"floor":33.0,"key":"Strength Potion"},{"floor":34.0,"key":"PowerPotion"},{"floor":38.0,"key":"Explosive Potion"}],"is_trial":false,"path_per_floor":["M","M","M","?","M","E","R","M","T","?","M","E","?","M","R","B",null,"M","M","?","$","?","E","?","R","T","E","?","?","?","M","R","B",null,"M","$","M","M","?","R","?","B","B"],"character_chosen":"WATCHER","items_purchased":["Lee\u0027s Waffle","Pen Nib","LiquidBronze","Pantograph"],"campfire_rested":1,"item_purchase_floors":[21,21,21,36],"current_hp_per_floor":[67,67,67,60,58,42,42,42,42,66,66,73,73,73,73,73,79,52,31,10,88,88,55,55,55,55,7,7,7,7,13,39,14,76,65,65,66,52,52,52,52,49,0,0],"gold":29,"neow_bonus":"TEN_PERCENT_HP_BONUS","is_daily":false,"chose_seed":false,"campfire_upgraded":4,"win_rate":0.0,"timestamp":1613610733,"path_taken":["M","M","M","?","M","E","R","M","T","?","?","E","?","M","R","BOSS","M","M","?","$","?","E","?","R","T","E","?","?","?","M","R","BOSS","M","$","M","M","?","R","?","BOSS","BOSS"],"items_purchased_type":["Relic","Relic","Potion","Relic"],"build_version":"2020-12-22","purchased_purges":1,"victory":false,"max_hp_per_floor":[74,74,74,74,74,74,74,74,74,74,74,81,81,81,81,81,81,81,81,81,88,88,88,88,88,88,88,88,88,88,89,89,90,95,96,96,97,98,98,98,98,99,99,99],"card_choices":[{"not_picked":["ThirdEye","Halt"],"picked":"CrushJoints","floor":1.0},{"not_picked":["DeceiveReality","Halt"],"picked":"Vengeance","floor":2.0},{"not_picked":["CrushJoints","Meditate"],"picked":"ClearTheMind","floor":3.0},{"not_picked":["Perseverance","Halt"],"picked":"Conclude","floor":5.0},{"not_picked":["EmptyFist","ClearTheMind"],"picked":"Tantrum","floor":6.0},{"not_picked":["JustLucky","SashWhip"],"picked":"Scrawl","floor":8.0},{"not_picked":["SignatureMove","Meditate"],"picked":"CutThroughFate","floor":11.0},{"not_picked":["Fasting2","ThirdEye"],"picked":"FearNoEvil","floor":12.0},{"not_picked":["SashWhip","Crescendo"],"picked":"Prostrate","floor":14.0},{"not_picked":["MasterReality","Omniscience"],"picked":"Blasphemy","floor":16.0},{"not_picked":["CrushJoints+1","JustLucky+1","FlyingSleeves"],"picked":"SKIP","floor":18.0},{"not_picked":["CutThroughFate","EmptyFist"],"picked":"EmptyBody","floor":19.0},{"not_picked":["Adaptation","Blasphemy"],"picked":"LikeWater","floor":23.0},{"not_picked":["Consecrate+1","FlurryOfBlows","WreathOfFlame+1"],"picked":"SKIP","floor":27.0},{"not_picked":["Evaluate","JustLucky"],"picked":"WindmillStrike","floor":31.0},{"not_picked":["Judgement","LessonLearned"],"picked":"Vault","floor":33.0},{"not_picked":["Wireheading","Nirvana"],"picked":"DeceiveReality+1","floor":34.0},{"not_picked":["WindmillStrike+1","Evaluate+1"],"picked":"FollowUp+1","floor":35.0},{"not_picked":["CutThroughFate","Consecrate"],"picked":"Halt","floor":37.0},{"not_picked":["JustLucky","BattleHymn"],"picked":"Prostrate","floor":38.0}],"player_experience":787503,"relics_obtained":[{"floor":6.0,"key":"Toy Ornithopter"},{"floor":9.0,"key":"Damaru"},{"floor":12.0,"key":"Strawberry"},{"floor":20.0,"key":"Enchiridion"},{"floor":23.0,"key":"Juzu Bracelet"},{"floor":26.0,"key":"Bag of Marbles"},{"floor":27.0,"key":"Oddly Smooth Stone"}],"event_choices":[{"cards_removed":["Strike_P"],"damage_healed":0.0,"max_hp_gain":0.0,"max_hp_loss":0.0,"gold_gain":0.0,"event_name":"Golden Wing","player_choice":"Card Removal","floor":4.0,"gold_loss":0.0,"damage_taken":7.0},{"damage_healed":24.0,"max_hp_gain":0.0,"max_hp_loss":0.0,"gold_gain":0.0,"event_name":"Big Fish","player_choice":"Banana","floor":10.0,"gold_loss":0.0,"damage_taken":0.0},{"damage_healed":0.0,"max_hp_gain":0.0,"max_hp_loss":0.0,"gold_gain":150.0,"event_name":"Liars Game","player_choice":"AGREE","floor":13.0,"gold_loss":0.0,"damage_taken":0.0,"cards_obtained":["Doubt"]},{"damage_healed":0.0,"max_hp_gain":0.0,"max_hp_loss":0.0,"gold_gain":0.0,"event_name":"Cursed Tome","player_choice":"Obtained Book","floor":20.0,"gold_loss":0.0,"damage_taken":21.0},{"damage_healed":0.0,"max_hp_gain":0.0,"max_hp_loss":0.0,"gold_gain":0.0,"event_name":"The Library","player_choice":"Read","floor":22.0,"gold_loss":0.0,"damage_taken":0.0,"cards_obtained":["Vault"]},{"damage_healed":0.0,"max_hp_gain":0.0,"max_hp_loss":0.0,"gold_gain":0.0,"event_name":"Ghosts","player_choice":"Ignored","floor":24.0,"gold_loss":0.0,"damage_taken":0.0},{"damage_healed":0.0,"max_hp_gain":0.0,"max_hp_loss":0.0,"gold_gain":0.0,"event_name":"FaceTrader","player_choice":"Trade","floor":28.0,"gold_loss":0.0,"damage_taken":0.0,"relics_obtained":["FaceOfCleric"]},{"damage_healed":0.0,"max_hp_gain":0.0,"max_hp_loss":0.0,"gold_gain":0.0,"event_name":"Back to Basics","player_choice":"Simplicity","floor":29.0,"gold_loss":0.0,"damage_taken":0.0,"cards_upgraded":["Strike_P","Strike_P","Strike_P","Defend_P","Defend_P","Defend_P","Defend_P"]},{"damage_healed":0.0,"max_hp_gain":0.0,"max_hp_loss":0.0,"gold_gain":0.0,"event_name":"The Mausoleum","player_choice":"Opened","floor":30.0,"gold_loss":0.0,"damage_taken":0.0,"relics_obtained":["Anchor"],"cards_obtained":["Writhe"]},{"cards_removed":["Vengeance"],"damage_healed":0.0,"max_hp_gain":0.0,"max_hp_loss":0.0,"gold_gain":0.0,"event_name":"Falling","player_choice":"Removed Skill","floor":39.0,"gold_loss":0.0,"damage_taken":0.0},{"damage_healed":0.0,"max_hp_gain":0.0,"max_hp_loss":0.0,"gold_gain":0.0,"event_name":"SecretPortal","player_choice":"Took Portal","floor":41.0,"gold_loss":0.0,"damage_taken":0.0}],"is_beta":false,"boss_relics":[{"not_picked":["VioletLotus","Snecko Eye"],"picked":"SlaversCollar"},{"not_picked":["Runic Pyramid","Coffee Dripper"],"picked":"Tiny House"}],"items_purged_floors":[21],"is_endless":false,"potions_floor_spawned":[2,3,5,8,16,23,27,33,38],"killed_by":"Awakened One","ascension_level":20}}