{"host":"4xlu242lhh766u2u","time":1613622292,"event":{"mods":["AchievementEnabler","BaseMod","BetterRewards","Colored Map","Colored Powertips","Downfall","Minty Spire (QoL Compilation)","Replay The Spire","Shop Mod","StSLib","everything is the same but u backflip on backflip"],"gold_per_floor":[118,132,132,145,22,52,52,52,100,100,115,127,154,173,173,273,273,283,259,285,296,296,296,313,332,332,332,16,40,81,136,136,255,355,392,436,486,517,517,583,583,621,671,733,733,789,789,811,811,857],"floor_reached":51,"language":"ENG","playtime":6337,"items_purged":[],"score":1124,"play_id":"bbf52595-2aa2-4c64-bf07-1936d4ebc4ee","local_time":"20210218052452","is_ascension_mode":true,"campfire_choices":[{"data":"Apotheosis","floor":7,"key":"SMITH"},{"floor":23,"key":"REST"},{"data":"Mind Blast","floor":27,"key":"SMITH"},{"data":"Outmaneuver","floor":32,"key":"SMITH"},{"data":"Bullet Time","floor":41,"key":"SMITH"},{"data":"Strike_G+2","floor":47,"key":"SMITH"},{"data":"Replay:BasicMightCard","floor":49,"key":"SMITH"}],"circlet_count":0,"master_deck":["Strike_G+1","Strike_G+2","Strike_G+3","Strike_G+1","Defend_G+1","Defend_G+1","Defend_G+1","Defend_G+1","Survivor","Neutralize","Apotheosis+1","Cloak And Dagger","Noxious Fumes","Slice+1","Underhanded Strike","Outmaneuver+1","Backflip","ReplayTheSpireMod:Speed Training","Skewer","Secret Weapon","Replay:BasicMightCard+1","Mind Blast+1","Corpse Explosion","Blade Dance","Dagger Spray","Blade Dance","Unload","Sucker Punch+1","Sucker Punch+1","Slice","Slice+1","Leg Sweep+1","Accuracy","Prepared","ReplayTheSpireMod:From All Sides","Bullet Time+1","Flying Knee+1","Deflect","Dash+1","PiercingWail+1","Draining Mist+1","Flechettes+1","Riddle With Holes+1","Poisoned Stab+1","Hidden Blade+1"],"relics":["Ring of the Snake","Tiny Chest","Vampiric Spirits","TwistedFunnel","Kunai","ReplayTheSpireMod:ShopPack","Eternal Feather","Blue Doll","Ring of Misfortune","ReplayTheSpireMod:Ring of Collecting","Replay:Wax Seal","Runic Pyramid","Red Mask","Replay:Accelerometer","Matryoshka","Pet Ghost","Replay:Bandana","Replay:Towering Pillar of Hats","Replay:Wanted Poster","Simple Rune","Ring of Hypnosis","Lantern","Bag of Preparation","ReplayTheSpireMod:TigerMarble","ReplayTheSpireMod:Ring of Exchange","Question Card"],"acts_visited":["Exordium","TheCity","TheBeyond"],"potions_floor_usage":[18,33,33,36,36,40,50,50],"damage_taken":[{"damage":0,"enemies":"Small Slimes","floor":1,"turns":2},{"damage":4,"enemies":"Cultist","floor":2,"turns":3},{"damage":1,"enemies":"2 Louse","floor":4,"turns":3},{"damage":4,"enemies":"Lagavulin","floor":6,"turns":7},{"damage":13,"enemies":"Blue Slaver","floor":11,"turns":2},{"damage":7,"enemies":"3 Louse","floor":12,"turns":2},{"damage":13,"enemies":"Exordium Thugs","floor":14,"turns":3},{"damage":9,"enemies":"Slime Boss","floor":16,"turns":8},{"damage":0,"enemies":"Shell Parasite","floor":18,"turns":2},{"damage":24,"enemies":"Masked Bandits","floor":20,"turns":7},{"damage":19,"enemies":"2 Thieves","floor":21,"turns":3},{"damage":18,"enemies":"Snake Plant","floor":24,"turns":5},{"damage":2,"enemies":"Chosen and Byrds","floor":25,"turns":4},{"damage":0,"enemies":"Sentry and Sphere","floor":30,"turns":4},{"damage":26,"enemies":"Gremlin Leader","floor":31,"turns":4},{"damage":26,"enemies":"Automaton","floor":33,"turns":6},{"damage":12,"enemies":"Orb Walker","floor":35,"turns":2},{"damage":4,"enemies":"3 Darklings","floor":36,"turns":4},{"damage":14,"enemies":"Jaw Worm Horde","floor":37,"turns":4},{"damage":33,"enemies":"Spire Growth","floor":38,"turns":5},{"damage":0,"enemies":"Reptomancer","floor":40,"turns":2},{"damage":8,"enemies":"Writhing Mass","floor":42,"turns":4},{"damage":0,"enemies":"R_Hoarder","floor":44,"turns":5},{"damage":22,"enemies":"Transient","floor":46,"turns":5},{"damage":0,"enemies":"3 Darklings","floor":48,"turns":1},{"damage":16,"enemies":"Awakened One","floor":50,"turns":14}],"seed_played":"6801181485266672912","potions_obtained":[{"floor":11,"key":"Poison Potion"},{"floor":14,"key":"CultistPotion"},{"floor":16,"key":"AttackPotion"},{"floor":24,"key":"Explosive Potion"},{"floor":25,"key":"Guardian:BlockOnCardUsePotion"},{"floor":33,"key":"Strength Potion"},{"floor":38,"key":"AttackPotion"},{"floor":40,"key":"Reflective Coating"},{"floor":42,"key":"Energy Potion"},{"floor":44,"key":"bronze:BurnAndBuffPotion"}],"is_trial":false,"path_per_floor":["M","M","?","M","$","E","R","$","T","?","M","M","T","M","R_BF","B",null,"M","$","?","M","?","R","M","M","T","R","$","T","M","E","R","B",null,"M","M","M","M","?","E","R","M","T","E","T","M","R","M","R","B",null],"character_chosen":"THE_SILENT","items_purchased":["Apotheosis","Tiny Chest","Vampiric Spirits","TwistedFunnel","BlessingOfTheForge","Cloak And Dagger","Noxious Fumes","Slice","Kunai","Underhanded Strike","ReplayTheSpireMod:ShopPack","Sucker Punch+1","Matryoshka","Accuracy"],"campfire_rested":1,"item_purchase_floors":[0,0,0,0,0,0,0,0,0,0,5,19,28,28],"current_hp_per_floor":[32,30,30,30,30,28,40,40,40,40,32,31,31,23,59,55,70,70,70,46,35,35,70,52,53,53,70,70,70,70,44,65,44,70,58,64,56,37,37,51,70,62,62,70,70,48,70,70,70,54],"gold":857,"neow_bonus":"","is_daily":false,"chose_seed":false,"campfire_upgraded":6,"win_rate":0.0,"timestamp":1613622292,"path_taken":["M","M","?","M","$","E","R","?","T","?","M","M","?","M","R_BF","BOSS","M","$","?","M","?","R","M","?","T","R","$","?","?","E","R","BOSS","M","M","M","M","?","E","R","?","T","E","?","M","R","M","R","BOSS"],"items_purchased_type":["Card","Relic","Relic","Relic","Potion","Card","Card","Card","Relic","Card","Relic","Card","Relic","Card"],"build_version":"2020-12-22","purchased_purges":0,"victory":true,"max_hp_per_floor":[70,70,70,70,70,70,70,70,70,70,70,70,70,70,70,70,70,70,70,70,70,70,70,70,70,70,70,70,70,70,70,70,70,70,70,70,70,70,70,70,70,70,70,70,70,70,70,70,70,70],"card_choices":[{"not_picked":["Poisoned Stab","Flying Knee"],"picked":"Outmaneuver","floor":1},{"not_picked":["Replay:Poison Smokescreen","Distraction"],"picked":"Backflip","floor":2},{"not_picked":["ReplayTheSpireMod:Shiv Toss","All Out Attack"],"picked":"Skewer","floor":4},{"not_picked":["ReplayTheSpireMod:Necrogeddon","Thinking Ahead"],"picked":"Secret Weapon","floor":5},{"not_picked":["Flash of Steel","HandOfGreed"],"picked":"Replay:BasicMightCard","floor":5},{"not_picked":["ReplayUltimateDefense","Apotheosis"],"picked":"Mind Blast","floor":5},{"not_picked":["Dagger Spray","Deadly Poison"],"picked":"Corpse Explosion","floor":6},{"not_picked":["Eviscerate","Acrobatics"],"picked":"Blade Dance","floor":11},{"not_picked":["Dash","Masterful Stab"],"picked":"Dagger Spray","floor":12},{"not_picked":["Escape Plan","Dagger Throw"],"picked":"Blade Dance","floor":14},{"not_picked":["Tools of the Trade","Venomology"],"picked":"Unload","floor":16},{"not_picked":["Dagger Spray","Prepared+1"],"picked":"Sucker Punch+1","floor":18},{"not_picked":["Bane","Flechettes"],"picked":"Slice","floor":20},{"not_picked":["Deadly Poison","Expertise"],"picked":"Slice+1","floor":21},{"not_picked":["Calculated Gamble","Well Laid Plans","Dagger Throw"],"picked":"SKIP","floor":24},{"not_picked":["Deflect","Toxin Wave"],"picked":"Leg Sweep+1","floor":25},{"not_picked":["Acrobatics","Deadly Poison"],"picked":"Prepared","floor":30},{"not_picked":["Blade Dance","Well Laid Plans"],"picked":"ReplayTheSpireMod:From All Sides","floor":31},{"not_picked":["Burst","Corpse Explosion"],"picked":"Bullet Time","floor":33},{"not_picked":["Sucker Punch","ReplayTheSpireMod:Scrap Shanks+1"],"picked":"Flying Knee+1","floor":35},{"not_picked":["Dagger Spray+1","Bouncing Flask"],"picked":"Deflect","floor":36},{"not_picked":["Escape Plan","Dodge and Roll"],"picked":"Dash+1","floor":37},{"not_picked":["ReplayTheSpireMod:Shiv Toss","Backflip+1"],"picked":"PiercingWail+1","floor":38},{"not_picked":["Deadly Poison+1","Dagger Throw"],"picked":"Draining Mist+1","floor":40},{"not_picked":["Backflip","Quick Slash"],"picked":"Flechettes+1","floor":42},{"not_picked":["Hidden Blade+1","Draining Mist"],"picked":"Riddle With Holes+1","floor":44},{"not_picked":["Hidden Blade+1","ReplayTheSpireMod:Exploit Weakness","Dash"],"picked":"Poisoned Stab+1","floor":46},{"not_picked":["ReplayTheSpireMod:Exploit Weakness","Choke","Bane"],"picked":"Hidden Blade+1","floor":48}],"player_experience":14941,"relics_obtained":[{"floor":6,"key":"Eternal Feather"},{"floor":9,"key":"Blue Doll"},{"floor":10,"key":"Ring of Misfortune"},{"floor":10,"key":"ReplayTheSpireMod:Ring of Collecting"},{"floor":13,"key":"Replay:Wax Seal"},{"floor":20,"key":"Red Mask"},{"floor":26,"key":"Replay:Accelerometer"},{"floor":29,"key":"Pet Ghost"},{"floor":29,"key":"Replay:Bandana"},{"floor":31,"key":"Replay:Towering Pillar of Hats"},{"floor":40,"key":"Simple Rune"},{"floor":43,"key":"Ring of Hypnosis"},{"floor":43,"key":"Lantern"},{"floor":43,"key":"Bag of Preparation"},{"floor":44,"key":"ReplayTheSpireMod:TigerMarble"},{"floor":45,"key":"ReplayTheSpireMod:Ring of Exchange"},{"floor":45,"key":"Question Card"}],"event_choices":[{"damage_healed":0,"gold_gain":0,"cards_transformed":["Defend_G"],"player_choice":"Transformed","damage_taken":0,"max_hp_gain":0,"max_hp_loss":0,"event_name":"Transmorgrifier","floor":3,"gold_loss":0,"cards_obtained":["ReplayTheSpireMod:Speed Training"]},{"damage_healed":0,"gold_gain":0,"player_choice":"Fought Bandits","damage_taken":0,"max_hp_gain":0,"max_hp_loss":0,"event_name":"Masked Bandits","floor":20,"gold_loss":0},{"damage_healed":0,"gold_gain":0,"player_choice":"Simplicity","damage_taken":0,"max_hp_gain":0,"max_hp_loss":0,"event_name":"Back to Basics","floor":22,"gold_loss":0,"cards_upgraded":["Strike_G","Strike_G","Strike_G","Strike_G","Strike_G","Defend_G","Defend_G","Defend_G","Defend_G"]},{"cards_removed":["Strike_G"],"damage_healed":0,"gold_gain":0,"player_choice":"Offered Basic","damage_taken":0,"max_hp_gain":0,"max_hp_loss":0,"event_name":"Bonfire Elementals","floor":39,"gold_loss":0}],"is_beta":false,"boss_relics":[{"not_picked":["Runic Dome","SacredBark"],"picked":"Runic Pyramid"},{"not_picked":["Philosopher\u0027s Stone","Velvet Choker"],"picked":"Replay:Wanted Poster"}],"items_purged_floors":[],"is_endless":false,"potions_floor_spawned":[11,14,16,24,25,30,33,38,40,42,44,48],"ascension_level":2}}