{"host":"ELF","time":1613664077,"event":{"mods":["BaseMod","Bestiary","Minty Spire (QoL Compilation)","Relic Stats","Slay the Relics Exporter"],"gold_per_floor":[115,115,134,150,75,75,86,86,168,168,168,187,207,226,226,226,226],"floor_reached":16,"language":"ENG","playtime":614,"items_purged":["Strike_G"],"score":188,"play_id":"73414ced-d91b-417e-b15f-dde34fb6c6a3","local_time":"20210218100117","is_ascension_mode":true,"campfire_choices":[{"data":"Cloak And Dagger","floor":6.0,"key":"SMITH"},{"data":"Prepared","floor":10.0,"key":"SMITH"},{"floor":15.0,"key":"REST"}],"circlet_count":0,"master_deck":["AscendersBane","Strike_G","Strike_G","Strike_G","Defend_G","Defend_G","Defend_G","Defend_G","Defend_G+1","Survivor+1","Neutralize","Prepared+1","Cloak And Dagger+1","Neutralize","Blade Dance","Footwork","Cloak And Dagger","Bouncing Flask"],"relics":["Ring of the Snake","Dream Catcher","Bottled Lightning"],"acts_visited":["Exordium"],"potions_floor_usage":[16],"damage_taken":[{"damage":2.0,"enemies":"Cultist","floor":1.0,"turns":4.0},{"damage":10.0,"enemies":"Jaw Worm","floor":3.0,"turns":8.0},{"damage":0.0,"enemies":"2 Louse","floor":4.0,"turns":3.0},{"damage":0.0,"enemies":"2 Fungi Beasts","floor":7.0,"turns":5.0},{"damage":0.0,"enemies":"3 Louse","floor":12.0,"turns":4.0},{"damage":2.0,"enemies":"Exordium Wildlife","floor":13.0,"turns":7.0},{"damage":2.0,"enemies":"Red Slaver","floor":14.0,"turns":4.0},{"damage":43,"enemies":"Slime Boss","floor":16,"turns":8}],"seed_played":"-4948640747762759412","potions_obtained":[{"floor":4.0,"key":"FearPotion"},{"floor":7.0,"key":"Ancient Potion"}],"is_trial":false,"path_per_floor":["M","?","M","M","$","R","M","?","T","R","?","M","M","M","R","B"],"character_chosen":"THE_SILENT","items_purchased":[],"campfire_rested":1,"item_purchase_floors":[],"current_hp_per_floor":[57,57,47,47,47,47,47,27,27,27,27,27,25,23,42,0,0],"gold":226,"neow_bonus":"RANDOM_COMMON_RELIC","is_daily":false,"chose_seed":false,"campfire_upgraded":2,"win_rate":0.0,"timestamp":1613664077,"path_taken":["M","?","M","?","$","R","M","?","T","R","?","M","?","M","R","BOSS"],"items_purchased_type":[],"build_version":"2020-12-18","purchased_purges":1,"victory":false,"max_hp_per_floor":[66,66,66,66,66,66,66,66,66,66,66,66,66,66,66,66,66],"relic_stats":{"Dream Catcher":1,"counters":[8,43],"obtain_stats":[{"Dream Catcher":0,"Bottled Lightning":9,"Ring of the Snake":0},{"Dream Catcher":0,"Bottled Lightning":4,"Ring of the Snake":0},{"Dream Catcher":0,"Bottled Lightning":20,"Ring of the Snake":0}],"Ring of the Snake":[16]},"card_choices":[{"not_picked":["Bane","Slice","Quick Slash"],"picked":"SKIP","floor":1.0},{"not_picked":["Expertise","Well Laid Plans"],"picked":"Prepared","floor":3.0},{"not_picked":["Quick Slash","Bane"],"picked":"Cloak And Dagger","floor":4.0},{"not_picked":["Dagger Throw","Prepared","Dagger Spray"],"picked":"SKIP","floor":7.0},{"not_picked":["Infinite Blades","Slice"],"picked":"Blade Dance","floor":12.0},{"not_picked":["Glass Knife","Slice"],"picked":"Footwork","floor":13.0},{"not_picked":["Outmaneuver","Deflect"],"picked":"Cloak And Dagger","floor":14.0},{"not_picked":["Endless Agony","Distraction"],"picked":"Bouncing Flask","floor":15.0}],"player_experience":3475813,"relics_obtained":[{"floor":9.0,"key":"Bottled Lightning"}],"event_choices":[{"cards_removed":["Strike_G"],"damage_healed":0.0,"max_hp_gain":0.0,"max_hp_loss":0.0,"gold_gain":0.0,"event_name":"Purifier","player_choice":"Purged","floor":2.0,"gold_loss":0.0,"damage_taken":0.0},{"damage_healed":0.0,"max_hp_gain":0.0,"max_hp_loss":0.0,"gold_gain":0.0,"event_name":"Shining Light","player_choice":"Entered Light","floor":8.0,"gold_loss":0.0,"damage_taken":20.0,"cards_upgraded":["Survivor","Defend_G"]},{"damage_healed":0.0,"max_hp_gain":0.0,"max_hp_loss":0.0,"gold_gain":0.0,"event_name":"Match and Keep!","player_choice":"1 cards matched","floor":11.0,"gold_loss":0.0,"damage_taken":0.0,"cards_obtained":["Neutralize"]}],"is_beta":true,"boss_relics":[],"items_purged_floors":[5],"is_endless":false,"potions_floor_spawned":[4,7],"killed_by":"Slime Boss","ascension_level":20}}