{"host":"o3b7ow6d1xe49css","time":1613649572,"event":{"mods":["Act Like it!","Aspiration","BaseMod","Bestiary","Better Altar","Better Match","Better Note","Better Sensory Stone","Better Skull","Better Third Choice","Colored Powertips","Conspire","Energized Spire","Force Act Four","GifTheSpireLib","Halation","Hermit","Hubris","Infinite Spire","Lobotomy","Minty Spire (QoL Compilation)","Quick Restart","Rare Cards Sparkle","Relic Filter Mod","Reliquary","Replay The Spire","Ruina","Spicy Shops","Spikes Relics","StSLib","Stuff the Spire","The Blue Laboratory","The Hierophant","Wandering Minibosses"],"gold_per_floor":[115,129,149,32,32,32,67,86,140,168,168,168,199,199,199,295,295,308,38,38,52,52,52,85,85,85,120,153,188,219,232,232,375,375,389,448,505,255,336,336,367,367,367,367,367,43,82,131,131,260,260,260,52,83,83],"floor_reached":56,"language":"ENG","playtime":3185,"items_purged":["ReplayTheSpireMod:Splinters","Scorched","Strike_G","Strike_G"],"score":2096,"play_id":"e579098c-63a8-4f45-908a-ccdbb66d24c1","local_time":"20210218025932","daily_mods":["Heirloom","Flight"],"is_ascension_mode":true,"campfire_choices":[{"data":"Blade Dance","floor":6,"key":"SMITH"},{"data":"Wraith Form v2","floor":11,"key":"SMITH"},{"data":"Terror","floor":12,"key":"SMITH"},{"data":"Well Laid Plans","floor":15,"key":"SMITH"},{"data":"Burst","floor":23,"key":"SMITH"},{"data":"1","floor":32,"key":"LIFT"},{"data":"Hatred","floor":40,"key":"SMITH"},{"data":"Decay","floor":42,"key":"SMITH"},{"data":"Injury","floor":44,"key":"SMITH"},{"data":"2","floor":49,"key":"LIFT"},{"data":"Wraith Form v2","floor":52,"key":"SMITH"}],"circlet_count":0,"master_deck":["Survivor","Neutralize","Prepared+1","UniverseFragment","Masterful Stab","Blade Dance+1","Well Laid Plans+1","Terror+1","Wraith Form v2+1","Dagger Throw","Burst+1","Blade Dance","Blade Dance","Hidden Blade","Calculated Gamble+1","Accuracy","PiercingWail+1","Storm of Steel","Pot Of Greed","Pot Of Greed","Pot Of Greed","After Image","ReplayTheSpireMod:Tripwire","Tactician","Replay:Bag of Tricks","Flechettes","StuffTheSpire:Injection","Wraith Form v2+1","Calculated Gamble","Pot Of Greed"],"relics":["Ring of the Snake","Ring of Chaos","Bird Faced Urn","CogitoBucket","Sundial","Bag of Marbles","TungstenRod","MiniBlackHole","WristBlade","ReplayTheSpireMod:CursedCoin","Rawhide","halation:PinkSoulGem","hubris:Towel","Girya","halation:BottledLove","halation:PromiseList","StuffTheSpire:DarkSteelAnvil","conspire:BottledYoYo","reliquary:Aerogel","ChangeAnything","Replay:Ancient Bell","Grinning Jar","Mummified Hand","infinitespire:CursedDice","wanderingMiniBosses:AbyssPearl","halation:PrussianBluePaint","ResearcherNote","aspiration:FetidBarrel","reliquary:BallBearing","Replay:Ringing Soul","LugNut","Vajra","Blood Vial","Pandora\u0027s Box","Ring of Chaos","SpikesRelics:DaevaFist","aspiration:AnachronicSnailShell"],"acts_visited":["Exordium","Exordium","TheBeyond","Exordium","TheEnding"],"potions_floor_usage":[7,13,16,18,24,27,27,35,35,35,41,55,55,55,55,55,55],"damage_taken":[{"damage":0,"enemies":"Jaw Worm","floor":1,"turns":6},{"damage":0,"enemies":"conspire:RoseBush","floor":2,"turns":4},{"damage":0,"enemies":"Cultist","floor":3,"turns":2},{"damage":26,"enemies":"Replay:BlueRogue","floor":7,"turns":3},{"damage":0,"enemies":"Looter","floor":8,"turns":2},{"damage":2,"enemies":"Gremlin Nob","floor":10,"turns":3},{"damage":1,"enemies":"3 Sentries","floor":13,"turns":5},{"damage":0,"enemies":"Slime Boss","floor":16,"turns":6},{"damage":34,"enemies":"ruina:3_Bats","floor":18,"turns":5},{"damage":0,"enemies":"ruina:2_Scarecrows","floor":21,"turns":1},{"damage":0,"enemies":"ruina:RoadHome","floor":24,"turns":5},{"damage":0,"enemies":"Nightmare","floor":27,"turns":5},{"damage":9,"enemies":"ruina:Mountain","floor":28,"turns":6},{"damage":7,"enemies":"ruina:RoadHome","floor":29,"turns":3},{"damage":0,"enemies":"ruina:Mountain","floor":30,"turns":4},{"damage":0,"enemies":"ruina:KnightOfDespair","floor":31,"turns":4},{"damage":1,"enemies":"ruina:Red_and_Wolf","floor":33,"turns":4},{"damage":4,"enemies":"3 Darklings","floor":35,"turns":5},{"damage":0,"enemies":"3 Shapes","floor":36,"turns":5},{"damage":0,"enemies":"Sphere and 2 Shapes","floor":37,"turns":5},{"damage":3,"enemies":"Maw","floor":39,"turns":8},{"damage":0,"enemies":"Nightmare","floor":41,"turns":6},{"damage":0,"enemies":"R_Hoarder","floor":47,"turns":2},{"damage":0,"enemies":"Nemesis","floor":48,"turns":3},{"damage":0,"enemies":"Awakened One","floor":50,"turns":4},{"damage":0,"enemies":"Shield and Spear","floor":54,"turns":2},{"damage":0,"enemies":"The Heart","floor":55,"turns":4}],"seed_played":"-849951900806922965","potions_obtained":[{"floor":1,"key":"blueLaboratory:NinjaPotion"},{"floor":3,"key":"Dexterity Potion"},{"floor":7,"key":"blueLaboratory:FrostheartPotion"},{"floor":14,"key":"conspire:TimeTravelPotion"},{"floor":14,"key":"CultistPotion"},{"floor":16,"key":"CunningPotion"},{"floor":21,"key":"blueLaboratory:BottleOfVodka"},{"floor":29,"key":"blueLaboratory:HummingbirdPotion"},{"floor":30,"key":"Strength Potion"},{"floor":31,"key":"blueLaboratory:NinjaPotion"},{"floor":35,"key":"Poison Potion"},{"floor":36,"key":"blueLaboratory:BottledHope"},{"floor":39,"key":"Reflective Coating"},{"floor":41,"key":"AttackPotion"},{"floor":54,"key":"EntropicBrew"}],"is_trial":true,"path_per_floor":["M","M","M","$","?","R","E","M","T","E","R","R","E","?","R","B",null,"M","$","?","M","?","R","E","AVR","T","NM","E","E","E","M","R","B",null,"M","M","M","$","M","R","NM","R","T","R","AVR","$","E","E","R","B",null,"R","$","E","B",null],"character_chosen":"THE_SILENT","items_purchased":["Well Laid Plans","ReplayTheSpireMod:CursedCoin","Blade Dance","Rawhide","BlessingOfTheForge","halation:PrussianBluePaint","LugNut","blueLaboratory:BottleOfVodka","SpikesRelics:DaevaFist","Strength Potion"],"campfire_rested":0,"item_purchase_floors":[4,19,19,19,19,38,46,46,53,53],"current_hp_per_floor":[70,70,70,70,70,70,44,46,46,44,44,44,47,47,47,51,65,69,69,69,69,69,69,70,70,70,70,63,60,64,66,66,70,70,70,70,70,70,67,67,70,70,70,70,70,70,70,70,70,73,76,76,76,76,78],"gold":83,"neow_bonus":"","is_daily":false,"chose_seed":false,"campfire_upgraded":9,"win_rate":0.0,"timestamp":1613649572,"path_taken":["M","M","M","$","?","R","E","M","T","E","R","R","E","?","R","BOSS","M","$","?","M","?","R","E","AVR","T","NM","E","E","E","M","R","BOSS","M","M","M","$","M","R","NM","R","T","R","AVR","$","E","E","R","BOSS","R","$","E","BOSS"],"items_purchased_type":["Card","Relic","Card","Relic","Potion","Relic","Relic","Potion","Relic","Potion"],"build_version":"2020-12-22","purchased_purges":4,"victory":true,"max_hp_per_floor":[70,70,70,70,70,70,70,70,70,70,70,70,70,70,70,70,70,70,70,70,70,70,70,70,70,70,70,70,70,70,70,70,70,70,70,70,70,70,70,70,70,70,70,70,70,70,70,70,70,73,76,76,76,76,78],"card_choices":[{"not_picked":["StuffTheSpire:BumpUp","hubris:TrickCloak"],"picked":"Prepared","floor":1},{"not_picked":["Porccubus","BigBird","MHz"],"picked":"Singing Bowl","floor":1},{"not_picked":["DespairKnight","ShyLook"],"picked":"UniverseFragment","floor":1},{"not_picked":["Prepared","InfectiousVector"],"picked":"Masterful Stab","floor":2},{"not_picked":["VoidDream","ShyLook","HeroicMonk"],"picked":"Singing Bowl","floor":2},{"not_picked":["WallGazer","LongBird"],"picked":"Scorched","floor":2},{"not_picked":["Prepared","StuffTheSpire:Python"],"picked":"Blade Dance","floor":3},{"not_picked":["PunishingBird","BeautyBeast","Wellcheers"],"picked":"Singing Bowl","floor":3},{"not_picked":["Fluid Movement","Prepared"],"picked":"Terror","floor":7},{"not_picked":["ShyLook","Funeral","Scarecrow"],"picked":"Singing Bowl","floor":8},{"not_picked":["Quick Slash","Deadly Poison"],"picked":"Wraith Form v2","floor":8},{"not_picked":["Deflect","Fluid Movement"],"picked":"Dagger Throw","floor":10},{"not_picked":["aspiration:Lunge","Deflect","Deadly Poison"],"picked":"SKIP","floor":13},{"not_picked":["Envenom","ReplayTheSpireMod:Necrosis"],"picked":"Burst","floor":16},{"not_picked":["StuffTheSpire:MirrorStance","Backflip"],"picked":"Blade Dance","floor":18},{"not_picked":["ShadowRift+1","StuffTheSpire:ClusterCrunch"],"picked":"Hidden Blade","floor":21},{"not_picked":["Poisoned Stab+1","StuffTheSpire:DoubleShiv+1","Underhanded Strike"],"picked":"SKIP","floor":24},{"not_picked":["Phantasmal Killer","StuffTheSpire:Python","Deadly Poison"],"picked":"SKIP","floor":27},{"not_picked":["Phantasmal Killer","StuffTheSpire:Python","Deadly Poison"],"picked":"SKIP","floor":27},{"not_picked":["Backstab+1","StuffTheSpire:Shiver"],"picked":"Calculated Gamble+1","floor":28},{"not_picked":["Infinite Blades","Dagger Spray"],"picked":"Accuracy","floor":29},{"not_picked":["StuffTheSpire:BumpUp+1","ShadowRift+1"],"picked":"PiercingWail+1","floor":30},{"not_picked":["Catalyst","hubris:Counter","Malaise"],"picked":"SKIP","floor":31},{"not_picked":["Envenom","Glass Knife"],"picked":"Storm of Steel","floor":33},{"not_picked":["conspire:NecroticWound","Delirium"],"picked":"Injury","floor":34},{"not_picked":["infinitespire:Pacifist","Languid"],"picked":"Hatred","floor":34},{"not_picked":["hubris:Compulsion","hubris:Lust"],"picked":"Decay","floor":34},{"not_picked":["StuffTheSpire:DoubleShiv+1","StuffTheSpire:Python","Outmaneuver"],"picked":"SKIP","floor":35},{"not_picked":["StuffTheSpire:BumpUp","Prepared","Replay:Poison Smokescreen"],"picked":"SKIP","floor":36},{"not_picked":["PiercingWail","Dagger Throw","StuffTheSpire:BumpUp+1"],"picked":"SKIP","floor":37},{"not_picked":["ReplayTheSpireMod:Speed Training+1","StuffTheSpire:ClusterCrunch","Escape Plan"],"picked":"SKIP","floor":39},{"not_picked":["PiercingWail","StuffTheSpire:Injection+1","Sucker Punch+1"],"picked":"SKIP","floor":41},{"not_picked":["Dagger Spray","Backflip","Concentrate+1"],"picked":"SKIP","floor":47},{"not_picked":["Deadly Poison+1","Flechettes","Slice"],"picked":"SKIP","floor":48},{"not_picked":["A Thousand Cuts","Doppelganger"],"picked":"After Image","floor":50},{"not_picked":["Cloak And Dagger","Escape Plan+1","Choke"],"picked":"SKIP","floor":54}],"player_experience":1408796,"relics_obtained":[{"floor":7,"key":"Sundial"},{"floor":9,"key":"Bag of Marbles"},{"floor":10,"key":"TungstenRod"},{"floor":13,"key":"MiniBlackHole"},{"floor":24,"key":"Girya"},{"floor":27,"key":"halation:PromiseList"},{"floor":28,"key":"StuffTheSpire:DarkSteelAnvil"},{"floor":29,"key":"conspire:BottledYoYo"},{"floor":30,"key":"reliquary:Aerogel"},{"floor":35,"key":"wanderingMiniBosses:AbyssPearl"},{"floor":41,"key":"aspiration:FetidBarrel"},{"floor":43,"key":"reliquary:BallBearing"},{"floor":47,"key":"Vajra"},{"floor":48,"key":"Blood Vial"},{"floor":54,"key":"aspiration:AnachronicSnailShell"}],"event_choices":[{"damage_healed":0,"gold_gain":0,"player_choice":"Got Potions","damage_taken":0,"max_hp_gain":0,"max_hp_loss":0,"event_name":"Lab","floor":14,"gold_loss":0}],"is_beta":false,"boss_relics":[{"not_picked":["Runic Dome","energizedSpire:NeverEndingSparkler"],"picked":"WristBlade"},{"not_picked":["halation:Yufonium","Runic Pyramid"],"picked":"Replay:Ancient Bell"},{"not_picked":["StuffTheSpire:Gunfinga","PreservedInsect"],"picked":"Grinning Jar"},{"not_picked":["ReplayTheSpireMod:Shallot","reliquary:NewFriend"],"picked":"Mummified Hand"},{"not_picked":["Incense Burner","Thread and Needle"],"picked":"infinitespire:CursedDice"},{"not_picked":["aspiration:FutureDiary","energizedSpire:OgreHead"],"picked":"Pandora\u0027s Box"}],"items_purged_floors":[19,25,38,45],"is_endless":true,"potions_floor_spawned":[1,3,7,16,21,29,30,31,35,36,39,41,54],"ascension_level":5}}