{"host":"sc0o2qwpf9j16a4i","time":1613666548,"event":{"mods":["AchievementEnabler","BaseMod","BetterRewards","Block Reminder","Colored Map","Colored Powertips","Custom Start","Highlight Path","Minty Spire (QoL Compilation)","Relic Stats"],"gold_per_floor":[113,128,147,159,159,159,93,129,129,153,176,194,194,48,48,176,176,191,116,130,145,164,207,207,207,261,261,275,299,299,424,424,547,547,562,575,588,284,284,318,334,334,334,399,399,419,419,439,439,439],"floor_reached":51,"language":"ENG","playtime":1991,"items_purged":[],"score":878,"play_id":"58e42262-7059-4822-b283-f7aa805babad","local_time":"20210218184228","daily_mods":["Shiny","Uncertain Future","Binary"],"is_ascension_mode":false,"campfire_choices":[{"data":"Adrenaline","floor":6,"key":"SMITH"},{"data":"Wraith Form v2","floor":13,"key":"SMITH"},{"data":"Malaise","floor":15,"key":"SMITH"},{"floor":24,"key":"REST"},{"floor":27,"key":"REST"},{"floor":32,"key":"REST"},{"floor":42,"key":"REST"},{"floor":45,"key":"REST"},{"floor":49,"key":"REST"}],"circlet_count":0,"master_deck":["Venomology","Corpse Explosion","Malaise+1","Phantasmal Killer","Die Die Die","Adrenaline+1","Envenom","Doppelganger","Burst","Wraith Form v2+1","Tools of the Trade","Night Terror","Unload","After Image","Bullet Time","Storm of Steel","Glass Knife","A Thousand Cuts","Grand Finale","Deflect","Skewer","Leg Sweep","Bane","Deflect","After Image","Cloak And Dagger+1","Catalyst","Backstab","Finisher","Deflect","Malaise","Dodge and Roll+1","Flechettes","Dodge and Roll+1","Wraith Form v2+1","Skewer+1","Acrobatics+1"],"relics":["Ring of the Snake","Golden Idol","Turnip","Bird Faced Urn","Gambling Chip","Ancient Tea Set","Fusion Hammer","Bag of Marbles","Omamori","Question Card","Torii","Letter Opener","Cursed Key","DollysMirror","Bronze Scales","Oddly Smooth Stone","Dead Branch"],"acts_visited":["Exordium","TheCity","TheBeyond"],"potions_floor_usage":[8,8,16,16,31,33,33,33,37,50,50,50,50,50,50,50],"damage_taken":[{"damage":1,"enemies":"Jaw Worm","floor":1,"turns":2},{"damage":0,"enemies":"2 Louse","floor":2,"turns":1},{"damage":0,"enemies":"Small Slimes","floor":3,"turns":2},{"damage":7,"enemies":"Blue Slaver","floor":4,"turns":2},{"damage":2,"enemies":"3 Sentries","floor":8,"turns":4},{"damage":7,"enemies":"Large Slime","floor":10,"turns":6},{"damage":0,"enemies":"Red Slaver","floor":11,"turns":3},{"damage":10,"enemies":"Exordium Thugs","floor":12,"turns":2},{"damage":0,"enemies":"Slime Boss","floor":16,"turns":3},{"damage":0,"enemies":"2 Thieves","floor":18,"turns":2},{"damage":1,"enemies":"Shell Parasite","floor":20,"turns":4},{"damage":0,"enemies":"Centurion and Healer","floor":21,"turns":6},{"damage":0,"enemies":"3 Cultists","floor":22,"turns":2},{"damage":0,"enemies":"Book of Stabbing","floor":23,"turns":5},{"damage":0,"enemies":"Cultist and Chosen","floor":28,"turns":4},{"damage":0,"enemies":"Snake Plant","floor":29,"turns":2},{"damage":0,"enemies":"Colosseum Slavers","floor":31,"turns":1},{"damage":0,"enemies":"Colosseum Nobs","floor":31,"turns":2},{"damage":0,"enemies":"Champ","floor":33,"turns":10},{"damage":0,"enemies":"3 Shapes","floor":35,"turns":5},{"damage":10,"enemies":"3 Darklings","floor":36,"turns":3},{"damage":9,"enemies":"Jaw Worm Horde","floor":37,"turns":5},{"damage":0,"enemies":"Giant Head","floor":40,"turns":12},{"damage":11,"enemies":"Spire Growth","floor":41,"turns":6},{"damage":2,"enemies":"2 Orb Walkers","floor":44,"turns":3},{"damage":0,"enemies":"3 Darklings","floor":46,"turns":1},{"damage":0,"enemies":"Transient","floor":48,"turns":5},{"damage":69,"enemies":"Awakened One","floor":50,"turns":11}],"seed_played":"-31360004937360924","potions_obtained":[{"floor":3,"key":"Block Potion"},{"floor":8,"key":"ColorlessPotion"},{"floor":10,"key":"DistilledChaos"},{"floor":33,"key":"SteroidPotion"},{"floor":37,"key":"Fruit Juice"}],"is_trial":true,"path_per_floor":["M","M","M","M","?","R","?","E","T","M","M","M","R","$","R","B",null,"M","?","M","M","M","E","R","$","T","R","M","M","?","?","R","B",null,"M","M","M","$","?","E","M","R","T","?","R","M","?","M","R","B",null],"character_chosen":"THE_SILENT","items_purchased":["Ancient Tea Set","DollysMirror","Bronze Scales"],"campfire_rested":6,"item_purchase_floors":[14,38,38],"current_hp_per_floor":[69,69,69,62,62,62,62,60,60,61,67,57,57,57,57,65,70,70,70,69,70,70,70,70,70,70,70,70,70,70,70,70,70,70,70,64,68,68,68,75,72,75,75,75,75,75,71,71,71,8],"gold":439,"neow_bonus":"","is_daily":false,"chose_seed":false,"campfire_upgraded":3,"win_rate":0.0,"timestamp":1613666548,"path_taken":["M","M","M","M","?","R","?","E","T","M","M","?","R","$","R","BOSS","M","?","M","M","M","E","R","$","T","R","M","M","?","?","R","BOSS","M","M","M","$","?","E","M","R","T","?","R","M","?","M","R","BOSS"],"items_purchased_type":["Relic","Relic","Relic"],"build_version":"2020-12-22","purchased_purges":0,"victory":true,"max_hp_per_floor":[70,70,70,70,70,70,70,70,70,70,70,70,70,70,70,70,70,70,70,70,70,70,70,70,70,70,70,70,70,70,70,70,70,70,70,70,75,75,75,75,75,75,75,75,75,75,71,71,71,71],"relic_stats":{"Torii":8,"counters":[28,114],"Golden Idol":192,"Dead Branch":[27],"Letter Opener":[205],"Question Card":10,"Cursed Key":1,"Bird Faced Urn":[58],"Gambling Chip":[79],"Bronze Scales":[126],"Turnip":[14],"obtain_stats":[{"Torii":31,"Golden Idol":5,"Dead Branch":44,"Oddly Smooth Stone":43,"Omamori":26,"Letter Opener":31,"Ancient Tea Set":14,"Question Card":30,"Cursed Key":34,"DollysMirror":38,"Bird Faced Urn":8,"Gambling Chip":9,"Bronze Scales":38,"Turnip":7,"Fusion Hammer":17,"Bag of Marbles":23,"Ring of the Snake":0},{"Torii":18,"Golden Idol":4,"Dead Branch":25,"Oddly Smooth Stone":24,"Omamori":14,"Letter Opener":18,"Ancient Tea Set":8,"Question Card":16,"Cursed Key":19,"DollysMirror":22,"Bird Faced Urn":5,"Gambling Chip":5,"Bronze Scales":22,"Turnip":4,"Fusion Hammer":9,"Bag of Marbles":14,"Ring of the Snake":0},{"Torii":53,"Golden Idol":7,"Dead Branch":97,"Oddly Smooth Stone":94,"Omamori":44,"Letter Opener":53,"Ancient Tea Set":22,"Question Card":50,"Cursed Key":63,"DollysMirror":76,"Bird Faced Urn":11,"Gambling Chip":11,"Bronze Scales":76,"Turnip":7,"Fusion Hammer":25,"Bag of Marbles":44,"Ring of the Snake":0}],"Ring of the Snake":[56]},"card_choices":[{"not_picked":["Quick Slash","Cloak And Dagger"],"picked":"SKIP","floor":1},{"not_picked":["Outmaneuver"],"picked":"Deflect","floor":2},{"not_picked":["Tactician"],"picked":"Masterful Stab","floor":3},{"not_picked":["Bane"],"picked":"Skewer","floor":4},{"not_picked":["Accuracy","Sucker Punch"],"picked":"SKIP","floor":8},{"not_picked":["Deadly Poison"],"picked":"Leg Sweep","floor":10},{"not_picked":["Cloak And Dagger"],"picked":"Bane","floor":11},{"not_picked":["Blade Dance"],"picked":"Deflect","floor":12},{"not_picked":["Grand Finale"],"picked":"After Image","floor":16},{"not_picked":["Sucker Punch"],"picked":"Cloak And Dagger+1","floor":18},{"not_picked":["Poisoned Stab","Setup+1"],"picked":"SKIP","floor":20},{"not_picked":["Heel Hook+1"],"picked":"Catalyst","floor":21},{"not_picked":["Prepared","Quick Slash+1"],"picked":"SKIP","floor":22},{"not_picked":["Flying Knee"],"picked":"Backstab","floor":23},{"not_picked":["Endless Agony","Masterful Stab+1"],"picked":"SKIP","floor":28},{"not_picked":["Underhanded Strike+1"],"picked":"Finisher","floor":29},{"not_picked":["Outmaneuver","Eviscerate+1"],"picked":"Deflect","floor":31},{"not_picked":["Glass Knife","Die Die Die"],"picked":"Malaise","floor":33},{"not_picked":["Backflip+1","Reflex+1"],"picked":"Dodge and Roll+1","floor":35},{"not_picked":["Sucker Punch","Distraction+1"],"picked":"Flechettes","floor":36},{"not_picked":["All Out Attack","Setup+1"],"picked":"Dodge and Roll+1","floor":37},{"not_picked":["Dash","All Out Attack"],"picked":"Skewer+1","floor":40},{"not_picked":["Tactician","Deflect","Flying Knee+1"],"picked":"SKIP","floor":41},{"not_picked":["Backflip","Poisoned Stab"],"picked":"Acrobatics+1","floor":44},{"not_picked":["Slice+1","Poisoned Stab","Glass Knife"],"picked":"SKIP","floor":46},{"not_picked":["Flying Knee+1","Accuracy","Backstab"],"picked":"SKIP","floor":48}],"player_experience":1467982,"relics_obtained":[{"floor":8,"key":"Bird Faced Urn"},{"floor":9,"key":"Gambling Chip"},{"floor":23,"key":"Bag of Marbles"},{"floor":26,"key":"Omamori"},{"floor":31,"key":"Torii"},{"floor":31,"key":"Letter Opener"},{"floor":43,"key":"Oddly Smooth Stone"},{"floor":44,"key":"Dead Branch"}],"event_choices":[{"damage_healed":0,"gold_gain":0,"player_choice":"Take Wound","damage_taken":0,"relics_obtained":["Golden Idol"],"max_hp_gain":0,"max_hp_loss":0,"event_name":"Golden Idol","floor":5,"gold_loss":0,"cards_obtained":["Injury"]},{"damage_healed":0,"gold_gain":0,"player_choice":"Paid Gold","damage_taken":0,"relics_obtained":["Turnip"],"max_hp_gain":0,"max_hp_loss":0,"event_name":"WeMeetAgain","floor":7,"gold_loss":66},{"cards_removed":["Injury"],"damage_healed":0,"gold_gain":0,"player_choice":"Gave Gold","damage_taken":0,"max_hp_gain":0,"max_hp_loss":0,"event_name":"Beggar","floor":19,"gold_loss":75},{"damage_healed":0,"gold_gain":0,"player_choice":"Opened","damage_taken":0,"relics_obtained":["Question Card"],"max_hp_gain":0,"max_hp_loss":0,"event_name":"The Mausoleum","floor":30,"gold_loss":0},{"damage_healed":0,"gold_gain":0,"player_choice":"Fight","damage_taken":0,"max_hp_gain":0,"max_hp_loss":0,"event_name":"Colosseum","floor":31,"gold_loss":0},{"damage_healed":0,"gold_gain":0,"player_choice":"Fought Nobs","damage_taken":0,"max_hp_gain":0,"max_hp_loss":0,"event_name":"Colosseum","floor":31,"gold_loss":0},{"cards_removed":["Masterful Stab"],"damage_healed":0,"gold_gain":0,"player_choice":"Removed Attack","damage_taken":0,"max_hp_gain":0,"max_hp_loss":0,"event_name":"Falling","floor":39,"gold_loss":0},{"damage_healed":0,"gold_gain":0,"player_choice":"Fight","damage_taken":0,"max_hp_gain":0,"max_hp_loss":0,"event_name":"Mysterious Sphere","floor":44,"gold_loss":0},{"damage_healed":0,"gold_gain":0,"player_choice":"Max HP","damage_taken":0,"max_hp_gain":0,"max_hp_loss":4,"event_name":"Winding Halls","floor":47,"gold_loss":0}],"is_beta":false,"boss_relics":[{"not_picked":["Black Star","Velvet Choker"],"picked":"Fusion Hammer"},{"not_picked":["Sozu","WristBlade"],"picked":"Cursed Key"}],"items_purged_floors":[],"is_endless":false,"potions_floor_spawned":[3,8,10,11,12,22,23,28,29,33,37,41],"ascension_level":0}}