{"host":"i09pxcjttd31eh4q","time":1613642599,"event":{"mods":["AchievementEnabler","BaseMod","Colored Map","Keyboard Shortcuts","Minty Spire (QoL Compilation)","StSLib","SuperFastMode"],"gold_per_floor":[109,124,134,209,97,97,114,14,14,45,45,45,56,82,82,82,82],"floor_reached":16,"language":"KOR","playtime":281,"items_purged":["Strike_P","Defend_P"],"score":220,"play_id":"0fabdbb3-3551-44a1-8801-0e7b09bbeaf3","local_time":"20210218190319","is_ascension_mode":true,"campfire_choices":[{"data":"Eruption","floor":6,"key":"SMITH"},{"data":"MentalFortress","floor":12,"key":"SMITH"},{"data":"Scrawl","floor":15,"key":"SMITH"}],"circlet_count":0,"master_deck":["AscendersBane","Strike_P+1","Strike_P","Strike_P","Defend_P","Defend_P","Defend_P+1","Eruption+1","Vigilance+1","FollowUp","EmptyFist+1","MentalFortress+1","Scrawl+1"],"relics":["PureWater","NeowsBlessing","StrikeDummy","Whetstone"],"acts_visited":["Exordium"],"potions_floor_usage":[7,10,14,16,16],"damage_taken":[{"damage":0,"enemies":"Jaw Worm","floor":1,"turns":1},{"damage":0,"enemies":"2 Louse","floor":2,"turns":2},{"damage":0,"enemies":"Cultist","floor":3,"turns":1},{"damage":2,"enemies":"Lots of Slimes","floor":7,"turns":4},{"damage":10,"enemies":"Gremlin Nob","floor":10,"turns":3},{"damage":1,"enemies":"Exordium Wildlife","floor":13,"turns":4},{"damage":15,"enemies":"Lagavulin","floor":14,"turns":5},{"damage":8,"enemies":"Hexaghost","floor":16,"turns":7}],"seed_played":"-6774264071976049917","potions_obtained":[{"floor":1,"key":"Fire Potion"},{"floor":2,"key":"DistilledChaos"},{"floor":7,"key":"BlessingOfTheForge"},{"floor":13,"key":"EssenceOfSteel"},{"floor":14,"key":"Fruit Juice"}],"is_trial":false,"path_per_floor":["M","M","M","?","$","R","M","$","T","E","?","R","M","E","R","B"],"character_chosen":"WATCHER","items_purchased":["MentalFortress"],"campfire_rested":0,"item_purchase_floors":[5],"current_hp_per_floor":[61,61,61,50,50,50,48,48,48,38,18,18,17,2,2,0,0],"gold":82,"neow_bonus":"THREE_ENEMY_KILL","is_daily":false,"chose_seed":false,"campfire_upgraded":3,"win_rate":0.0,"timestamp":1613642599,"path_taken":["M","M","M","?","$","R","M","?","T","E","?","R","M","E","R","BOSS"],"items_purchased_type":["Card"],"build_version":"2020-12-22","purchased_purges":2,"victory":false,"max_hp_per_floor":[68,68,68,68,68,68,68,68,68,68,68,68,68,68,68,73,73],"card_choices":[{"not_picked":["WreathOfFlame","Sanctity"],"picked":"FollowUp","floor":1},{"not_picked":["Halt","CutThroughFate","ForeignInfluence"],"picked":"SKIP","floor":2},{"not_picked":["CarveReality","WindmillStrike"],"picked":"EmptyFist","floor":3},{"not_picked":["EmptyBody","Consecrate","BowlingBash"],"picked":"SKIP","floor":7},{"not_picked":["JustLucky","CutThroughFate","CrushJoints"],"picked":"SKIP","floor":10},{"not_picked":["Halt","Consecrate","ReachHeaven"],"picked":"SKIP","floor":13},{"not_picked":["CutThroughFate","Wallop"],"picked":"Scrawl","floor":14}],"player_experience":924346,"relics_obtained":[{"floor":10,"key":"StrikeDummy"},{"floor":14,"key":"Whetstone"}],"event_choices":[{"damage_healed":0,"gold_gain":75,"player_choice":"Gather Gold","damage_taken":11,"max_hp_gain":0,"max_hp_loss":0,"event_name":"World of Goop","floor":4,"gold_loss":0},{"damage_healed":0,"gold_gain":0,"player_choice":"Entered Light","damage_taken":20,"max_hp_gain":0,"max_hp_loss":0,"event_name":"Shining Light","floor":11,"gold_loss":0,"cards_upgraded":["Vigilance","Defend_P"]}],"is_beta":false,"boss_relics":[],"items_purged_floors":[5,8],"is_endless":false,"potions_floor_spawned":[1,2,7,13,14],"killed_by":"Hexaghost","ascension_level":20}}