{"host":"d52brwsy6af8zvaq","time":1613610919,"event":{"mods":["AchievementEnabler","BaseMod","Bestiary","Highlight Path","Minty Spire (QoL Compilation)","Quick Restart","Relic Stats","ojb\u0027s Better Paths Mod"],"gold_per_floor":[118,135,2,2,22,22,49,129,154,154,172,172,199,215,215,293,293,313,188,202,123,123,123,123,123],"floor_reached":24,"language":"ENG","playtime":1111,"items_purged":["Strike_B","Strike_B"],"score":408,"play_id":"1a4499f2-405c-4b0c-9818-76ede4cb8525","local_time":"20210217181519","is_ascension_mode":true,"campfire_choices":[{"data":"Doom and Gloom","floor":6.0,"key":"SMITH"},{"floor":10.0,"key":"REST"},{"floor":15.0,"key":"REST"},{"data":"Barrage","floor":23,"key":"SMITH"}],"circlet_count":0,"master_deck":["AscendersBane","Strike_B","Strike_B","Defend_B","Defend_B","Defend_B","Defend_B","Zap+1","Dualcast","Doom and Gloom+1","Reinforced Body+1","Coolheaded","Chill","Coolheaded","Capacitor","Core Surge","Hologram","Barrage+1","Defragment","Ghostly","Ghostly","Ghostly"],"relics":["FrozenCore","Bag of Marbles","Vajra","Bag of Preparation","Centennial Puzzle"],"acts_visited":["Exordium","TheCity"],"potions_floor_usage":[],"damage_taken":[{"damage":9.0,"enemies":"Small Slimes","floor":1.0,"turns":3.0},{"damage":4.0,"enemies":"Jaw Worm","floor":2.0,"turns":4.0},{"damage":0.0,"enemies":"Cultist","floor":5.0,"turns":3.0},{"damage":27.0,"enemies":"Gremlin Nob","floor":7.0,"turns":5.0},{"damage":0.0,"enemies":"3 Louse","floor":11.0,"turns":2.0},{"damage":21.0,"enemies":"Lagavulin","floor":13.0,"turns":8.0},{"damage":1.0,"enemies":"Blue Slaver","floor":14.0,"turns":2.0},{"damage":20.0,"enemies":"The Guardian","floor":16.0,"turns":10.0},{"damage":4,"enemies":"Spheric Guardian","floor":18,"turns":6},{"damage":16,"enemies":"2 Thieves","floor":20,"turns":4},{"damage":34,"enemies":"Slavers","floor":24,"turns":6}],"seed_played":"1509581152324072259","potions_obtained":[{"floor":1.0,"key":"SkillPotion"},{"floor":2.0,"key":"SpeedPotion"},{"floor":7.0,"key":"PotionOfCapacity"},{"floor":20,"key":"LiquidBronze"}],"is_trial":false,"path_per_floor":["M","M","$","?","M","R","E","?","T","R","M","?","E","M","R","B",null,"M","$","M","$","?","R","E"],"character_chosen":"DEFECT","items_purchased":["Coolheaded","Barrage","Defragment"],"campfire_rested":2,"item_purchase_floors":[3,19,21],"current_hp_per_floor":[55,51,51,51,51,51,24,24,24,45,45,24,3,2,23,3,54,50,50,34,34,34,34,0,0],"gold":123,"neow_bonus":"RANDOM_COMMON_RELIC","is_daily":false,"chose_seed":false,"campfire_upgraded":2,"win_rate":0.0,"timestamp":1613610919,"path_taken":["M","M","$","?","M","R","E","?","T","R","M","?","E","?","R","BOSS","M","?","M","$","?","R","E"],"items_purchased_type":["Card","Card","Card"],"build_version":"2020-12-22","purchased_purges":2,"victory":false,"max_hp_per_floor":[71,71,71,71,71,71,71,71,71,71,71,71,71,71,71,71,71,71,71,71,71,35,35,35,35],"relic_stats":{"Centennial Puzzle":[15],"counters":[11,53],"Bag of Preparation":[14],"obtain_stats":[{"Centennial Puzzle":13,"Vajra":7,"Bag of Marbles":0,"Bag of Preparation":9,"Cracked Core":0,"FrozenCore":17},{"Centennial Puzzle":6,"Vajra":4,"Bag of Marbles":0,"Bag of Preparation":4,"Cracked Core":0,"FrozenCore":8},{"Centennial Puzzle":25,"Vajra":15,"Bag of Marbles":0,"Bag of Preparation":15,"Cracked Core":0,"FrozenCore":37}],"FrozenCore":[6]},"card_choices":[{"not_picked":["Go for the Eyes","Static Discharge"],"picked":"Doom and Gloom","floor":1.0},{"not_picked":["Beam Cell","Lockon"],"picked":"Reinforced Body","floor":2.0},{"not_picked":["Sweeping Beam","Skim"],"picked":"Chill","floor":5.0},{"not_picked":["Hello World","Conserve Battery"],"picked":"Coolheaded","floor":7.0},{"not_picked":["Chaos","Coolheaded","Double Energy"],"picked":"SKIP","floor":11.0},{"not_picked":["Gash","Aggregate","Hello World"],"picked":"SKIP","floor":13.0},{"not_picked":["Cold Snap","Amplify"],"picked":"Capacitor","floor":14.0},{"not_picked":["All For One","Hyperbeam"],"picked":"Core Surge","floor":16.0},{"not_picked":["Reprogram","Rip and Tear"],"picked":"Hologram","floor":18},{"not_picked":["Barrage","Rebound","Steam"],"picked":"SKIP","floor":20}],"player_experience":2302267,"relics_obtained":[{"floor":7.0,"key":"Vajra"},{"floor":9.0,"key":"Bag of Preparation"},{"floor":13.0,"key":"Centennial Puzzle"}],"event_choices":[{"damage_healed":0.0,"max_hp_gain":0.0,"max_hp_loss":0.0,"gold_gain":0.0,"event_name":"Liars Game","player_choice":"Ignored","floor":4.0,"gold_loss":0.0,"damage_taken":0.0},{"damage_healed":0.0,"max_hp_gain":0.0,"max_hp_loss":0.0,"gold_gain":80.0,"event_name":"Golden Wing","player_choice":"Gained Gold","floor":8.0,"gold_loss":0.0,"damage_taken":0.0},{"damage_healed":0.0,"max_hp_gain":0.0,"max_hp_loss":0.0,"gold_gain":0.0,"event_name":"Shining Light","player_choice":"Entered Light","floor":12.0,"gold_loss":0.0,"damage_taken":21.0,"cards_upgraded":["Zap","Reinforced Body"]},{"damage_healed":0,"gold_gain":0,"player_choice":"Became a Ghost","damage_taken":0,"max_hp_gain":0,"max_hp_loss":36,"event_name":"Ghosts","floor":22,"gold_loss":0,"cards_obtained":["Ghostly","Ghostly","Ghostly"]}],"is_beta":false,"boss_relics":[{"not_picked":["Empty Cage","Philosopher\u0027s Stone"],"picked":"FrozenCore"}],"items_purged_floors":[3,19],"is_endless":false,"potions_floor_spawned":[1,2,5,7,20],"killed_by":"Slavers","ascension_level":20}}