{"host":"2c84cb4cp1emursg","time":1613671672,"event":{"mods":["Act Like it!","BaseMod","Better Third Choice","Bossed Relics","Hermit","Mimic Mod","Minty Spire (QoL Compilation)","Permanent Neow","StSLib"],"gold_per_floor":[12,25,38,52,72,104,120,145,177,203,282,314,333,333,333,437,437,457,446,361,361,361,361,392,392,445,445,461,156,156,190,190,291,291,310,326,30,41,52,78,93,118,143,143,143,163,196,0,0,0,0,0,0,30,30,30],"floor_reached":55,"language":"ENG","playtime":4668,"items_purged":[],"score":1145,"play_id":"0dd18e5e-9d4d-4642-af0a-ab1fb3158324","local_time":"20210218110752","is_ascension_mode":true,"campfire_choices":[{"data":"hermit:Maintenance","floor":15.0,"key":"SMITH"},{"data":"hermit:HighNoon","floor":23.0,"key":"SMITH"},{"data":"1","floor":27.0,"key":"LIFT"},{"data":"hermit:Adapt","floor":30.0,"key":"SMITH"},{"data":"2","floor":32.0,"key":"LIFT"},{"floor":49,"key":"RECALL"},{"data":"3","floor":52,"key":"LIFT"}],"circlet_count":0,"master_deck":["hermit:Strike_Hermit+1","hermit:Strike_Hermit+1","hermit:Strike_Hermit+1","hermit:Strike_Hermit+1","hermit:Defend_Hermit+1","hermit:Defend_Hermit+1","hermit:Defend_Hermit+1","hermit:Defend_Hermit+1","hermit:Snapshot+1","hermit:Covet","The Bomb","hermit:Maintenance+1","hermit:HighCaliber+1","hermit:BodyArmor","hermit:LuckOfTheDraw","hermit:Adapt+1","hermit:WideOpen+1","hermit:TakeCover","hermit:HighNoon+1","hermit:Malice+1","Ghostly","Ghostly","Ghostly","Ghostly","Ghostly","hermit:CalledShot+1","Writhe","CurseOfTheBell","Parasite","hermit:EyeOfTheStorm+1","hermit:WideOpen+1","Madness","Madness","hermit:Showdown+1","hermit:FromBeyond","hermit:FullyLoaded+1"],"relics":["hermit:Momento","Smiling Mask","Happy Flower","Molten Egg 2","Lizard Tail","Philosopher\u0027s Stone","Unceasing Top","Dream Catcher","Girya","Whetstone","OrangePellets","Bag of Marbles","Singing Bowl","Calling Bell","Vajra","StrikeDummy","Ice Cream","Oddly Smooth Stone","Blood Vial","Toy Ornithopter","Ornamental Fan","Boot","Akabeko","Pen Nib","hermit:RyeStalk"],"acts_visited":["Exordium","TheCity","TheBeyond","TheEnding"],"potions_floor_usage":[41,50,54,55],"damage_taken":[{"damage":16.0,"enemies":"Small Slimes","floor":1.0,"turns":3.0},{"damage":0.0,"enemies":"2 Louse","floor":2.0,"turns":3.0},{"damage":0.0,"enemies":"Cultist","floor":3.0,"turns":4.0},{"damage":2.0,"enemies":"Looter","floor":4.0,"turns":4.0},{"damage":11.0,"enemies":"Blue Slaver","floor":5.0,"turns":5.0},{"damage":7.0,"enemies":"Lagavulin","floor":6.0,"turns":8.0},{"damage":2.0,"enemies":"Large Slime","floor":7.0,"turns":5.0},{"damage":24.0,"enemies":"Gremlin Nob","floor":8.0,"turns":4.0},{"damage":0.0,"enemies":"3 Louse","floor":9.0,"turns":6.0},{"damage":0.0,"enemies":"Lagavulin","floor":10.0,"turns":7.0},{"damage":3.0,"enemies":"3 Sentries","floor":12.0,"turns":13.0},{"damage":0.0,"enemies":"3 Louse","floor":13.0,"turns":3.0},{"damage":32.0,"enemies":"Hexaghost","floor":16.0,"turns":10.0},{"damage":5.0,"enemies":"Spheric Guardian","floor":18.0,"turns":4.0},{"damage":8.0,"enemies":"2 Thieves","floor":19.0,"turns":4.0},{"damage":1.0,"enemies":"Book of Stabbing","floor":24.0,"turns":7.0},{"damage":1.0,"enemies":"Snecko","floor":28.0,"turns":6.0},{"damage":5.0,"enemies":"Slavers","floor":31.0,"turns":8.0},{"damage":0.0,"enemies":"Collector","floor":33.0,"turns":9.0},{"damage":14.0,"enemies":"3 Darklings","floor":35.0,"turns":3.0},{"damage":11.0,"enemies":"Orb Walker","floor":36.0,"turns":3.0},{"damage":0.0,"enemies":"Writhing Mass","floor":38.0,"turns":7.0},{"damage":0.0,"enemies":"Spire Growth","floor":39.0,"turns":5.0},{"damage":1.0,"enemies":"Giant Head","floor":40.0,"turns":7.0},{"damage":0,"enemies":"Jaw Worm Horde","floor":41,"turns":4},{"damage":0,"enemies":"Nemesis","floor":42,"turns":9},{"damage":3,"enemies":"Writhing Mass","floor":46,"turns":4},{"damage":0,"enemies":"Reptomancer","floor":47,"turns":8},{"damage":45,"enemies":"Time Eater","floor":50,"turns":8},{"damage":0,"enemies":"Shield and Spear","floor":54,"turns":6},{"damage":94,"enemies":"The Heart","floor":55,"turns":9}],"seed_played":"-3709176103154413796","potions_obtained":[{"floor":1.0,"key":"SpeedPotion"},{"floor":2.0,"key":"Swift Potion"},{"floor":6.0,"key":"hermit:Eclipse"},{"floor":7.0,"key":"SmokeBomb"},{"floor":12.0,"key":"Swift Potion"},{"floor":13.0,"key":"Regen Potion"},{"floor":16.0,"key":"Strength Potion"},{"floor":18.0,"key":"Dexterity Potion"},{"floor":28.0,"key":"LiquidMemories"},{"floor":31.0,"key":"Block Potion"},{"floor":33.0,"key":"Block Potion"},{"floor":35.0,"key":"SkillPotion"},{"floor":36.0,"key":"Energy Potion"},{"floor":40.0,"key":"Ancient Potion"},{"floor":41,"key":"Fruit Juice"}],"is_trial":false,"path_per_floor":["M","M","M","M","M","E","M","E","MIM","E","?","E","M","?","R","B",null,"M","M","?","?","?","R","E","?","T","R","M","$","R","E","R","B",null,"M","M","$","M","M","E","M","E","T","?","?","M","E","$","R","B",null,"R","$","E","B"],"character_chosen":"HERMIT","items_purchased":["OrangePellets","Bag of Marbles","Oddly Smooth Stone","Blood Vial","Pen Nib","AttackPotion"],"campfire_rested":0,"item_purchase_floors":[29,29,37,37,48,48],"current_hp_per_floor":[59,59,59,57,46,39,37,13,13,13,13,10,10,75,75,43,75,70,62,62,62,37,37,36,36,36,36,35,35,35,32,32,34,41,29,32,32,36,38,41,55,56,56,56,49,48,50,50,50,12,56,56,56,56,0,0],"gold":30,"neow_bonus":"RANDOM_COLORLESS_2","is_daily":false,"chose_seed":false,"campfire_upgraded":3,"win_rate":0.0,"timestamp":1613671672,"path_taken":["M","M","M","M","M","E","M","E","MIM","E","?","E","M","?","R","BOSS","M","?","?","?","?","R","E","?","T","R","M","$","R","E","R","BOSS","M","M","$","M","M","E","M","E","T","?","?","M","E","$","R","BOSS","R","$","E","BOSS"],"items_purchased_type":["Relic","Relic","Relic","Relic","Relic","Potion"],"build_version":"2020-12-22","purchased_purges":0,"victory":false,"max_hp_per_floor":[75,75,75,75,75,75,75,75,75,75,75,75,75,75,75,75,75,75,75,75,75,37,37,37,37,37,37,37,37,37,39,39,41,41,43,45,45,47,47,49,56,56,56,56,56,56,56,56,56,56,56,56,56,56,56,56],"card_choices":[{"not_picked":["Sadistic Nature","Master of Strategy"],"picked":"The Bomb","floor":0.0},{"not_picked":["hermit:HoleUp","hermit:Roulette"],"picked":"hermit:Maintenance","floor":1.0},{"not_picked":["hermit:Dive","hermit:GoldenBullet"],"picked":"hermit:HighCaliber","floor":2.0},{"not_picked":["hermit:LowProfile","hermit:LoneWolf"],"picked":"hermit:BodyArmor","floor":3.0},{"not_picked":["hermit:Desperado","hermit:Coalescence"],"picked":"hermit:EyeOfTheStorm","floor":4.0},{"not_picked":["hermit:ShadowCloak","hermit:Quickdraw"],"picked":"hermit:LuckOfTheDraw","floor":5.0},{"not_picked":["hermit:TakeAim","hermit:Combo","hermit:Dive"],"picked":"SKIP","floor":6.0},{"not_picked":["hermit:Spite","hermit:Grudge","hermit:LowProfile"],"picked":"SKIP","floor":7.0},{"not_picked":["hermit:Desperado","hermit:Ricochet"],"picked":"hermit:Adapt","floor":8.0},{"not_picked":["hermit:CalledShot+1","hermit:Feint"],"picked":"hermit:WideOpen+1","floor":10.0},{"not_picked":["hermit:Headshot+1","hermit:Shortfuse+1","hermit:CalledShot+1"],"picked":"SKIP","floor":12.0},{"not_picked":["hermit:Snipe","hermit:Combo"],"picked":"hermit:TakeCover","floor":13.0},{"not_picked":["hermit:RoundhouseKick+1","hermit:Magnum+1"],"picked":"hermit:HighNoon","floor":16.0},{"not_picked":["hermit:WideOpen+1","hermit:Glare","hermit:FlashPowder"],"picked":"SKIP","floor":18.0},{"not_picked":["hermit:BodyArmor+1","hermit:GoldenBullet+1"],"picked":"hermit:Malice+1","floor":19.0},{"not_picked":["hermit:Gambit","hermit:SprayPray+1"],"picked":"hermit:CalledShot+1","floor":24.0},{"not_picked":["hermit:Coalescence","hermit:Headshot+1","hermit:Roulette+1"],"picked":"SKIP","floor":28.0},{"not_picked":["hermit:Misfire+1","hermit:WideOpen+1","hermit:ShadowCloak"],"picked":"Singing Bowl","floor":31.0},{"not_picked":["hermit:EternalForm","hermit:Magnum+1","hermit:OverwhelmingPower"],"picked":"Singing Bowl","floor":33.0},{"not_picked":["hermit:Misfire+1","hermit:Combo","hermit:HighCaliber+1"],"picked":"Singing Bowl","floor":35.0},{"not_picked":["hermit:HighCaliber+1","hermit:Vantage","hermit:EternalForm"],"picked":"Singing Bowl","floor":36.0},{"not_picked":["hermit:Glare+1","hermit:HoleUp","hermit:Ricochet+1"],"picked":"Singing Bowl","floor":38.0},{"not_picked":["hermit:Quickdraw+1","hermit:Deadeye+1"],"picked":"hermit:EyeOfTheStorm+1","floor":39.0},{"not_picked":["hermit:LoneWolf","hermit:BigShot+1","hermit:SprayPray+1"],"picked":"Singing Bowl","floor":40.0},{"not_picked":["hermit:HighCaliber+1","hermit:CalledShot+1","hermit:BigShot"],"picked":"Singing Bowl","floor":41},{"not_picked":["hermit:Feint+1","hermit:Manifest+1"],"picked":"hermit:WideOpen+1","floor":42},{"not_picked":["hermit:BodyArmor","hermit:Headshot+1"],"picked":"hermit:Showdown+1","floor":46},{"not_picked":["hermit:CalledShot+1","hermit:Coalescence+1"],"picked":"hermit:FromBeyond","floor":47},{"not_picked":["hermit:Roulette+1","hermit:Feint+1"],"picked":"hermit:FullyLoaded+1","floor":54}],"player_experience":534902,"relics_obtained":[{"floor":6.0,"key":"Smiling Mask"},{"floor":8.0,"key":"Happy Flower"},{"floor":10.0,"key":"Molten Egg 2"},{"floor":12.0,"key":"Lizard Tail"},{"floor":24.0,"key":"Dream Catcher"},{"floor":26.0,"key":"Whetstone"},{"floor":31.0,"key":"Singing Bowl"},{"floor":34.0,"key":"Vajra"},{"floor":34.0,"key":"StrikeDummy"},{"floor":34.0,"key":"Ice Cream"},{"floor":40.0,"key":"Toy Ornithopter"},{"floor":42,"key":"Ornamental Fan"},{"floor":43,"key":"Boot"},{"floor":47,"key":"Akabeko"},{"floor":54,"key":"hermit:RyeStalk"}],"event_choices":[{"damage_healed":0.0,"max_hp_gain":0.0,"max_hp_loss":0.0,"gold_gain":79.0,"event_name":"Golden Wing","player_choice":"Gained Gold","floor":11.0,"gold_loss":0.0,"damage_taken":0.0},{"damage_healed":65.0,"max_hp_gain":0.0,"max_hp_loss":0.0,"gold_gain":0.0,"event_name":"Wheel of Change","player_choice":"Full Heal","floor":14.0,"gold_loss":0.0,"damage_taken":0.0},{"damage_healed":0.0,"max_hp_gain":0.0,"max_hp_loss":0.0,"gold_gain":0.0,"event_name":"Addict","player_choice":"Obtained Relic","floor":20.0,"gold_loss":85.0,"damage_taken":0.0,"relics_obtained":["Unceasing Top"]},{"damage_healed":0.0,"max_hp_gain":0.0,"max_hp_loss":8.0,"gold_gain":0.0,"event_name":"betterThird:BetterWriting","player_choice":"Simplicity","floor":21.0,"gold_loss":0.0,"damage_taken":0.0},{"damage_healed":0.0,"max_hp_gain":0.0,"max_hp_loss":38.0,"gold_gain":0.0,"event_name":"Ghosts","player_choice":"Became a Ghost","floor":22.0,"gold_loss":0.0,"damage_taken":0.0,"cards_obtained":["Ghostly","Ghostly","Ghostly","Ghostly","Ghostly"]},{"damage_healed":0.0,"max_hp_gain":0.0,"max_hp_loss":0.0,"gold_gain":0.0,"event_name":"The Mausoleum","player_choice":"Opened","floor":25.0,"gold_loss":0.0,"damage_taken":0.0,"relics_obtained":["Girya"],"cards_obtained":["Writhe"]},{"cards_removed":["hermit:EyeOfTheStorm"],"damage_healed":0,"gold_gain":0,"player_choice":"Removed Skill","damage_taken":0,"max_hp_gain":0,"max_hp_loss":0,"event_name":"Falling","floor":44,"gold_loss":0},{"damage_healed":0,"gold_gain":0,"player_choice":"Embrace Madness","damage_taken":7,"max_hp_gain":0,"max_hp_loss":0,"event_name":"Winding Halls","floor":45,"gold_loss":0,"cards_obtained":["Madness","Madness"]}],"is_beta":false,"boss_relics":[{"not_picked":["Empty Cage","Astrolabe"],"picked":"Philosopher\u0027s Stone"},{"not_picked":["hermit:DentedPlate","hermit:ClaspedLocket"],"picked":"Calling Bell"}],"items_purged_floors":[],"is_endless":false,"potions_floor_spawned":[1,2,6,7,12,13,16,18,28,31,33,35,36,40,41],"killed_by":"The Heart","ascension_level":2}}