{"host":"vti7ja5rr21myvc5","time":1613612488,"event":{"mods":["Abigail Mod","AchievementEnabler","BaseMod","Friendly Minions","GifTheSpireLib","Gold Saver","HololiveMod","Koishi","Minty Spire (QoL Compilation)","Replay The Spire","StSLib","The Wild Card","Uncapped","noobMod"],"gold_per_floor":[1089,1089,782,782,794,794,824,824,824,824,847,847,922,956,956,1076,1126,1153,1174,1194,431,431,431,447,483,483,483,483,530,548,548,548,675,675,695,720,569,621,358,358,379,379,406,432,432,451,490,490,490,518,518,518,518,567,629],"floor_reached":56,"language":"ENG","playtime":3447,"items_purged":[],"score":1688,"play_id":"545371ce-71bb-4f34-b0f4-bbd7d349585b","local_time":"20210218024128","is_ascension_mode":true,"campfire_choices":[{"data":"Hololive_CallSakuraMiko","floor":6,"key":"SMITH"},{"data":"Hololive_CallShishiroBotan","floor":8,"key":"SMITH"},{"data":"Hololive_SoulCatcher","floor":10,"key":"SMITH"},{"data":"Hololive_CallNekomataOkayu","floor":15,"key":"SMITH"},{"data":"Hololive_CallAmaneKanata","floor":23,"key":"SMITH"},{"data":"Hololive_CallHoshimachiSuisei","floor":28,"key":"SMITH"},{"data":"Hololive_CallOkamiMio","floor":40,"key":"SMITH"},{"data":"Hololive_CallOmaruPolka","floor":42,"key":"SMITH"},{"data":"Hololive_CallSpadeEcho","floor":45,"key":"SMITH"},{"floor":49,"key":"RECALL"},{"data":"Hololive_CallTokinoSora","floor":52,"key":"SMITH"}],"circlet_count":0,"master_deck":["Hololive_Strike","Hololive_Strike+1","Hololive_Defend+1","Hololive_Defend","Hololive_SoulCatcher+1","Hololive_CallDoris","Hololive_CallDoris","Hololive_CallSakuraMiko+1","Hololive_CallTokinoSora+1","Hololive_CallMoonaHoshinova+1","Impatience","Hololive_CallMomosuzuNene+17","Hololive_CallYukihanaLamy+1","Hololive_CallShishiroBotan+1","Hololive_StrengthChampion+1","Hololive_CallNekomataOkayu+1","Hololive_Rebirth+1","Hololive_LuckPotion+1","Hololive_CallAmaneKanata+1","Hololive_Breathe+1","Hololive_CallHoshimachiSuisei+1","Hololive_DevilCharm+1","Hololive_SummonFox+1","Hololive_Psychosis+1","Hololive_LuckPotion+1","Hololive_CallOmaruPolka+1","Hololive_CallSpadeEcho+1","Hololive_IdolExercise+1","Hololive_LuckPotion+1","Hololive_FlyingPonyTail+1","Hololive_CallOkamiMio+1","Hololive_CallKiryuuCoco+1","Hololive_LuckPotion+1","Hololive_CallAkiRosenthal+1","Madness+1","Hololive_FlyingPonyTail+1"],"relics":["Hololive_TheStar","ice","ReplayFunnel","Replay:Baseball","Nunchaku","Toxic Egg 2","CaptainsWheel","Tiny House","ClockworkSouvenir","Ornamental Fan","Sundial","Replay:Mystery Machine","Durian","Nloth\u0027s Gift","Runic Pyramid","Membership Card","Counterbalance","Lee\u0027s Waffle","Bird Faced Urn","Whetstone","Anchor","Chameleon Ring"],"acts_visited":["Exordium","TheCity","TheBeyond","TheEnding"],"potions_floor_usage":[16,24,24,25,30,33,33,33,38,44,54,54],"damage_taken":[{"damage":0,"enemies":"2 Louse","floor":1,"turns":1},{"damage":0,"enemies":"Jaw Worm","floor":5,"turns":2},{"damage":3,"enemies":"3 Sentries","floor":7,"turns":4},{"damage":0,"enemies":"Cultist","floor":11,"turns":3},{"damage":0,"enemies":"Lagavulin","floor":14,"turns":4},{"damage":0,"enemies":"The Guardian","floor":16,"turns":6},{"damage":0,"enemies":"Spheric Guardian","floor":18,"turns":3},{"damage":9,"enemies":"2 Thieves","floor":19,"turns":3},{"damage":0,"enemies":"Cultist and Chosen","floor":20,"turns":4},{"damage":4,"enemies":"Shelled Parasite and Fungi","floor":24,"turns":4},{"damage":0,"enemies":"Book of Stabbing","floor":25,"turns":4},{"damage":24,"enemies":"Slavers","floor":29,"turns":6},{"damage":9,"enemies":"Snake Plant","floor":30,"turns":3},{"damage":0,"enemies":"Champ","floor":33,"turns":9},{"damage":0,"enemies":"Orb Walker","floor":35,"turns":3},{"damage":23,"enemies":"3 Shapes","floor":36,"turns":3},{"damage":46,"enemies":"2 Orb Walkers","floor":38,"turns":7},{"damage":23,"enemies":"Writhing Mass","floor":41,"turns":4},{"damage":0,"enemies":"Spire Growth","floor":44,"turns":3},{"damage":0,"enemies":"Jaw Worm Horde","floor":46,"turns":4},{"damage":0,"enemies":"R_Hoarder","floor":47,"turns":4},{"damage":0,"enemies":"Donu and Deca","floor":50,"turns":7},{"damage":31,"enemies":"Shield and Spear","floor":54,"turns":8},{"damage":0,"enemies":"The Heart","floor":55,"turns":8}],"seed_played":"4952072859087750587","potions_obtained":[{"floor":7,"key":"Regen Potion"},{"floor":11,"key":"Reflective Coating"},{"floor":14,"key":"Toxic Potion"},{"floor":17,"key":"Swift Potion"},{"floor":18,"key":"Elixir"},{"floor":24,"key":"DuplicationPotion"},{"floor":29,"key":"PowerPotion"},{"floor":30,"key":"EntropicBrew"},{"floor":41,"key":"Languid Potion"},{"floor":46,"key":"Strength Potion"},{"floor":54,"key":"Dexterity Potion"}],"is_trial":false,"path_per_floor":["M","?","$","?","M","R","E","R","T","R","M","?","T","E","R","B",null,"M","M","M","$","?","R","M","E","T","?","R","E","M","?","R","B",null,"M","M","$","?","$","R","M","R","T","M","R","M","E","?","R","B",null,"R","$","E","B",null],"character_chosen":"Hololive_HololiveCharacter","items_purchased":["ReplayFunnel","Replay:Baseball","ClockworkSouvenir","Hololive_DevilCharm+1","Hololive_SummonFox+1","Ornamental Fan","Sundial","Membership Card","Lee\u0027s Waffle","Bird Faced Urn","Hololive_CallOkamiMio"],"campfire_rested":0,"item_purchase_floors":[3,3,21,21,21,21,21,37,39,39,39],"current_hp_per_floor":[35,40,40,40,40,40,37,37,37,37,37,29,29,29,29,29,45,45,40,40,40,40,40,45,45,45,45,45,26,17,17,32,32,50,50,27,27,13,59,59,47,47,47,61,61,67,68,68,68,79,79,79,79,62,90],"gold":629,"neow_bonus":"RANDOM_COLORLESS","is_daily":false,"chose_seed":false,"campfire_upgraded":10,"win_rate":0.0,"timestamp":1613612488,"path_taken":["M","?","$","?","M","R","E","R","T","R","M","?","?","E","R","BOSS","M","M","M","$","?","R","M","E","T","?","R","E","M","?","R","BOSS","M","M","?","?","$","R","M","R","T","M","R","M","E","?","R","BOSS","R","$","E","BOSS"],"items_purchased_type":["Relic","Relic","Relic","Card","Card","Relic","Relic","Relic","Relic","Relic","Card"],"build_version":"2020-12-22","purchased_purges":0,"victory":true,"max_hp_per_floor":[35,40,40,40,40,40,40,40,40,40,40,40,40,40,40,40,45,45,45,45,45,45,45,45,45,45,45,45,50,50,50,50,50,50,50,50,50,52,59,59,62,62,62,63,63,67,68,68,68,79,79,79,79,94,150],"card_choices":[{"not_picked":["Replay:BasicMightCard","Jack Of All Trades"],"picked":"Impatience","floor":0},{"not_picked":["Hololive_HuntDinosaur","Hololive_SoulCatcher","Hololive_Psychosis"],"picked":"Hololive_CallMomosuzuNene","floor":1},{"not_picked":["Hololive_CallSpadeEcho","Hololive_Trident","Hololive_Breathe"],"picked":"Hololive_CallYukihanaLamy","floor":5},{"not_picked":["Hololive_Trident","Hololive_HuntDinosaur","Hololive_Recruit"],"picked":"Hololive_CallShishiroBotan","floor":7},{"not_picked":["Hololive_FlyingPonyTail","Hololive_OvertimeWork","Hololive_CallAZKi"],"picked":"Hololive_StrengthChampion","floor":11},{"not_picked":["Hololive_Rebound+1","Hololive_Drill","Hololive_Psychosis"],"picked":"Hololive_CallNekomataOkayu","floor":14},{"not_picked":["Hololive_WolfAndLamb+1","Hololive_OpenUp","Hololive_FlareMind+1"],"picked":"Hololive_Rebirth+1","floor":16},{"not_picked":["Hololive_OvertimeWork","Hololive_Psychosis","Hololive_Drill"],"picked":"Hololive_LuckPotion+1","floor":17},{"not_picked":["Hololive_Trident","Hololive_Rebound+1","Hololive_Drill"],"picked":"Hololive_CallAmaneKanata","floor":18},{"not_picked":["Hololive_Trident","Hololive_CallYogiri","Hololive_RevenueBasedLive+1"],"picked":"Hololive_Breathe+1","floor":19},{"not_picked":["Hololive_Psychosis","Hololive_Rebirth+1","Hololive_Trident"],"picked":"Hololive_CallHoshimachiSuisei","floor":20},{"not_picked":["Hololive_OvertimeWork+1","Hololive_CallMoonaHoshinova+1","Hololive_Trident"],"picked":"Hololive_Psychosis+1","floor":24},{"not_picked":["Hololive_RevenueBasedLive+1","Hololive_HuntDinosaur+1","Hololive_Sequa+1"],"picked":"Hololive_LuckPotion+1","floor":25},{"not_picked":["Hololive_StrengthChampion+1","Hololive_CallShiroganeNoel+1","Hololive_CallHoushouMarine"],"picked":"Hololive_CallOmaruPolka","floor":29},{"not_picked":["Hololive_CocoNews","Hololive_RevenueBasedLive+1","Hololive_FlyingPonyTail+1"],"picked":"Hololive_CallSpadeEcho","floor":30},{"not_picked":["Hololive_WolfAndLamb+1","Hololive_HighAtkLowDef+1","Hololive_Recruit+1"],"picked":"Hololive_IdolExercise+1","floor":33},{"not_picked":["Hololive_StrengthChampion+1","Hololive_CallRoboco","Hololive_Rebound+1","Hololive_Yoholoon"],"picked":"SKIP","floor":35},{"not_picked":["Hololive_FlyingPonyTail+1","Hololive_Drill+1","Hololive_OpenUp"],"picked":"Hololive_LuckPotion+1","floor":36},{"not_picked":["Hololive_StrengthChampion","Hololive_Sequa+1","Hololive_HuntDinosaur+1"],"picked":"Hololive_FlyingPonyTail+1","floor":38},{"not_picked":["Hololive_FlyingPonyTail+1","Hololive_Drill","Hololive_Trident+1"],"picked":"Hololive_CallKiryuuCoco+1","floor":41},{"not_picked":["Hololive_CallUruhaRushia","Hololive_Drill+1","Hololive_CallFriendA"],"picked":"Hololive_LuckPotion+1","floor":44},{"not_picked":["Hololive_SummonFox+1","Hololive_Trident","Hololive_ScarfAndHalo","Hololive_CocoNews"],"picked":"SKIP","floor":46},{"not_picked":["Hololive_FlyingPonyTail+1","Hololive_CallAZKi","Hololive_CallShiranuiFlare+1"],"picked":"Hololive_CallAkiRosenthal+1","floor":47},{"not_picked":["Replay:Sssssssssshield+1","Blind+1","Bandage Up+1"],"picked":"Madness+1","floor":48},{"not_picked":["Hololive_DiamondStrike","Hololive_Drill","Hololive_ManjiGathering+1"],"picked":"Hololive_FlyingPonyTail+1","floor":54}],"player_experience":380487,"relics_obtained":[{"floor":7,"key":"Nunchaku"},{"floor":13,"key":"Toxic Egg 2"},{"floor":14,"key":"CaptainsWheel"},{"floor":25,"key":"Replay:Mystery Machine"},{"floor":26,"key":"Quantum Egg"},{"floor":29,"key":"Durian"},{"floor":38,"key":"Counterbalance"},{"floor":43,"key":"Whetstone"},{"floor":47,"key":"Anchor"},{"floor":54,"key":"Chameleon Ring"}],"event_choices":[{"damage_healed":0,"gold_gain":0,"player_choice":"Donut","damage_taken":0,"max_hp_gain":5,"max_hp_loss":0,"event_name":"Big Fish","floor":2,"gold_loss":0},{"damage_healed":0,"gold_gain":0,"player_choice":"Ignored","damage_taken":0,"max_hp_gain":0,"max_hp_loss":0,"event_name":"Liars Game","floor":4,"gold_loss":0},{"damage_healed":0,"gold_gain":0,"player_choice":"Entered Light","damage_taken":8,"max_hp_gain":0,"max_hp_loss":0,"event_name":"Shining Light","floor":12,"gold_loss":0,"cards_upgraded":["Hololive_CallMoonaHoshinova","Hololive_CallYukihanaLamy"]},{"damage_healed":0,"gold_gain":0,"player_choice":"Ignored","damage_taken":0,"max_hp_gain":0,"max_hp_loss":0,"event_name":"Beggar","floor":22,"gold_loss":0},{"damage_healed":0,"gold_gain":0,"player_choice":"Traded Relic","damage_taken":0,"relics_obtained":["Nloth\u0027s Gift"],"max_hp_gain":0,"max_hp_loss":0,"event_name":"N\u0027loth","floor":31,"relics_lost":["Quantum Egg"],"gold_loss":0},{"damage_healed":0,"gold_gain":0,"player_choice":"Fight","damage_taken":0,"max_hp_gain":0,"max_hp_loss":0,"event_name":"Mysterious Sphere","floor":38,"gold_loss":0},{"damage_healed":0,"gold_gain":0,"player_choice":"Memory 1","damage_taken":0,"max_hp_gain":0,"max_hp_loss":0,"event_name":"SensoryStone","floor":48,"gold_loss":0}],"is_beta":false,"boss_relics":[{"not_picked":["Ring of Chaos","Replay:Drink Me"],"picked":"Tiny House"},{"not_picked":["Replay:Bronze Core","Cursed Key"],"picked":"Runic Pyramid"}],"items_purged_floors":[],"is_endless":false,"potions_floor_spawned":[7,11,14,18,24,29,30,41,46,54],"ascension_level":2}}