{"host":"4lnqn0cdf2xvotrt","time":1613606941,"event":{"mods":["AchievementEnabler","Aspiration","BaseMod","Better Altar","Better Match","Better Note","Better Sensory Stone","Better Skull","Better Third Choice","BetterRewards","Clawfect","Colored Map","Conspire","Downfall","GifTheSpireLib","Googly Eyes","Halation","Highlight Path","Hubris","Infinite Spire","Mimic Mod","Minty Spire (QoL Compilation)","Permanent Neow","Reliquary","Replay The Spire","Shop Mod","Spicy Shops","StSLib","Stuff the Spire","everything is the same but u backflip on backflip","slay the spire mod where everything is the same but ironclad has a cowboy hat"],"gold_per_floor":[117,131,131,2,19,19,19,19,53,63,63,63,95,95,95,199,199,216,216,233,81,98,98,98],"floor_reached":23,"language":"ENG","playtime":1172,"items_purged":["conspire:PoisonWeapons","conspire:PoisonWeapons"],"score":264,"play_id":"aaf510bf-b7d7-4ca2-8cce-94a38ea2ab31","local_time":"20210217180901","daily_mods":["Draft","downfall:ExchangeController"],"is_ascension_mode":false,"campfire_choices":[{"data":"ReplayTheSpireMod:Black Plague","floor":8,"key":"SMITH"},{"floor":15,"key":"REST"}],"circlet_count":0,"master_deck":["Deflect","Deadly Poison","Catalyst","Catalyst","Finisher","StuffTheSpire:ReptileScales","Deadly Poison","Prepared","Prepared","Catalyst","Slice","StuffTheSpire:Injection","ReplayTheSpireMod:Black Plague+1","Noxious Fumes+1","StuffTheSpire:DoubleShiv","StuffTheSpire:ClusterCrunch","Venomology","Calculated Gamble","Concentrate","Escape Plan","StuffTheSpire:Fury+1","Backstab+1","Distraction+1"],"relics":["Unceasing Top","downfall:NeowBlessing_Player","bronze:BronzeIdol","hubris:Reverence","hubris:Towel","reliquary:ThirdArm","hexamod:BolsterEngine","Ancient Tea Set","reliquary:ExpiredCoupon"],"acts_visited":["Exordium","TheCity"],"potions_floor_usage":[],"damage_taken":[{"damage":14,"enemies":"Small Slimes","floor":1,"turns":4},{"damage":8,"enemies":"Jaw Worm","floor":2,"turns":2},{"damage":3,"enemies":"Cultist","floor":5,"turns":3},{"damage":1,"enemies":"Blue Slaver","floor":9,"turns":5},{"damage":20,"enemies":"Blue Slaver","floor":10,"turns":3},{"damage":0,"enemies":"Gremlin Nob","floor":13,"turns":2},{"damage":15,"enemies":"Slime Boss","floor":16,"turns":5},{"damage":36,"enemies":"Chosen","floor":18,"turns":7},{"damage":0,"enemies":"Shell Parasite","floor":20,"turns":2},{"damage":22,"enemies":"Snecko","floor":22,"turns":5},{"damage":38,"enemies":"Slavers","floor":23,"turns":3}],"seed_played":"-4246534448264993065","potions_obtained":[{"floor":2,"key":"FairyPotion"},{"floor":5,"key":"champ:CounterPotion"}],"is_trial":true,"path_per_floor":["M","M","?","$","M","WH","WH","R","MIM","M","$","?","E","?","R","B",null,"M","?","M","$","M","E"],"character_chosen":"THE_SILENT","items_purchased":["Noxious Fumes+1","Backstab+1"],"campfire_rested":1,"item_purchase_floors":[4,21],"current_hp_per_floor":[156,148,104,104,101,101,71,71,70,50,50,50,50,50,101,86,270,234,62,62,62,40,2,2],"gold":98,"neow_bonus":"TRANSFORM_TWO_CARDS","is_daily":false,"chose_seed":false,"campfire_upgraded":1,"win_rate":0.0,"timestamp":1613606941,"path_taken":["M","M","?","$","M","WH","WH","R","MIM","M","?","?","E","?","R","BOSS","M","?","?","$","M","E"],"items_purchased_type":["Card","Card"],"build_version":"2020-12-22","purchased_purges":2,"victory":false,"max_hp_per_floor":[170,170,170,170,170,170,170,170,170,170,170,170,170,170,170,170,270,270,270,270,270,270,270,270],"card_choices":[{"not_picked":["Dagger Throw","Acrobatics"],"picked":"Deflect","floor":0},{"not_picked":["Hidden Blade","Backflip"],"picked":"Deadly Poison","floor":0},{"not_picked":["Dodge and Roll","Finisher"],"picked":"Catalyst","floor":0},{"not_picked":["Quick Slash","Finisher"],"picked":"Catalyst","floor":0},{"not_picked":["Flying Knee","hubris:SlightOfHand"],"picked":"Finisher","floor":0},{"not_picked":["Predator","Hidden Blade"],"picked":"StuffTheSpire:ReptileScales","floor":0},{"not_picked":["Sucker Punch","Underhanded Strike"],"picked":"conspire:PoisonWeapons","floor":0},{"not_picked":["Predator","Outmaneuver"],"picked":"Deadly Poison","floor":0},{"not_picked":["Escape Plan","Infinite Blades"],"picked":"Prepared","floor":0},{"not_picked":["StuffTheSpire:Incursion","Choke"],"picked":"Prepared","floor":0},{"not_picked":["Acrobatics","Hidden Blade"],"picked":"StuffTheSpire:MirrorStance","floor":0},{"not_picked":["Fluid Movement","Dash"],"picked":"conspire:PoisonWeapons","floor":0},{"not_picked":["Terror","Dagger Throw"],"picked":"Catalyst","floor":0},{"not_picked":["StuffTheSpire:ClusterCrunch","StuffTheSpire:BumpUp"],"picked":"Acrobatics","floor":0},{"not_picked":["Riddle With Holes","Backflip"],"picked":"Slice","floor":0},{"not_picked":["StuffTheSpire:ClusterCrunch","Backflip"],"picked":"StuffTheSpire:Injection","floor":1},{"not_picked":["StuffTheSpire:ClusterCrunch","Dodge and Roll","Quick Slash"],"picked":"SKIP","floor":2},{"not_picked":["infinitespire:SealOfDarkness+","infinitespire:Gouge"],"picked":"ReplayTheSpireMod:Black Plague","floor":3},{"not_picked":["StuffTheSpire:Python","Outmaneuver","Hidden Blade"],"picked":"SKIP","floor":5},{"not_picked":["PiercingWail","StuffTheSpire:Injection"],"picked":"StuffTheSpire:DoubleShiv","floor":6},{"not_picked":["Well Laid Plans","conspire:DoublingDagger"],"picked":"Calculated Gamble","floor":9},{"not_picked":["Replay:Bag of Tricks","Dagger Spray"],"picked":"Concentrate","floor":10},{"not_picked":["Backflip","Blade Dance"],"picked":"Escape Plan","floor":13},{"not_picked":["Prepared","Poisoned Stab"],"picked":"StuffTheSpire:Fury+1","floor":18},{"not_picked":["Storm of Steel","Dodge and Roll","Cloak And Dagger+1"],"picked":"SKIP","floor":20},{"not_picked":["Prepared","StuffTheSpire:ClusterCrunch"],"picked":"Distraction+1","floor":22}],"player_experience":58105,"relics_obtained":[{"floor":9,"key":"bronze:BronzeIdol"},{"floor":13,"key":"hubris:Reverence"}],"event_choices":[{"damage_healed":0,"gold_gain":0,"player_choice":"RE RE RE ","damage_taken":178,"relics_obtained":["hexamod:BolsterEngine","Ancient Tea Set","reliquary:ExpiredCoupon"],"max_hp_gain":0,"max_hp_loss":0,"event_name":"betterSkull:BetterSkull","floor":19,"gold_loss":0,"cards_upgraded":[]}],"is_beta":false,"boss_relics":[{"not_picked":["conspire:RunicOctahedron","hubris:GrandSneckoEye"],"picked":"reliquary:ThirdArm"}],"items_purged_floors":[4,21],"is_endless":false,"potions_floor_spawned":[2,5,10,18,22],"killed_by":"Slavers","ascension_level":0}}