{"host":"ftf7rwqr5w72pdsx","time":1613613397,"event":{"mods":["BaseMod","Bestiary","Minty Spire (QoL Compilation)","Relic Stats","Slay the Relics Exporter"],"gold_per_floor":[118,133,93,48,58,86,106,106,106,116,16,43,75,106,118,226,238,265,290,318,330,16,16,16,16,16,32,32,32],"floor_reached":28,"language":"ENG","playtime":1243,"items_purged":[],"score":411,"play_id":"104b1e90-ca6f-4284-bc4b-497e9debb03b","local_time":"20210217195637","is_ascension_mode":true,"campfire_choices":[{"floor":8,"key":"REST"},{"data":"Reprogram","floor":15,"key":"SMITH"},{"floor":23,"key":"REST"},{"data":"Fusion","floor":25,"key":"SMITH"}],"circlet_count":0,"master_deck":["AscendersBane","Strike_B","Strike_B","Strike_B","Strike_B","Defend_B","Defend_B","Defend_B","Defend_B","Zap","Dualcast","Chill","Barrage","Ball Lightning","Cold Snap","Reprogram+1","Glacier","Hello World+1","Capacitor+1","Ball Lightning","Glacier","Reprogram","Heatsinks+1","Biased Cognition+1","Leap","Fusion+1","Storm+1","Writhe","Self Repair+1","Genetic Algorithm","Reprogram","Coolheaded","Leap"],"relics":["Black Star","Happy Flower","Frozen Egg 2","Mummified Hand","Lantern","MawBank","Sozu","Dead Branch","Medical Kit","Gremlin Horn"],"acts_visited":["Exordium","TheCity"],"potions_floor_usage":[6,6,12,14,16],"damage_taken":[{"damage":3,"enemies":"2 Louse","floor":1,"turns":2},{"damage":1,"enemies":"Cultist","floor":2,"turns":4},{"damage":6,"enemies":"Jaw Worm","floor":5,"turns":4},{"damage":11,"enemies":"3 Sentries","floor":6,"turns":6},{"damage":10,"enemies":"Looter","floor":7,"turns":4},{"damage":16,"enemies":"Large Slime","floor":10,"turns":7},{"damage":0,"enemies":"Gremlin Nob","floor":12,"turns":3},{"damage":3,"enemies":"Red Slaver","floor":13,"turns":3},{"damage":6,"enemies":"2 Fungi Beasts","floor":14,"turns":5},{"damage":19,"enemies":"Hexaghost","floor":16,"turns":10},{"damage":10,"enemies":"Shell Parasite","floor":18,"turns":5},{"damage":17,"enemies":"Spheric Guardian","floor":19,"turns":4},{"damage":0,"enemies":"Centurion and Healer","floor":20,"turns":8},{"damage":17,"enemies":"Snake Plant","floor":27,"turns":5},{"damage":48,"enemies":"Slavers","floor":28,"turns":3}],"seed_played":"-985408916476919500","potions_obtained":[{"floor":2,"key":"PowerPotion"},{"floor":3,"key":"LiquidBronze"},{"floor":10,"key":"DuplicationPotion"},{"floor":12,"key":"Strength Potion"},{"floor":13,"key":"FocusPotion"}],"is_trial":false,"path_per_floor":["M","M","?","$","M","E","M","R","T","M","$","E","M","M","R","B",null,"M","M","M","?","$","R","?","R","T","M","E"],"character_chosen":"DEFECT","items_purchased":["Ball Lightning","Capacitor+1","Ball Lightning","Medical Kit","Self Repair+1","Genetic Algorithm","Reprogram"],"campfire_rested":2,"item_purchase_floors":[4,11,11,22,22,22,22],"current_hp_per_floor":[65,64,64,64,58,47,37,59,59,43,43,43,40,34,34,15,60,50,33,33,33,33,55,55,55,55,48,0,0],"gold":32,"neow_bonus":"BOSS_RELIC","is_daily":false,"chose_seed":false,"campfire_upgraded":2,"win_rate":0.0,"timestamp":1613613397,"path_taken":["M","M","?","$","M","E","M","R","T","?","?","E","M","?","R","BOSS","M","M","M","?","$","R","?","R","T","M","E"],"items_purchased_type":["Card","Card","Card","Relic","Card","Card","Card"],"build_version":"2020-12-22","purchased_purges":0,"victory":false,"max_hp_per_floor":[75,75,75,75,75,75,75,75,75,75,75,75,75,75,75,75,75,75,75,75,75,75,75,75,75,75,75,75,75],"relic_stats":{"Sozu":3,"Happy Flower":[19],"Gremlin Horn":[0,0],"counters":[15,73],"Mummified Hand":[27],"Dead Branch":[6],"Black Star":2,"MawBank":120,"Medical Kit":[0],"obtain_stats":[{"Sozu":17,"Lantern":12,"Happy Flower":6,"Gremlin Horn":26,"Mummified Hand":9,"Dead Branch":21,"Black Star":0,"Frozen Egg 2":6,"Cracked Core":0,"MawBank":12,"Medical Kit":22},{"Sozu":10,"Lantern":7,"Happy Flower":4,"Gremlin Horn":13,"Mummified Hand":5,"Dead Branch":13,"Black Star":0,"Frozen Egg 2":4,"Cracked Core":0,"MawBank":7,"Medical Kit":13},{"Sozu":48,"Lantern":30,"Happy Flower":16,"Gremlin Horn":65,"Mummified Hand":20,"Dead Branch":65,"Black Star":0,"Frozen Egg 2":16,"Cracked Core":0,"MawBank":30,"Medical Kit":65}]},"card_choices":[{"not_picked":["Beam Cell","Tempest"],"picked":"Chill","floor":1},{"not_picked":["Streamline","Turbo"],"picked":"Barrage","floor":2},{"not_picked":["Sweeping Beam","Turbo"],"picked":"Cold Snap","floor":5},{"not_picked":["Reinforced Body","Gash"],"picked":"Reprogram","floor":6},{"not_picked":["Steam Power","Double Energy"],"picked":"Glacier","floor":7},{"not_picked":["Gash","Reinforced Body"],"picked":"Hello World+1","floor":10},{"not_picked":["Rebound","Loop+1"],"picked":"Glacier","floor":12},{"not_picked":["Recycle","Streamline"],"picked":"Reprogram","floor":13},{"not_picked":["Skim","Rebound"],"picked":"Heatsinks+1","floor":14},{"not_picked":["Rainbow","Electrodynamics+1"],"picked":"Biased Cognition+1","floor":16},{"not_picked":["Redo","Double Energy"],"picked":"Leap","floor":18},{"not_picked":["Steam","Go for the Eyes"],"picked":"Fusion","floor":19},{"not_picked":["Redo+1","Reprogram"],"picked":"Storm+1","floor":20},{"not_picked":["Hello World+1","Sweeping Beam"],"picked":"Leap","floor":27}],"player_experience":839533,"relics_obtained":[{"floor":6,"key":"Happy Flower"},{"floor":6,"key":"Frozen Egg 2"},{"floor":9,"key":"Mummified Hand"},{"floor":12,"key":"Lantern"},{"floor":12,"key":"MawBank"},{"floor":26,"key":"Gremlin Horn"}],"event_choices":[{"damage_healed":0,"gold_gain":0,"player_choice":"Bought 3 Potions","damage_taken":0,"max_hp_gain":0,"max_hp_loss":0,"event_name":"The Woman in Blue","floor":3,"gold_loss":0},{"damage_healed":0,"gold_gain":0,"player_choice":"Opened","damage_taken":0,"relics_obtained":["Dead Branch"],"max_hp_gain":0,"max_hp_loss":0,"event_name":"The Mausoleum","floor":21,"gold_loss":0,"cards_obtained":["Writhe"]},{"damage_healed":0,"gold_gain":0,"player_choice":"Read","damage_taken":0,"max_hp_gain":0,"max_hp_loss":0,"event_name":"The Library","floor":24,"gold_loss":0,"cards_obtained":["Coolheaded"]}],"is_beta":false,"boss_relics":[{"not_picked":["Snecko Eye","Ectoplasm"],"picked":"Sozu"}],"items_purged_floors":[],"is_endless":false,"potions_floor_spawned":[2,10,12,13,18,19,27],"killed_by":"Slavers","ascension_level":12}}