{"host":"mydft8i2zzydgggw","time":1613631988,"event":{"mods":["AchievementEnabler","BaseMod","Colored Map","Colored Powertips","DeckTracker","Keyboard Shortcuts","Minty Spire (QoL Compilation)","Rare Cards Sparkle","Relic Stats","StSLib","SuperFastMode","Together in Spire","everything is the same but u backflip on backflip"],"gold_per_floor":[117,42,117,132,28,62,62,74,74,224,241,241,272,288,288,360,360,377,427,75,86,105,105,105],"floor_reached":23,"language":"KOR","playtime":1937,"items_purged":["Strike_B","Doubt"],"score":418,"play_id":"7f396eb3-0684-44c3-832f-4a35c0206f5c","local_time":"20210218160628","is_ascension_mode":true,"campfire_choices":[{"data":"Coolheaded","floor":7.0,"key":"SMITH"},{"data":"Coolheaded","floor":12.0,"key":"SMITH"},{"floor":15.0,"key":"REST"}],"circlet_count":0,"master_deck":["AscendersBane","Strike_B","Strike_B","Defend_B","Defend_B","Defend_B","Defend_B","Zap","Dualcast","Beam Cell","Coolheaded+1","Ball Lightning","Undo","Blizzard","Coolheaded+1","Conserve Battery","Echo Form","Self Repair","Sweeping Beam+1"],"relics":["Cracked Core","NeowsBlessing","Nunchaku","Mercury Hourglass","CaptainsWheel","Runic Pyramid","Runic Capacitor"],"acts_visited":["Exordium","TheCity"],"potions_floor_usage":[23,23],"damage_taken":[{"damage":0.0,"enemies":"Small Slimes","floor":1.0,"turns":1.0},{"damage":0.0,"enemies":"2 Louse","floor":4.0,"turns":1.0},{"damage":0.0,"enemies":"Lagavulin","floor":6.0,"turns":1.0},{"damage":0.0,"enemies":"Cultist","floor":8.0,"turns":3.0},{"damage":13.0,"enemies":"Blue Slaver","floor":11.0,"turns":3.0},{"damage":19.0,"enemies":"3 Sentries","floor":13.0,"turns":6.0},{"damage":15.0,"enemies":"Exordium Thugs","floor":14.0,"turns":4.0},{"damage":24.0,"enemies":"Hexaghost","floor":16.0,"turns":12.0},{"damage":20.0,"enemies":"Shell Parasite","floor":18.0,"turns":8.0},{"damage":8,"enemies":"Chosen","floor":21,"turns":6},{"damage":10,"enemies":"Snake Plant","floor":22,"turns":5},{"damage":35,"enemies":"Book of Stabbing","floor":23,"turns":7}],"seed_played":"2519460779583846967","potions_obtained":[{"floor":4.0,"key":"GamblersBrew"},{"floor":14.0,"key":"LiquidBronze"},{"floor":16.0,"key":"GamblersBrew"},{"floor":21,"key":"SkillPotion"}],"is_trial":false,"path_per_floor":["M","?","?","M","$","E","R","M","T","?","M","R","E","M","R","B",null,"M","?","$","M","M","E"],"character_chosen":"DEFECT","items_purchased":["Ball Lightning","Runic Capacitor","Self Repair"],"campfire_rested":1,"item_purchase_floors":[5,20,20],"current_hp_per_floor":[64,64,53,53,53,53,53,53,53,53,40,40,21,6,27,3,54,34,34,34,33,30,0,0],"gold":105,"neow_bonus":"THREE_ENEMY_KILL","is_daily":false,"chose_seed":false,"campfire_upgraded":2,"win_rate":0.0,"timestamp":1613631988,"path_taken":["M","?","?","M","$","E","R","M","T","?","M","R","E","M","R","BOSS","M","?","$","M","M","E"],"items_purchased_type":["Card","Relic","Card"],"build_version":"2020-12-22","purchased_purges":2,"victory":false,"max_hp_per_floor":[71,71,71,71,71,71,71,71,71,71,71,71,71,71,71,71,71,71,71,71,71,71,71,71],"relic_stats":{"Nunchaku":[7],"counters":[12,56],"obtain_stats":[{"Nunchaku":6,"CaptainsWheel":13,"NeowsBlessing":0,"Runic Capacitor":20,"Cracked Core":0,"Mercury Hourglass":9,"Runic Pyramid":17},{"Nunchaku":3,"CaptainsWheel":6,"NeowsBlessing":0,"Runic Capacitor":9,"Cracked Core":0,"Mercury Hourglass":4,"Runic Pyramid":8},{"Nunchaku":3,"CaptainsWheel":14,"NeowsBlessing":0,"Runic Capacitor":38,"Cracked Core":0,"Mercury Hourglass":6,"Runic Pyramid":30}],"Mercury Hourglass":[165]},"card_choices":[{"not_picked":["Barrage","Hologram"],"picked":"Beam Cell","floor":1.0},{"not_picked":["Hologram","Streamline"],"picked":"Coolheaded","floor":4.0},{"not_picked":["Streamline","Doom and Gloom"],"picked":"Undo","floor":6.0},{"not_picked":["Ball Lightning","Streamline"],"picked":"Blizzard","floor":8.0},{"not_picked":["Steam","Stack"],"picked":"Coolheaded","floor":11.0},{"not_picked":["Hyperbeam","Skim"],"picked":"Conserve Battery","floor":13.0},{"not_picked":["Hologram","Storm","Conserve Battery"],"picked":"SKIP","floor":14.0},{"not_picked":["Biased Cognition","Core Surge"],"picked":"Echo Form","floor":16.0},{"not_picked":["Steam Power+1","Barrage","Conserve Battery"],"picked":"SKIP","floor":18.0},{"not_picked":["Sweeping Beam+1","Leap","Conserve Battery"],"picked":"SKIP","floor":21},{"not_picked":["Streamline","Melter"],"picked":"Sweeping Beam+1","floor":22}],"player_experience":277844,"relics_obtained":[{"floor":6.0,"key":"Nunchaku"},{"floor":9.0,"key":"Mercury Hourglass"},{"floor":13.0,"key":"CaptainsWheel"}],"event_choices":[{"cards_removed":["Strike_B"],"damage_healed":0.0,"max_hp_gain":0.0,"max_hp_loss":0.0,"gold_gain":0.0,"event_name":"The Cleric","player_choice":"Card Removal","floor":2.0,"gold_loss":75.0,"damage_taken":0.0},{"damage_healed":0.0,"max_hp_gain":0.0,"max_hp_loss":0.0,"gold_gain":75.0,"event_name":"World of Goop","player_choice":"Gather Gold","floor":3.0,"gold_loss":0.0,"damage_taken":11.0},{"damage_healed":0.0,"max_hp_gain":0.0,"max_hp_loss":0.0,"gold_gain":150.0,"event_name":"Liars Game","player_choice":"AGREE","floor":10.0,"gold_loss":0.0,"damage_taken":0.0,"cards_obtained":["Doubt"]},{"damage_healed":0.0,"max_hp_gain":0.0,"max_hp_loss":0.0,"gold_gain":50.0,"event_name":"Golden Shrine","player_choice":"Pray","floor":19.0,"gold_loss":0.0,"damage_taken":0.0}],"is_beta":false,"boss_relics":[{"not_picked":["Runic Dome","Cursed Key"],"picked":"Runic Pyramid"}],"items_purged_floors":[5,20],"is_endless":false,"potions_floor_spawned":[4,14,16,21,22],"killed_by":"Book of Stabbing","ascension_level":17}}