{"host":"ooetke516h53yqww","time":1613614240,"event":{"mods":["100% Spire Juice","2.2 Compatiblity","Abigail Mod","Act Like it!","Astrologer","Bartender","BaseMod","Beaked The Cultist","Better Match","Better Third Choice","Conspire","Elementarium","Friendly Minions","Hallownest","Hermit","HololiveMod","Hubris","Infinite Spire","Kiyohime????","Lobotomy","LobotomyExtend","Mari Mod (Legacy)","Mari\u0027s V1 Patch","Menagerie","Minty Spire (QoL Compilation)","Morshu Shopkeeper","Prisma Mod","Random Character Button","Reliquary","Replay The Spire","Robot Space Explorer","Ruina","Spicy Shops","StSLib","Td1madao Mod","The Alterego","The Bug Knight","The Marked","The Poker Player","The Senshi","TheSwordswoman","Uncapped","WarShipGirlsR/????R mod","Yakumo Yukari mod","Yohane!"],"gold_per_floor":[213,265,28,42,57,92,92,126,197,212,241,261,69,83,83,83,83],"floor_reached":16,"language":"ENG","playtime":680,"items_purged":[],"score":169,"play_id":"016ec9e4-3075-4918-b2ab-b5b2b5e44a8d","local_time":"20210217211040","is_ascension_mode":true,"campfire_choices":[{"floor":15,"key":"REST"}],"circlet_count":0,"master_deck":["astrologer:Strike","astrologer:Strike","astrologer:Strike","astrologer:Strike","astrologer:Defend","astrologer:Defend","astrologer:Defend","astrologer:Defend","astrologer:NorthStar","astrologer:TheFool","astrologer:LonelyStar","astrologer:Radiance","astrologer:TheTower","astrologer:Moonlight","astrologer:Confirmation","Metamorphosis+1","astrologer:CometStrike","astrologer:Strength","astrologer:GlassStar","astrologer:TheHighPriestess","astrologer:Glimpse+1","astrologer:Glimpse+1"],"relics":["astrologer:SkyMirror","LetterFromLob","Membership Card","Letter Opener","Bottled Lightning","hubris:Potato","astrologer:Telescope","Frozen Egg 2","Bag of Preparation","Juzu Bracelet"],"acts_visited":["Exordium"],"potions_floor_usage":[8,10,16],"damage_taken":[{"damage":1,"enemies":"Cultist","floor":1,"turns":4},{"damage":0,"enemies":"Jaw Worm","floor":4,"turns":2},{"damage":0,"enemies":"conspire:RoseBush","floor":5,"turns":2},{"damage":22,"enemies":"HollowMod:MossKnight","floor":6,"turns":10},{"damage":0,"enemies":"Gremlin Nob","floor":8,"turns":2},{"damage":1,"enemies":"Gremlin Gang","floor":10,"turns":5},{"damage":4,"enemies":"HollowMod:MossKnight","floor":11,"turns":4},{"damage":0,"enemies":"Exordium Wildlife","floor":12,"turns":2},{"damage":11,"enemies":"Looter","floor":14,"turns":3},{"damage":35,"enemies":"The Guardian","floor":16,"turns":8}],"seed_played":"-5923814794898967075","potions_obtained":[{"floor":1,"key":"EssenceOfSteel"},{"floor":2,"key":"SpeedPotion"},{"floor":2,"key":"SteroidPotion"},{"floor":12,"key":"BlessingOfTheForge"}],"is_trial":false,"path_per_floor":["M","?","$","M","M","E","?","E","T","M","E","M","$","M","R","B"],"character_chosen":"ASTROLOGER","items_purchased":["Membership Card","Letter Opener","astrologer:TheTower","astrologer:Glimpse+1","Bag of Preparation","Juzu Bracelet"],"campfire_rested":1,"item_purchase_floors":[3,3,3,13,13,13],"current_hp_per_floor":[69,52,52,52,52,30,30,30,30,29,25,25,25,14,35,0,0],"gold":83,"neow_bonus":"HUNDRED_GOLD","is_daily":false,"chose_seed":false,"campfire_upgraded":0,"win_rate":0.0,"timestamp":1613614240,"path_taken":["M","?","$","M","M","E","?","E","T","?","E","M","$","M","R","BOSS"],"items_purchased_type":["Relic","Relic","Card","Card","Relic","Relic"],"build_version":"2020-12-22","purchased_purges":0,"victory":false,"max_hp_per_floor":[70,70,70,70,70,70,70,70,70,70,70,70,70,70,70,70,70],"card_choices":[{"not_picked":["astrologer:TheEmpress","astrologer:Eclipse"],"picked":"astrologer:LonelyStar","floor":1},{"not_picked":["astrologer:FadingStar","astrologer:Stardust"],"picked":"astrologer:Radiance","floor":2},{"not_picked":["astrologer:ReadTheStars","astrologer:Premeditation"],"picked":"astrologer:Moonlight","floor":4},{"not_picked":["astrologer:Shine","astrologer:Still","astrologer:SolarFlare"],"picked":"SKIP","floor":5},{"not_picked":["astrologer:Observe","astrologer:SpaceDust"],"picked":"astrologer:Confirmation","floor":6},{"not_picked":["ReplayTheSpireMod:Brewmster+1","The Bomb+1"],"picked":"Metamorphosis+1","floor":7},{"not_picked":["astrologer:Opposition","astrologer:Moonlight"],"picked":"astrologer:CometStrike","floor":8},{"not_picked":["astrologer:Radiance","astrologer:CometStrike"],"picked":"astrologer:Strength","floor":10},{"not_picked":["astrologer:SolarFlare","astrologer:MeteorShower"],"picked":"astrologer:GlassStar","floor":11},{"not_picked":["astrologer:Radiance","astrologer:SolarFlare"],"picked":"astrologer:TheHighPriestess","floor":12},{"not_picked":["astrologer:StarOfMisfortune","astrologer:CometStrike"],"picked":"astrologer:Glimpse+1","floor":14}],"player_experience":1560351,"relics_obtained":[{"floor":1,"key":"LetterFromLob"},{"floor":6,"key":"Bottled Lightning"},{"floor":8,"key":"hubris:Potato"},{"floor":9,"key":"astrologer:Telescope"},{"floor":11,"key":"Frozen Egg 2"}],"event_choices":[{"damage_healed":0,"gold_gain":0,"player_choice":"2","damage_taken":0,"max_hp_gain":0,"max_hp_loss":0,"event_name":"betterMatch:BetterMatch","floor":7,"gold_loss":0,"cards_obtained":["betterMatch:ColorlessRareCard"]}],"is_beta":false,"boss_relics":[],"items_purged_floors":[],"is_endless":false,"potions_floor_spawned":[1,5,6,12],"killed_by":"The Guardian","ascension_level":3}}