{"host":"lv3zv4svf9qrs9uo","time":1613609233,"event":{"mods":["AchievementEnabler","BaseMod","Minty Spire (QoL Compilation)","Relic Stats"],"gold_per_floor":[110,125,125,141,203,203,214,239,239,239,258,292,305,355,355,457,457,474,524,673,687,405,435,485,519,545,293,343,343,361,388,388,486,486,503,603,613,663,11,39,54,80,103,103,132,182,38,88,88,88],"floor_reached":51,"language":"ENG","playtime":12755,"items_purged":["Strike_B","Strike_B","Writhe"],"score":1404,"play_id":"053bc926-1dea-402d-803f-39792768867f","local_time":"20210217164713","is_ascension_mode":true,"campfire_choices":[{"data":"Sunder","floor":6.0,"key":"SMITH"},{"data":"Electrodynamics","floor":15.0,"key":"SMITH"},{"data":"Meteor Strike","floor":29.0,"key":"SMITH"},{"data":"Hologram","floor":32.0,"key":"SMITH"},{"data":"Rainbow","floor":44.0,"key":"SMITH"},{"floor":49,"key":"REST"}],"circlet_count":0,"master_deck":["Dualcast+1","Ball Lightning+1","Conserve Battery+1","Sunder+1","Electrodynamics+1","Conserve Battery+1","Hologram+1","Compile Driver+1","Go for the Eyes+1","Echo Form+1","Scrape+1","Consume+1","Recycle+1","Meteor Strike+1","Genetic Algorithm+1","Cold Snap+1","Reinforced Body+1","Thunder Strike+1","Barrage+1","Reinforced Body+1","Loop+1","Capacitor+1","Meteor Strike+1","Coolheaded+1","Hologram+1","Coolheaded+1","Rainbow+1"],"relics":["Cracked Core","SsserpentHead","Bag of Preparation","Darkstone Periapt","Shuriken","Snecko Eye","Enchiridion","Ancient Tea Set","Toy Ornithopter","Potion Belt","Regal Pillow","Orrery","Boot","Astrolabe","FossilizedHelix","Runic Capacitor","Oddly Smooth Stone","Gremlin Horn","Cables","Dream Catcher","PreservedInsect","Chemical X","Mark of the Bloom"],"acts_visited":["Exordium","TheCity","TheBeyond"],"potions_floor_usage":[50,50,50],"damage_taken":[{"damage":1.0,"enemies":"Jaw Worm","floor":1.0,"turns":4.0},{"damage":0.0,"enemies":"Cultist","floor":2.0,"turns":3.0},{"damage":0.0,"enemies":"2 Louse","floor":4.0,"turns":1.0},{"damage":9.0,"enemies":"Blue Slaver","floor":5.0,"turns":3.0},{"damage":1.0,"enemies":"Looter","floor":7.0,"turns":3.0},{"damage":6.0,"enemies":"3 Sentries","floor":8.0,"turns":4.0},{"damage":0.0,"enemies":"2 Fungi Beasts","floor":11.0,"turns":2.0},{"damage":16.0,"enemies":"Gremlin Nob","floor":12.0,"turns":3.0},{"damage":1.0,"enemies":"Blue Slaver","floor":13.0,"turns":2.0},{"damage":15.0,"enemies":"Hexaghost","floor":16.0,"turns":9.0},{"damage":0.0,"enemies":"Chosen","floor":18.0,"turns":4.0},{"damage":0.0,"enemies":"3 Byrds","floor":21.0,"turns":2.0},{"damage":7.0,"enemies":"Book of Stabbing","floor":23.0,"turns":3.0},{"damage":2.0,"enemies":"Slavers","floor":25.0,"turns":3.0},{"damage":0.0,"enemies":"Centurion and Healer","floor":30.0,"turns":3.0},{"damage":0.0,"enemies":"Gremlin Leader","floor":31.0,"turns":3.0},{"damage":0.0,"enemies":"Collector","floor":33.0,"turns":7.0},{"damage":0.0,"enemies":"Orb Walker","floor":35.0,"turns":4.0},{"damage":16.0,"enemies":"2 Orb Walkers","floor":36.0,"turns":3.0},{"damage":0.0,"enemies":"3 Darklings","floor":37.0,"turns":3.0},{"damage":0.0,"enemies":"Reptomancer","floor":40.0,"turns":5.0},{"damage":0.0,"enemies":"4 Shapes","floor":41.0,"turns":2.0},{"damage":0.0,"enemies":"Nemesis","floor":42.0,"turns":5.0},{"damage":0,"enemies":"Reptomancer","floor":45,"turns":4},{"damage":0,"enemies":"Donu and Deca","floor":50,"turns":4}],"seed_played":"-2447862114645407268","potions_obtained":[{"floor":4.0,"key":"AttackPotion"},{"floor":5.0,"key":"BlessingOfTheForge"},{"floor":7.0,"key":"PowerPotion"},{"floor":12.0,"key":"SkillPotion"},{"floor":21.0,"key":"Dexterity Potion"},{"floor":25.0,"key":"AttackPotion"},{"floor":40.0,"key":"Energy Potion"},{"floor":41.0,"key":"LiquidMemories"},{"floor":42.0,"key":"Swift Potion"}],"is_trial":false,"path_per_floor":["M","M","?","M","M","R","M","E","T","?","M","E","M","?","R","B",null,"M","?","?","M","$","E","?","E","T","$","?","R","M","E","R","B",null,"M","?","M","?","$","E","M","E","T","R","E","?","$","?","R","B",null],"character_chosen":"DEFECT","items_purchased":["Energy Potion","Ancient Tea Set","Orrery","Runic Capacitor","FocusPotion","Meteor Strike","Oddly Smooth Stone","Coolheaded","Chemical X"],"campfire_rested":1,"item_purchase_floors":[22,22,27,39,39,39,39,39,47],"current_hp_per_floor":[74,74,74,74,65,65,64,58,58,58,58,42,41,41,41,26,68,68,52,52,52,52,45,45,43,43,43,43,43,43,43,43,43,72,72,56,56,83,83,83,88,88,88,88,88,88,88,88,88,88],"gold":88,"neow_bonus":"TEN_PERCENT_HP_BONUS","is_daily":false,"chose_seed":false,"campfire_upgraded":5,"win_rate":0.0,"timestamp":1613609233,"path_taken":["M","M","?","M","?","R","M","E","T","?","M","E","M","?","R","BOSS","M","?","?","M","$","E","?","E","T","$","?","R","M","E","R","BOSS","M","?","M","?","$","E","M","E","T","R","E","?","$","?","R","BOSS"],"items_purchased_type":["Potion","Relic","Relic","Relic","Potion","Card","Relic","Card","Relic"],"build_version":"2020-12-22","purchased_purges":3,"victory":true,"max_hp_per_floor":[82,82,82,82,82,82,82,82,82,82,82,82,82,82,82,82,82,82,82,82,82,82,82,82,82,82,82,82,82,82,82,82,82,82,82,82,82,88,88,88,88,88,88,88,88,88,88,88,88,88],"relic_stats":{"Darkstone Periapt":6,"Regal Pillow":0,"Mark of the Bloom":56,"Gremlin Horn":[7,7],"counters":[25,88],"Astrolabe":["Barrage","Reinforced Body","Loop"],"PreservedInsect":0,"Bag of Preparation":[38],"Boot":[22],"Cables":[6,3,2,0,1],"SsserpentHead":550,"Dream Catcher":1,"Shuriken":[23],"Snecko Eye":[96,113,116,125],"Chemical X":[3],"obtain_stats":[{"Darkstone Periapt":9,"Potion Belt":25,"Regal Pillow":26,"Mark of the Bloom":48,"Gremlin Horn":40,"Astrolabe":34,"Enchiridion":19,"Oddly Smooth Stone":39,"PreservedInsect":45,"Bag of Preparation":8,"Runic Capacitor":39,"Ancient Tea Set":22,"Boot":31,"Cables":42,"SsserpentHead":3,"Dream Catcher":43,"Shuriken":12,"Snecko Eye":17,"Orrery":27,"Chemical X":47,"Cracked Core":0,"Toy Ornithopter":23,"FossilizedHelix":36},{"Darkstone Periapt":6,"Potion Belt":14,"Regal Pillow":14,"Mark of the Bloom":24,"Gremlin Horn":21,"Astrolabe":17,"Enchiridion":11,"Oddly Smooth Stone":20,"PreservedInsect":24,"Bag of Preparation":6,"Runic Capacitor":20,"Ancient Tea Set":12,"Boot":16,"Cables":23,"SsserpentHead":2,"Dream Catcher":23,"Shuriken":8,"Snecko Eye":10,"Orrery":14,"Chemical X":24,"Cracked Core":0,"Toy Ornithopter":13,"FossilizedHelix":19},{"Darkstone Periapt":18,"Potion Belt":46,"Regal Pillow":46,"Mark of the Bloom":84,"Gremlin Horn":74,"Astrolabe":59,"Enchiridion":38,"Oddly Smooth Stone":69,"PreservedInsect":84,"Bag of Preparation":18,"Runic Capacitor":69,"Ancient Tea Set":40,"Boot":52,"Cables":80,"SsserpentHead":7,"Dream Catcher":80,"Shuriken":23,"Snecko Eye":34,"Orrery":46,"Chemical X":84,"Cracked Core":0,"Toy Ornithopter":43,"FossilizedHelix":66}],"Toy Ornithopter":5},"card_choices":[{"not_picked":["Barrage","Turbo"],"picked":"Ball Lightning","floor":1.0},{"not_picked":["Beam Cell","Coolheaded"],"picked":"Conserve Battery","floor":2.0},{"not_picked":["Leap","Coolheaded"],"picked":"Sunder","floor":4.0},{"not_picked":["Defragment","Darkness"],"picked":"Electrodynamics","floor":5.0},{"not_picked":["BootSequence","Leap"],"picked":"Conserve Battery","floor":7.0},{"not_picked":["Rebound","Redo","Streamline"],"picked":"SKIP","floor":8.0},{"not_picked":["Steam","Recycle","Auto Shields"],"picked":"SKIP","floor":11.0},{"not_picked":["Scrape","Compile Driver"],"picked":"Hologram","floor":12.0},{"not_picked":["Turbo","Fusion"],"picked":"Compile Driver","floor":13.0},{"not_picked":["Electrodynamics","Hyperbeam"],"picked":"Echo Form","floor":16.0},{"not_picked":["Gash+1","Conserve Battery","Compile Driver+1"],"picked":"SKIP","floor":18.0},{"not_picked":["Recycle","Doom and Gloom"],"picked":"Scrape+1","floor":21.0},{"not_picked":["Barrage","Blizzard"],"picked":"Consume+1","floor":23.0},{"not_picked":["Steam","Coolheaded"],"picked":"Recycle+1","floor":25.0},{"not_picked":["Redo","Hologram"],"picked":"Meteor Strike","floor":27.0},{"not_picked":["BootSequence+1","Turbo"],"picked":"Genetic Algorithm+1","floor":27.0},{"not_picked":["Heatsinks+1","Gash"],"picked":"Cold Snap+1","floor":27.0},{"not_picked":["Ball Lightning+1","Steam+1"],"picked":"Reinforced Body","floor":27.0},{"not_picked":["Beam Cell","Melter","Reinforced Body+1"],"picked":"SKIP","floor":30.0},{"not_picked":["Leap","Seek","Ball Lightning+1"],"picked":"SKIP","floor":31.0},{"not_picked":["Reboot","Machine Learning"],"picked":"Thunder Strike","floor":33.0},{"not_picked":["Compile Driver+1","FTL","Steam+1"],"picked":"SKIP","floor":35.0},{"not_picked":["Lockon+1","Beam Cell"],"picked":"Capacitor+1","floor":36.0},{"not_picked":["Beam Cell","Stack","FTL+1"],"picked":"SKIP","floor":37.0},{"not_picked":["Conserve Battery","Sweeping Beam"],"picked":"Hologram","floor":40.0},{"not_picked":["Steam+1","Stack"],"picked":"Coolheaded+1","floor":41.0},{"not_picked":["Go for the Eyes+1","Cold Snap"],"picked":"Rainbow","floor":42.0},{"not_picked":["Steam+1","Reboot","Capacitor"],"picked":"SKIP","floor":45}],"player_experience":625762,"relics_obtained":[{"floor":8.0,"key":"Bag of Preparation"},{"floor":9.0,"key":"Darkstone Periapt"},{"floor":12.0,"key":"Shuriken"},{"floor":19.0,"key":"Enchiridion"},{"floor":23.0,"key":"Toy Ornithopter"},{"floor":25.0,"key":"Potion Belt"},{"floor":26.0,"key":"Regal Pillow"},{"floor":31.0,"key":"Boot"},{"floor":36.0,"key":"FossilizedHelix"},{"floor":40.0,"key":"Gremlin Horn"},{"floor":42.0,"key":"Cables"},{"floor":43.0,"key":"Dream Catcher"},{"floor":45,"key":"PreservedInsect"}],"event_choices":[{"damage_healed":0.0,"max_hp_gain":0.0,"max_hp_loss":0.0,"gold_gain":0.0,"event_name":"FaceTrader","player_choice":"Trade","floor":3.0,"gold_loss":0.0,"damage_taken":0.0,"relics_obtained":["SsserpentHead"]},{"cards_removed":["Strike_B"],"damage_healed":0.0,"max_hp_gain":0.0,"max_hp_loss":0.0,"gold_gain":0.0,"event_name":"The Cleric","player_choice":"Card Removal","floor":10.0,"gold_loss":50.0,"damage_taken":0.0},{"damage_healed":0.0,"max_hp_gain":0.0,"max_hp_loss":0.0,"gold_gain":0.0,"cards_transformed":["Defend_B"],"event_name":"Living Wall","player_choice":"Change","floor":14.0,"gold_loss":0.0,"damage_taken":0.0,"cards_obtained":["Go for the Eyes"]},{"damage_healed":0.0,"max_hp_gain":0.0,"max_hp_loss":0.0,"gold_gain":0.0,"event_name":"Cursed Tome","player_choice":"Obtained Book","floor":19.0,"gold_loss":0.0,"damage_taken":16.0},{"damage_healed":0.0,"max_hp_gain":0.0,"max_hp_loss":0.0,"gold_gain":99.0,"event_name":"Nest","player_choice":"Stole From Cult","floor":20.0,"gold_loss":0.0,"damage_taken":0.0},{"cards_removed":["Strike_B"],"damage_healed":0.0,"max_hp_gain":0.0,"max_hp_loss":0.0,"gold_gain":0.0,"event_name":"Back to Basics","player_choice":"Elegance","floor":24.0,"gold_loss":0.0,"damage_taken":0.0},{"damage_healed":0.0,"max_hp_gain":0.0,"max_hp_loss":0.0,"gold_gain":0.0,"event_name":"The Mausoleum","player_choice":"Ignored","floor":28.0,"gold_loss":0.0,"damage_taken":0.0},{"damage_healed":0.0,"max_hp_gain":0.0,"max_hp_loss":0.0,"gold_gain":0.0,"event_name":"Mysterious Sphere","player_choice":"Fight","floor":36.0,"gold_loss":0.0,"damage_taken":0.0},{"damage_healed":21.0,"max_hp_gain":0.0,"max_hp_loss":0.0,"gold_gain":0.0,"event_name":"Winding Halls","player_choice":"Writhe","floor":38.0,"gold_loss":0.0,"damage_taken":0.0,"cards_obtained":["Writhe"]},{"cards_removed":["Zap"],"damage_healed":0,"gold_gain":0,"player_choice":"Removed Skill","damage_taken":0,"max_hp_gain":0,"max_hp_loss":0,"event_name":"Falling","floor":46,"gold_loss":0},{"damage_healed":0,"gold_gain":0,"player_choice":"Upgrade","damage_taken":0,"relics_obtained":["Mark of the Bloom"],"max_hp_gain":0,"max_hp_loss":0,"event_name":"MindBloom","floor":48,"gold_loss":0,"cards_upgraded":["Dualcast","Ball Lightning","Conserve Battery","Conserve Battery","Compile Driver","Go for the Eyes","Echo Form","Reinforced Body","Thunder Strike","Meteor Strike","Coolheaded","Hologram"]}],"is_beta":false,"boss_relics":[{"not_picked":["Black Star","Inserter"],"picked":"Snecko Eye"},{"not_picked":["Runic Pyramid","Cursed Key"],"picked":"Astrolabe"}],"items_purged_floors":[22,27,39],"is_endless":false,"potions_floor_spawned":[4,5,7,11,12,21,25,40,41,42],"ascension_level":9}}