{"host":"boira1xv6we3zvcv","time":1613673099,"event":{"mods":["BaseMod","Colored Powertips","Hermit","Minty Spire (QoL Compilation)","Shop Mod","StSLib","The Cursed","The Necromancer","UnlockEverythingMod"],"gold_per_floor":[111,111,127,139,100,132,132,144,170,84,102,102,115,142,142,240,240,250,175,175,185,205,205,205],"floor_reached":23,"language":"ENG","playtime":1740,"items_purged":[],"score":213,"play_id":"c25b12d9-218b-4346-a187-7e7d618bf0d5","local_time":"20210218193139","is_ascension_mode":true,"campfire_choices":[{"floor":7,"key":"REST"},{"floor":12,"key":"RECALL"},{"floor":15,"key":"REST"}],"circlet_count":0,"master_deck":["TheCursedMod:Strike_TheCursed","TheCursedMod:Strike_TheCursed","TheCursedMod:Defend_TheCursed","TheCursedMod:Defend_TheCursed","TheCursedMod:Defend_TheCursed","TheCursedMod:Defend_TheCursed","TheCursedMod:CursedWand","TheCursedMod:CleanUpWorkshop","TheCursedMod:Dregs","TheCursedMod:AbyssShockwave","TheCursedMod:HellsGateOpen","TheCursedMod:SurpriseAttack","TheCursedMod:FuryStrike","TheCursedMod:Obscuration","TheCursedMod:AshesToAshes","TheCursedMod:FleshFromBone","TheCursedMod:WearCloak","TheCursedMod:SpitefulStrike","TheCursedMod:Neurasthenia","TheCursedMod:Mangle","TheCursedMod:CursedBlade","TheCursedMod:BloodBarrier+1"],"relics":["TheCursedMod:BlackMagic101","NeowsBlessing","MealTicket","Smiling Mask","MerchantsRug","Toy Ornithopter","TheCursedMod:FourLeafCloverCharm"],"acts_visited":["Exordium","TheCity"],"potions_floor_usage":[16,21],"damage_taken":[{"damage":0,"enemies":"Small Slimes","floor":1,"turns":1},{"damage":0,"enemies":"Cultist","floor":3,"turns":1},{"damage":0,"enemies":"2 Louse","floor":4,"turns":1},{"damage":30,"enemies":"Lagavulin","floor":6,"turns":10},{"damage":0,"enemies":"Exordium Wildlife","floor":8,"turns":2},{"damage":4,"enemies":"3 Louse","floor":11,"turns":2},{"damage":2,"enemies":"Large Slime","floor":13,"turns":5},{"damage":21,"enemies":"3 Sentries","floor":14,"turns":7},{"damage":42,"enemies":"The Guardian","floor":16,"turns":16},{"damage":16,"enemies":"Chosen","floor":18,"turns":6},{"damage":21,"enemies":"Shell Parasite","floor":21,"turns":9},{"damage":7,"enemies":"Snake Plant","floor":22,"turns":7},{"damage":44,"enemies":"Gremlin Leader","floor":23,"turns":6}],"seed_played":"-3503692008219601139","potions_obtained":[{"floor":3,"key":"Weak Potion"},{"floor":6,"key":"LiquidBronze"},{"floor":8,"key":"TheCursedMod:DregsPotion"},{"floor":13,"key":"BlessingOfTheForge"},{"floor":18,"key":"SkillPotion"}],"is_trial":false,"path_per_floor":["M","?","M","M","$","E","R","M","T","$","M","R","M","E","R","B",null,"M","?","?","M","M","E"],"character_chosen":"THE_CURSED","items_purchased":["TheCursedMod:FuryStrike","MerchantsRug"],"campfire_rested":2,"item_purchase_floors":[5,10],"current_hp_per_floor":[75,75,75,75,75,45,67,67,67,75,71,71,69,48,70,33,75,59,59,59,43,36,0,0],"gold":205,"neow_bonus":"THREE_ENEMY_KILL","is_daily":false,"chose_seed":false,"campfire_upgraded":0,"win_rate":0.0,"timestamp":1613673099,"path_taken":["M","?","M","M","$","E","R","M","T","$","?","R","M","E","R","BOSS","M","?","?","M","M","E"],"items_purchased_type":["Card","Relic"],"build_version":"2020-12-22","purchased_purges":0,"victory":false,"max_hp_per_floor":[75,75,75,75,75,75,75,75,75,75,75,75,75,75,75,75,75,75,75,75,75,75,75,75],"card_choices":[{"not_picked":["TheCursedMod:FleshFromBone","TheCursedMod:WearCloak"],"picked":"TheCursedMod:AbyssShockwave","floor":1},{"not_picked":["TheCursedMod:Stigma","TheCursedMod:Stretching"],"picked":"TheCursedMod:HellsGateOpen","floor":3},{"not_picked":["TheCursedMod:Torture","TheCursedMod:ReleasedKnowledge"],"picked":"TheCursedMod:SurpriseAttack","floor":4},{"not_picked":["TheCursedMod:SpitefulPlan","TheCursedMod:Hemoplague"],"picked":"TheCursedMod:Obscuration","floor":6},{"not_picked":["TheCursedMod:CursedBlade","TheCursedMod:CursedAmulet"],"picked":"TheCursedMod:AshesToAshes","floor":8},{"not_picked":["TheCursedMod:CircleOfFocus","TheCursedMod:VitalStrike"],"picked":"TheCursedMod:FleshFromBone","floor":11},{"not_picked":["TheCursedMod:Stretching","TheCursedMod:UltimatePain"],"picked":"TheCursedMod:WearCloak","floor":13},{"not_picked":["TheCursedMod:CircleOfFlame","TheCursedMod:TacticalStrike"],"picked":"TheCursedMod:SpitefulStrike","floor":14},{"not_picked":["TheCursedMod:DarkBarrier","TheCursedMod:ManaCirculation"],"picked":"TheCursedMod:Neurasthenia","floor":16},{"not_picked":["TheCursedMod:FuryStrike","TheCursedMod:CursedShiv+1","TheCursedMod:CursedMace"],"picked":"SKIP","floor":18},{"not_picked":["TheCursedMod:Evocation","TheCursedMod:FleshFromBone"],"picked":"TheCursedMod:CursedBlade","floor":21},{"not_picked":["TheCursedMod:CircleOfAmplification","TheCursedMod:CircleOfWindfury"],"picked":"TheCursedMod:BloodBarrier+1","floor":22}],"player_experience":53163,"relics_obtained":[{"floor":6,"key":"MealTicket"},{"floor":9,"key":"Smiling Mask"},{"floor":14,"key":"Toy Ornithopter"}],"event_choices":[{"damage_healed":0,"gold_gain":0,"player_choice":"Ignored","damage_taken":0,"max_hp_gain":0,"max_hp_loss":0,"event_name":"Fountain of Cleansing","floor":2,"gold_loss":0},{"cards_removed":["TheCursedMod:Strike_TheCursed"],"damage_healed":0,"gold_gain":0,"player_choice":"Gave Gold","damage_taken":0,"max_hp_gain":0,"max_hp_loss":0,"event_name":"Beggar","floor":19,"gold_loss":75},{"damage_healed":0,"gold_gain":0,"cards_transformed":["TheCursedMod:Strike_TheCursed"],"player_choice":"Transformed","damage_taken":0,"max_hp_gain":0,"max_hp_loss":0,"event_name":"Transmorgrifier","floor":20,"gold_loss":0,"cards_obtained":["TheCursedMod:Mangle"]}],"is_beta":false,"boss_relics":[{"not_picked":["Pandora\u0027s Box","Busted Crown"],"picked":"TheCursedMod:FourLeafCloverCharm"}],"items_purged_floors":[],"is_endless":false,"potions_floor_spawned":[3,6,8,13,18],"killed_by":"Gremlin Leader","ascension_level":1}}