{"host":"2j7k79oxv8es4yqd","time":1613660943,"event":{"mods":["BaseMod","Emptier Cage","Minty Spire (QoL Compilation)","Permanent Neow","Ryuuou¡˙Õı","StSLib"],"gold_per_floor":[110,110,120,195,206,241,241,273,319,354,381,395,407,432,432,534,534,546,306,306,306,234,264,264,293,293,321,337,347,366,5,5,109,109,120,120,120,120,1119,1119,1134,1150,1150,1161,729,729,760,776,776,776,776,776,280,315,315],"floor_reached":56,"language":"ZHT","playtime":3260,"items_purged":["Strike_G","Strike_G+1","Strike_G+1","Survivor"],"score":1465,"play_id":"ad75b860-99fc-4ae1-b5cc-20ca46385ffa","local_time":"20210218230903","is_ascension_mode":true,"campfire_choices":[{"floor":7,"key":"RECALL"},{"data":"Accuracy","floor":15,"key":"SMITH"},{"data":"Footwork","floor":24,"key":"SMITH"},{"data":"Venomology","floor":32,"key":"SMITH"},{"data":"Expertise","floor":40,"key":"SMITH"},{"data":"After Image","floor":46,"key":"SMITH"},{"data":"Concentrate","floor":49,"key":"SMITH"},{"data":"Accuracy","floor":52,"key":"SMITH"}],"circlet_count":0,"master_deck":["Strike_G+1","Strike_G+1","Defend_G+1","Defend_G+1","Defend_G+1","Defend_G+1","Defend_G+1","Neutralize","Blade Dance","Expertise+1","Cloak And Dagger","Accuracy+1","Terror","Venomology","Prepared+1","Footwork+1","Blur","Blade Dance","Accuracy+1","Venomology+1","PiercingWail","Concentrate+1","CurseOfTheBell","Escape Plan","Madness","Madness","Acrobatics+1","Footwork+1","After Image+1","Expertise+1","Concentrate+1"],"relics":["Coffee Dripper","Paper Crane","Oddly Smooth Stone","War Paint","Eternal Feather","Question Card","Runic Pyramid","MealTicket","Art of War","Du-Vu Doll","Happy Flower","Shuriken","Calling Bell","Omamori","Darkstone Periapt","Ice Cream","Letter Opener","DollysMirror","Regal Pillow","Lantern","Strawberry","Mummified Hand"],"acts_visited":["Exordium","TheCity","TheBeyond","TheEnding"],"potions_floor_usage":[6,10,18,23,25,25,25,27,28,29,29,29,30,33,33,35,35,35,42,42,42,44,44,44,44,47,47,47,47,47,48,50,50,54,55,55,55,55],"damage_taken":[{"damage":0,"enemies":"Cultist","floor":1,"turns":4},{"damage":0,"enemies":"Small Slimes","floor":3,"turns":3},{"damage":0,"enemies":"Jaw Worm","floor":5,"turns":3},{"damage":11,"enemies":"Lagavulin","floor":6,"turns":7},{"damage":15,"enemies":"Gremlin Nob","floor":8,"turns":4},{"damage":5,"enemies":"Lagavulin","floor":10,"turns":7},{"damage":0,"enemies":"Exordium Thugs","floor":12,"turns":3},{"damage":0,"enemies":"2 Fungi Beasts","floor":13,"turns":3},{"damage":4,"enemies":"3 Sentries","floor":14,"turns":7},{"damage":32,"enemies":"Hexaghost","floor":16,"turns":10},{"damage":0,"enemies":"Chosen","floor":18,"turns":4},{"damage":4,"enemies":"Book of Stabbing","floor":23,"turns":4},{"damage":50,"enemies":"Slavers","floor":25,"turns":5},{"damage":10,"enemies":"Book of Stabbing","floor":27,"turns":4},{"damage":11,"enemies":"Spheric Guardian","floor":28,"turns":3},{"damage":9,"enemies":"3 Cultists","floor":29,"turns":6},{"damage":0,"enemies":"Snecko","floor":30,"turns":5},{"damage":0,"enemies":"Collector","floor":33,"turns":7},{"damage":0,"enemies":"3 Shapes","floor":35,"turns":5},{"damage":1,"enemies":"Orb Walker","floor":41,"turns":3},{"damage":0,"enemies":"Spire Growth","floor":42,"turns":4},{"damage":42,"enemies":"Writhing Mass","floor":44,"turns":5},{"damage":6,"enemies":"Reptomancer","floor":47,"turns":5},{"damage":27,"enemies":"Transient","floor":48,"turns":5},{"damage":2,"enemies":"Awakened One","floor":50,"turns":6},{"damage":15,"enemies":"Shield and Spear","floor":54,"turns":4},{"damage":24,"enemies":"The Heart","floor":55,"turns":7}],"seed_played":"-4233664146947483895","potions_obtained":[{"floor":3,"key":"CultistPotion"},{"floor":6,"key":"Weak Potion"},{"floor":8,"key":"FearPotion"},{"floor":14,"key":"LiquidBronze"},{"floor":27,"key":"Poison Potion"},{"floor":29,"key":"Poison Potion"},{"floor":33,"key":"EntropicBrew"},{"floor":41,"key":"BlessingOfTheForge"},{"floor":44,"key":"Strength Potion"}],"is_trial":false,"path_per_floor":["M","?","M","?","M","E","R","E","T","E","T","M","M","E","R","B",null,"M","$","?","?","$","E","R","E","T","E","M","M","M","$","R","B",null,"M","?","?","?","?","R","M","M","T","M","$","R","E","M","R","B",null,"R","$","E","B",null],"character_chosen":"THE_SILENT","items_purchased":["Footwork","Blur","Blade Dance","Accuracy","Shuriken","After Image","DollysMirror","Lantern","Strawberry","Swift Potion"],"campfire_rested":0,"item_purchase_floors":[19,19,19,22,31,45,45,53,53,53],"current_hp_per_floor":[70,75,75,64,64,53,53,38,38,33,33,33,33,29,38,6,75,75,75,75,75,75,71,75,25,25,15,13,4,4,19,34,34,75,75,66,66,66,66,75,74,74,74,32,47,65,59,32,50,48,75,75,82,67,43],"gold":315,"neow_bonus":"BOSS_RELIC","is_daily":false,"chose_seed":false,"campfire_upgraded":7,"win_rate":0.0,"timestamp":1613660943,"path_taken":["M","?","M","?","M","E","R","E","T","E","?","?","M","E","R","BOSS","M","$","?","?","?","E","R","E","T","E","M","?","M","$","R","BOSS","M","?","?","?","?","R","M","?","T","M","$","R","E","M","R","BOSS","R","$","E","BOSS"],"items_purchased_type":["Card","Card","Card","Card","Relic","Card","Relic","Relic","Relic","Potion"],"build_version":"2020-12-22","purchased_purges":4,"victory":true,"max_hp_per_floor":[70,75,75,75,75,75,75,75,75,75,75,75,75,75,75,75,75,75,75,75,75,75,75,75,75,75,75,75,75,75,75,75,75,75,75,75,75,75,75,75,75,75,75,75,75,75,75,75,75,75,75,75,82,82,82],"card_choices":[{"not_picked":["Dodge and Roll","Backstab"],"picked":"Blade Dance","floor":1},{"not_picked":["Caltrops","Slice"],"picked":"Expertise","floor":3},{"not_picked":["Caltrops","Bane"],"picked":"Cloak And Dagger","floor":5},{"not_picked":["Blade Dance","Riddle With Holes"],"picked":"Accuracy","floor":6},{"not_picked":["Well Laid Plans","Quick Slash","Crippling Poison"],"picked":"SKIP","floor":8},{"not_picked":["Underhanded Strike","Prepared"],"picked":"Die Die Die","floor":10},{"not_picked":["Caltrops","Riddle With Holes"],"picked":"Terror","floor":12},{"not_picked":["Dagger Spray","Dodge and Roll","Deadly Poison"],"picked":"SKIP","floor":13},{"not_picked":["Flying Knee","Night Terror","Masterful Stab"],"picked":"SKIP","floor":14},{"not_picked":["Burst","A Thousand Cuts","Tools of the Trade"],"picked":"Venomology","floor":16},{"not_picked":["Flying Knee","Leg Sweep","Caltrops+1"],"picked":"Prepared+1","floor":18},{"not_picked":["Slice","Dodge and Roll","Flechettes"],"picked":"Venomology","floor":23},{"not_picked":["Accuracy","Dodge and Roll","Poisoned Stab"],"picked":"PiercingWail","floor":25},{"not_picked":["Prepared","Skewer","Reflex","Masterful Stab"],"picked":"SKIP","floor":27},{"not_picked":["Bane+1","Corpse Explosion","Dash","Quick Slash"],"picked":"SKIP","floor":28},{"not_picked":["Outmaneuver","Calculated Gamble+1","Cloak And Dagger+1"],"picked":"Concentrate","floor":29},{"not_picked":["Finisher","Prepared+1","Bane","Leg Sweep"],"picked":"SKIP","floor":30},{"not_picked":["Riddle With Holes","Underhanded Strike","Dagger Spray"],"picked":"Escape Plan","floor":35},{"not_picked":["Dagger Spray","Prepared+1","Blade Dance"],"picked":"Acrobatics+1","floor":41},{"not_picked":["Sucker Punch","Leg Sweep","Caltrops+1"],"picked":"Footwork+1","floor":42},{"not_picked":["Dodge and Roll+1","Dagger Throw+1","Blade Dance","Dash"],"picked":"SKIP","floor":44},{"not_picked":["Cloak And Dagger+1","Infinite Blades","Catalyst"],"picked":"Concentrate+1","floor":47},{"not_picked":["Choke+1","Tactician+1","Caltrops","Flying Knee+1"],"picked":"SKIP","floor":48},{"not_picked":["Bullet Time","Cloak And Dagger","Choke+1","Quick Slash+1"],"picked":"SKIP","floor":54}],"player_experience":572582,"relics_obtained":[{"floor":6,"key":"Paper Crane"},{"floor":8,"key":"Oddly Smooth Stone"},{"floor":9,"key":"War Paint"},{"floor":10,"key":"Eternal Feather"},{"floor":14,"key":"Question Card"},{"floor":23,"key":"MealTicket"},{"floor":25,"key":"Art of War"},{"floor":26,"key":"Du-Vu Doll"},{"floor":27,"key":"Happy Flower"},{"floor":34,"key":"Omamori"},{"floor":34,"key":"Darkstone Periapt"},{"floor":34,"key":"Ice Cream"},{"floor":43,"key":"Letter Opener"},{"floor":47,"key":"Regal Pillow"},{"floor":54,"key":"Mummified Hand"}],"event_choices":[{"damage_healed":0,"gold_gain":0,"player_choice":"Donut","damage_taken":0,"max_hp_gain":5,"max_hp_loss":0,"event_name":"Big Fish","floor":2,"gold_loss":0},{"damage_healed":0,"gold_gain":75,"player_choice":"Gather Gold","damage_taken":11,"max_hp_gain":0,"max_hp_loss":0,"event_name":"World of Goop","floor":4,"gold_loss":0},{"damage_healed":0,"gold_gain":0,"player_choice":"Ignored","damage_taken":0,"max_hp_gain":0,"max_hp_loss":0,"event_name":"Vampires","floor":20,"gold_loss":0},{"damage_healed":0,"gold_gain":0,"player_choice":"Simplicity","damage_taken":0,"max_hp_gain":0,"max_hp_loss":0,"event_name":"Back to Basics","floor":21,"gold_loss":0,"cards_upgraded":["Strike_G","Strike_G","Strike_G","Strike_G","Defend_G","Defend_G","Defend_G"]},{"damage_healed":0,"gold_gain":0,"player_choice":"Embrace Madness","damage_taken":9,"max_hp_gain":0,"max_hp_loss":0,"event_name":"Winding Halls","floor":36,"gold_loss":0,"cards_obtained":["Madness","Madness"]},{"damage_healed":0,"gold_gain":0,"player_choice":"Ignored","damage_taken":0,"max_hp_gain":0,"max_hp_loss":0,"event_name":"Tomb of Lord Red Mask","floor":37,"gold_loss":0},{"cards_removed":["Die Die Die"],"damage_healed":0,"gold_gain":0,"player_choice":"Removed Attack","damage_taken":0,"max_hp_gain":0,"max_hp_loss":0,"event_name":"Falling","floor":38,"gold_loss":0},{"damage_healed":0,"gold_gain":999,"player_choice":"Gold","damage_taken":0,"max_hp_gain":0,"max_hp_loss":0,"event_name":"MindBloom","floor":39,"gold_loss":0,"cards_obtained":["Normality","Normality"]}],"is_beta":false,"boss_relics":[{"not_picked":["Runic Dome","Pandora\u0027s Box"],"picked":"Runic Pyramid"},{"not_picked":["Snecko Eye","WristBlade"],"picked":"Calling Bell"}],"items_purged_floors":[19,31,45,53],"is_endless":false,"potions_floor_spawned":[3,6,8,14,27,29,30,33,41,44],"ascension_level":3}}