{"host":"nb3r5a3er9rrnn3n","time":1613691326,"event":{"mods":["BaseMod","Colored Map","Downfall","Minty Spire (QoL Compilation)","Relic Stats","Spire Arcade","StSLib"],"gold_per_floor":[99,119,219,219,280,294,319,348,360,460,460,495,495,67,78,177,177,177,191,291,306,324,353,407,407,434,445,445,182,201,219,238,339,339,339,349,449,465,480,497,522,569,594,310,327,27,67,81,99,99,99,99],"floor_reached":50,"language":"ENG","playtime":28370,"items_purged":["champ:Strike","champ:Strike","champ:Defend","champ:Defend"],"score":739,"play_id":"7dcc10d9-a0fe-4e5e-a122-ffa69d1c4e4d","local_time":"20210219103526","is_ascension_mode":true,"campfire_choices":[{"data":"champ:Execute","floor":1.0,"key":"SMITH"},{"data":"champ:EndlessRage","floor":11.0,"key":"SMITH"},{"data":"champ:SwordThrow","floor":18,"key":"SMITH"},{"floor":35,"key":"RECALL"},{"data":"champ:StrikeOfGenius","floor":46,"key":"SMITH"}],"circlet_count":0,"master_deck":["champ:Defend","champ:Defend","champ:Execute+1","champ:Taunt","champ:GutPunch","champ:RisingSlash","champ:EndlessRage+1","champ:DeathBlow","champ:RisingSlash","champ:SwordThrow","champ:FocusedBerserking","champ:SwordThrow+1","champ:ArenaPreparation+1","champ:PerfectedStrike","J.A.X.","champ:VampiricStrike","champ:DeathBlow","champ:SwordSigil","champ:Encircle+1","champ:ArenaPreparation+1","champ:Encircle","champ:TripleStrike","champ:FocusedBerserking+1","champ:AdrenalArmor+1","champ:BringItOn+1","champ:BerserkersShout+1","champ:StrikeOfGenius+1","champ:UltimateStance+1","champ:SwordSigil+1","champ:Endure+1"],"relics":["champ:ChampionCrown","CloakClasp","champ:SignatureFinisher","Orichalcum","champ:FightingForDummies","Shuriken","Gremlin Horn","Philosopher\u0027s Stone","MutagenicStrength","Regal Pillow","Pantograph","Bottled Lightning","downfall:RedIOU","Blood Vial","SacredBark","White Beast Statue","Membership Card","Potion Belt","MealTicket","Toxic Egg 2","downfall:HeartBlessingRed","downfall:HeartBlessingBlue","downfall:HeartBlessingGreen","CeramicFish"],"acts_visited":["Exordium","TheCity","TheBeyond"],"potions_floor_usage":[19,19,23,23,39,45,47,50],"damage_taken":[{"damage":10.0,"enemies":"Small Slimes","floor":2.0,"turns":3.0},{"damage":68.0,"enemies":"Small Slimes","floor":3.0,"turns":10.0},{"damage":48.0,"enemies":"3 Sentries","floor":5.0,"turns":9.0},{"damage":0.0,"enemies":"Jaw Worm","floor":6.0,"turns":2.0},{"damage":37.0,"enemies":"Gremlin Nob","floor":8.0,"turns":4.0},{"damage":15.0,"enemies":"2 Louse","floor":9.0,"turns":2.0},{"damage":30.0,"enemies":"3 Sentries","floor":12.0,"turns":5.0},{"damage":35.0,"enemies":"downfall:FleeingMerchant","floor":14.0,"turns":4.0},{"damage":10,"enemies":"2 Fungi Beasts","floor":15,"turns":2},{"damage":45,"enemies":"IC_STATUS_ARCHETYPE","floor":16,"turns":5},{"damage":35,"enemies":"3 Byrds","floor":19,"turns":3},{"damage":91,"enemies":"downfall:Augmenter","floor":20,"turns":5},{"damage":28,"enemies":"Spheric Guardian","floor":21,"turns":2},{"damage":44,"enemies":"Cultist and Chosen","floor":22,"turns":3},{"damage":13,"enemies":"Slavers","floor":23,"turns":3},{"damage":61,"enemies":"Gremlin Leader","floor":26,"turns":3},{"damage":58,"enemies":"Centurion and Healer","floor":27,"turns":3},{"damage":63,"enemies":"downfall:FleeingMerchant","floor":29,"turns":4},{"damage":24,"enemies":"Snecko","floor":30,"turns":3},{"damage":23,"enemies":"Snake Plant","floor":31,"turns":3},{"damage":22,"enemies":"3 Cultists","floor":32,"turns":4},{"damage":107,"enemies":"SI_MIRROR_ARCHETYPE","floor":33,"turns":7},{"damage":63,"enemies":"3 Darklings","floor":36,"turns":3},{"damage":81,"enemies":"downfall:LadyInBlue","floor":37,"turns":4},{"damage":28,"enemies":"3 Shapes","floor":38,"turns":2},{"damage":77,"enemies":"Writhing Mass","floor":39,"turns":3},{"damage":53,"enemies":"Sphere and 2 Shapes","floor":40,"turns":3},{"damage":66,"enemies":"downfall:FleeingMerchant","floor":42,"turns":4},{"damage":115,"enemies":"Giant Head","floor":43,"turns":5},{"damage":68,"enemies":"3 Darklings","floor":45,"turns":3},{"damage":98,"enemies":"Reptomancer","floor":47,"turns":2},{"damage":132,"enemies":"Transient","floor":48,"turns":5},{"damage":103,"enemies":"Spire Growth","floor":49,"turns":3},{"damage":206,"enemies":"WA_ARCHETYPE_DIVINITY","floor":50,"turns":5}],"seed_played":"8277999737163389540","potions_obtained":[{"floor":3.0,"key":"champ:OpenerPotion"},{"floor":8.0,"key":"hexamod:SoulburnPotion"},{"floor":12.0,"key":"Block Potion"},{"floor":16,"key":"SneckoOil"},{"floor":19,"key":"SkillPotion"},{"floor":20,"key":"AttackPotion"},{"floor":31,"key":"SpeedPotion"},{"floor":32,"key":"Swift Potion"},{"floor":37,"key":"DistilledChaos"},{"floor":37,"key":"Fire Potion"},{"floor":39,"key":"Block Potion"},{"floor":40,"key":"Strength Potion"},{"floor":43,"key":"Weak Potion"},{"floor":45,"key":"EssenceOfSteel"},{"floor":47,"key":"DuplicationPotion"},{"floor":48,"key":"Energy Potion"},{"floor":49,"key":"Regen Potion"}],"is_trial":false,"path_per_floor":["R","M","?","?","?","M","T","E","M","?","R","E","?","$","M","B",null,"R","M","?","M","M","E","T","T","E","M","?","$","M","M","M","B",null,"R","M","?","M","M","M","T","$","E","$","M","R","E","M","M","B"],"character_chosen":"THE_CHAMP","items_purchased":["champ:FocusedBerserking","Gremlin Horn","Blood Vial","Membership Card","Potion Belt","Toxic Egg 2","champ:UltimateStance+1"],"campfire_rested":0,"item_purchase_floors":[14,14,29,42,42,44,44],"current_hp_per_floor":[99,99,76,76,53,53,53,41,41,41,41,41,41,41,41,31,99,99,99,73,70,66,63,63,63,47,29,29,13,12,10,9,23,99,99,96,77,76,66,65,65,64,63,78,77,87,86,85,84,0,0,0],"gold":99,"neow_bonus":"TEN_PERCENT_HP_BONUS","is_daily":false,"chose_seed":false,"campfire_upgraded":4,"win_rate":0.0,"timestamp":1613691326,"path_taken":["R","M","?","?","?","M","T","E","?","?","R","E","?","$","M","BOSS","R","M","?","M","M","E","T","?","E","M","?","$","M","M","M","BOSS","R","M","?","?","M","M","T","$","E","$","M","R","E","M","M","BOSS"],"items_purchased_type":["Card","Relic","Relic","Relic","Relic","Relic","Card"],"build_version":"2020-12-22","purchased_purges":4,"victory":false,"max_hp_per_floor":[99,99,99,99,99,99,99,99,99,99,99,99,99,99,99,99,99,99,99,99,99,99,99,99,99,99,99,99,99,99,99,99,99,99,99,99,99,99,99,99,99,99,99,99,99,109,109,109,109,109,109,109],"relic_stats":{"Blood Vial":30,"Regal Pillow":0,"Gremlin Horn":[24,24],"counters":[34,131],"Shuriken":[59],"Pantograph":48,"CeramicFish":9,"MealTicket":15,"CloakClasp":[172],"Orichalcum":[210],"obtain_stats":[{"Regal Pillow":24,"Gremlin Horn":14,"SacredBark":34,"CeramicFish":47,"champ:ChampionCrown":0,"downfall:HeartBlessingGreen":46,"CloakClasp":3,"Blood Vial":29,"downfall:HeartBlessingBlue":46,"Pantograph":25,"Philosopher\u0027s Stone":17,"MealTicket":43,"downfall:RedIOU":28,"champ:FightingForDummies":8,"Toxic Egg 2":44,"Potion Belt":42,"downfall:HeartBlessingRed":46,"Orichalcum":7,"White Beast Statue":37,"bronze:BronzeIdol":23,"Shuriken":12,"MutagenicStrength":20,"champ:SignatureFinisher":5,"Bottled Lightning":26,"Membership Card":42},{"Regal Pillow":15,"Gremlin Horn":8,"SacredBark":22,"CeramicFish":31,"champ:ChampionCrown":0,"downfall:HeartBlessingGreen":30,"CloakClasp":2,"Blood Vial":18,"downfall:HeartBlessingBlue":30,"Pantograph":15,"Philosopher\u0027s Stone":10,"MealTicket":29,"downfall:RedIOU":17,"champ:FightingForDummies":5,"Toxic Egg 2":29,"Potion Belt":28,"downfall:HeartBlessingRed":30,"Orichalcum":4,"White Beast Statue":24,"bronze:BronzeIdol":15,"Shuriken":7,"MutagenicStrength":12,"champ:SignatureFinisher":3,"Bottled Lightning":16,"Membership Card":28},{"Regal Pillow":62,"Gremlin Horn":39,"SacredBark":89,"CeramicFish":118,"champ:ChampionCrown":0,"downfall:HeartBlessingGreen":116,"CloakClasp":13,"Blood Vial":72,"downfall:HeartBlessingBlue":116,"Pantograph":62,"Philosopher\u0027s Stone":46,"MealTicket":113,"downfall:RedIOU":68,"champ:FightingForDummies":28,"Toxic Egg 2":113,"Potion Belt":108,"downfall:HeartBlessingRed":116,"Orichalcum":24,"White Beast Statue":96,"bronze:BronzeIdol":62,"Shuriken":35,"MutagenicStrength":54,"champ:SignatureFinisher":22,"Bottled Lightning":65,"Membership Card":108}]},"card_choices":[{"not_picked":["champ:Endure","champ:Haymaker"],"picked":"champ:GutPunch","floor":2.0},{"not_picked":["champ:Duel","champ:Backstep"],"picked":"champ:RisingSlash","floor":5.0},{"not_picked":["champ:Parry","champ:DefensiveShout"],"picked":"champ:EndlessRage","floor":6.0},{"not_picked":["champ:FanOfKnives","champ:Haymaker","champ:PreciseThrust"],"picked":"SKIP","floor":8.0},{"not_picked":["champ:FlashCut","champ:SwordSigil"],"picked":"champ:DeathBlow","floor":9.0},{"not_picked":["champ:Circumvent","champ:CrookedStrike"],"picked":"champ:RisingSlash","floor":12.0},{"not_picked":["champ:RapidStrikes","champ:BerserkersShout"],"picked":"champ:SwordThrow","floor":14},{"not_picked":["champ:ShieldWall","champ:SetATrap","champ:FlashCut"],"picked":"SKIP","floor":15},{"not_picked":["champ:Improvising","champ:MurderStrike"],"picked":"champ:SwordThrow","floor":16},{"not_picked":["champ:Backstep","champ:ShieldSlam"],"picked":"champ:ArenaPreparation+1","floor":19},{"not_picked":[],"picked":"J.A.X.","floor":20},{"not_picked":["champ:CrownThrow+1","champ:Haymaker+1","champ:Duel"],"picked":"SKIP","floor":21},{"not_picked":["champ:PreciseThrust","champ:ShieldWall","champ:Lariat"],"picked":"SKIP","floor":22},{"not_picked":["champ:Improvising","champ:Circumvent"],"picked":"champ:DeathBlow","floor":23},{"not_picked":["champ:DefensiveStyle","champ:FlashCut"],"picked":"champ:SwordSigil","floor":26},{"not_picked":["champ:AdrenalArmor","champ:ShieldSigil"],"picked":"champ:Encircle+1","floor":27},{"not_picked":["champ:Shatter","champ:FlashCut","champ:SkillfulDodge+1"],"picked":"SKIP","floor":29},{"not_picked":["champ:Circumvent","champ:FocusedBerserking"],"picked":"champ:ArenaPreparation+1","floor":30},{"not_picked":["champ:ShieldSlam+1","champ:FanOfKnives","champ:Circumvent"],"picked":"SKIP","floor":31},{"not_picked":["champ:GutPunch","champ:BladeFlurry"],"picked":"champ:Encircle","floor":32},{"not_picked":["champ:Devastate","champ:EnchantShield"],"picked":"champ:TripleStrike","floor":33},{"not_picked":["champ:EnGarde","champ:SkillfulDodge+1"],"picked":"champ:FocusedBerserking+1","floor":36},{"not_picked":["champ:Circumvent","champ:PreciseThrust+1"],"picked":"champ:AdrenalArmor+1","floor":37},{"not_picked":["champ:CrownThrow+1","champ:GladiatorStyle+1","champ:SetATrap+1"],"picked":"SKIP","floor":38},{"not_picked":["champ:CrownThrow+1","champ:GladiatorStyle+1","champ:SetATrap+1"],"picked":"SKIP","floor":38},{"not_picked":["champ:Circumvent+1","champ:BladeFlurry"],"picked":"champ:BringItOn+1","floor":39},{"not_picked":["champ:FanOfKnives","champ:HeartStrike+1"],"picked":"champ:BerserkersShout+1","floor":40},{"not_picked":["champ:PreciseThrust","champ:ShieldSigil"],"picked":"champ:StrikeOfGenius","floor":42},{"not_picked":["champ:EnchantSword","champ:FlashCut+1","champ:Parry+1"],"picked":"SKIP","floor":43},{"not_picked":["champ:PerfectedStrike+1","champ:BringItOn+1"],"picked":"champ:SwordSigil+1","floor":45},{"not_picked":["champ:IronFortress","champ:DefensiveShout+1"],"picked":"champ:Endure+1","floor":47},{"not_picked":["champ:TornadoPunch","champ:Haymaker+1","champ:FlashCut+1"],"picked":"SKIP","floor":48},{"not_picked":["champ:SkillfulDodge+1","champ:SetATrap+1","champ:TornadoPunch"],"picked":"SKIP","floor":49}],"player_experience":2010152,"relics_obtained":[{"floor":3.0,"key":"CloakClasp"},{"floor":5.0,"key":"champ:SignatureFinisher"},{"floor":7.0,"key":"Orichalcum"},{"floor":8.0,"key":"champ:FightingForDummies"},{"floor":12.0,"key":"Shuriken"},{"floor":20,"key":"MutagenicStrength"},{"floor":23,"key":"bronze:BronzeIdol"},{"floor":24,"key":"Regal Pillow"},{"floor":25,"key":"Pantograph"},{"floor":26,"key":"Bottled Lightning"},{"floor":37,"key":"White Beast Statue"},{"floor":43,"key":"MealTicket"},{"floor":47,"key":"CeramicFish"}],"event_choices":[],"is_beta":false,"boss_relics":[{"not_picked":["Empty Cage","expansioncontent:StudyCardRelic"],"picked":"Philosopher\u0027s Stone"},{"not_picked":["Fusion Hammer","Runic Dome"],"picked":"SacredBark"}],"items_purged_floors":[14,29,42,44],"is_endless":false,"potions_floor_spawned":[3,8,12,16,19,20,31,32,33,37,38,39,40,42,43,45,47,48,49],"killed_by":"WA_ARCHETYPE_DIVINITY","ascension_level":1}}