{"host":"aaqofma31c3gm2hj","time":1613623685,"event":{"mods":["BaseMod","GungeonMod","Minty Spire (QoL Compilation)","Replay The Spire","Spicy Shops","StSLib"],"gold_per_floor":[109,109,34,34,44,44,71,71,71,71,71,97,97,147,147,147,226,226,241,241,258,19,19,49,49,49,120,120,154,180,198,233,233,233,307,307,326,101,120,313,72,72,105,115,142,142,172,182,27,42,53,53,53,53,53,53,63,89,89],"floor_reached":60,"language":"ZHS","playtime":1886,"items_purged":["Defend_P","Strike_P","Strike_P","Strike_P+1","Pot Of Greed","ReplayTheSpireMod:Splinters"],"score":2809,"play_id":"ccb439e1-1e46-49c7-b9e4-38f798b7402a","local_time":"20210218124805","is_ascension_mode":true,"campfire_choices":[{"data":"ForeignInfluence","floor":6.0,"key":"SMITH"},{"data":"Eruption","floor":8.0,"key":"SMITH"},{"data":"Wallop","floor":10.0,"key":"SMITH"},{"data":"MasterReality","floor":15.0,"key":"SMITH"},{"data":"Pray","floor":25.0,"key":"SMITH"},{"data":"TalkToTheHand","floor":28.0,"key":"SMITH"},{"data":"TalkToTheHand","floor":33.0,"key":"SMITH"},{"data":"Steam","floor":34.0,"key":"PURGE"},{"data":"Scrawl","floor":42.0,"key":"SMITH"},{"floor":52.0,"key":"RECALL"},{"data":"Pot Of Greed","floor":56.0,"key":"SMITH"}],"circlet_count":0,"master_deck":["AscendersBane","Eruption+1","Vigilance+1","Wallop+1","ForeignInfluence+1","MasterReality+1","TalkToTheHand+1","Brilliance+1","Pray+1","DeusExMachina","Prostrate","TalkToTheHand+1","Scrawl+1","Adaptation","InnerPeace","CutThroughFate+1","Pot Of Greed+1","FearNoEvil"],"relics":["HolyWater","NeowsBlessing","Anchor","DemoMod:MeltedRock","DemoMod:MonsterBlood","Coffee Dripper","ClockworkSouvenir","Durian","Blue Candle","Red Mask","Art of War","DemoMod:ResourcefulSack","Membership Card","Whetstone","Grinning Jar","Chameleon Ring","Garlic","ReplayTheSpireMod:CursedCoin","Lantern","DemoMod:GlassGuonStoneRelic","Replay:Baseball"],"acts_visited":["Exordium","TheCity","TheBeyond","TheEnding"],"potions_floor_usage":[],"damage_taken":[{"damage":0.0,"enemies":"Small Slimes","floor":1.0,"turns":1.0},{"damage":0.0,"enemies":"2 Louse","floor":5.0,"turns":1.0},{"damage":0.0,"enemies":"Gremlin Nob","floor":7.0,"turns":1.0},{"damage":0.0,"enemies":"Lagavulin","floor":12.0,"turns":4.0},{"damage":19.0,"enemies":"Slime Boss","floor":17.0,"turns":6.0},{"damage":5.0,"enemies":"Chosen","floor":19.0,"turns":4.0},{"damage":0.0,"enemies":"2 Thieves","floor":21.0,"turns":2.0},{"damage":12.0,"enemies":"Book of Stabbing","floor":24.0,"turns":4.0},{"damage":12.0,"enemies":"Masked Bandits","floor":29.0,"turns":4.0},{"damage":8.0,"enemies":"Slavers","floor":30.0,"turns":3.0},{"damage":5.0,"enemies":"Sentry and Sphere","floor":31.0,"turns":4.0},{"damage":4.0,"enemies":"Gremlin Leader","floor":32.0,"turns":4.0},{"damage":18.0,"enemies":"Automaton","floor":35.0,"turns":7.0},{"damage":5.0,"enemies":"3 Shapes","floor":37.0,"turns":3.0},{"damage":0.0,"enemies":"Orb Walker","floor":39.0,"turns":1.0},{"damage":0.0,"enemies":"Nemesis","floor":43.0,"turns":5.0},{"damage":0.0,"enemies":"3 Darklings","floor":44.0,"turns":1.0},{"damage":0.0,"enemies":"Giant Head","floor":45.0,"turns":2.0},{"damage":0.0,"enemies":"Nemesis","floor":47.0,"turns":3.0},{"damage":0.0,"enemies":"Maw","floor":48.0,"turns":2.0},{"damage":0.0,"enemies":"Sphere and 2 Shapes","floor":50.0,"turns":2.0},{"damage":0.0,"enemies":"3 Darklings","floor":51.0,"turns":1.0},{"damage":0.0,"enemies":"Awakened One","floor":53.0,"turns":3.0},{"damage":3.0,"enemies":"Replay:Hell Engine","floor":54.0,"turns":4.0},{"damage":0,"enemies":"Shield and Spear","floor":58,"turns":2},{"damage":15,"enemies":"The Heart","floor":59,"turns":6}],"seed_played":"-8454897168571723651","potions_obtained":[{"floor":1.0,"key":"Cursed Concoction"},{"floor":7.0,"key":"Toxic Potion"},{"floor":17.0,"key":"LifebloodPotion"},{"floor":21.0,"key":"Dexterity Potion"},{"floor":29.0,"key":"Elixir"},{"floor":30.0,"key":"Reflective Coating"},{"floor":31.0,"key":"Block Potion"},{"floor":32.0,"key":"DuplicationPotion"},{"floor":37.0,"key":"LiquidMemories"},{"floor":45.0,"key":"Flashbang"}],"is_trial":false,"path_per_floor":["M","?","?","$","M","R","E","R","T","R","$","E","?","?","R","R","B",null,"M","?","M","$","?","E","R","$","T","R","?","E","M","E","R","R","B",null,"M","$","M","?","$","R","E","M","E","T","E","M","$","M","M","R","B","B",null,"R","$","E","B",null],"character_chosen":"WATCHER","items_purchased":["ClockworkSouvenir","Membership Card","Garlic","ReplayTheSpireMod:CursedCoin","Lantern"],"campfire_rested":0,"item_purchase_floors":[22,41,49,57,57],"current_hp_per_floor":[61,61,61,61,61,61,61,61,61,61,61,68,45,38,38,38,19,61,56,56,56,56,56,49,49,49,49,49,37,29,24,20,20,20,2,61,56,56,56,30,30,30,30,30,30,30,30,30,30,30,30,30,30,27,67,67,67,67,52],"gold":89,"neow_bonus":"THREE_ENEMY_KILL","is_daily":false,"chose_seed":false,"campfire_upgraded":9,"win_rate":0.0,"timestamp":1613623685,"path_taken":["M","?","?","?","M","R","E","R","T","R","$","E","?","?","R","R","BOSS","M","?","M","?","?","E","R","?","T","R","?","E","?","E","R","R","BOSS","M","$","M","?","?","R","E","M","E","T","E","M","$","M","M","R","BOSS","BOSS","R","$","E","BOSS"],"items_purchased_type":["Relic","Relic","Relic","Relic","Relic"],"build_version":"2020-12-22","purchased_purges":6,"victory":true,"max_hp_per_floor":[68,68,68,68,68,68,68,68,68,68,68,75,75,75,75,75,75,75,75,75,75,75,75,80,80,80,80,80,80,80,80,80,80,80,80,80,80,80,80,80,80,80,80,80,80,80,80,80,80,80,80,80,80,80,80,80,80,80,80],"card_choices":[{"not_picked":["Consecrate","Evaluate"],"picked":"Wallop","floor":1.0},{"not_picked":["CrushJoints","Replay:ManipulateFuture"],"picked":"MasterReality","floor":5.0},{"not_picked":["Replay:Battleflow","EmptyBody","Consecrate"],"picked":"SKIP","floor":7.0},{"not_picked":["ClearTheMind","Replay:AtTheReady","Sanctity"],"picked":"SKIP","floor":12.0},{"not_picked":["SpiritShield","Blasphemy"],"picked":"Brilliance","floor":17.0},{"not_picked":["Crescendo","Prostrate+1"],"picked":"Pray","floor":19.0},{"not_picked":["EmptyFist","Replay:ManipulateFuture+1"],"picked":"DeusExMachina","floor":21.0},{"not_picked":["Consecrate","Replay:Anticipation","SashWhip"],"picked":"SKIP","floor":24.0},{"not_picked":["FlyingSleeves","FollowUp"],"picked":"Prostrate","floor":29.0},{"not_picked":["FollowUp","CutThroughFate"],"picked":"TalkToTheHand","floor":30.0},{"not_picked":["Sanctity","Replay:AtTheReady","PathToVictory"],"picked":"SKIP","floor":31.0},{"not_picked":["ReachHeaven","Evaluate","DeceiveReality"],"picked":"SKIP","floor":32.0},{"not_picked":["Alpha","DeusExMachina"],"picked":"Scrawl","floor":35.0},{"not_picked":["Halt","Protect"],"picked":"Adaptation","floor":37.0},{"not_picked":["Protect","ClearTheMind","EmptyFist"],"picked":"SKIP","floor":39.0},{"not_picked":["Ragnarok","SandsOfTime+1"],"picked":"InnerPeace","floor":40.0},{"not_picked":["Devotion","PathToVictory+1"],"picked":"CutThroughFate","floor":43.0},{"not_picked":["WindmillStrike","Vengeance+1","FlurryOfBlows"],"picked":"SKIP","floor":44.0},{"not_picked":["Halt","Replay:Cycle","Brilliance"],"picked":"SKIP","floor":45.0},{"not_picked":["ReachHeaven","Replay:Cycle","FlyingSleeves"],"picked":"SKIP","floor":47.0},{"not_picked":["Vengeance","FlurryOfBlows+1","CrushJoints"],"picked":"SKIP","floor":48.0},{"not_picked":["CrushJoints","ClearTheMind"],"picked":"FearNoEvil","floor":50.0},{"not_picked":["Prostrate+1","JustLucky+1","Conclude"],"picked":"SKIP","floor":51.0},{"not_picked":["Protect","Indignation+1","Wallop"],"picked":"SKIP","floor":58}],"player_experience":685022,"relics_obtained":[{"floor":7.0,"key":"Anchor"},{"floor":9.0,"key":"DemoMod:MeltedRock"},{"floor":12.0,"key":"DemoMod:MonsterBlood"},{"floor":24.0,"key":"Durian"},{"floor":27.0,"key":"Blue Candle"},{"floor":29.0,"key":"Red Mask"},{"floor":30.0,"key":"Art of War"},{"floor":32.0,"key":"DemoMod:ResourcefulSack"},{"floor":43.0,"key":"Whetstone"},{"floor":45.0,"key":"Grinning Jar"},{"floor":47.0,"key":"Chameleon Ring"},{"floor":58,"key":"Replay:Baseball"}],"event_choices":[{"cards_removed":["Defend_P"],"damage_healed":0.0,"max_hp_gain":0.0,"max_hp_loss":0.0,"gold_gain":0.0,"event_name":"The Cleric","player_choice":"Card Removal","floor":3.0,"gold_loss":75.0,"damage_taken":0.0},{"damage_healed":0.0,"max_hp_gain":0.0,"max_hp_loss":0.0,"gold_gain":0.0,"event_name":"Shining Light","player_choice":"Entered Light","floor":13.0,"gold_loss":0.0,"damage_taken":23.0,"cards_upgraded":["Vigilance","Strike_P"]},{"damage_healed":0.0,"max_hp_gain":0.0,"max_hp_loss":0.0,"gold_gain":50.0,"event_name":"FaceTrader","player_choice":"Touch","floor":14.0,"gold_loss":0.0,"damage_taken":7.0},{"damage_healed":0.0,"max_hp_gain":0.0,"max_hp_loss":0.0,"gold_gain":0.0,"event_name":"Masked Bandits","player_choice":"Fought Bandits","floor":29.0,"gold_loss":0.0,"damage_taken":0.0}],"is_beta":false,"boss_relics":[{"not_picked":["Painkiller Herb","Cursed Key"],"picked":"Coffee Dripper"},{"not_picked":["Pandora\u0027s Box","Honey Jar"],"picked":"HolyWater"}],"items_purged_floors":[22,38,38,41,49,57],"is_endless":false,"potions_floor_spawned":[1,7,17,21,29,30,31,32,37,44,45,50,58],"ascension_level":20}}