{"host":"hfxp6ue4pvwo3fit","time":1613683576,"event":{"mods":["AchievementEnabler","BaseMod","Colored Map","Colored Powertips","Highlight Path","Minty Spire (QoL Compilation)","Relic Stats","StSLib","SuperFastMode"],"gold_per_floor":[113,113,188,188,198,198,228,228,254,282,301,319,371,401,401,475,475,492,492,504,504,516,516,225,252,252,252,300,300,300,300],"floor_reached":30,"language":"ENG","playtime":1062,"items_purged":["Strike_B"],"score":668,"play_id":"81ccd137-3205-4819-9010-687ae001337b","local_time":"20210218152616","is_ascension_mode":true,"campfire_choices":[{"floor":6,"key":"REST"},{"data":"Streamline","floor":8,"key":"SMITH"},{"data":"Coolheaded","floor":15,"key":"SMITH"},{"floor":23,"key":"REST"},{"floor":27,"key":"REST"},{"data":"Rainbow","floor":29,"key":"SMITH"}],"circlet_count":0,"master_deck":["AscendersBane","Strike_B","Strike_B","Strike_B","Defend_B","Defend_B","Defend_B","Defend_B+1","Zap","Dualcast","Rip and Tear+1","Streamline+1","Glacier","Coolheaded+1","Ball Lightning","Sweeping Beam","White Noise","Electrodynamics","FTL","Hologram","Compile Driver","HandOfGreed","Consume","Rainbow+1"],"relics":["Runic Dome","Shuriken","Blood Vial","Dead Branch","Gambling Chip","Inserter","Bottled Flame","Mummified Hand","Boot"],"acts_visited":["Exordium","TheCity"],"potions_floor_usage":[16,25],"damage_taken":[{"damage":10,"enemies":"2 Louse","floor":1,"turns":2},{"damage":4,"enemies":"Jaw Worm","floor":5,"turns":3},{"damage":17,"enemies":"Lagavulin","floor":7,"turns":5},{"damage":20,"enemies":"Gremlin Nob","floor":10,"turns":4},{"damage":0,"enemies":"Small Slimes","floor":11,"turns":2},{"damage":0,"enemies":"2 Fungi Beasts","floor":12,"turns":4},{"damage":15,"enemies":"3 Sentries","floor":14,"turns":5},{"damage":0,"enemies":"The Guardian","floor":16,"turns":12},{"damage":12,"enemies":"2 Thieves","floor":18,"turns":4},{"damage":12,"enemies":"Shell Parasite","floor":20,"turns":7},{"damage":17,"enemies":"Snake Plant","floor":22,"turns":7},{"damage":12,"enemies":"Book of Stabbing","floor":25,"turns":5},{"damage":29,"enemies":"Slavers","floor":28,"turns":4},{"damage":35,"enemies":"Book of Stabbing","floor":30,"turns":4}],"seed_played":"6115467307538137103","potions_obtained":[{"floor":5,"key":"FairyPotion"},{"floor":12,"key":"BlessingOfTheForge"},{"floor":16,"key":"FocusPotion"},{"floor":18,"key":"CultistPotion"}],"is_trial":false,"path_per_floor":["M","?","?","?","M","R","E","R","T","E","M","M","?","E","R","B",null,"M","?","M","?","M","R","$","E","T","R","E","R","E"],"character_chosen":"DEFECT","items_purchased":["HandOfGreed"],"campfire_rested":3,"item_purchase_floors":[24],"current_hp_per_floor":[54,59,48,25,21,43,26,26,26,8,10,12,12,22,22,24,63,53,31,21,37,22,46,46,36,36,60,33,33,0,0],"gold":300,"neow_bonus":"BOSS_RELIC","is_daily":false,"chose_seed":false,"campfire_upgraded":3,"win_rate":0.0,"timestamp":1613683576,"path_taken":["M","?","?","?","M","R","E","R","T","E","?","M","?","E","R","BOSS","M","?","M","?","M","R","$","E","T","R","E","R","E"],"items_purchased_type":["Card"],"build_version":"2020-12-22","purchased_purges":1,"victory":false,"max_hp_per_floor":[71,76,76,76,76,76,76,76,76,76,76,76,76,76,76,76,76,76,81,81,81,81,81,81,81,81,81,81,81,81,81],"relic_stats":{"Blood Vial":22,"Inserter":[15],"counters":[14,68],"Shuriken":[13],"Mummified Hand":[5],"Dead Branch":[29],"Gambling Chip":[14],"Boot":[0],"obtain_stats":[{"Blood Vial":9,"Runic Dome":0,"Bottled Flame":25,"Inserter":17,"Shuriken":7,"Mummified Hand":26,"Dead Branch":10,"Gambling Chip":14,"Cracked Core":0,"Boot":28},{"Blood Vial":3,"Runic Dome":0,"Bottled Flame":12,"Inserter":8,"Shuriken":3,"Mummified Hand":12,"Dead Branch":4,"Gambling Chip":7,"Cracked Core":0,"Boot":13},{"Blood Vial":10,"Runic Dome":0,"Bottled Flame":60,"Inserter":37,"Shuriken":10,"Mummified Hand":60,"Dead Branch":14,"Gambling Chip":25,"Cracked Core":0,"Boot":64}]},"card_choices":[{"not_picked":["Barrage","Hologram"],"picked":"Rip and Tear","floor":1},{"not_picked":["BootSequence","Melter"],"picked":"Streamline","floor":5},{"not_picked":["Consume","Ball Lightning"],"picked":"Glacier","floor":7},{"not_picked":["Scrape","Rebound"],"picked":"Coolheaded","floor":10},{"not_picked":["Compile Driver","Hello World"],"picked":"Ball Lightning","floor":11},{"not_picked":["Redo","Fusion"],"picked":"Sweeping Beam","floor":12},{"not_picked":["Leap","Heatsinks"],"picked":"White Noise","floor":14},{"not_picked":["Reboot","Hyperbeam"],"picked":"Electrodynamics","floor":16},{"not_picked":["Ball Lightning","Static Discharge"],"picked":"FTL","floor":18},{"not_picked":["Skim","Redo+1"],"picked":"Hologram","floor":20},{"not_picked":["Tempest+1","Cold Snap"],"picked":"Compile Driver","floor":22},{"not_picked":["Defragment","Compile Driver"],"picked":"Consume","floor":25},{"not_picked":["Chaos","Darkness"],"picked":"Rainbow","floor":28}],"player_experience":519063,"relics_obtained":[{"floor":7,"key":"Shuriken"},{"floor":9,"key":"Blood Vial"},{"floor":10,"key":"Dead Branch"},{"floor":14,"key":"Gambling Chip"},{"floor":25,"key":"Bottled Flame"},{"floor":26,"key":"Mummified Hand"},{"floor":28,"key":"Boot"}],"event_choices":[{"damage_healed":0,"gold_gain":0,"player_choice":"Donut","damage_taken":0,"max_hp_gain":5,"max_hp_loss":0,"event_name":"Big Fish","floor":2,"gold_loss":0},{"damage_healed":0,"gold_gain":75,"player_choice":"Gather Gold","damage_taken":11,"max_hp_gain":0,"max_hp_loss":0,"event_name":"World of Goop","floor":3,"gold_loss":0},{"damage_healed":0,"gold_gain":0,"player_choice":"Entered Light","damage_taken":23,"max_hp_gain":0,"max_hp_loss":0,"event_name":"Shining Light","floor":4,"gold_loss":0,"cards_upgraded":["Defend_B","Rip and Tear"]},{"damage_healed":0,"gold_gain":52,"player_choice":"Gained Gold","damage_taken":0,"max_hp_gain":0,"max_hp_loss":0,"event_name":"Golden Wing","floor":13,"gold_loss":0},{"damage_healed":0,"gold_gain":0,"player_choice":"Shed Blood","damage_taken":27,"max_hp_gain":5,"max_hp_loss":0,"event_name":"Forgotten Altar","floor":19,"gold_loss":0},{"damage_healed":16,"gold_gain":0,"player_choice":"Heal","damage_taken":0,"max_hp_gain":0,"max_hp_loss":0,"event_name":"The Library","floor":21,"gold_loss":0}],"is_beta":false,"boss_relics":[{"not_picked":["Velvet Choker","Sozu"],"picked":"Inserter"}],"items_purged_floors":[24],"is_endless":false,"potions_floor_spawned":[5,12,16,18],"killed_by":"Book of Stabbing","ascension_level":20}}