{"host":"vyjryxuuuxkt43k4","time":1613624483,"event":{"mods":["AchievementEnabler","BaseMod","Colored Map","DeckTracker","Keyboard Shortcuts","Minty Spire (QoL Compilation)","Permanent Neow","Quick Restart","StSLib","SuperFastMode","everything is the same but u backflip on backflip"],"gold_per_floor":[119,135,4,23,23,23,50,50,73,73,107,121,121,121,121,193,193,208,258,274,13,31,31,81,81,129,156,156,156,166,2,2,77,77,96,96,1,20,31,31,31,62,86,86,86,121,121,40,40,40,40,40,40,40,74,74,74],"floor_reached":56,"language":"KOR","playtime":4643,"items_purged":["Clumsy","Strike_G"],"score":2254,"play_id":"f44fd753-a6fc-498a-a8c3-2f599a54fd5e","local_time":"20210218140123","is_ascension_mode":true,"campfire_choices":[{"data":"Skewer","floor":6.0,"key":"SMITH"},{"data":"Neutralize","floor":8.0,"key":"SMITH"},{"data":"Dash","floor":10.0,"key":"SMITH"},{"data":"Blade Dance","floor":13.0,"key":"SMITH"},{"data":"Acrobatics","floor":15.0,"key":"SMITH"},{"data":"Prepared","floor":23.0,"key":"SMITH"},{"data":"Tactician","floor":25.0,"key":"SMITH"},{"data":"Wraith Form v2","floor":28.0,"key":"SMITH"},{"data":"Burst","floor":32.0,"key":"SMITH"},{"data":"Adrenaline","floor":40.0,"key":"SMITH"},{"data":"Calculated Gamble","floor":44.0,"key":"SMITH"},{"floor":47.0,"key":"RECALL"},{"data":"Grand Finale","floor":49.0,"key":"SMITH"},{"data":"Purity","floor":53.0,"key":"SMITH"}],"circlet_count":0,"master_deck":["AscendersBane","Strike_G+1","Strike_G","Defend_G","Defend_G","Defend_G","Defend_G","Defend_G","Survivor","Neutralize+1","Skewer+1","Dash+1","Acrobatics+1","Eviscerate+1","Burst+1","Blade Dance+1","Grand Finale+1","Prepared+1","Tactician+1","Calculated Gamble+1","Wraith Form v2+1","After Image","Purity+1","Calculated Gamble","Adrenaline+1","Escape Plan+1","After Image+1","Well Laid Plans+1","Reflex"],"relics":["Ring of the Snake","Thread and Needle","Centennial Puzzle","Nunchaku","Ancient Tea Set","Whetstone","Art of War","Runic Pyramid","Lee\u0027s Waffle","Bag of Preparation","InkBottle","Empty Cage","Frozen Egg 2","Incense Burner","Akabeko"],"acts_visited":["Exordium","TheCity","TheBeyond","TheEnding"],"potions_floor_usage":[56,56],"damage_taken":[{"damage":0.0,"enemies":"Cultist","floor":1.0,"turns":4.0},{"damage":0.0,"enemies":"Small Slimes","floor":2.0,"turns":4.0},{"damage":2.0,"enemies":"2 Louse","floor":4.0,"turns":3.0},{"damage":0.0,"enemies":"Gremlin Nob","floor":7.0,"turns":3.0},{"damage":0.0,"enemies":"3 Sentries","floor":11.0,"turns":8.0},{"damage":1.0,"enemies":"Gremlin Gang","floor":12.0,"turns":4.0},{"damage":0.0,"enemies":"Slime Boss","floor":16.0,"turns":7.0},{"damage":5.0,"enemies":"Shell Parasite","floor":18.0,"turns":3.0},{"damage":18.0,"enemies":"2 Thieves","floor":20.0,"turns":4.0},{"damage":22.0,"enemies":"Chosen and Byrds","floor":22.0,"turns":9.0},{"damage":0.0,"enemies":"Slavers","floor":27.0,"turns":4.0},{"damage":0.0,"enemies":"Cultist and Chosen","floor":30.0,"turns":5.0},{"damage":7.0,"enemies":"Collector","floor":33.0,"turns":6.0},{"damage":0.0,"enemies":"3 Shapes","floor":35.0,"turns":4.0},{"damage":1.0,"enemies":"3 Darklings","floor":38.0,"turns":3.0},{"damage":0.0,"enemies":"Transient","floor":39.0,"turns":6.0},{"damage":0.0,"enemies":"Reptomancer","floor":42.0,"turns":5.0},{"damage":0.0,"enemies":"Giant Head","floor":46.0,"turns":4.0},{"damage":6.0,"enemies":"Donu and Deca","floor":50.0,"turns":12.0},{"damage":19.0,"enemies":"Time Eater","floor":51.0,"turns":13.0},{"damage":19.0,"enemies":"Shield and Spear","floor":55.0,"turns":7.0},{"damage":47,"enemies":"The Heart","floor":56,"turns":3}],"seed_played":"-1145524495166270888","potions_obtained":[{"floor":1.0,"key":"SkillPotion"},{"floor":11.0,"key":"CunningPotion"},{"floor":12.0,"key":"Explosive Potion"},{"floor":20.0,"key":"SneckoOil"},{"floor":30.0,"key":"LiquidMemories"},{"floor":38.0,"key":"Poison Potion"},{"floor":46.0,"key":"Dexterity Potion"},{"floor":55.0,"key":"LiquidMemories"}],"is_trial":false,"path_per_floor":["M","M","$","M","T","R","E","R","T","R","E","M","R","?","R","B",null,"M","?","M","$","M","R","?","R","T","E","R","?","M","$","R","B",null,"M","?","?","M","M","R","?","E","T","R","?","E","R","$","R","B","B",null,"R","$","E","B"],"character_chosen":"THE_SILENT","items_purchased":["BlessingOfTheForge","Lee\u0027s Waffle","Purity","Calculated Gamble","Well Laid Plans+1"],"campfire_rested":0,"item_purchase_floors":[3,21,31,31,48],"current_hp_per_floor":[59,59,59,57,57,57,57,57,57,57,57,56,56,56,56,56,64,59,53,35,73,51,51,51,51,51,51,51,51,51,51,51,44,66,66,66,66,65,65,65,65,65,65,65,65,65,65,65,65,59,40,65,65,65,46,0,0],"gold":74,"neow_bonus":"ONE_RARE_RELIC","is_daily":false,"chose_seed":false,"campfire_upgraded":13,"win_rate":0.0,"timestamp":1613624483,"path_taken":["M","M","$","M","?","R","E","R","T","R","E","M","R","?","R","BOSS","M","?","M","$","?","R","?","R","T","E","R","?","M","$","R","BOSS","M","?","?","M","?","R","?","E","T","R","?","E","R","$","R","BOSS","BOSS","R","$","E","BOSS"],"items_purchased_type":["Potion","Relic","Card","Card","Card"],"build_version":"2020-12-22","purchased_purges":2,"victory":false,"max_hp_per_floor":[66,66,66,66,66,66,66,66,66,66,66,66,66,66,66,66,66,66,66,66,73,73,73,73,73,73,73,73,73,73,73,73,73,73,73,73,73,73,73,73,73,73,73,73,73,73,73,73,73,73,73,73,73,73,73,73,73],"card_choices":[{"not_picked":["Slice","Noxious Fumes"],"picked":"Skewer","floor":1.0},{"not_picked":["Dodge and Roll","Outmaneuver"],"picked":"Dash","floor":2.0},{"not_picked":["PiercingWail","Outmaneuver"],"picked":"Acrobatics","floor":4.0},{"not_picked":["Underhanded Strike","Acrobatics"],"picked":"Eviscerate","floor":7.0},{"not_picked":["Acrobatics","Endless Agony"],"picked":"Burst","floor":11.0},{"not_picked":["Deadly Poison","Accuracy"],"picked":"Blade Dance","floor":12.0},{"not_picked":["Unload","Die Die Die"],"picked":"Grand Finale","floor":16.0},{"not_picked":["Cloak And Dagger","Dash"],"picked":"Prepared","floor":18.0},{"not_picked":["Sucker Punch","Prepared"],"picked":"Tactician","floor":20.0},{"not_picked":["Flying Knee","Dash"],"picked":"Calculated Gamble","floor":22.0},{"not_picked":["PiercingWail","Leg Sweep"],"picked":"Wraith Form v2","floor":27.0},{"not_picked":["Terror","Blur","All Out Attack"],"picked":"SKIP","floor":30.0},{"not_picked":["Bullet Time","Unload"],"picked":"Adrenaline","floor":33.0},{"not_picked":["Deadly Poison","Dagger Spray"],"picked":"Escape Plan+1","floor":35.0},{"not_picked":["Dodge and Roll","Backflip","Dagger Spray"],"picked":"SKIP","floor":38.0},{"not_picked":["Catalyst+1","Backflip","Deadly Poison"],"picked":"SKIP","floor":39.0},{"not_picked":["Setup+1","Noxious Fumes+1","Distraction+1"],"picked":"SKIP","floor":42.0},{"not_picked":["Outmaneuver","Crippling Poison","Deflect"],"picked":"SKIP","floor":46.0},{"not_picked":["Finisher","Tools of the Trade+1"],"picked":"Reflex","floor":55.0}],"player_experience":1019984,"relics_obtained":[{"floor":5.0,"key":"Centennial Puzzle"},{"floor":7.0,"key":"Nunchaku"},{"floor":9.0,"key":"Ancient Tea Set"},{"floor":11.0,"key":"Whetstone"},{"floor":26.0,"key":"Bag of Preparation"},{"floor":27.0,"key":"InkBottle"},{"floor":42.0,"key":"Incense Burner"},{"floor":46.0,"key":"Akabeko"}],"event_choices":[{"damage_healed":0.0,"max_hp_gain":0.0,"max_hp_loss":0.0,"gold_gain":0.0,"event_name":"Dead Adventurer","player_choice":"Searched \u00272\u0027 times","floor":14.0,"gold_loss":0.0,"damage_taken":0.0,"relics_obtained":["Art of War"]},{"damage_healed":0.0,"max_hp_gain":0.0,"max_hp_loss":0.0,"gold_gain":50.0,"event_name":"FaceTrader","player_choice":"Touch","floor":19.0,"gold_loss":0.0,"damage_taken":6.0},{"damage_healed":0.0,"max_hp_gain":0.0,"max_hp_loss":0.0,"gold_gain":50.0,"event_name":"Nest","player_choice":"Stole From Cult","floor":24.0,"gold_loss":0.0,"damage_taken":0.0},{"damage_healed":0.0,"max_hp_gain":0.0,"max_hp_loss":0.0,"gold_gain":0.0,"event_name":"Match and Keep!","player_choice":"1 cards matched","floor":29.0,"gold_loss":0.0,"damage_taken":0.0,"cards_obtained":["After Image"]},{"damage_healed":0.0,"max_hp_gain":0.0,"max_hp_loss":0.0,"gold_gain":0.0,"event_name":"Mysterious Sphere","player_choice":"Ignored","floor":36.0,"gold_loss":0.0,"damage_taken":0.0},{"damage_healed":0.0,"max_hp_gain":0.0,"max_hp_loss":0.0,"gold_gain":0.0,"event_name":"WeMeetAgain","player_choice":"Paid Gold","floor":37.0,"gold_loss":95.0,"damage_taken":0.0,"relics_obtained":["Frozen Egg 2"]},{"damage_healed":0.0,"max_hp_gain":0.0,"max_hp_loss":0.0,"gold_gain":0.0,"event_name":"SensoryStone","player_choice":"Memory 1","floor":41.0,"gold_loss":0.0,"damage_taken":0.0},{"damage_healed":0.0,"max_hp_gain":0.0,"max_hp_loss":0.0,"gold_gain":0.0,"event_name":"Duplicator","player_choice":"Copied","floor":45.0,"gold_loss":0.0,"damage_taken":0.0,"cards_obtained":["After Image"]}],"is_beta":false,"boss_relics":[{"not_picked":["Velvet Choker","Fusion Hammer"],"picked":"Runic Pyramid"},{"not_picked":["SacredBark","Busted Crown"],"picked":"Empty Cage"}],"items_purged_floors":[3,21],"is_endless":false,"potions_floor_spawned":[1,11,12,20,30,38,46,55],"killed_by":"The Heart","ascension_level":20}}