{"host":"177c0bxbteywy4xy","time":1613632360,"event":{"mods":["ATMod(°¢èªMod)","Act Like it!","Arknights","BaseMod","Colored Powertips","Friendly Minions","Koishi","Minty Spire (QoL Compilation)","Quick Restart","Relic Stats","Remilia£¨ÀÙÃ×ÀòÑÇ£©","StSLib","The Administrix","The Animator","Waifu the Spire"],"gold_per_floor":[115,129,148,164,19,19,50,70,97,97,107,107,107,107,107,206,206,220,120,136,136,136],"floor_reached":21,"language":"ZHS","playtime":814,"items_purged":["Defend_P","Defend_P"],"score":243,"play_id":"4f52e125-b6c6-4104-a573-5e6934550e89","local_time":"20210218151240","is_ascension_mode":true,"campfire_choices":[{"data":"Fasting2","floor":6.0,"key":"SMITH"},{"data":"Vigilance","floor":10.0,"key":"SMITH"},{"data":"Vault","floor":12.0,"key":"SMITH"},{"floor":15.0,"key":"REST"}],"circlet_count":0,"master_deck":["Strike_P","Strike_P","Strike_P","Strike_P","Defend_P","Defend_P","Eruption","Vigilance+1","AT_DrawKnifeCut","BowlingBash","Fasting2+1","Vault+1","AT_DivineConfetti+1","Conclude"],"relics":["PureWater","AT_ATBox","AT_ForceNature","Nunchaku","Blood Vial","AT_BellDemon","SlaversCollar"],"acts_visited":["Exordium","TheCity"],"potions_floor_usage":[],"damage_taken":[{"damage":6.0,"enemies":"2 Louse","floor":1.0,"turns":2.0},{"damage":0.0,"enemies":"Cultist","floor":2.0,"turns":2.0},{"damage":0.0,"enemies":"Small Slimes","floor":3.0,"turns":2.0},{"damage":8.0,"enemies":"Red Slaver","floor":4.0,"turns":5.0},{"damage":32.0,"enemies":"Gremlin Nob","floor":7.0,"turns":4.0},{"damage":8.0,"enemies":"Exordium Thugs","floor":8.0,"turns":4.0},{"damage":0.0,"enemies":"Large Slime","floor":11.0,"turns":2.0},{"damage":0.0,"enemies":"Slime Boss","floor":16.0,"turns":7.0},{"damage":16.0,"enemies":"Shell Parasite","floor":18.0,"turns":7.0},{"damage":20.0,"enemies":"2 Thieves","floor":20.0,"turns":3.0},{"damage":1,"enemies":"Shelled Parasite and Fungi","floor":21,"turns":3}],"seed_played":"2757540664048987849","potions_obtained":[{"floor":4.0,"key":"ColorlessPotion"},{"floor":8.0,"key":"BlessingOfTheForge"},{"floor":20.0,"key":"Energy Potion"}],"is_trial":false,"path_per_floor":["M","M","M","M","$","R","E","M","T","R","M","R","?","?","R","B",null,"M","$","M","M"],"character_chosen":"WATCHER","items_purchased":["Fasting2"],"campfire_rested":1,"item_purchase_floors":[5],"current_hp_per_floor":[73,73,73,65,65,65,33,25,25,25,25,25,7,7,30,32,79,63,63,45,46,46],"gold":136,"neow_bonus":"TEN_PERCENT_HP_BONUS","is_daily":false,"chose_seed":false,"campfire_upgraded":3,"win_rate":0.0,"timestamp":1613632360,"path_taken":["M","M","M","M","$","R","E","M","T","R","M","R","?","?","R","BOSS","M","$","M","M"],"items_purchased_type":["Card"],"build_version":"2020-12-22","purchased_purges":2,"victory":false,"max_hp_per_floor":[79,79,79,79,79,79,79,79,79,79,79,79,79,79,79,79,79,79,79,79,79,79],"relic_stats":{"Blood Vial":6,"Nunchaku":[4],"counters":[11,41],"obtain_stats":[{"AT_ForceNature":7,"Blood Vial":13,"AT_BellDemon":14,"SlaversCollar":17,"Nunchaku":9,"AT_ATBox":0,"PureWater":0},{"AT_ForceNature":5,"Blood Vial":7,"AT_BellDemon":7,"SlaversCollar":8,"Nunchaku":6,"AT_ATBox":0,"PureWater":0},{"AT_ForceNature":15,"Blood Vial":21,"AT_BellDemon":21,"SlaversCollar":28,"Nunchaku":19,"AT_ATBox":0,"PureWater":0}]},"card_choices":[{"not_picked":["FlurryOfBlows","Vengeance"],"picked":"BowlingBash","floor":1.0},{"not_picked":["Protect","JustLucky","BowlingBash"],"picked":"SKIP","floor":2.0},{"not_picked":["Prostrate","Evaluate","CutThroughFate"],"picked":"SKIP","floor":3.0},{"not_picked":["BattleHymn","ReachHeaven","Weave"],"picked":"SKIP","floor":4.0},{"not_picked":["ReachHeaven","Evaluate"],"picked":"Vault","floor":7.0},{"not_picked":["WheelKick","SashWhip","FlurryOfBlows"],"picked":"SKIP","floor":8.0},{"not_picked":["Prostrate","Protect","WaveOfTheHand"],"picked":"SKIP","floor":11.0},{"not_picked":["TalkToTheHand","FlurryOfBlows+1"],"picked":"AT_DivineConfetti+1","floor":18.0},{"not_picked":["EmptyFist","ThirdEye+1"],"picked":"Conclude","floor":20.0}],"player_experience":121525,"relics_obtained":[{"floor":7.0,"key":"AT_ForceNature"},{"floor":9.0,"key":"Nunchaku"},{"floor":14.0,"key":"AT_BellDemon"}],"event_choices":[{"damage_healed":0.0,"max_hp_gain":0.0,"max_hp_loss":0.0,"gold_gain":0.0,"event_name":"Scrap Ooze","player_choice":"Success","floor":13.0,"gold_loss":0.0,"damage_taken":18.0,"relics_obtained":["Blood Vial"]},{"damage_healed":0.0,"max_hp_gain":0.0,"max_hp_loss":0.0,"gold_gain":0.0,"event_name":"Wheel of Change","player_choice":"Relic","floor":14.0,"gold_loss":0.0,"damage_taken":0.0}],"is_beta":false,"boss_relics":[{"not_picked":["Pandora\u0027s Box","SacredBark"],"picked":"SlaversCollar"}],"items_purged_floors":[5,19],"is_endless":false,"potions_floor_spawned":[4,8,20],"killed_by":"Shelled Parasite and Fungi","ascension_level":1}}