{"host":"o9lehcdjc4u6j9un","time":1613669670,"event":{"mods":["Aspiration","BaseMod","Better-Laid Plans","Bossed Relics","Colored Map","Downfall","Gremlin Mod","Hermit","Koishi","Marisa£®ÏF”Í°°ƒß¿Ì…≥£©","Minty Spire (QoL Compilation)","Reimu£®≤©¿ˆ¡È√Œ£©","Remilia£®¿Ÿ√◊¿Ú—«£©","Robot Space Explorer","StSLib","The Alterego","The Hierophant","The Jungle","The Marked","The Runesmith","The Senshi","The Servant 0.9.4","Yakumo Yukari mod","Youmu£®ªÍ∆«—˝√Œ£©","≤–¡Ù÷ÆŒÔ"],"gold_per_floor":[13,13,32,50,10,45,45,70,70,83,83,143,158,169,169,265,265,283,283,296,306,266,266,61,61,61,95,121,121,121,132,132,236,236,250,266,488,500,19,19,53,53,53,70,88,8,8,22,22,22,22,22,22,52,52,52],"floor_reached":55,"language":"ZHS","playtime":2666,"items_purged":["Defend_R","Strike_R"],"score":786,"play_id":"22200108-07f4-4ee9-80d3-aa3e38a14db9","local_time":"20210219013430","is_ascension_mode":true,"campfire_choices":[{"data":"Bash","floor":7.0,"key":"SMITH"},{"data":"Uppercut","floor":11.0,"key":"SMITH"},{"data":"Armaments","floor":15.0,"key":"SMITH"},{"data":"Seeing Red","floor":23.0,"key":"SMITH"},{"data":"ZunPunch:ReiMu","floor":25.0,"key":"SMITH"},{"data":"Brutality","floor":30.0,"key":"SMITH"},{"data":"Brutality","floor":32.0,"key":"SMITH"},{"data":"Demon Form","floor":40.0,"key":"SMITH"},{"data":"Offering","floor":47.0,"key":"SMITH"},{"floor":49.0,"key":"RECALL"},{"data":"Offering","floor":52.0,"key":"SMITH"}],"circlet_count":0,"master_deck":["Strike_R","Strike_R","Strike_R","Defend_R","Defend_R","Bash+1","Heavy Blade","Armaments+1","Dropkick","Thunderclap","Uppercut+1","Clash","Seeing Red+1","Offering+1","Clash","Demon Form+1","Clash+1","Brutality+1","Clash","Brutality+1","ZunPunch:ReiMu+1","Cleave","Armaments+1","Offering+1","Sever Soul+1","Flex+1","True Grit+1","Sever Soul","Burning Pact"],"relics":["Burning Blood","aspiration:BabyByrd","PaintedHorse:ReiMu","Smiling Mask","Calipers","Toy Ornithopter","Vajra","aspiration:FutureDiary","Nunchaku","theSenshi:SuperSailorFukuRelic","aspiration:FetidBarrel","Red Mask","aspiration:RandomNobGenerator","aspiration:KaomsHeart"],"acts_visited":["Exordium","TheCity","TheBeyond","TheEnding"],"potions_floor_usage":[55],"damage_taken":[{"damage":8.0,"enemies":"2 Louse","floor":1.0,"turns":2.0},{"damage":3.0,"enemies":"Small Slimes","floor":3.0,"turns":3.0},{"damage":11.0,"enemies":"Jaw Worm","floor":4.0,"turns":3.0},{"damage":37.0,"enemies":"Gremlin Nob","floor":6.0,"turns":5.0},{"damage":31.0,"enemies":"Lagavulin","floor":8.0,"turns":5.0},{"damage":5.0,"enemies":"Looter","floor":10.0,"turns":3.0},{"damage":10.0,"enemies":"3 Sentries","floor":12.0,"turns":4.0},{"damage":0.0,"enemies":"Large Slime","floor":13.0,"turns":3.0},{"damage":4.0,"enemies":"2 Fungi Beasts","floor":14.0,"turns":2.0},{"damage":14.0,"enemies":"Hexaghost","floor":16.0,"turns":5.0},{"damage":20.0,"enemies":"2 Thieves","floor":18.0,"turns":3.0},{"damage":11.0,"enemies":"Chosen","floor":20.0,"turns":2.0},{"damage":6.0,"enemies":"Centurion and Healer","floor":21.0,"turns":3.0},{"damage":8.0,"enemies":"Book of Stabbing","floor":27.0,"turns":3.0},{"damage":0.0,"enemies":"Masked Bandits","floor":28.0,"turns":2.0},{"damage":0.0,"enemies":"Snake Plant","floor":31.0,"turns":2.0},{"damage":33.0,"enemies":"Automaton","floor":33.0,"turns":7.0},{"damage":28.0,"enemies":"3 Shapes","floor":35.0,"turns":4.0},{"damage":17.0,"enemies":"3 Darklings","floor":36.0,"turns":3.0},{"damage":4.0,"enemies":"Transient","floor":38.0,"turns":5.0},{"damage":31.0,"enemies":"Nemesis","floor":41.0,"turns":3.0},{"damage":0.0,"enemies":"Sphere and 2 Shapes","floor":44.0,"turns":2.0},{"damage":3.0,"enemies":"3 Darklings","floor":45.0,"turns":3.0},{"damage":10.0,"enemies":"Transient","floor":48.0,"turns":5.0},{"damage":41.0,"enemies":"Time Eater","floor":50.0,"turns":6.0},{"damage":26.0,"enemies":"Shield and Spear","floor":54.0,"turns":3.0},{"damage":172,"enemies":"The Heart","floor":55,"turns":6}],"seed_played":"278375901240316993","potions_obtained":[{"floor":3.0,"key":"Energy Potion"},{"floor":4.0,"key":"SkillPotion"},{"floor":8.0,"key":"GamblersBrew"},{"floor":16.0,"key":"GrandPatriotsElixir:ReiMu"},{"floor":20.0,"key":"Fire Potion"},{"floor":21.0,"key":"Guardian:BlockOnCardUsePotion"},{"floor":33.0,"key":"AttackPotion"},{"floor":41.0,"key":"PowerPotion"},{"floor":45.0,"key":"bronze:BurnAndBuffPotion"},{"floor":48.0,"key":"SteroidPotion"}],"is_trial":false,"path_per_floor":["M","?","M","M","?","E","R","E","T","M","R","?","M","M","R","B",null,"M","?","M","M","?","R","$","R","T","E","?","?","R","M","R","B",null,"M","M","?","M","$","R","E","?","T","M","M","$","R","M","R","B",null,"R","$","E","B"],"character_chosen":"IRONCLAD","items_purchased":["Nunchaku","aspiration:KaomsHeart","aspiration:KMNothing","aspiration:KMNothing","aspiration:KMNothing","Sever Soul","aspiration:KMNothing","aspiration:KMNothing","aspiration:KMNothing"],"campfire_rested":0,"item_purchase_floors":[24,39,46,46,46,46,53,53,53],"current_hp_per_floor":[78,78,80,75,75,44,44,19,19,20,20,21,27,29,29,21,80,66,66,61,61,61,61,61,61,61,59,65,50,50,56,56,29,85,63,52,52,54,154,154,129,185,185,185,185,185,185,181,181,155,185,185,185,165,0,0],"gold":52,"neow_bonus":"REMOVE_TWO","is_daily":false,"chose_seed":false,"campfire_upgraded":10,"win_rate":0.0,"timestamp":1613669670,"path_taken":["M","?","M","M","?","E","R","E","T","M","R","?","M","M","R","BOSS","M","?","M","M","?","R","$","R","T","E","?","?","R","M","R","BOSS","M","M","?","M","$","R","E","?","T","M","M","$","R","M","R","BOSS","R","$","E","BOSS"],"items_purchased_type":["Relic","Relic","Relic","Relic","Relic","Card","Relic","Relic","Relic"],"build_version":"2020-12-22","purchased_purges":2,"victory":false,"max_hp_per_floor":[80,80,80,80,80,80,80,80,80,80,80,80,80,80,80,80,80,80,80,80,80,80,80,80,80,80,80,80,85,85,85,85,85,85,85,85,85,85,185,185,185,185,185,185,185,185,185,185,185,185,185,185,185,185,185,185],"card_choices":[{"not_picked":["Searing Blow","Dual Wield"],"picked":"Heavy Blade","floor":1.0},{"not_picked":["Shrug It Off","Perfected Strike"],"picked":"Armaments","floor":3.0},{"not_picked":["Metallicize","Sword Boomerang"],"picked":"Dropkick","floor":4.0},{"not_picked":["Dark Embrace","True Grit"],"picked":"Thunderclap","floor":6.0},{"not_picked":["Body Slam","Cleave"],"picked":"Uppercut","floor":8.0},{"not_picked":["Armaments","Shrug It Off"],"picked":"Clash","floor":10.0},{"not_picked":["Feel No Pain","Twin Strike"],"picked":"Seeing Red","floor":12.0},{"not_picked":["Wild Strike","Heavy Blade"],"picked":"Offering","floor":13.0},{"not_picked":["Bloodletting","Flex"],"picked":"Clash","floor":14.0},{"not_picked":["Juggernaut","Double Tap"],"picked":"Demon Form","floor":16.0},{"not_picked":["Perfected Strike+1","Havoc"],"picked":"Clash+1","floor":18.0},{"not_picked":["Perfected Strike+1","Dropkick"],"picked":"Clash","floor":20.0},{"not_picked":["Armaments","Fire Breathing"],"picked":"Brutality","floor":21.0},{"not_picked":["Flex","Power Through"],"picked":"Cleave","floor":27.0},{"not_picked":["Evolve","Heavy Blade+1"],"picked":"Armaments+1","floor":28.0},{"not_picked":["Reckless Charge","Evolve+1","Pummel"],"picked":"SKIP","floor":31.0},{"not_picked":["Impervious","Brutality"],"picked":"Offering","floor":33.0},{"not_picked":["Thunderclap","Headbutt+1"],"picked":"Sever Soul+1","floor":35.0},{"not_picked":["Cleave+1","True Grit+1","Twin Strike"],"picked":"SKIP","floor":36.0},{"not_picked":["Entrench","Body Slam+1"],"picked":"Flex+1","floor":38.0},{"not_picked":["Body Slam","Cleave"],"picked":"True Grit+1","floor":41.0},{"not_picked":["Evolve","Iron Wave","Armaments"],"picked":"SKIP","floor":44.0},{"not_picked":["Dual Wield","Pummel","Heavy Blade+1"],"picked":"SKIP","floor":45.0},{"not_picked":["Iron Wave","Flame Barrier+1"],"picked":"Burning Pact","floor":48.0},{"not_picked":["Perfected Strike+1","Fiend Fire","Shrug It Off"],"picked":"SKIP","floor":54.0}],"player_experience":344620,"relics_obtained":[{"floor":6.0,"key":"Smiling Mask"},{"floor":8.0,"key":"Calipers"},{"floor":9.0,"key":"Toy Ornithopter"},{"floor":12.0,"key":"Vajra"},{"floor":26.0,"key":"theSenshi:SuperSailorFukuRelic"},{"floor":27.0,"key":"aspiration:FetidBarrel"},{"floor":28.0,"key":"Red Mask"},{"floor":41.0,"key":"aspiration:KMNothing"},{"floor":54.0,"key":"aspiration:KMNothing"}],"event_choices":[{"damage_healed":0.0,"max_hp_gain":0.0,"max_hp_loss":0.0,"gold_gain":0.0,"event_name":"yidonshenshe","player_choice":"»˚«Æ","floor":5.0,"gold_loss":40.0,"damage_taken":0.0,"relics_obtained":["PaintedHorse:ReiMu"]},{"damage_healed":0.0,"max_hp_gain":0.0,"max_hp_loss":0.0,"gold_gain":30.0,"event_name":"Dead Adventurer","player_choice":"Searched \u00273\u0027 times","floor":12.0,"gold_loss":0.0,"damage_taken":0.0},{"damage_healed":0.0,"max_hp_gain":0.0,"max_hp_loss":0.0,"gold_gain":0.0,"event_name":"The Library","player_choice":"Read","floor":19.0,"gold_loss":0.0,"damage_taken":0.0,"cards_obtained":["Brutality"]},{"damage_healed":0.0,"max_hp_gain":0.0,"max_hp_loss":0.0,"gold_gain":0.0,"event_name":"ZunEvent","player_choice":"Ωª≥ˆ…Òæ∆","floor":22.0,"relics_lost":["ZunR:ReiMu"],"gold_loss":0.0,"damage_taken":0.0,"cards_obtained":["ZunPunch:ReiMu"]},{"damage_healed":0.0,"max_hp_gain":0.0,"max_hp_loss":0.0,"gold_gain":0.0,"event_name":"Masked Bandits","player_choice":"Fought Bandits","floor":28.0,"gold_loss":0.0,"damage_taken":0.0},{"damage_healed":0.0,"max_hp_gain":5.0,"max_hp_loss":0.0,"gold_gain":0.0,"event_name":"Forgotten Altar","player_choice":"Shed Blood","floor":29.0,"gold_loss":0.0,"damage_taken":20.0},{"damage_healed":0.0,"max_hp_gain":0.0,"max_hp_loss":0.0,"gold_gain":222.0,"event_name":"Tomb of Lord Red Mask","player_choice":"Wore Mask","floor":37.0,"gold_loss":0.0,"damage_taken":0.0},{"damage_healed":56.0,"max_hp_gain":0.0,"max_hp_loss":0.0,"gold_gain":0.0,"event_name":"Wheel of Change","player_choice":"Full Heal","floor":42.0,"gold_loss":0.0,"damage_taken":0.0}],"is_beta":false,"boss_relics":[{"not_picked":["aspiration:SecretTechniqueScroll","Sozu"],"picked":"aspiration:FutureDiary"},{"not_picked":["PlaceholderMod:LiveLive","aspiration:MobileForge"],"picked":"aspiration:RandomNobGenerator"}],"items_purged_floors":[24,39],"is_endless":false,"potions_floor_spawned":[3,4,8,16,20,21,33,41,45,48],"killed_by":"The Heart","ascension_level":1}}