{"host":"n1v11un6j7y72mz7","time":1613616058,"event":{"mods":["Act Like it!","BaseMod","Downfall","Minty Spire (QoL Compilation)","Reliquary","StSLib","The Animator","Waifu the Spire"],"gold_per_floor":[116,128,139,32,207,207,236,236,291,366,366,66,82,100,130,130,130,130],"floor_reached":17,"language":"ZHS","playtime":517,"items_purged":["Defend_R"],"score":110,"play_id":"33bf3838-7ae6-4aa2-8523-19d8e4989445","local_time":"20210218104058","is_ascension_mode":true,"campfire_choices":[{"data":"Flex","floor":6,"key":"SMITH"},{"data":"Intimidate","floor":8,"key":"SMITH"},{"floor":11,"key":"REST"},{"data":"Burning Pact","floor":16,"key":"SMITH"}],"circlet_count":0,"master_deck":["Strike_R","Strike_R","Strike_R","Strike_R","Strike_R","Defend_R","Defend_R","Defend_R","Bash","Intimidate+1","Flex+1","Shrug It Off","Doubt","Burning Pact+1","Disarm"],"relics":["Burning Blood","NeowsBlessing","Slimebound:StickyStick","reliquary:Knoch","Potion Belt"],"acts_visited":["Exordium"],"potions_floor_usage":[14,17],"damage_taken":[{"damage":0,"enemies":"Cultist","floor":1,"turns":1},{"damage":0,"enemies":"2 Louse","floor":2,"turns":1},{"damage":0,"enemies":"Small Slimes","floor":3,"turns":1},{"damage":46,"enemies":"3 Sentries","floor":7,"turns":14},{"damage":10,"enemies":"2 Fungi Beasts","floor":13,"turns":4},{"damage":2,"enemies":"Looter","floor":14,"turns":4},{"damage":45,"enemies":"Slime Boss","floor":17,"turns":9}],"seed_played":"-6467117225323941596","potions_obtained":[{"floor":2,"key":"champ:CounterPotion"},{"floor":7,"key":"ElixirPotion"},{"floor":13,"key":"Fire Potion"}],"is_trial":false,"path_per_floor":["M","M","M","$","?","R","E","R","T","?","R","$","M","M","?","R","B"],"character_chosen":"IRONCLAD","items_purchased":["Flex","Shrug It Off","Potion Belt","Burning Pact"],"campfire_rested":1,"item_purchase_floors":[4,4,12,12],"current_hp_per_floor":[80,80,80,80,80,80,40,40,40,29,53,53,49,53,53,53,8,8],"gold":130,"neow_bonus":"THREE_ENEMY_KILL","is_daily":false,"chose_seed":false,"campfire_upgraded":3,"win_rate":0.0,"timestamp":1613616058,"path_taken":["M","M","?","$","?","R","E","R","T","?","R","$","M","M","?","R","BOSS"],"items_purchased_type":["Card","Card","Relic","Card"],"build_version":"2020-12-22","purchased_purges":1,"victory":false,"max_hp_per_floor":[80,80,80,80,80,80,80,80,80,80,80,80,80,80,80,80,80,80],"card_choices":[{"not_picked":["Anger","Fire Breathing","Headbutt"],"picked":"SKIP","floor":1},{"not_picked":["Anger","Dropkick","Feel No Pain"],"picked":"SKIP","floor":2},{"not_picked":["Carnage","Headbutt"],"picked":"Intimidate","floor":3},{"not_picked":["Sever Soul","Shrug It Off","Ghostly Armor"],"picked":"SKIP","floor":7},{"not_picked":["Sword Boomerang","Uppercut"],"picked":"Disarm","floor":13},{"not_picked":["Fire Breathing","Body Slam","Blood for Blood"],"picked":"SKIP","floor":14}],"player_experience":203677,"relics_obtained":[{"floor":7,"key":"Slimebound:StickyStick"},{"floor":9,"key":"reliquary:Knoch"}],"event_choices":[{"damage_healed":0,"gold_gain":175,"player_choice":"AGREE","damage_taken":0,"max_hp_gain":0,"max_hp_loss":0,"event_name":"Liars Game","floor":5,"gold_loss":0,"cards_obtained":["Doubt"]},{"damage_healed":0,"gold_gain":75,"player_choice":"Gather Gold","damage_taken":11,"max_hp_gain":0,"max_hp_loss":0,"event_name":"World of Goop","floor":10,"gold_loss":0},{"damage_healed":0,"gold_gain":30,"player_choice":"Searched \u00272\u0027 times","damage_taken":0,"max_hp_gain":0,"max_hp_loss":0,"event_name":"Dead Adventurer","floor":15,"gold_loss":0}],"is_beta":false,"boss_relics":[],"items_purged_floors":[12],"is_endless":false,"potions_floor_spawned":[2,7,13],"killed_by":"Slime Boss","ascension_level":1}}