{"host":"i09pxcjttd31eh4q","time":1613642120,"event":{"mods":["AchievementEnabler","BaseMod","Colored Map","Keyboard Shortcuts","Minty Spire (QoL Compilation)","StSLib","SuperFastMode"],"gold_per_floor":[111,126,126,10,10,10,85,99,153,153,186,203,203,216,216,289,289,304,17,31,41,41,41,70,80,80,95,95,95,108,125,125,202,202,217,242,222,238,98,125,137,155,155,171,204,204,221,247,247,247,247,247,247,14,48,48],"floor_reached":57,"language":"KOR","playtime":3534,"items_purged":["Strike_G","Strike_G","Defend_G"],"score":3107,"play_id":"c8913af7-73a7-4b3b-9dff-e96a9bcdc348","local_time":"20210218185520","is_ascension_mode":true,"campfire_choices":[{"data":"Masterful Stab","floor":6.0,"key":"SMITH"},{"data":"Eviscerate","floor":10.0,"key":"SMITH"},{"data":"Acrobatics","floor":13.0,"key":"SMITH"},{"data":"Well Laid Plans","floor":15.0,"key":"SMITH"},{"data":"Calculated Gamble","floor":23.0,"key":"SMITH"},{"data":"Adrenaline","floor":28.0,"key":"SMITH"},{"data":"Neutralize","floor":32.0,"key":"SMITH"},{"floor":46.0,"key":"RECALL"},{"data":"Defend_G","floor":49.0,"key":"PURGE"},{"data":"Dagger Throw","floor":53.0,"key":"PURGE"}],"circlet_count":0,"master_deck":["AscendersBane","Defend_G","Defend_G","Defend_G","Survivor","Neutralize+1","Masterful Stab+1","Well Laid Plans+1","Eviscerate+1","Escape Plan","Acrobatics+1","Adrenaline+1","Deflect+1","Calculated Gamble+1","Prepared+1","Blur+1","Acrobatics+1","Prepared+1","Backflip+1","Calculated Gamble+1","Burst+1","Escape Plan+1","Backflip+1","Deflect+1","Reflex+1","Backflip+1","Outmaneuver+1"],"relics":["Ring of the Snake","NeowsBlessing","Bag of Marbles","Prayer Wheel","Empty Cage","Toxic Egg 2","The Specimen","Fusion Hammer","Peace Pipe","Ornamental Fan","Letter Opener","Shuriken","Pen Nib","Blue Candle"],"acts_visited":["Exordium","TheCity","TheBeyond","TheEnding"],"potions_floor_usage":[56,56],"damage_taken":[{"damage":0.0,"enemies":"2 Louse","floor":1.0,"turns":1.0},{"damage":0.0,"enemies":"Jaw Worm","floor":2.0,"turns":1.0},{"damage":0.0,"enemies":"Small Slimes","floor":8.0,"turns":1.0},{"damage":24.0,"enemies":"Lagavulin","floor":11.0,"turns":6.0},{"damage":0.0,"enemies":"Exordium Wildlife","floor":12.0,"turns":2.0},{"damage":0.0,"enemies":"Red Slaver","floor":14.0,"turns":1.0},{"damage":17.0,"enemies":"The Guardian","floor":16.0,"turns":12.0},{"damage":0.0,"enemies":"Chosen","floor":18.0,"turns":2.0},{"damage":0.0,"enemies":"Spheric Guardian","floor":20.0,"turns":3.0},{"damage":3.0,"enemies":"Snake Plant","floor":21.0,"turns":2.0},{"damage":2.0,"enemies":"Slavers","floor":24.0,"turns":5.0},{"damage":10.0,"enemies":"Shelled Parasite and Fungi","floor":25.0,"turns":5.0},{"damage":0.0,"enemies":"3 Cultists","floor":27.0,"turns":3.0},{"damage":3.0,"enemies":"Snake Plant","floor":30.0,"turns":2.0},{"damage":3.0,"enemies":"Chosen and Byrds","floor":31.0,"turns":5.0},{"damage":25.0,"enemies":"Collector","floor":33.0,"turns":11.0},{"damage":0.0,"enemies":"Orb Walker","floor":35.0,"turns":1.0},{"damage":0.0,"enemies":"Mind Bloom Boss Battle","floor":36.0,"turns":6.0},{"damage":0.0,"enemies":"3 Shapes","floor":38.0,"turns":3.0},{"damage":0.0,"enemies":"Giant Head","floor":40.0,"turns":6.0},{"damage":0.0,"enemies":"Spire Growth","floor":41.0,"turns":4.0},{"damage":0.0,"enemies":"Sphere and 2 Shapes","floor":42.0,"turns":2.0},{"damage":0.0,"enemies":"Writhing Mass","floor":44.0,"turns":3.0},{"damage":0.0,"enemies":"Reptomancer","floor":45.0,"turns":5.0},{"damage":0.0,"enemies":"Spire Growth","floor":47.0,"turns":2.0},{"damage":0.0,"enemies":"Giant Head","floor":48.0,"turns":5.0},{"damage":1.0,"enemies":"Time Eater","floor":50.0,"turns":11.0},{"damage":0.0,"enemies":"Donu and Deca","floor":51.0,"turns":6.0},{"damage":0.0,"enemies":"Shield and Spear","floor":55.0,"turns":5.0},{"damage":0,"enemies":"The Heart","floor":56,"turns":7}],"seed_played":"5442120335836511985","potions_obtained":[{"floor":1.0,"key":"FairyPotion"},{"floor":11.0,"key":"Swift Potion"},{"floor":29.0,"key":"Fruit Juice"},{"floor":29.0,"key":"EntropicBrew"},{"floor":33.0,"key":"BlessingOfTheForge"},{"floor":36.0,"key":"SmokeBomb"},{"floor":37.0,"key":"EntropicBrew"},{"floor":42.0,"key":"AttackPotion"},{"floor":45.0,"key":"BlessingOfTheForge"},{"floor":55.0,"key":"SpeedPotion"}],"is_trial":false,"path_per_floor":["M","M","?","$","?","R","?","M","T","R","E","M","R","M","R","B",null,"M","$","M","M","?","R","E","M","T","M","R","?","M","M","R","B",null,"M","?","?","M","$","E","M","M","T","M","E","R","M","E","R","B","B",null,"R","$","E","B",null],"character_chosen":"THE_SILENT","items_purchased":["Eviscerate","Toxic Egg 2","Escape Plan+1","Outmaneuver+1","SpeedPotion"],"campfire_rested":0,"item_purchase_floors":[4,19,39,54,54],"current_hp_per_floor":[59,59,52,52,57,57,46,46,46,46,22,22,22,22,22,5,55,55,55,55,52,52,52,50,40,40,40,40,45,42,39,39,14,61,61,61,61,61,61,61,61,61,61,61,61,61,61,61,61,60,60,72,72,72,72,72],"gold":48,"neow_bonus":"THREE_ENEMY_KILL","is_daily":false,"chose_seed":false,"campfire_upgraded":7,"win_rate":0.0,"timestamp":1613642120,"path_taken":["M","M","?","$","?","R","?","?","T","R","E","M","R","M","R","BOSS","M","$","M","M","?","R","E","M","T","M","R","?","?","M","R","BOSS","M","?","?","M","$","E","?","M","T","M","E","R","M","E","R","BOSS","BOSS","R","$","E","BOSS"],"items_purchased_type":["Card","Relic","Card","Card","Potion"],"build_version":"2020-12-22","purchased_purges":3,"victory":true,"max_hp_per_floor":[66,66,66,66,71,71,71,71,71,71,71,71,71,71,71,71,71,71,71,71,71,71,71,71,71,71,71,71,76,76,76,76,76,76,76,76,76,76,76,76,76,76,76,76,76,76,76,76,76,76,76,76,76,76,76,76],"card_choices":[{"not_picked":["Acrobatics","Riddle With Holes"],"picked":"Masterful Stab","floor":1.0},{"not_picked":["Flechettes","Caltrops"],"picked":"Well Laid Plans","floor":2.0},{"not_picked":["Backflip","Expertise"],"picked":"Escape Plan","floor":8.0},{"not_picked":["Terror","Slice"],"picked":"Acrobatics","floor":11.0},{"not_picked":["Outmaneuver","Underhanded Strike"],"picked":"Dagger Throw","floor":12.0},{"not_picked":["PiercingWail","Deadly Poison","Sucker Punch"],"picked":"SKIP","floor":12.0},{"not_picked":["Caltrops","Poisoned Stab","Wraith Form v2"],"picked":"SKIP","floor":14.0},{"not_picked":["Riddle With Holes","Poisoned Stab","Blade Dance"],"picked":"SKIP","floor":14.0},{"not_picked":["Wraith Form v2","Glass Knife"],"picked":"Adrenaline","floor":16.0},{"not_picked":["Escape Plan","Catalyst"],"picked":"Deflect+1","floor":18.0},{"not_picked":["Outmaneuver","Bane"],"picked":"Calculated Gamble","floor":18.0},{"not_picked":["Underhanded Strike","Skewer","Poisoned Stab"],"picked":"SKIP","floor":20.0},{"not_picked":["Bane","Bullet Time+1","Leg Sweep+1"],"picked":"SKIP","floor":20.0},{"not_picked":["Sucker Punch","PiercingWail+1","Deadly Poison+1"],"picked":"SKIP","floor":21.0},{"not_picked":["Slice","Poisoned Stab+1","Dodge and Roll+1"],"picked":"SKIP","floor":21.0},{"not_picked":["Choke","Sucker Punch"],"picked":"Blur+1","floor":24.0},{"not_picked":["Underhanded Strike","Footwork"],"picked":"Acrobatics+1","floor":25.0},{"not_picked":["Bane","Quick Slash+1","Dagger Spray"],"picked":"SKIP","floor":25.0},{"not_picked":["Dodge and Roll+1","Catalyst+1"],"picked":"Prepared+1","floor":27.0},{"not_picked":["Dagger Spray","Prepared+1","Setup+1"],"picked":"SKIP","floor":27.0},{"not_picked":["Terror+1","Backstab"],"picked":"Backflip+1","floor":30.0},{"not_picked":["Tools of the Trade","Noxious Fumes"],"picked":"Calculated Gamble+1","floor":30.0},{"not_picked":["Underhanded Strike","Prepared+1","Dash"],"picked":"SKIP","floor":31.0},{"not_picked":["Leg Sweep+1","Dodge and Roll+1","Prepared+1"],"picked":"SKIP","floor":31.0},{"not_picked":["Phantasmal Killer+1","Die Die Die"],"picked":"Burst+1","floor":33.0},{"not_picked":["Underhanded Strike+1","Flying Knee","PiercingWail+1"],"picked":"SKIP","floor":35.0},{"not_picked":["Eviscerate","Distraction+1","Dodge and Roll+1"],"picked":"SKIP","floor":35.0},{"not_picked":["Deadly Poison+1","Flying Knee","Unload"],"picked":"SKIP","floor":38.0},{"not_picked":["Prepared+1","Distraction+1","Deadly Poison+1"],"picked":"SKIP","floor":38.0},{"not_picked":["Sucker Punch","Backflip+1","Leg Sweep+1"],"picked":"SKIP","floor":40.0},{"not_picked":["Sucker Punch","Leg Sweep+1"],"picked":"Backflip+1","floor":40.0},{"not_picked":["PiercingWail+1","Acrobatics+1"],"picked":"Deflect+1","floor":41.0},{"not_picked":["Dagger Throw","Skewer+1","Dagger Spray"],"picked":"SKIP","floor":41.0},{"not_picked":["PiercingWail+1","Setup+1"],"picked":"Reflex+1","floor":42.0},{"not_picked":["Flying Knee+1","Choke","Dagger Throw"],"picked":"SKIP","floor":42.0},{"not_picked":["Noxious Fumes","Bane+1","Flechettes"],"picked":"SKIP","floor":44.0},{"not_picked":["Doppelganger+1","Quick Slash","Acrobatics+1"],"picked":"SKIP","floor":44.0},{"not_picked":["Quick Slash","Blade Dance+1","Prepared+1"],"picked":"SKIP","floor":45.0},{"not_picked":["Choke","PiercingWail+1","Expertise+1"],"picked":"SKIP","floor":47.0},{"not_picked":["Backflip+1","Wraith Form v2","Flying Knee"],"picked":"SKIP","floor":47.0},{"not_picked":["Wraith Form v2","Flying Knee"],"picked":"Backflip+1","floor":47.0},{"not_picked":["Choke","PiercingWail+1","Expertise+1"],"picked":"SKIP","floor":47.0},{"not_picked":["Cloak And Dagger+1","Blade Dance+1","Backflip+1"],"picked":"SKIP","floor":48.0},{"not_picked":["After Image","Dagger Spray","Flying Knee"],"picked":"SKIP","floor":55.0}],"player_experience":920655,"relics_obtained":[{"floor":9.0,"key":"Bag of Marbles"},{"floor":11.0,"key":"Prayer Wheel"},{"floor":24.0,"key":"The Specimen"},{"floor":36.0,"key":"Peace Pipe"},{"floor":40.0,"key":"Ornamental Fan"},{"floor":43.0,"key":"Letter Opener"},{"floor":45.0,"key":"Shuriken"},{"floor":48.0,"key":"Pen Nib"},{"floor":55.0,"key":"Blue Candle"}],"event_choices":[{"cards_removed":["Strike_G"],"damage_healed":0.0,"max_hp_gain":0.0,"max_hp_loss":0.0,"gold_gain":0.0,"event_name":"Golden Wing","player_choice":"Card Removal","floor":3.0,"gold_loss":0.0,"damage_taken":7.0},{"damage_healed":0.0,"max_hp_gain":5.0,"max_hp_loss":0.0,"gold_gain":0.0,"event_name":"Big Fish","player_choice":"Donut","floor":5.0,"gold_loss":0.0,"damage_taken":0.0},{"damage_healed":0.0,"max_hp_gain":0.0,"max_hp_loss":0.0,"gold_gain":75.0,"event_name":"World of Goop","player_choice":"Gather Gold","floor":7.0,"gold_loss":0.0,"damage_taken":11.0},{"damage_healed":0.0,"max_hp_gain":0.0,"max_hp_loss":0.0,"gold_gain":0.0,"event_name":"The Library","player_choice":"Read","floor":22.0,"gold_loss":0.0,"damage_taken":0.0,"cards_obtained":["Prepared"]},{"damage_healed":0.0,"max_hp_gain":0.0,"max_hp_loss":0.0,"gold_gain":0.0,"event_name":"Lab","player_choice":"Got Potions","floor":29.0,"gold_loss":0.0,"damage_taken":0.0},{"damage_healed":0.0,"max_hp_gain":0.0,"max_hp_loss":0.0,"gold_gain":0.0,"event_name":"MindBloom","player_choice":"Fight","floor":36.0,"gold_loss":0.0,"damage_taken":0.0},{"damage_healed":0.0,"max_hp_gain":0.0,"max_hp_loss":0.0,"gold_gain":0.0,"event_name":"The Woman in Blue","player_choice":"Bought 1 Potion","floor":37.0,"gold_loss":0.0,"damage_taken":0.0}],"is_beta":false,"boss_relics":[{"not_picked":["SlaversCollar","Velvet Choker"],"picked":"Empty Cage"},{"not_picked":["Coffee Dripper","Pandora\u0027s Box"],"picked":"Fusion Hammer"}],"items_purged_floors":[4,39,54],"is_endless":false,"potions_floor_spawned":[1,11,14,18,21,27,33,35,36,42,45,48,55],"ascension_level":20}}