{"host":"lqrb1yojfbnm12si","time":1613658275,"event":{"mods":["A Penny For Your Troubles","AchievementEnabler","BaseMod","Bestiary","Better Third Choice","Block Reminder","Colored Map","Hermit","Keyboard Shortcuts","Minty Spire (QoL Compilation)","Shapeshifter Mod","StSLib"],"gold_per_floor":[109,109,126,226,71,97,97,110,110,121,148,148,3,22,22,117,117,137,149,149,167,13,13,32,32,32,45,45,45],"floor_reached":28,"language":"ENG","playtime":3276,"items_purged":[],"score":255,"play_id":"99bcff63-4214-4b8a-aa2d-16d42f7ad2c1","local_time":"20210218152435","is_ascension_mode":false,"campfire_choices":[{"data":"StSShapeShifter:Rabid","floor":7,"key":"SMITH"},{"floor":12,"key":"REST"},{"data":"StSShapeShifter:RockSlide","floor":15,"key":"SMITH"},{"floor":23,"key":"REST"},{"floor":25,"key":"REST"}],"circlet_count":0,"master_deck":["StSShapeShifter:ShapeShifter_Strike","StSShapeShifter:ShapeShifter_Strike","StSShapeShifter:ShapeShifter_Strike","StSShapeShifter:ShapeShifter_Strike","StSShapeShifter:ShapeShifter_Strike","StSShapeShifter:ShapeShifter_Defend","StSShapeShifter:ShapeShifter_Defend","StSShapeShifter:ShapeShifter_Defend","StSShapeShifter:ShapeShifter_Defend","StSShapeShifter:ShapeShifter_Defend","StSShapeShifter:Tortoise_Form","StSShapeShifter:Lynx_Form","StSShapeShifter:OakBlade","StSShapeShifter:RockSlide+1","StSShapeShifter:EagleForm","StSShapeShifter:MonkeyForm","StSShapeShifter:Rabid+1","StSShapeShifter:BurstOfLifeEscapeDeath","StSShapeShifter:ShiftingStrike","StSShapeShifter:Guard","StSShapeShifter:SpiritOfTheEarth+1","StSShapeShifter:PhoenixForm","StSShapeShifter:Evolution+1","StSShapeShifter:LionForm","StSShapeShifter:DeepWound+1","StSShapeShifter:RatForm+1"],"relics":["StSShapeShifter:AnimalHeart","StSShapeShifter:TheShapeShiftersMagnolia","NeowsBlessing","Bottled Tornado","InkBottle","Frozen Egg 2","Regal Pillow","Art of War"],"acts_visited":["Exordium","TheCity"],"potions_floor_usage":[11,11,16,19,20,21,28,28,28],"damage_taken":[{"damage":0,"enemies":"Jaw Worm","floor":1,"turns":1},{"damage":0,"enemies":"Cultist","floor":3,"turns":1},{"damage":0,"enemies":"Lagavulin","floor":6,"turns":1},{"damage":2,"enemies":"Small Slimes","floor":8,"turns":4},{"damage":3,"enemies":"Red Slaver","floor":10,"turns":4},{"damage":18,"enemies":"Gremlin Nob","floor":11,"turns":5},{"damage":6,"enemies":"2 Fungi Beasts","floor":14,"turns":3},{"damage":43,"enemies":"Slime Boss","floor":16,"turns":11},{"damage":24,"enemies":"Shell Parasite","floor":18,"turns":15},{"damage":24,"enemies":"3 Byrds","floor":19,"turns":10},{"damage":0,"enemies":"Snecko","floor":21,"turns":5},{"damage":28,"enemies":"Snake Plant","floor":24,"turns":5},{"damage":31,"enemies":"Chosen and Byrds","floor":27,"turns":5},{"damage":32,"enemies":"Colosseum Slavers","floor":28,"turns":5},{"damage":21,"enemies":"Colosseum Nobs","floor":28,"turns":4}],"seed_played":"-4861561694284353634","potions_obtained":[{"floor":3,"key":"ColorlessPotion"},{"floor":10,"key":"Fire Potion"},{"floor":14,"key":"AttackPotion"},{"floor":16,"key":"Weak Potion"},{"floor":18,"key":"AttackPotion"},{"floor":20,"key":"FearPotion"},{"floor":20,"key":"Fruit Juice"},{"floor":20,"key":"Strength Potion"},{"floor":27,"key":"BlessingOfTheForge"}],"is_trial":false,"path_per_floor":["M","?","M","?","$","E","R","M","T","M","E","R","$","M","R","B",null,"M","M","?","M","$","R","M","R","T","M","?"],"character_chosen":"SHAPESHIFTER","items_purchased":["StSShapeShifter:EagleForm","StSShapeShifter:MonkeyForm","StSShapeShifter:Rabid","StSShapeShifter:PhoenixForm","StSShapeShifter:Evolution+1","Regal Pillow"],"campfire_rested":3,"item_purchase_floors":[5,5,5,13,13,22],"current_hp_per_floor":[78,78,78,78,78,78,78,76,76,73,55,78,78,72,72,29,78,54,30,35,35,35,74,46,83,83,52,0,0],"gold":45,"neow_bonus":"THREE_ENEMY_KILL","is_daily":false,"chose_seed":false,"campfire_upgraded":2,"win_rate":0.0,"timestamp":1613658275,"path_taken":["M","?","M","?","$","E","R","M","T","?","E","R","$","M","R","BOSS","M","M","?","?","?","R","M","R","T","M","?"],"items_purchased_type":["Card","Card","Card","Card","Card","Relic"],"build_version":"2020-12-22","purchased_purges":0,"victory":false,"max_hp_per_floor":[78,78,78,78,78,78,78,78,78,78,78,78,78,78,78,78,78,78,78,83,83,83,83,83,83,83,83,83,83],"card_choices":[{"not_picked":["StSShapeShifter:FallingLeaves","StSShapeShifter:Maul"],"picked":"StSShapeShifter:OakBlade","floor":1},{"not_picked":["StSShapeShifter:VileMushroom","StSShapeShifter:ShiftingStrike"],"picked":"StSShapeShifter:RockSlide","floor":3},{"not_picked":["StSShapeShifter:ThrashAbout","StSShapeShifter:RockSlide"],"picked":"StSShapeShifter:BurstOfLifeEscapeDeath","floor":6},{"not_picked":["StSShapeShifter:ThornToss","StSShapeShifter:SunflowerShuriken"],"picked":"StSShapeShifter:ShiftingStrike","floor":8},{"not_picked":["StSShapeShifter:VineHandcuffs","StSShapeShifter:Roar"],"picked":"StSShapeShifter:Guard","floor":10},{"not_picked":["StSShapeShifter:Roar","StSShapeShifter:PantherForm"],"picked":"StSShapeShifter:SpiritOfTheEarth+1","floor":11},{"not_picked":["StSShapeShifter:BaskInBloom+1","StSShapeShifter:VineHandcuffs","StSShapeShifter:Vengeance"],"picked":"SKIP","floor":14},{"not_picked":["StSShapeShifter:WolfsBane+1","StSShapeShifter:MooseForm"],"picked":"StSShapeShifter:LionForm","floor":16},{"not_picked":["StSShapeShifter:BurstingSpore+1","StSShapeShifter:PoisonIvy+1"],"picked":"StSShapeShifter:DeepWound+1","floor":18},{"not_picked":["StSShapeShifter:FoxForm","StSShapeShifter:LeapingSlash+1","StSShapeShifter:Bonk"],"picked":"SKIP","floor":19},{"not_picked":["StSShapeShifter:BloomingSlash","StSShapeShifter:Rest","StSShapeShifter:MonkeyForm"],"picked":"SKIP","floor":21},{"not_picked":["StSShapeShifter:MonkeyForm","StSShapeShifter:DeerForm","StSShapeShifter:RockSlide"],"picked":"SKIP","floor":24},{"not_picked":["StSShapeShifter:SpiritOfTheEarth+1","StSShapeShifter:ReplenishingNectar"],"picked":"StSShapeShifter:RatForm+1","floor":27}],"player_experience":84399,"relics_obtained":[{"floor":6,"key":"Bottled Tornado"},{"floor":9,"key":"InkBottle"},{"floor":11,"key":"Frozen Egg 2"},{"floor":26,"key":"Art of War"}],"event_choices":[{"damage_healed":0,"gold_gain":0,"player_choice":"Leave","damage_taken":0,"max_hp_gain":0,"max_hp_loss":0,"event_name":"The Cleric","floor":2,"gold_loss":0},{"damage_healed":0,"gold_gain":100,"player_choice":"Pray","damage_taken":0,"max_hp_gain":0,"max_hp_loss":0,"event_name":"Golden Shrine","floor":4,"gold_loss":0},{"damage_healed":0,"gold_gain":0,"player_choice":"Got Potions","damage_taken":0,"max_hp_gain":0,"max_hp_loss":0,"event_name":"Lab","floor":20,"gold_loss":0},{"damage_healed":0,"gold_gain":0,"player_choice":"Fight","damage_taken":0,"max_hp_gain":0,"max_hp_loss":0,"event_name":"Colosseum","floor":28,"gold_loss":0},{"damage_healed":0,"gold_gain":0,"player_choice":"Fought Nobs","damage_taken":0,"max_hp_gain":0,"max_hp_loss":0,"event_name":"Colosseum","floor":28,"gold_loss":0}],"is_beta":false,"boss_relics":[{"not_picked":["Runic Pyramid","Ectoplasm","Fusion Hammer"]}],"items_purged_floors":[],"is_endless":false,"potions_floor_spawned":[3,10,14,16,18,27,28],"killed_by":"Colosseum Nobs","ascension_level":0}}