{"host":"f5gffvlv6a66yqkd","time":1613659208,"event":{"mods":["2.2 Compatiblity","BaseMod","Colored Map","Custom Start","DeckTracker","Keyboard Shortcuts","Minty Spire (QoL Compilation)","Permanent Neow","Quick Restart","Relic Stats","StSLib","SuperFastMode"],"gold_per_floor":[117,128,140,150,160,160,171,199,223,238,238,238,238,238,238,329,329,352,387,387,405,90,129,129,145,226,240,240,255,275,291,291,291,291],"floor_reached":33,"language":"KOR","playtime":839,"items_purged":["Strike_P+1"],"score":491,"play_id":"b2bd1509-ffd1-4625-80dd-79c9112bceff","local_time":"20210218234008","is_ascension_mode":true,"campfire_choices":[{"data":"Eruption","floor":6.0,"key":"SMITH"},{"floor":11.0,"key":"REST"},{"data":"Adaptation","floor":13.0,"key":"SMITH"},{"data":"TalkToTheHand","floor":15.0,"key":"SMITH"},{"data":"MentalFortress","floor":24,"key":"SMITH"},{"data":"FearNoEvil","floor":28,"key":"SMITH"},{"floor":32,"key":"REST"}],"circlet_count":0,"master_deck":["AscendersBane","Strike_P+1","Strike_P+1","Strike_P+1","Defend_P+1","Defend_P+1","Defend_P+1","Defend_P+1","Eruption+1","Vigilance","CutThroughFate","FlurryOfBlows","Adaptation+1","TalkToTheHand+1","Vault+1","FearNoEvil+1","EmptyMind+1","MentalFortress+1","Normality"],"relics":["PureWater","Potion Belt","Bronze Scales","Golden Idol","Cursed Key","Red Mask","War Paint","Pen Nib"],"acts_visited":["Exordium","TheCity"],"potions_floor_usage":[23],"damage_taken":[{"damage":0.0,"enemies":"2 Louse","floor":1.0,"turns":2.0},{"damage":0.0,"enemies":"Jaw Worm","floor":2.0,"turns":1.0},{"damage":0.0,"enemies":"Cultist","floor":3.0,"turns":2.0},{"damage":3.0,"enemies":"Large Slime","floor":4.0,"turns":4.0},{"damage":6.0,"enemies":"Looter","floor":5.0,"turns":4.0},{"damage":0.0,"enemies":"Exordium Thugs","floor":7.0,"turns":3.0},{"damage":25.0,"enemies":"3 Sentries","floor":8.0,"turns":5.0},{"damage":11.0,"enemies":"Exordium Wildlife","floor":10.0,"turns":4.0},{"damage":34.0,"enemies":"The Guardian","floor":16.0,"turns":10.0},{"damage":1.0,"enemies":"3 Byrds","floor":18.0,"turns":3.0},{"damage":7.0,"enemies":"Masked Bandits","floor":19.0,"turns":4.0},{"damage":3,"enemies":"2 Thieves","floor":21,"turns":4},{"damage":2,"enemies":"Slavers","floor":23,"turns":5},{"damage":0,"enemies":"Snake Plant","floor":25,"turns":4},{"damage":1,"enemies":"Centurion and Healer","floor":27,"turns":4},{"damage":4,"enemies":"3 Cultists","floor":29,"turns":5},{"damage":10,"enemies":"Snecko","floor":30,"turns":5},{"damage":2,"enemies":"Cultist and Chosen","floor":31,"turns":5},{"damage":37,"enemies":"Champ","floor":33,"turns":7}],"seed_played":"-9179502745594020523","potions_obtained":[{"floor":1.0,"key":"Ambrosia"},{"floor":3.0,"key":"StancePotion"},{"floor":8.0,"key":"SkillPotion"},{"floor":10.0,"key":"StancePotion"},{"floor":19.0,"key":"BottledMiracle"},{"floor":21,"key":"SpeedPotion"},{"floor":27,"key":"Swift Potion"},{"floor":30,"key":"Weak Potion"}],"is_trial":false,"path_per_floor":["M","M","M","M","M","R","M","E","T","M","R","?","R","?","R","B",null,"M","?","?","M","$","E","R","M","T","M","R","M","M","M","R","B"],"character_chosen":"WATCHER","items_purchased":["MentalFortress","War Paint"],"campfire_rested":2,"item_purchase_floors":[22,22],"current_hp_per_floor":[61,61,61,58,52,52,52,27,27,16,36,36,36,36,36,2,47,46,39,39,36,36,34,34,34,34,33,33,29,19,17,35,0,0],"gold":291,"neow_bonus":"THREE_CARDS","is_daily":false,"chose_seed":false,"campfire_upgraded":5,"win_rate":0.0,"timestamp":1613659208,"path_taken":["M","M","M","M","M","R","M","E","T","M","R","?","R","?","R","BOSS","M","?","?","M","$","E","R","M","T","M","R","M","M","?","R","BOSS"],"items_purchased_type":["Card","Relic"],"build_version":"2020-12-22","purchased_purges":1,"victory":false,"max_hp_per_floor":[68,68,68,68,68,68,68,68,68,68,68,68,68,62,62,62,62,62,62,62,62,62,62,62,62,62,62,62,62,62,62,62,62,62],"relic_stats":{"counters":[19,81],"Golden Idol":58,"Bronze Scales":[172],"Pen Nib":[8],"War Paint":["Vault","EmptyMind"],"Cursed Key":1,"obtain_stats":[{"Potion Belt":8,"Golden Idol":14,"Bronze Scales":9,"Pen Nib":23,"Red Mask":19,"PureWater":0,"War Paint":22,"Cursed Key":17},{"Potion Belt":7,"Golden Idol":8,"Bronze Scales":7,"Pen Nib":13,"Red Mask":11,"PureWater":0,"War Paint":12,"Cursed Key":9},{"Potion Belt":21,"Golden Idol":25,"Bronze Scales":21,"Pen Nib":51,"Red Mask":42,"PureWater":0,"War Paint":46,"Cursed Key":35}]},"card_choices":[{"not_picked":["EmptyBody","Sanctity"],"picked":"CutThroughFate","floor":0.0},{"not_picked":["Sanctity","Collect"],"picked":"FlurryOfBlows","floor":1.0},{"not_picked":["Sanctity","ReachHeaven","EmptyBody"],"picked":"SKIP","floor":2.0},{"not_picked":["Collect","PathToVictory"],"picked":"Adaptation","floor":3.0},{"not_picked":["Vengeance","Weave","LikeWater"],"picked":"SKIP","floor":4.0},{"not_picked":["PathToVictory","Protect","BowlingBash"],"picked":"SKIP","floor":5.0},{"not_picked":["FlyingSleeves","Collect"],"picked":"TalkToTheHand","floor":7.0},{"not_picked":["Blasphemy","CarveReality"],"picked":"Vault","floor":8.0},{"not_picked":["FollowUp","Nirvana"],"picked":"FearNoEvil","floor":10.0},{"not_picked":["PathToVictory","JustLucky","ThirdEye"],"picked":"SKIP","floor":18.0},{"not_picked":["EmptyMind","Consecrate","BowlingBash"],"picked":"SKIP","floor":21},{"not_picked":["Consecrate","BowlingBash"],"picked":"EmptyMind","floor":21},{"not_picked":["Perseverance","FollowUp","Swivel"],"picked":"SKIP","floor":23},{"not_picked":["ThirdEye","FollowUp","JustLucky+1"],"picked":"SKIP","floor":25},{"not_picked":["Meditate","Halt","Swivel"],"picked":"SKIP","floor":27},{"not_picked":["ReachHeaven+1","SandsOfTime","FearNoEvil"],"picked":"SKIP","floor":29},{"not_picked":["Sanctity","Prostrate","EmptyMind"],"picked":"SKIP","floor":30},{"not_picked":["Swivel","PathToVictory","CrushJoints"],"picked":"SKIP","floor":31}],"player_experience":1494929,"relics_obtained":[{"floor":8.0,"key":"Potion Belt"},{"floor":9.0,"key":"Bronze Scales"},{"floor":19.0,"key":"Red Mask"},{"floor":23,"key":"Pen Nib"}],"event_choices":[{"damage_healed":0.0,"max_hp_gain":0.0,"max_hp_loss":0.0,"gold_gain":0.0,"event_name":"Dead Adventurer","player_choice":"Searched \u00270\u0027 times","floor":12.0,"gold_loss":0.0,"damage_taken":0.0},{"damage_healed":0.0,"max_hp_gain":0.0,"max_hp_loss":6.0,"gold_gain":0.0,"event_name":"Golden Idol","player_choice":"Lose Max HP","floor":14.0,"gold_loss":0.0,"damage_taken":0.0,"relics_obtained":["Golden Idol"]},{"damage_healed":0.0,"max_hp_gain":0.0,"max_hp_loss":0.0,"gold_gain":0.0,"event_name":"Masked Bandits","player_choice":"Fought Bandits","floor":19.0,"gold_loss":0.0,"damage_taken":0.0},{"damage_healed":0.0,"max_hp_gain":0.0,"max_hp_loss":0.0,"gold_gain":0.0,"event_name":"Back to Basics","player_choice":"Simplicity","floor":20.0,"gold_loss":0.0,"damage_taken":0.0,"cards_upgraded":["Strike_P","Strike_P","Strike_P","Strike_P","Defend_P","Defend_P","Defend_P","Defend_P"]}],"is_beta":false,"boss_relics":[{"not_picked":["Ectoplasm","Sozu"],"picked":"Cursed Key"}],"items_purged_floors":[22],"is_endless":false,"potions_floor_spawned":[1,3,5,8,10,19,21,27,30],"killed_by":"Champ","ascension_level":16}}