{"host":"aapp7ew3jk5k1bvd","time":1613641782,"event":{"mods":["AchievementEnabler","BaseMod","Colored Map","Custom Start","Keyboard Shortcuts","Minty Spire (QoL Compilation)","Permanent Neow","Quick Restart","StSLib","SuperFastMode"],"gold_per_floor":[109,109,34,48,62,62,81,81,108,108,118,137,149,166,166,240,240,251,274,329,4,4,4,24,24,24,24,24,39,57,77,77,154,154,171,191,191,191,171,203,203,153,232,232,247,40,56,72,72,72,72],"floor_reached":50,"language":"KOR","playtime":1680,"items_purged":["Regret","Strike_B","Strike_B+1"],"score":864,"play_id":"8ccc1346-9718-4efe-8b1e-5f1e2bd135bb","local_time":"20210218184942","is_ascension_mode":true,"campfire_choices":[{"floor":6.0,"key":"DIG"},{"floor":8.0,"key":"DIG"},{"floor":15.0,"key":"REST"},{"floor":23.0,"key":"DIG"},{"floor":25.0,"key":"DIG"},{"floor":28.0,"key":"REST"},{"floor":32.0,"key":"REST"},{"floor":41.0,"key":"REST"},{"data":"Hologram","floor":44.0,"key":"SMITH"},{"floor":49,"key":"REST"}],"circlet_count":0,"master_deck":["AscendersBane","Defend_B","Defend_B","Defend_B","Defend_B","Zap+1","Dualcast","Gash+1","Streamline","Gash","Skim","Self Repair","Go for the Eyes","Gash","Gash","Seek","Auto Shields","Hologram+1","Seek","Chill","Machine Learning","Panache","Conserve Battery"],"relics":["Cracked Core","Shovel","Tiny Chest","Matryoshka","Anchor","Oddly Smooth Stone","Orichalcum","Smiling Mask","Strawberry","Kunai","Lantern","Pen Nib","Cables","SacredBark","Darkstone Periapt","Whetstone","Blood Vial"],"acts_visited":["Exordium","TheCity","TheBeyond"],"potions_floor_usage":[],"damage_taken":[{"damage":3.0,"enemies":"Cultist","floor":1.0,"turns":4.0},{"damage":2.0,"enemies":"Jaw Worm","floor":4.0,"turns":4.0},{"damage":7.0,"enemies":"Small Slimes","floor":5.0,"turns":3.0},{"damage":6.0,"enemies":"Looter","floor":7.0,"turns":2.0},{"damage":16.0,"enemies":"Exordium Thugs","floor":11.0,"turns":5.0},{"damage":19.0,"enemies":"Gremlin Gang","floor":12.0,"turns":4.0},{"damage":0.0,"enemies":"Looter","floor":13.0,"turns":3.0},{"damage":2.0,"enemies":"Large Slime","floor":14.0,"turns":4.0},{"damage":38.0,"enemies":"Hexaghost","floor":16.0,"turns":8.0},{"damage":27.0,"enemies":"3 Byrds","floor":18.0,"turns":5.0},{"damage":15.0,"enemies":"Shell Parasite","floor":24.0,"turns":4.0},{"damage":32.0,"enemies":"Snecko","floor":29.0,"turns":7.0},{"damage":12.0,"enemies":"3 Cultists","floor":30.0,"turns":5.0},{"damage":5.0,"enemies":"Centurion and Healer","floor":31.0,"turns":5.0},{"damage":46.0,"enemies":"Champ","floor":33.0,"turns":9.0},{"damage":0.0,"enemies":"3 Shapes","floor":35.0,"turns":7.0},{"damage":1.0,"enemies":"Orb Walker","floor":36.0,"turns":4.0},{"damage":69.0,"enemies":"Nemesis","floor":40.0,"turns":11.0},{"damage":13.0,"enemies":"Spire Growth","floor":45.0,"turns":5.0},{"damage":14,"enemies":"Spire Growth","floor":47,"turns":5},{"damage":0,"enemies":"Maw","floor":48,"turns":6},{"damage":61,"enemies":"Time Eater","floor":50,"turns":8}],"seed_played":"-2405065491570736092","potions_obtained":[{"floor":1.0,"key":"LiquidMemories"},{"floor":7.0,"key":"SteroidPotion"},{"floor":12.0,"key":"Weak Potion"},{"floor":14.0,"key":"Explosive Potion"},{"floor":24.0,"key":"Block Potion"},{"floor":36.0,"key":"BlessingOfTheForge"},{"floor":39.0,"key":"Fruit Juice"},{"floor":45.0,"key":"SneckoOil"}],"is_trial":false,"path_per_floor":["M","?","$","M","M","R","M","R","T","?","M","M","M","M","R","B",null,"M","T","T","$","?","R","M","R","T","?","R","M","M","M","R","B",null,"M","M","T","?","?","E","R","$","T","R","M","$","M","M","R","B"],"character_chosen":"DEFECT","items_purchased":["Kunai","Panache"],"campfire_rested":5,"item_purchase_floors":[21,46],"current_hp_per_floor":[61,61,61,59,52,52,46,46,46,46,30,18,25,30,51,20,58,38,38,45,45,45,45,37,37,37,37,60,35,30,32,55,16,63,70,76,76,76,86,24,50,50,50,50,44,44,39,48,74,15,15],"gold":72,"neow_bonus":"ONE_RARE_RELIC","is_daily":false,"chose_seed":false,"campfire_upgraded":1,"win_rate":0.0,"timestamp":1613641782,"path_taken":["M","?","$","M","?","R","M","R","T","?","M","M","?","M","R","BOSS","M","?","?","$","?","R","M","R","T","?","R","?","M","M","R","BOSS","M","M","?","?","?","E","R","$","T","R","?","$","?","M","R","BOSS"],"items_purchased_type":["Relic","Card"],"build_version":"2020-12-22","purchased_purges":3,"victory":false,"max_hp_per_floor":[71,71,71,71,71,71,71,71,71,71,71,71,71,71,71,71,71,71,71,78,78,78,78,78,78,78,78,78,78,78,78,78,78,78,78,78,78,78,88,88,88,88,88,88,88,88,88,88,88,88,88],"card_choices":[{"not_picked":["BootSequence","Streamline"],"picked":"Gash","floor":1.0},{"not_picked":["Lockon","Redo"],"picked":"Streamline","floor":4.0},{"not_picked":["Blizzard","Ball Lightning"],"picked":"Gash","floor":5.0},{"not_picked":["Steam Power","Double Energy"],"picked":"Skim","floor":7.0},{"not_picked":["Rebound","Echo Form"],"picked":"Self Repair","floor":11.0},{"not_picked":["Barrage","Leap"],"picked":"Go for the Eyes","floor":12.0},{"not_picked":["Undo","Leap"],"picked":"Gash","floor":13.0},{"not_picked":["Turbo","Rip and Tear"],"picked":"Gash","floor":14.0},{"not_picked":["Multi-Cast","Fission"],"picked":"Seek","floor":16.0},{"not_picked":["Ball Lightning","Coolheaded"],"picked":"Auto Shields","floor":18.0},{"not_picked":["Doom and Gloom","Compile Driver"],"picked":"Hologram","floor":24.0},{"not_picked":["Doom and Gloom","Defragment+1","Leap"],"picked":"SKIP","floor":29.0},{"not_picked":["Turbo","White Noise","Streamline"],"picked":"SKIP","floor":30.0},{"not_picked":["Leap","Barrage","Rebound"],"picked":"SKIP","floor":31.0},{"not_picked":["Multi-Cast","Amplify"],"picked":"Seek","floor":33.0},{"not_picked":["Leap","Compile Driver","Chaos+1"],"picked":"SKIP","floor":35.0},{"not_picked":["Heatsinks+1","Rebound+1"],"picked":"Chill","floor":36.0},{"not_picked":["Barrage","Rip and Tear"],"picked":"Machine Learning","floor":40.0},{"not_picked":["Hello World+1","Aggregate+1","Go for the Eyes"],"picked":"SKIP","floor":47},{"not_picked":["Steam","Streamline"],"picked":"Conserve Battery","floor":48}],"player_experience":1019616,"relics_obtained":[{"floor":6.0,"key":"Tiny Chest"},{"floor":8.0,"key":"Matryoshka"},{"floor":9.0,"key":"Anchor"},{"floor":9.0,"key":"Oddly Smooth Stone"},{"floor":19.0,"key":"Orichalcum"},{"floor":19.0,"key":"Smiling Mask"},{"floor":20.0,"key":"Strawberry"},{"floor":23.0,"key":"Lantern"},{"floor":25.0,"key":"Pen Nib"},{"floor":26.0,"key":"Cables"},{"floor":37.0,"key":"Darkstone Periapt"},{"floor":40.0,"key":"Whetstone"},{"floor":45.0,"key":"Blood Vial"}],"event_choices":[{"damage_healed":0.0,"max_hp_gain":0.0,"max_hp_loss":0.0,"gold_gain":0.0,"event_name":"Accursed Blacksmith","player_choice":"Forge","floor":2.0,"gold_loss":0.0,"damage_taken":0.0,"cards_upgraded":["Zap"]},{"cards_removed":["Strike_B"],"damage_healed":0.0,"max_hp_gain":0.0,"max_hp_loss":0.0,"gold_gain":0.0,"event_name":"Bonfire Elementals","player_choice":"Offered Basic","floor":10.0,"gold_loss":0.0,"damage_taken":0.0},{"damage_healed":0.0,"max_hp_gain":0.0,"max_hp_loss":0.0,"gold_gain":0.0,"event_name":"The Mausoleum","player_choice":"Ignored","floor":22.0,"gold_loss":0.0,"damage_taken":0.0},{"cards_removed":["Strike_B"],"damage_healed":0.0,"max_hp_gain":0.0,"max_hp_loss":0.0,"gold_gain":0.0,"event_name":"Purifier","player_choice":"Purged","floor":27.0,"gold_loss":0.0,"damage_taken":0.0},{"damage_healed":0.0,"max_hp_gain":0.0,"max_hp_loss":0.0,"gold_gain":0.0,"event_name":"Tomb of Lord Red Mask","player_choice":"Ignored","floor":38.0,"gold_loss":0.0,"damage_taken":0.0},{"damage_healed":0.0,"max_hp_gain":0.0,"max_hp_loss":0.0,"gold_gain":0.0,"event_name":"The Woman in Blue","player_choice":"Bought 1 Potion","floor":39.0,"gold_loss":0.0,"damage_taken":0.0}],"is_beta":false,"boss_relics":[{"not_picked":["Philosopher\u0027s Stone","Busted Crown","Sozu"]},{"not_picked":["SlaversCollar","Nuclear Battery"],"picked":"SacredBark"}],"items_purged_floors":[3,21,42],"is_endless":false,"potions_floor_spawned":[1,7,12,14,16,18,24,36,45],"killed_by":"Time Eater","ascension_level":16}}