{"host":"rq6soridv5n2augj","time":1613650181,"event":{"mods":["BaseMod","Downfall","Googly Eyes","Hermit","Marisa????????","Minty Spire (QoL Compilation)","READ ME - Guardian Mod","Remilia??????","Replay The Spire","StSLib","The Animator","The Cursed","The Hierophant","The Necromancer","The Senshi","The Servant 0.9.4"],"gold_per_floor":[11,86,109,137,149,196,238,250,287,299,311,338,385,472,484,625,737,664,676,688,394,410,410,410,426,451,451,119,142,167,180,180,306,331,352,373,29,29,29,98,98,98,123,123,123,456,466,479,479,479,479],"floor_reached":50,"language":"ENG","playtime":2953,"items_purged":["animator:Strike","animator:Strike","Sickly"],"score":518,"play_id":"9f3bc49b-b97d-4809-a940-c17346845bf3","local_time":"20210218040941","is_ascension_mode":false,"campfire_choices":[{"floor":8.0,"key":"REST"},{"data":"animator:Jibril","floor":10.0,"key":"SMITH"},{"data":"animator:DolaCouronne","floor":23.0,"key":"SMITH"},{"floor":27.0,"key":"REST"},{"floor":32.0,"key":"REST"},{"floor":41.0,"key":"REST"},{"data":"animator:Saber","floor":44,"key":"SMITH"},{"floor":49,"key":"REST"}],"circlet_count":0,"master_deck":["animator:Strike_NoGameNoLife","animator:Defend_NoGameNoLife","animator:Defend","animator:Defend","animator:DolaSchwi+1","animator:DolaCouronne+1","animator:Sonic","animator:DolaSchwi","animator:TukaLunaMarceau","animator:Gilgamesh+10","animator:Jibril+1","animator:Mitsuba","animator:Albedo","animator:Caster","animator:Arpeggio","animator:MamizouFutatsuiwa","animator:MetalKnight","animator:Urushihara","animator:RinTohsaka","animator:PandorasActor","animator:Saber+1","animator:Tet","Writhe","Wraith","ReplayTheSpireMod:Faulty Equipment","animator:Rider+1"],"relics":["animator:LivingPicture","animator:TheMissingPiece","Oddly Smooth Stone","MawBank","Gremlin Horn","animator:OldCoffin","Replay:Ancient Bell","ReplayFunnel","Pantograph","Unceasing Top","Bronze Scales","Champion Belt","Brimstone","animator:WornHelmet","Cursed Key","Lantern","Paper Frog","Darkstone Periapt"],"acts_visited":["Exordium","TheCity","TheBeyond"],"potions_floor_usage":[],"damage_taken":[{"damage":5.0,"enemies":"Jaw Worm","floor":1.0,"turns":5.0},{"damage":0.0,"enemies":"Small Slimes","floor":4.0,"turns":3.0},{"damage":10.0,"enemies":"3 Sentries","floor":6.0,"turns":6.0},{"damage":0.0,"enemies":"Cultist","floor":7.0,"turns":4.0},{"damage":3.0,"enemies":"2 Fungi Beasts","floor":12.0,"turns":5.0},{"damage":7.0,"enemies":"Large Slime","floor":13.0,"turns":6.0},{"damage":16.0,"enemies":"Hexaghost","floor":16.0,"turns":8.0},{"damage":6.0,"enemies":"Chosen","floor":18.0,"turns":7.0},{"damage":10.0,"enemies":"Shell Parasite","floor":22.0,"turns":5.0},{"damage":2.0,"enemies":"Centurion and Healer","floor":25.0,"turns":9.0},{"damage":8.0,"enemies":"3 Cultists","floor":29.0,"turns":5.0},{"damage":8.0,"enemies":"Sentry and Sphere","floor":31.0,"turns":5.0},{"damage":19.0,"enemies":"Collector","floor":33.0,"turns":7.0},{"damage":20.0,"enemies":"3 Darklings","floor":35.0,"turns":5.0},{"damage":0.0,"enemies":"3 Shapes","floor":36.0,"turns":5.0},{"damage":31.0,"enemies":"R_Hoarder","floor":40.0,"turns":7.0},{"damage":39,"enemies":"Spire Growth","floor":47,"turns":5},{"damage":7,"enemies":"4 Shapes","floor":48,"turns":5},{"damage":54,"enemies":"Awakened One","floor":50,"turns":3}],"seed_played":"-642943711602128274","potions_obtained":[{"floor":2.0,"key":"AttackPotion"},{"floor":2.0,"key":"Dexterity Potion"},{"floor":4.0,"key":"champ:CounterPotion"},{"floor":13.0,"key":"Guardian:BlockOnCardUsePotion"},{"floor":22.0,"key":"Block Potion"},{"floor":29.0,"key":"FearPotion"}],"is_trial":false,"path_per_floor":["M","?","T","M","?","E","M","R","T","R","?","M","M","?","R","B",null,"M","?","?","$","M","R","?","M","T","R","$","M","?","M","R","B",null,"M","M","$","?","?","E","R","?","T","R","?","?","M","M","R","B"],"character_chosen":"THE_ANIMATOR","items_purchased":["animator:Arpeggio","Bronze Scales","Brimstone","animator:Urushihara","Lantern","animator:Tet"],"campfire_rested":5,"item_purchase_floors":[21,21,28,28,37,37],"current_hp_per_floor":[61,61,61,61,45,35,35,54,54,54,54,51,44,33,52,36,66,60,60,60,60,50,50,38,36,36,55,55,47,47,39,58,47,66,46,46,46,63,63,32,51,51,51,51,51,51,12,5,24,0,0],"gold":479,"neow_bonus":"REMOVE_TWO","is_daily":false,"chose_seed":false,"campfire_upgraded":3,"win_rate":0.0,"timestamp":1613650181,"path_taken":["M","?","?","?","?","E","M","R","T","R","?","M","M","?","R","BOSS","M","?","?","$","?","R","?","M","T","R","$","?","?","M","R","BOSS","M","M","$","?","?","E","R","?","T","R","?","?","M","M","R","BOSS"],"items_purchased_type":["Card","Relic","Relic","Card","Relic","Card"],"build_version":"2020-12-22","purchased_purges":3,"victory":false,"max_hp_per_floor":[66,66,66,66,66,66,66,66,66,66,66,66,66,66,66,66,66,66,66,66,66,66,66,66,66,66,66,66,66,66,66,66,66,66,66,66,66,66,66,66,66,66,66,66,66,66,66,66,66,66,66],"card_choices":[{"not_picked":["animator:Yoichi","animator:Melzalgald"],"picked":"animator:Sonic","floor":1.0},{"not_picked":["animator:RinTohsaka","animator:Mikaela"],"picked":"animator:DolaSchwi","floor":2.0},{"not_picked":["animator:IzunaHatsuse","animator:Entoma"],"picked":"animator:TukaLunaMarceau","floor":4.0},{"not_picked":["animator:Evileye","animator:Entoma"],"picked":"animator:Gilgamesh","floor":6.0},{"not_picked":["animator:DolaSchwi","animator:IzunaHatsuse"],"picked":"animator:Jibril","floor":7.0},{"not_picked":["animator:PandorasActor","animator:Jibril","animator:Shigure"],"picked":"SKIP","floor":12.0},{"not_picked":["animator:EmiyaShirou","animator:DolaCouronne"],"picked":"animator:Mitsuba","floor":13.0},{"not_picked":["animator:FeridBathory","animator:PinaCoLada"],"picked":"animator:Albedo","floor":16.0},{"not_picked":["AbeCurse","Wrath_TH"],"picked":"ReplayTheSpireMod:IOU","floor":17.0},{"not_picked":["Looming Evil","downfall:Malfunctioning"],"picked":"downfall:Icky","floor":17.0},{"not_picked":["Envy_TH","Replay:Hysterical Blindness"],"picked":"Sickly","floor":17.0},{"not_picked":["animator:DolaStephanie","animator:DolaRiku+1"],"picked":"animator:Caster","floor":18.0},{"not_picked":["animator:RinTohsaka+1","animator:Mitsuba"],"picked":"animator:MetalKnight","floor":25.0},{"not_picked":["animator:CrowleyEusford","animator:SilverFang"],"picked":"animator:RinTohsaka","floor":29.0},{"not_picked":["animator:DolaStephanie","animator:Emonzaemon"],"picked":"animator:PandorasActor","floor":31.0},{"not_picked":["animator:Albedo","animator:Guren"],"picked":"animator:Saber","floor":33.0},{"not_picked":["animator:Yoichi","animator:Entoma","animator:Alexander+1"],"picked":"SKIP","floor":36.0},{"not_picked":["animator:DolaSchwi+1","animator:IzunaHatsuse","animator:CrowleyEusford"],"picked":"SKIP","floor":40.0},{"not_picked":["animator:Entoma+1","animator:DolaSchwi"],"picked":"animator:Rider+1","floor":47}],"player_experience":401787,"relics_obtained":[{"floor":2.0,"key":"Oddly Smooth Stone"},{"floor":3.0,"key":"MawBank"},{"floor":6.0,"key":"Gremlin Horn"},{"floor":9.0,"key":"animator:OldCoffin"},{"floor":26.0,"key":"Champion Belt"},{"floor":40.0,"key":"Paper Frog"},{"floor":43,"key":"Darkstone Periapt"}],"event_choices":[{"damage_healed":0.0,"max_hp_gain":0.0,"max_hp_loss":0.0,"gold_gain":0.0,"event_name":"Golden Idol","player_choice":"Take Damage","floor":5.0,"gold_loss":0.0,"damage_taken":16.0,"relics_obtained":["Golden Idol"]},{"damage_healed":0.0,"max_hp_gain":0.0,"max_hp_loss":0.0,"gold_gain":75.0,"event_name":"World of Goop","player_choice":"Gather Gold","floor":14.0,"gold_loss":0.0,"damage_taken":11.0},{"cards_removed":["Sickly"],"damage_healed":0.0,"max_hp_gain":0.0,"max_hp_loss":0.0,"gold_gain":0.0,"event_name":"The Cursed Forest","player_choice":"Removed","floor":19.0,"gold_loss":0.0,"damage_taken":0.0},{"cards_removed":["Sickly"],"damage_healed":0.0,"max_hp_gain":0.0,"max_hp_loss":0.0,"gold_gain":0.0,"event_name":"The Cursed Forest","player_choice":"Removed","floor":19.0,"gold_loss":0.0,"damage_taken":0.0},{"cards_removed":["downfall:Icky"],"damage_healed":0.0,"max_hp_gain":0.0,"max_hp_loss":0.0,"gold_gain":0.0,"event_name":"Fountain of Cleansing","player_choice":"Removed Curses","floor":20.0,"gold_loss":0.0,"damage_taken":0.0},{"damage_healed":0.0,"max_hp_gain":0.0,"max_hp_loss":0.0,"gold_gain":0.0,"event_name":"Knowing Skull","player_choice":"CARD ","floor":24.0,"potions_obtained":[],"gold_loss":0.0,"damage_taken":12.0,"cards_obtained":["animator:MamizouFutatsuiwa"]},{"damage_healed":17.0,"max_hp_gain":0.0,"max_hp_loss":0.0,"gold_gain":0.0,"event_name":"Winding Halls","player_choice":"Writhe","floor":38.0,"gold_loss":0.0,"damage_taken":0.0,"cards_obtained":["Writhe"]},{"damage_healed":0,"gold_gain":0,"player_choice":"Ignored","damage_taken":0,"max_hp_gain":0,"max_hp_loss":0,"event_name":"OrinTheCat","floor":42,"gold_loss":0},{"damage_healed":0,"gold_gain":0,"player_choice":"Memory 1","damage_taken":0,"max_hp_gain":0,"max_hp_loss":0,"event_name":"SensoryStone","floor":45,"gold_loss":0},{"damage_healed":0,"gold_gain":333,"player_choice":"Gave Idol","damage_taken":0,"max_hp_gain":0,"max_hp_loss":0,"event_name":"The Moai Head","floor":46,"relics_lost":["Golden Idol"],"gold_loss":0}],"is_beta":false,"boss_relics":[{"not_picked":["animator:VividPicture","Fusion Hammer"],"picked":"Replay:Ancient Bell"},{"not_picked":["Blue Doll","animator:Buoy"],"picked":"ReplayFunnel"},{"not_picked":["Ornamental Fan","Quantum Egg"],"picked":"Pantograph"},{"not_picked":["WingedGreaves","FossilizedHelix"],"picked":"Unceasing Top"},{"not_picked":["Runic Dome","Replay:Drink Me"],"picked":"Cursed Key"}],"items_purged_floors":[21,28,37],"is_endless":false,"potions_floor_spawned":[4,13,22,29],"killed_by":"Awakened One","ascension_level":0}}