{"host":"2e3z4r48quhw80cc","time":1613633469,"event":{"mods":["BaseMod","Minty Spire (QoL Compilation)","Quick Restart","StSLib","SuperFastMode"],"gold_per_floor":[119,43,43,61,78,109,79,113,113,123,151,151,216,166,166,267,267,283,283,283,108,122,152,152,167,191,78,78,78,98,108,108,203,203,219,229,47,47,102,132,151,167,192,192,227,227,251,277,289,301,301],"floor_reached":50,"language":"KOR","playtime":2686,"items_purged":["Defend_G","Strike_G"],"score":864,"play_id":"020b9a2e-3169-4d9b-94cd-6a0b2d5b44d2","local_time":"20210218163109","is_ascension_mode":true,"campfire_choices":[{"floor":12.0,"key":"REST"},{"floor":15.0,"key":"REST"},{"floor":24.0,"key":"DIG"},{"floor":29.0,"key":"REST"},{"floor":32.0,"key":"REST"},{"floor":44.0,"key":"REST"},{"floor":46.0,"key":"DIG"},{"floor":49.0,"key":"DIG"}],"circlet_count":0,"master_deck":["AscendersBane","Strike_G","Defend_G","Defend_G","Defend_G+1","Survivor","Neutralize+1","Tools of the Trade","Footwork+1","Crippling Poison","Deflect","Noxious Fumes","Bouncing Flask","Bane","Wraith Form v2+1","Doppelganger","CurseOfTheBell","Unload+1","Doppelganger","Well Laid Plans+1","Tactician","Cloak And Dagger","Deadly Poison+1","Accuracy+1","Blade Dance","Adrenaline","Blur","Infinite Blades+1","Panacea+1","Catalyst","Deflect+1"],"relics":["Ring of the Snake","NeowsBlessing","WarpedTongs","Pear","The Courier","Letter Opener","Vajra","Frozen Egg 2","Calling Bell","Nunchaku","Ninja Scroll","Shovel","Enchiridion","TungstenRod","Lantern","Bronze Scales","Empty Cage","Happy Flower","Calipers","Juzu Bracelet","War Paint","Whetstone","MawBank","Pen Nib"],"acts_visited":["Exordium","TheCity","TheBeyond"],"potions_floor_usage":[50,50],"damage_taken":[{"damage":0.0,"enemies":"Cultist","floor":1.0,"turns":1.0},{"damage":0.0,"enemies":"Small Slimes","floor":4.0,"turns":1.0},{"damage":0.0,"enemies":"2 Louse","floor":5.0,"turns":1.0},{"damage":37.0,"enemies":"3 Sentries","floor":6.0,"turns":13.0},{"damage":2.0,"enemies":"Looter","floor":7.0,"turns":4.0},{"damage":6.0,"enemies":"Lagavulin","floor":8.0,"turns":9.0},{"damage":7.0,"enemies":"2 Fungi Beasts","floor":10.0,"turns":4.0},{"damage":10.0,"enemies":"3 Sentries","floor":11.0,"turns":8.0},{"damage":20.0,"enemies":"3 Sentries","floor":13.0,"turns":10.0},{"damage":2.0,"enemies":"The Guardian","floor":16.0,"turns":9.0},{"damage":1.0,"enemies":"Chosen","floor":18.0,"turns":7.0},{"damage":8.0,"enemies":"3 Byrds","floor":22.0,"turns":5.0},{"damage":4.0,"enemies":"Slavers","floor":23.0,"turns":7.0},{"damage":25.0,"enemies":"Snake Plant","floor":25.0,"turns":6.0},{"damage":5.0,"enemies":"Centurion and Healer","floor":30.0,"turns":5.0},{"damage":4.0,"enemies":"Snecko","floor":31.0,"turns":5.0},{"damage":22.0,"enemies":"Collector","floor":33.0,"turns":10.0},{"damage":0.0,"enemies":"3 Darklings","floor":35.0,"turns":4.0},{"damage":0.0,"enemies":"3 Shapes","floor":36.0,"turns":5.0},{"damage":7.0,"enemies":"2 Orb Walkers","floor":39.0,"turns":4.0},{"damage":24.0,"enemies":"Giant Head","floor":40.0,"turns":8.0},{"damage":5.0,"enemies":"Maw","floor":41.0,"turns":6.0},{"damage":5.0,"enemies":"Jaw Worm Horde","floor":42.0,"turns":6.0},{"damage":12.0,"enemies":"Nemesis","floor":45.0,"turns":7.0},{"damage":6.0,"enemies":"Transient","floor":47.0,"turns":5.0},{"damage":0.0,"enemies":"Sphere and 2 Shapes","floor":48.0,"turns":5.0},{"damage":36,"enemies":"Donu and Deca","floor":50,"turns":3}],"seed_played":"6989391855934890047","potions_obtained":[{"floor":1.0,"key":"SpeedPotion"},{"floor":4.0,"key":"ColorlessPotion"},{"floor":8.0,"key":"Ancient Potion"},{"floor":11.0,"key":"Explosive Potion"},{"floor":23.0,"key":"Strength Potion"},{"floor":25.0,"key":"AttackPotion"},{"floor":30.0,"key":"CunningPotion"},{"floor":35.0,"key":"Swift Potion"},{"floor":42.0,"key":"GamblersBrew"},{"floor":48.0,"key":"CultistPotion"}],"is_trial":false,"path_per_floor":["M","$","?","M","M","E","M","E","T","M","E","R","?","?","R","B",null,"M","?","?","$","M","E","R","M","T","$","?","R","M","M","R","B",null,"M","M","$","?","?","E","M","M","T","R","E","R","M","M","R","B"],"character_chosen":"THE_SILENT","items_purchased":["Tools of the Trade","Well Laid Plans+1","Tactician","Accuracy+1","Happy Flower","Infinite Blades+1"],"campfire_rested":5,"item_purchase_floors":[2,21,21,27,37,37],"current_hp_per_floor":[63,63,63,63,63,36,34,28,28,21,11,35,15,15,39,37,69,68,52,52,52,44,40,40,15,15,15,15,39,34,30,54,32,68,68,68,68,68,61,37,32,27,27,51,39,39,33,33,33,0,0],"gold":301,"neow_bonus":"THREE_ENEMY_KILL","is_daily":false,"chose_seed":false,"campfire_upgraded":0,"win_rate":0.0,"timestamp":1613633469,"path_taken":["M","?","?","M","?","E","M","E","T","M","E","R","?","?","R","BOSS","M","?","?","?","M","E","R","M","T","$","?","R","M","M","R","BOSS","M","?","?","?","?","E","M","M","T","R","E","R","M","M","R","BOSS"],"items_purchased_type":["Card","Card","Card","Card","Relic","Card"],"build_version":"2020-12-22","purchased_purges":2,"victory":false,"max_hp_per_floor":[70,70,70,70,70,80,80,80,80,80,80,80,80,80,80,80,80,80,80,80,80,80,80,80,80,80,80,80,80,80,80,80,80,80,80,80,80,80,80,80,80,80,80,80,80,80,80,80,80,80,80],"card_choices":[{"not_picked":["Deadly Poison","Dodge and Roll","Underhanded Strike"],"picked":"SKIP","floor":1.0},{"not_picked":["Slice","Dagger Throw"],"picked":"Footwork","floor":4.0},{"not_picked":["Finisher","Terror"],"picked":"Crippling Poison","floor":5.0},{"not_picked":["Bane","Setup"],"picked":"Deflect","floor":6.0},{"not_picked":["Calculated Gamble","Footwork"],"picked":"Noxious Fumes","floor":7.0},{"not_picked":["Dodge and Roll","Cloak And Dagger"],"picked":"Bouncing Flask","floor":8.0},{"not_picked":["Poisoned Stab","Acrobatics"],"picked":"Bane","floor":10.0},{"not_picked":["PiercingWail","Slice","Dagger Spray"],"picked":"SKIP","floor":11.0},{"not_picked":["Prepared","Cloak And Dagger"],"picked":"Wraith Form v2+1","floor":13.0},{"not_picked":["Storm of Steel","Glass Knife"],"picked":"Doppelganger","floor":16.0},{"not_picked":["Endless Agony","Sucker Punch","Eviscerate"],"picked":"SKIP","floor":18.0},{"not_picked":["Predator+1","Bouncing Flask"],"picked":"Cloak And Dagger","floor":22.0},{"not_picked":["Slice","Dodge and Roll","Sucker Punch+1"],"picked":"SKIP","floor":23.0},{"not_picked":["Concentrate+1","Bane"],"picked":"Deadly Poison+1","floor":25.0},{"not_picked":["Poisoned Stab","Slice","Sucker Punch"],"picked":"SKIP","floor":30.0},{"not_picked":["Sucker Punch","Deflect"],"picked":"Blade Dance","floor":31.0},{"not_picked":["Doppelganger","Night Terror"],"picked":"Adrenaline","floor":33.0},{"not_picked":["Bane+1","Quick Slash+1"],"picked":"Blur","floor":35.0},{"not_picked":["Quick Slash","Deadly Poison","PiercingWail"],"picked":"SKIP","floor":36.0},{"not_picked":["Metamorphosis","Mayhem+1"],"picked":"Panacea","floor":38.0},{"not_picked":["Bouncing Flask+1","Underhanded Strike+1","Flechettes"],"picked":"SKIP","floor":40.0},{"not_picked":["Calculated Gamble+1","Poisoned Stab+1"],"picked":"Catalyst","floor":41.0},{"not_picked":["Slice+1","Cloak And Dagger","Acrobatics"],"picked":"SKIP","floor":42.0},{"not_picked":["Prepared","Cloak And Dagger","Flechettes"],"picked":"SKIP","floor":45.0},{"not_picked":["Eviscerate","Masterful Stab+1"],"picked":"Deflect+1","floor":47.0},{"not_picked":["Predator+1","Cloak And Dagger","Poisoned Stab"],"picked":"SKIP","floor":48.0}],"player_experience":200639,"relics_obtained":[{"floor":6.0,"key":"Pear"},{"floor":8.0,"key":"The Courier"},{"floor":9.0,"key":"Letter Opener"},{"floor":11.0,"key":"Vajra"},{"floor":13.0,"key":"Frozen Egg 2"},{"floor":17.0,"key":"Nunchaku"},{"floor":17.0,"key":"Ninja Scroll"},{"floor":17.0,"key":"Shovel"},{"floor":19.0,"key":"Enchiridion"},{"floor":23.0,"key":"TungstenRod"},{"floor":24.0,"key":"Lantern"},{"floor":26.0,"key":"Bronze Scales"},{"floor":39.0,"key":"Calipers"},{"floor":40.0,"key":"Juzu Bracelet"},{"floor":43.0,"key":"War Paint"},{"floor":45.0,"key":"Whetstone"},{"floor":46.0,"key":"MawBank"},{"floor":49.0,"key":"Pen Nib"}],"event_choices":[{"damage_healed":0.0,"max_hp_gain":0.0,"max_hp_loss":0.0,"gold_gain":0.0,"event_name":"Accursed Blacksmith","player_choice":"Rummage","floor":3.0,"gold_loss":0.0,"damage_taken":0.0,"relics_obtained":["WarpedTongs"],"cards_obtained":["Pain"]},{"damage_healed":0.0,"max_hp_gain":0.0,"max_hp_loss":0.0,"gold_gain":0.0,"event_name":"Dead Adventurer","player_choice":"Searched \u00271\u0027 times","floor":13.0,"gold_loss":0.0,"damage_taken":0.0},{"cards_removed":["Pain"],"damage_healed":0.0,"max_hp_gain":0.0,"max_hp_loss":0.0,"gold_gain":0.0,"event_name":"The Cleric","player_choice":"Card Removal","floor":14.0,"gold_loss":50.0,"damage_taken":0.0},{"damage_healed":0.0,"max_hp_gain":0.0,"max_hp_loss":0.0,"gold_gain":0.0,"event_name":"Cursed Tome","player_choice":"Obtained Book","floor":19.0,"gold_loss":0.0,"damage_taken":16.0},{"damage_healed":0.0,"max_hp_gain":0.0,"max_hp_loss":0.0,"gold_gain":0.0,"cards_transformed":["Strike_G","Strike_G"],"event_name":"Drug Dealer","player_choice":"Became Test Subject","floor":20.0,"gold_loss":0.0,"damage_taken":0.0,"cards_obtained":["Unload","Doppelganger"]},{"damage_healed":0.0,"max_hp_gain":0.0,"max_hp_loss":0.0,"gold_gain":0.0,"event_name":"Upgrade Shrine","player_choice":"Upgraded","floor":28.0,"gold_loss":0.0,"damage_taken":0.0,"cards_upgraded":["Footwork"]},{"damage_healed":0.0,"max_hp_gain":0.0,"max_hp_loss":0.0,"gold_gain":0.0,"event_name":"SensoryStone","player_choice":"Memory 1","floor":38.0,"gold_loss":0.0,"damage_taken":0.0},{"damage_healed":0.0,"max_hp_gain":0.0,"max_hp_loss":0.0,"gold_gain":0.0,"event_name":"Mysterious Sphere","player_choice":"Fight","floor":39.0,"gold_loss":0.0,"damage_taken":0.0}],"is_beta":false,"boss_relics":[{"not_picked":["WristBlade","Philosopher\u0027s Stone"],"picked":"Calling Bell"},{"not_picked":["Sozu","Tiny House"],"picked":"Empty Cage"}],"items_purged_floors":[21,27],"is_endless":false,"potions_floor_spawned":[1,4,8,11,23,25,30,35,42,47,48],"killed_by":"Donu and Deca","ascension_level":12}}