{"host":"ymmeoa1x24ihslbm","time":1613691699,"event":{"mods":["AchievementEnabler","BaseMod","Colored Map","Colored Powertips","Defuse TimeMaze Blight","Highlight Path","Marisa????????","Minty Spire (QoL Compilation)","Permanent Neow","Quick Restart","StSLib","The Senshi","Unceasing Turn Reminder"],"gold_per_floor":[113,113,68,84,102,102,136,148,199,231,231,58,58,117,117,212,212,223,298,35,49,62,91,91,125,151,164,164,164,45,144,144,241,241,257,257,307,317,363,363,392,392,472,472,472,486,8,33,33,33],"floor_reached":51,"language":"ENG","playtime":5048,"items_purged":[],"score":1006,"play_id":"bdbe64c6-fd96-4f50-b458-44f470c60721","local_time":"20210219004139","is_ascension_mode":true,"campfire_choices":[{"data":"theSenshi:SailorStarHealerAssists","floor":6.0,"key":"SMITH"},{"data":"theSenshi:VenusGlamour","floor":11.0,"key":"SMITH"},{"data":"theSenshi:MoonlightKnight","floor":13.0,"key":"SMITH"},{"data":"theSenshi:SailorChibiMoonAssists","floor":15.0,"key":"SMITH"},{"data":"theSenshi:MoonGorgeousMeditation","floor":24.0,"key":"SMITH"},{"data":"theSenshi:SailorNeptuneAssists","floor":29.0,"key":"SMITH"},{"floor":32.0,"key":"REST"},{"data":"theSenshi:StudyParty","floor":40,"key":"SMITH"},{"data":"theSenshi:CrisisMakeUp","floor":42,"key":"SMITH"},{"data":"theSenshi:MoonHealingEscalation","floor":44,"key":"SMITH"},{"floor":49,"key":"REST"}],"circlet_count":0,"master_deck":["theSenshi:SailorKick","theSenshi:SailorKick","theSenshi:SailorKick","theSenshi:SailorKick","theSenshi:SailorBlock+1","theSenshi:SailorBlock","theSenshi:SailorBlock+1","theSenshi:SailorBlock","theSenshi:RoseThrow","theSenshi:MoonPrismPowerMakeUp","theSenshi:SailorChibiMoonAssists+1","theSenshi:SailorVenusAssists","theSenshi:SailorStarHealerAssists+1","theSenshi:VenusGlamour+1","theSenshi:MoonlightKnight+1","theSenshi:MoonGorgeousMeditation+1","theSenshi:SailorJupiterAssists","theSenshi:MoonHealingEscalation+1","theSenshi:SailorMercuryAssists","theSenshi:MoonsReflection+1","theSenshi:SailorNeptuneAssists+1","theSenshi:StudyParty+1","theSenshi:SailorMercuryAssists+1","theSenshi:CrisisMakeUp+1","theSenshi:CrisisMakeUp+1"],"relics":["theSenshi:TransformationBroochRelic","Mercury Hourglass","Regal Pillow","Orichalcum","The Courier","Nunchaku","theSenshi:CutieMoonRodRelic","Black Star","Pantograph","Question Card","Blood Vial","Kunai","Turnip","Oddly Smooth Stone","Bronze Scales","Thread and Needle","CatCart","Ornamental Fan","MealTicket","Pear","Lee\u0027s Waffle","Strawberry","Art of War","theSenshi:SailorFukuRelic","Juzu Bracelet","War Paint"],"acts_visited":["Exordium","TheCity","TheBeyond"],"potions_floor_usage":[35,37,39,39,39,48],"damage_taken":[{"damage":6.0,"enemies":"Small Slimes","floor":1.0,"turns":4.0},{"damage":0.0,"enemies":"Cultist","floor":4.0,"turns":3.0},{"damage":3.0,"enemies":"Jaw Worm","floor":5.0,"turns":3.0},{"damage":17.0,"enemies":"Gremlin Nob","floor":7.0,"turns":4.0},{"damage":8.0,"enemies":"Looter","floor":8.0,"turns":3.0},{"damage":15.0,"enemies":"3 Sentries","floor":10.0,"turns":6.0},{"damage":6.0,"enemies":"3 Sentries","floor":14.0,"turns":4.0},{"damage":25.0,"enemies":"Slime Boss","floor":16.0,"turns":7.0},{"damage":2.0,"enemies":"Chosen","floor":18.0,"turns":4.0},{"damage":27.0,"enemies":"Spheric Guardian","floor":21.0,"turns":8.0},{"damage":13.0,"enemies":"Centurion and Healer","floor":22.0,"turns":7.0},{"damage":19.0,"enemies":"Slavers","floor":23.0,"turns":8.0},{"damage":23.0,"enemies":"Book of Stabbing","floor":25.0,"turns":8.0},{"damage":20.0,"enemies":"Sentry and Sphere","floor":27.0,"turns":10.0},{"damage":67,"enemies":"Collector","floor":33,"turns":15},{"damage":14,"enemies":"3 Darklings","floor":35,"turns":8},{"damage":10,"enemies":"Mind Bloom Boss Battle","floor":37,"turns":9},{"damage":7,"enemies":"Orb Walker","floor":38,"turns":4},{"damage":6,"enemies":"Orin","floor":39,"turns":13},{"damage":82,"enemies":"Giant Head","floor":41,"turns":17},{"damage":2,"enemies":"3 Darklings","floor":46,"turns":10},{"damage":94,"enemies":"Reptomancer","floor":48,"turns":12},{"damage":54,"enemies":"Time Eater","floor":50,"turns":16}],"seed_played":"7107489611713295848","potions_obtained":[{"floor":4.0,"key":"SteroidPotion"},{"floor":5.0,"key":"FearPotion"},{"floor":8.0,"key":"Swift Potion"},{"floor":10.0,"key":"SneckoOil"},{"floor":16.0,"key":"DistilledChaos"},{"floor":21.0,"key":"Explosive Potion"},{"floor":23.0,"key":"PowerPotion"},{"floor":25.0,"key":"Strength Potion"},{"floor":33,"key":"Explosive Potion"},{"floor":35,"key":"Explosive Potion"},{"floor":38,"key":"EssenceOfSteel"},{"floor":41,"key":"ColorlessPotion"}],"is_trial":false,"path_per_floor":["M","?","$","M","M","R","E","M","T","E","R","$","R","?","R","B",null,"M","?","$","M","M","E","R","E","T","M","?","R","$","?","R","B",null,"M","?","?","M","?","R","E","R","T","R","?","M","$","E","R","B",null],"character_chosen":"THE_SENSHI","items_purchased":["theSenshi:SailorChibiMoonAssists","theSenshi:MoonlightKnight","Nunchaku","Pantograph","theSenshi:MoonHealingEscalation","theSenshi:SailorMercuryAssists","Bronze Scales","Lee\u0027s Waffle","Strawberry","Art of War","theSenshi:SailorFukuRelic"],"campfire_rested":2,"item_purchase_floors":[3,12,12,20,20,20,30,47,47,47,47],"current_hp_per_floor":[62,62,62,62,59,59,47,44,44,34,34,34,34,33,33,13,60,63,56,56,44,41,37,37,31,31,28,14,14,14,14,53,28,67,75,75,71,69,76,76,24,24,34,34,34,84,100,51,96,76],"gold":33,"neow_bonus":"THREE_CARDS","is_daily":false,"chose_seed":false,"campfire_upgraded":9,"win_rate":0.0,"timestamp":1613691699,"path_taken":["M","?","$","M","?","R","E","M","T","E","R","$","R","?","R","BOSS","M","?","$","?","M","E","R","E","T","M","?","R","$","?","R","BOSS","M","?","?","M","?","R","E","R","T","R","?","M","$","E","R","BOSS"],"items_purchased_type":["Card","Card","Relic","Relic","Card","Card","Relic","Relic","Relic","Relic","Relic"],"build_version":"2020-12-22","purchased_purges":0,"victory":true,"max_hp_per_floor":[75,75,75,75,75,75,75,75,75,75,75,75,75,75,75,75,75,75,75,75,75,75,75,75,75,75,75,80,80,80,80,80,80,80,80,76,76,76,76,76,76,76,86,86,86,86,100,100,100,100],"card_choices":[{"not_picked":["theSenshi:LunasBite","theSenshi:MoonPrincessHalation"],"picked":"theSenshi:MoonTiaraMagic","floor":0.0},{"not_picked":["theSenshi:EncouragingSpeech","theSenshi:MoonPrincessHalation","theSenshi:MoonPower"],"picked":"SKIP","floor":1.0},{"not_picked":["theSenshi:SupersonicWaves","theSenshi:LateForSchool"],"picked":"theSenshi:SailorVenusAssists","floor":4.0},{"not_picked":["theSenshi:SailorStarMakerAssists","theSenshi:SailorNeptuneAssists"],"picked":"theSenshi:SailorStarHealerAssists","floor":5.0},{"not_picked":["theSenshi:MoonCrystalPowerMakeUp","theSenshi:SailorVenusAssists","theSenshi:MoonsReflection"],"picked":"SKIP","floor":7.0},{"not_picked":["theSenshi:MoonPrincessHalation","theSenshi:MoonTiaraMagic"],"picked":"theSenshi:VenusGlamour","floor":8.0},{"not_picked":["theSenshi:YouCanTalk","theSenshi:SaturnsMystery","theSenshi:MoonTiaraMagic"],"picked":"SKIP","floor":10.0},{"not_picked":["theSenshi:IWillPunishYou","theSenshi:SailorPlutoAssists"],"picked":"theSenshi:MoonGorgeousMeditation","floor":16.0},{"not_picked":["theSenshi:MoonPrincessHalation","theSenshi:Sidestep"],"picked":"theSenshi:SailorJupiterAssists","floor":18.0},{"not_picked":["theSenshi:YouCanTalk","theSenshi:LunasBite+1"],"picked":"theSenshi:MoonsReflection+1","floor":21.0},{"not_picked":["theSenshi:LunasBite","theSenshi:MoonPunch"],"picked":"theSenshi:SailorNeptuneAssists","floor":22.0},{"not_picked":["theSenshi:KlutzyLuck","theSenshi:MarsPride","theSenshi:LunasBite+1"],"picked":"SKIP","floor":23.0},{"not_picked":["theSenshi:SailorMarsAssists","theSenshi:SailorJupiterAssists","theSenshi:MoonHealingEscalation+1","theSenshi:GatheringStrength"],"picked":"SKIP","floor":25.0},{"not_picked":["theSenshi:MoonlightKnight+1","theSenshi:SaturnsMystery","theSenshi:LunasBite","theSenshi:MoonCosmicPowerMakeUp"],"picked":"SKIP","floor":27.0},{"not_picked":["theSenshi:ChibiMoonsLove","theSenshi:SailorStarHealerAssists","theSenshi:MoonGorgeousMeditation"],"picked":"theSenshi:StudyParty","floor":33},{"not_picked":["theSenshi:SupersonicWaves+1","theSenshi:SailorMarsAssists+1","theSenshi:MoonTwilightFlash+1","theSenshi:TallSilhouette+1"],"picked":"SKIP","floor":35},{"not_picked":["theSenshi:SchoolBag+1","theSenshi:MoonPrincessHalation+1","theSenshi:TuxedoMaskAssists"],"picked":"theSenshi:SailorMercuryAssists+1","floor":38},{"not_picked":["theSenshi:LateForSchool","theSenshi:SailorMarsAssists+1","theSenshi:SailorMercuryAssists"],"picked":"theSenshi:CrisisMakeUp","floor":41},{"not_picked":["theSenshi:MoonPower","theSenshi:MoonPunch","theSenshi:InTheNameOfTheMoon","theSenshi:MoonKick"],"picked":"SKIP","floor":46},{"not_picked":["theSenshi:MoonKick","theSenshi:MoonlightKnight+1","theSenshi:MoonPower+1","theSenshi:MoonTwilightFlash"],"picked":"SKIP","floor":48}],"player_experience":788207,"relics_obtained":[{"floor":7.0,"key":"Regal Pillow"},{"floor":9.0,"key":"Orichalcum"},{"floor":10.0,"key":"The Courier"},{"floor":14.0,"key":"theSenshi:CutieMoonRodRelic"},{"floor":23.0,"key":"Question Card"},{"floor":23.0,"key":"Blood Vial"},{"floor":25.0,"key":"Kunai"},{"floor":25.0,"key":"Turnip"},{"floor":26.0,"key":"Oddly Smooth Stone"},{"floor":37,"key":"Thread and Needle"},{"floor":39,"key":"CatCart"},{"floor":41,"key":"Ornamental Fan"},{"floor":41,"key":"MealTicket"},{"floor":43,"key":"Pear"},{"floor":48,"key":"Juzu Bracelet"},{"floor":48,"key":"War Paint"}],"event_choices":[{"cards_removed":["theSenshi:MoonTiaraMagic"],"damage_healed":0.0,"max_hp_gain":0.0,"max_hp_loss":0.0,"gold_gain":0.0,"event_name":"WeMeetAgain","player_choice":"Gave Card","floor":2.0,"gold_loss":0.0,"damage_taken":0.0,"relics_obtained":["Mercury Hourglass"]},{"damage_healed":0.0,"max_hp_gain":0.0,"max_hp_loss":0.0,"gold_gain":30.0,"event_name":"Dead Adventurer","player_choice":"Searched \u00273\u0027 times","floor":14.0,"gold_loss":0.0,"damage_taken":0.0},{"damage_healed":0.0,"max_hp_gain":0.0,"max_hp_loss":0.0,"gold_gain":75.0,"event_name":"FaceTrader","player_choice":"Touch","floor":19.0,"gold_loss":0.0,"damage_taken":7.0},{"damage_healed":0.0,"max_hp_gain":5.0,"max_hp_loss":0.0,"gold_gain":0.0,"event_name":"Forgotten Altar","player_choice":"Shed Blood","floor":28.0,"gold_loss":0.0,"damage_taken":19.0},{"damage_healed":0.0,"max_hp_gain":0.0,"max_hp_loss":0.0,"gold_gain":99.0,"event_name":"Nest","player_choice":"Stole From Cult","floor":31.0,"gold_loss":0.0,"damage_taken":0.0},{"damage_healed":0,"gold_gain":0,"player_choice":"Max HP","damage_taken":0,"max_hp_gain":0,"max_hp_loss":4,"event_name":"Winding Halls","floor":36,"gold_loss":0},{"damage_healed":0,"gold_gain":0,"player_choice":"Fight","damage_taken":0,"max_hp_gain":0,"max_hp_loss":0,"event_name":"MindBloom","floor":37,"gold_loss":0},{"damage_healed":0,"gold_gain":0,"player_choice":"Fight","damage_taken":0,"max_hp_gain":0,"max_hp_loss":0,"event_name":"OrinTheCat","floor":39,"gold_loss":0},{"damage_healed":0,"gold_gain":0,"player_choice":"Copied","damage_taken":0,"max_hp_gain":0,"max_hp_loss":0,"event_name":"Duplicator","floor":45,"gold_loss":0,"cards_obtained":["theSenshi:CrisisMakeUp"]}],"is_beta":false,"boss_relics":[{"not_picked":["Runic Pyramid","Tiny House"],"picked":"Black Star"},{"not_picked":["Calling Bell","Astrolabe","Philosopher\u0027s Stone"]}],"items_purged_floors":[],"is_endless":false,"potions_floor_spawned":[4,5,8,10,16,21,23,25,33,35,38,41],"ascension_level":6}}