{"host":"xp27heuvanyklt0b","time":1613648355,"event":{"mods":["100% Spire Juice","BaseMod","CapriCore","Koishi","Lobotomy","Minty Spire (QoL Compilation)","StSLib","The Immortal"],"gold_per_floor":[15,34,34,45,64,64,64,77,77,93,4,23,34,44,44,29,29,46,66,100,60,75,75,107,107,107,107,4,24,37,51,51,161,68,91,100,118,177,177,177,177,177],"floor_reached":41,"language":"KOR","playtime":1667,"items_purged":[],"score":546,"play_id":"8583355f-10a6-42b3-a5fd-fb307e592377","local_time":"20210218203915","is_ascension_mode":true,"campfire_choices":[{"floor":7,"key":"DIG"},{"floor":15,"key":"REST"},{"floor":23,"key":"DIG"},{"floor":25,"key":"DIG"},{"floor":27,"key":"DIG"},{"floor":32,"key":"DIG"},{"floor":40,"key":"DIG"}],"circlet_count":0,"master_deck":["Moonworks:Strike","Moonworks:Strike","Moonworks:Defend","Moonworks:Defend","Moonworks:Defend","Moonworks:Ambush","Moonworks:LongDistanceShot","Moonworks:Assault","Moonworks:SweetBattle+1","Moonworks:IndiscriminateFireSupport+1","Moonworks:SakisCookie","Moonworks:NicePresent","Moonworks:RedAndBlue","Moonworks:Dinner","Moonworks:FinalSurgery+1","Moonworks:Flamethrower","Moonworks:CookingTime","Moonworks:RocketCannon","Moonworks:SakisCookie+1","Moonworks:MeltingMemories","Moonworks:SakisCookie+1","Moonworks:MiracleRedBeanIceCream","Moonworks:CompletionReward+1","Moonworks:WeAreWaruda","Moonworks:Bloodlust+1","Moonworks:WindyEnchantment+1","Moonworks:MeltingMemories+1","Moonworks:BackdoorTrade+1","Sadistic Nature","Moonworks:ForcedRevival+1"],"relics":["Moonworks:BrokenBomb","Moonworks:Homemark","Unceasing Top","Shovel","Bird Faced Urn","Ice Cream","Gambling Chip","SlaversCollar","Red Mask","InkBottle","Ornamental Fan","Ancient Tea Set","Blue Candle","CeramicFish","Astrolabe","Ginger","Smiling Mask"],"acts_visited":["Exordium","TheCity","TheBeyond"],"potions_floor_usage":[16,16,28,30,33,33,41],"damage_taken":[{"damage":2,"enemies":"Jaw Worm","floor":1,"turns":4},{"damage":0,"enemies":"Small Slimes","floor":2,"turns":3},{"damage":0,"enemies":"Cultist","floor":4,"turns":3},{"damage":7,"enemies":"Large Slime","floor":5,"turns":6},{"damage":16,"enemies":"Blue Slaver","floor":8,"turns":4},{"damage":0,"enemies":"3 Louse","floor":10,"turns":2},{"damage":0,"enemies":"3 Sentries","floor":11,"turns":3},{"damage":19,"enemies":"Looter","floor":12,"turns":4},{"damage":0,"enemies":"Exordium Thugs","floor":13,"turns":4},{"damage":3,"enemies":"2 Fungi Beasts","floor":14,"turns":2},{"damage":52,"enemies":"Hexaghost","floor":16,"turns":11},{"damage":0,"enemies":"Spheric Guardian","floor":18,"turns":2},{"damage":0,"enemies":"Chosen","floor":19,"turns":4},{"damage":0,"enemies":"Masked Bandits","floor":20,"turns":2},{"damage":12,"enemies":"Snake Plant","floor":22,"turns":3},{"damage":0,"enemies":"Slavers","floor":24,"turns":1},{"damage":14,"enemies":"Shelled Parasite and Fungi","floor":28,"turns":2},{"damage":28,"enemies":"Centurion and Healer","floor":29,"turns":7},{"damage":10,"enemies":"Snake Plant","floor":30,"turns":2},{"damage":6,"enemies":"Cultist and Chosen","floor":31,"turns":6},{"damage":46,"enemies":"Champ","floor":33,"turns":8},{"damage":29,"enemies":"3 Shapes","floor":35,"turns":6},{"damage":0,"enemies":"Orb Walker","floor":37,"turns":3},{"damage":18,"enemies":"Mind Bloom Boss Battle","floor":38,"turns":4},{"damage":90,"enemies":"Nemesis","floor":41,"turns":4}],"seed_played":"-3027953766763398842","potions_obtained":[{"floor":5,"key":"LiquidMemories"},{"floor":11,"key":"Block Potion"},{"floor":13,"key":"Dexterity Potion"},{"floor":24,"key":"Explosive Potion"},{"floor":28,"key":"PowerPotion"},{"floor":29,"key":"EssenceOfSteel"},{"floor":31,"key":"Explosive Potion"},{"floor":35,"key":"PowerPotion"}],"is_trial":false,"path_per_floor":["M","M","?","M","M","?","R","M","T","M","E","M","M","M","R","B",null,"M","M","?","?","M","R","E","R","T","R","M","M","M","M","R","B",null,"M","?","M","?","?","R","E"],"character_chosen":"THE_STARBREAKER","items_purchased":[],"campfire_rested":1,"item_purchase_floors":[],"current_hp_per_floor":[58,58,58,58,53,50,50,36,36,36,40,27,41,38,56,14,60,60,60,60,60,53,53,56,56,56,56,45,45,41,59,59,28,60,51,51,60,60,60,60,0,0],"gold":177,"neow_bonus":"ONE_RARE_RELIC","is_daily":false,"chose_seed":false,"campfire_upgraded":0,"win_rate":0.0,"timestamp":1613648355,"path_taken":["M","M","?","M","M","?","R","M","T","M","E","M","?","M","R","BOSS","M","M","?","?","M","R","E","R","T","R","M","M","M","?","R","BOSS","M","?","M","?","?","R","E"],"items_purchased_type":[],"build_version":"2020-12-22","purchased_purges":0,"victory":false,"max_hp_per_floor":[60,60,60,60,60,60,60,60,60,60,60,60,60,60,60,60,60,60,60,60,60,60,60,60,60,60,60,60,60,60,60,60,60,60,60,60,60,60,60,60,60,60],"card_choices":[{"not_picked":["Moonworks:SakisCookie","Moonworks:BigMagnum"],"picked":"Moonworks:Assault","floor":1},{"not_picked":["Moonworks:BackdoorTrade","Moonworks:NicePresent"],"picked":"Moonworks:SweetBattle","floor":2},{"not_picked":["Moonworks:Assault","Moonworks:CrystalBarrier"],"picked":"Moonworks:IndiscriminateFireSupport","floor":4},{"not_picked":["Moonworks:LulusLuckyEgg","Moonworks:JonathanRush"],"picked":"Moonworks:SakisCookie","floor":5},{"not_picked":["Moonworks:Heat300Percent","Moonworks:DeployBits"],"picked":"Moonworks:NicePresent","floor":8},{"not_picked":["Moonworks:BigMagnum","Moonworks:CompletionReward"],"picked":"Moonworks:RedAndBlue","floor":10},{"not_picked":["Moonworks:UnluckyCharm","Moonworks:DeployBits"],"picked":"Moonworks:Dinner","floor":11},{"not_picked":["Moonworks:ImOnFire","Moonworks:EvilSpyWorkPreparation"],"picked":"Moonworks:FinalSurgery","floor":12},{"not_picked":["Moonworks:JonathanRush","Moonworks:SakisCookie"],"picked":"Moonworks:Flamethrower","floor":13},{"not_picked":["Moonworks:EvilSpyWorkPreparation","Moonworks:CastOff"],"picked":"Moonworks:CookingTime","floor":14},{"not_picked":["Moonworks:SinkOrSwim","Moonworks:ShieldCounter"],"picked":"Moonworks:RocketCannon","floor":16},{"not_picked":["Moonworks:IndiscriminateFireSupport","Moonworks:EvilSpyWorkPreparation"],"picked":"Moonworks:SakisCookie+1","floor":18},{"not_picked":["Moonworks:JonathanRush","Moonworks:DeployBits"],"picked":"Moonworks:MeltingMemories","floor":19},{"not_picked":["Moonworks:MiracleWalker","Moonworks:ExtendedPhotonRifle"],"picked":"Moonworks:SakisCookie+1","floor":20},{"not_picked":["Moonworks:IndiscriminateFireSupport+1","Moonworks:BigMagnum"],"picked":"Moonworks:MiracleRedBeanIceCream","floor":22},{"not_picked":["Moonworks:SealedMemories","Moonworks:Encore"],"picked":"Moonworks:JonathanRush+1","floor":24},{"not_picked":["Moonworks:IndiscriminateFireSupport+1","Moonworks:Assault","Moonworks:DeployBits"],"picked":"SKIP","floor":28},{"not_picked":["Moonworks:DeployBits","Moonworks:LulusLuckyEgg"],"picked":"Moonworks:CompletionReward+1","floor":29},{"not_picked":["Moonworks:BigMagnum","Moonworks:JonathanRush","Moonworks:Dinner"],"picked":"SKIP","floor":30},{"not_picked":["Moonworks:IndiscriminateFireSupport","Moonworks:ImOnFire","Moonworks:SealedMemories"],"picked":"SKIP","floor":31},{"not_picked":["Moonworks:ShieldCounter","Moonworks:EvilMastermind"],"picked":"Moonworks:WeAreWaruda","floor":33},{"not_picked":["Moonworks:NicePresent","Moonworks:LuckyCharm"],"picked":"Moonworks:BackdoorTrade+1","floor":35},{"not_picked":["Secret Weapon","Purity"],"picked":"Sadistic Nature","floor":36},{"not_picked":["Moonworks:Assault","Moonworks:CastOff+1","Moonworks:EvilSpyWorkPreparation"],"picked":"SKIP","floor":37},{"not_picked":["Moonworks:BigBangBell+1","Moonworks:DeployBits+1"],"picked":"Moonworks:ForcedRevival+1","floor":38}],"player_experience":334212,"relics_obtained":[{"floor":7,"key":"Bird Faced Urn"},{"floor":9,"key":"Ice Cream"},{"floor":11,"key":"Gambling Chip"},{"floor":20,"key":"Red Mask"},{"floor":23,"key":"InkBottle"},{"floor":24,"key":"Ornamental Fan"},{"floor":25,"key":"Ancient Tea Set"},{"floor":27,"key":"Blue Candle"},{"floor":32,"key":"CeramicFish"},{"floor":38,"key":"Ginger"},{"floor":40,"key":"Smiling Mask"}],"event_choices":[{"damage_healed":0,"gold_gain":0,"player_choice":"Grow","damage_taken":0,"max_hp_gain":0,"max_hp_loss":0,"event_name":"Living Wall","floor":3,"gold_loss":0,"cards_upgraded":["Moonworks:SweetBattle"]},{"damage_healed":0,"gold_gain":0,"player_choice":"Success","damage_taken":3,"relics_obtained":["Shovel"],"max_hp_gain":0,"max_hp_loss":0,"event_name":"Scrap Ooze","floor":6,"gold_loss":0},{"damage_healed":0,"gold_gain":0,"player_choice":"Fought Bandits","damage_taken":0,"max_hp_gain":0,"max_hp_loss":0,"event_name":"Masked Bandits","floor":20,"gold_loss":0},{"damage_healed":0,"gold_gain":0,"player_choice":"Upgraded Two","damage_taken":0,"max_hp_gain":0,"max_hp_loss":0,"event_name":"Designer","floor":21,"gold_loss":40,"cards_upgraded":["Moonworks:IndiscriminateFireSupport","Moonworks:FinalSurgery"]},{"damage_healed":0,"gold_gain":0,"player_choice":"Memory 1","damage_taken":0,"max_hp_gain":0,"max_hp_loss":0,"event_name":"SensoryStone","floor":36,"gold_loss":0},{"damage_healed":0,"gold_gain":0,"player_choice":"Fight","damage_taken":0,"max_hp_gain":0,"max_hp_loss":0,"event_name":"MindBloom","floor":38,"gold_loss":0},{"cards_removed":["Moonworks:Defend"],"damage_healed":0,"gold_gain":0,"player_choice":"Removed Skill","damage_taken":0,"max_hp_gain":0,"max_hp_loss":0,"event_name":"Falling","floor":39,"gold_loss":0}],"is_beta":false,"boss_relics":[{"not_picked":["SacredBark","Busted Crown"],"picked":"SlaversCollar"},{"not_picked":["Philosopher\u0027s Stone","Sozu"],"picked":"Astrolabe"}],"items_purged_floors":[],"is_endless":false,"potions_floor_spawned":[5,11,13,14,24,28,29,31,35],"killed_by":"Nemesis","ascension_level":2}}