{"host":"56xwnffi6e9z5l58","time":1613668033,"event":{"mods":["Aspiration","BaseMod","Better Match","Better Note","Better Sensory Stone","BetterRewards","Colored Map","Colored Powertips","Conspire","Downfall","GifTheSpireLib","Hermit","Highlight Path","Hubris","Infinite Spire","Key Reminder","Minty Spire (QoL Compilation)","Permanent Neow","Quick Restart","Rare Cards Sparkle","Replay The Spire","StSLib","Stuff the Spire","SuperFastMode","Unceasing Turn Reminder"],"gold_per_floor":[115,115,130,130,130,130,160,160,160,187,187,202,230,244,244,340,340,369,294,294,52,52,52,52,52],"floor_reached":24,"language":"ENG","playtime":648,"items_purged":["hubris:Wrath"],"score":247,"play_id":"0f2ce143-7ed0-4dcf-8a4e-8fea4817752f","local_time":"20210219010713","is_ascension_mode":true,"campfire_choices":[{"data":"hermit:EternalForm","floor":6,"key":"SMITH"},{"data":"hermit:SprayPray","floor":8,"key":"SMITH"},{"floor":11,"key":"REST"},{"data":"hermit:WideOpen","floor":15,"key":"SMITH"},{"data":"StuffTheSpire:DeathNote","floor":23,"key":"SMITH"}],"circlet_count":0,"master_deck":["hermit:Strike_Hermit","hermit:Strike_Hermit","hermit:Strike_Hermit","hermit:Strike_Hermit","hermit:Defend_Hermit","hermit:Defend_Hermit","hermit:Defend_Hermit","hermit:Defend_Hermit","hermit:Snapshot","hermit:Covet","hermit:EternalForm+1","hermit:SprayPray+1","infinitespire:NeuralNetwork","hermit:Glare","hermit:ShadowCloak","hermit:GhostlyPresence+1","hermit:WideOpen+1","hermit:Deadeye","hermit:DeadOrAlive","hermit:ItchyTrigger","Mayhem","StuffTheSpire:DeathNote+1"],"relics":["hermit:Momento","hubris:DeckOfHolding","StuffTheSpire:OldFever","Toxic Egg 2","infinitespire:Beetle Shell","Replay:Bronze Core"],"acts_visited":["Exordium","TheCity"],"potions_floor_usage":[16,16,18],"damage_taken":[{"damage":1,"enemies":"Jaw Worm","floor":1,"turns":3},{"damage":0,"enemies":"Small Slimes","floor":3,"turns":3},{"damage":21,"enemies":"Gremlin Nob","floor":7,"turns":4},{"damage":17,"enemies":"3 Sentries","floor":10,"turns":7},{"damage":0,"enemies":"2 Louse","floor":12,"turns":2},{"damage":0,"enemies":"Lagavulin","floor":13,"turns":5},{"damage":14,"enemies":"Gremlin Gang","floor":14,"turns":5},{"damage":16,"enemies":"Slime Boss","floor":16,"turns":8},{"damage":17,"enemies":"3 Byrds","floor":18,"turns":6},{"damage":53,"enemies":"Slavers","floor":24,"turns":3}],"seed_played":"-6279744246815743816","potions_obtained":[{"floor":3,"key":"Elixir"},{"floor":10,"key":"champ:CounterPotion"},{"floor":13,"key":"hexamod:SoulburnPotion"},{"floor":16,"key":"Explosive Potion"}],"is_trial":false,"path_per_floor":["M","?","M","?","?","R","E","R","T","E","R","M","E","M","R","B",null,"M","?","?","$","?","R","E"],"character_chosen":"HERMIT","items_purchased":["Mayhem"],"campfire_rested":1,"item_purchase_floors":[21],"current_hp_per_floor":[53,53,53,53,58,58,37,37,37,20,44,44,44,30,30,14,80,63,63,63,63,43,43,0,0],"gold":52,"neow_bonus":"THREE_RARE_CARDS","is_daily":false,"chose_seed":false,"campfire_upgraded":4,"win_rate":0.0,"timestamp":1613668033,"path_taken":["M","?","M","?","?","R","E","R","T","E","R","M","E","M","R","BOSS","M","?","?","$","?","R","E"],"items_purchased_type":["Card"],"build_version":"2020-12-22","purchased_purges":1,"victory":false,"max_hp_per_floor":[75,75,75,75,80,80,80,80,80,80,80,80,80,80,80,80,80,80,80,80,80,80,80,80,80],"card_choices":[{"not_picked":["hermit:Roughhouse","hermit:BlackWind"],"picked":"hermit:EternalForm","floor":0},{"not_picked":["hermit:Coalescence","hermit:HighCaliber"],"picked":"hermit:SprayPray","floor":1},{"not_picked":["infinitespire:Oblivion","infinitespire:FutureSight"],"picked":"infinitespire:NeuralNetwork","floor":2},{"not_picked":["hermit:Manifest","hermit:Feint"],"picked":"hermit:Glare","floor":3},{"not_picked":["hermit:Midnight","hermit:CalledShot"],"picked":"hermit:ShadowCloak","floor":7},{"not_picked":["hermit:Dive+1","hermit:EyeOfTheStorm+1"],"picked":"hermit:GhostlyPresence+1","floor":10},{"not_picked":["hermit:Glare+1","hermit:Headshot"],"picked":"hermit:WideOpen","floor":12},{"not_picked":["hermit:DeadMansHand+1","hermit:Showdown"],"picked":"hermit:Deadeye","floor":13},{"not_picked":["hermit:Misfire","hermit:HoleUp+1","hermit:FullyLoaded+1"],"picked":"SKIP","floor":14},{"not_picked":["hermit:Magnum","hermit:FromBeyond+1"],"picked":"hermit:DeadOrAlive","floor":16},{"not_picked":["hermit:HighCaliber","hermit:WideOpen"],"picked":"hermit:ItchyTrigger","floor":18}],"player_experience":1044990,"relics_obtained":[{"floor":7,"key":"hubris:DeckOfHolding"},{"floor":9,"key":"StuffTheSpire:OldFever"},{"floor":10,"key":"Toxic Egg 2"},{"floor":13,"key":"infinitespire:Beetle Shell"}],"event_choices":[{"damage_healed":0,"gold_gain":0,"player_choice":"Donut","damage_taken":0,"max_hp_gain":5,"max_hp_loss":0,"event_name":"Big Fish","floor":5,"gold_loss":0},{"cards_removed":["Delirium"],"damage_healed":0,"gold_gain":0,"player_choice":"Gave Gold","damage_taken":0,"max_hp_gain":0,"max_hp_loss":0,"event_name":"Beggar","floor":19,"gold_loss":75}],"is_beta":false,"boss_relics":[{"not_picked":["aspiration:PoetsPen_weak","Velvet Choker"],"picked":"Replay:Bronze Core"}],"items_purged_floors":[21],"is_endless":false,"potions_floor_spawned":[3,10,13,16],"killed_by":"Slavers","ascension_level":1}}