{"host":"y087t2reloz9bi43","time":1613674079,"event":{"mods":["2.2 Compatiblity","BaseMod","Better Note","Better Vampires","BetterRewards","Colored Map","Colored Powertips","Downfall","GifTheSpireLib","Gold Saver","Mimic Mod","Minty Spire (QoL Compilation)","Permanent Neow","Rare Cards Sparkle","Relic Stats","Shop Mod","StSLib","Transform Curses","Uncapped","everything is the same but u backflip on backflip"],"gold_per_floor":[1117,1129,1141,1157,1157,1192,1192,1192,1202,1234,755,785,685,715,731,834,834,834,719,737,751,355,384,432,344,373,285,297,344,356,399,425,542,554,566,590,533,588,925,925,925,958,958,958,969,984,1010,1010,1010,1010],"floor_reached":48,"language":"ENG","playtime":6185,"items_purged":["sneckomod:Strike","sneckomod:Defend","sneckomod:Defend"],"score":724,"play_id":"e0b85d6d-5f4f-4c2a-986b-40b9a626280f","local_time":"20210218184759","is_ascension_mode":false,"campfire_choices":[{"data":"sneckomod:SnekBite","floor":1.0,"key":"SMITH"},{"data":"sneckomod:SnakeSap","floor":8.0,"key":"SMITH"},{"data":"sneckomod:UnknownUncommonPower","floor":13.0,"key":"SMITH"},{"data":"sneckomod:UnlimitedRolls","floor":18.0,"key":"SMITH"},{"floor":25.0,"key":"RECALL"},{"data":"sneckomod:SnekBeam","floor":27.0,"key":"SMITH"},{"data":"1","floor":30.0,"key":"LIFT"},{"data":"2","floor":35.0,"key":"LIFT"},{"data":"3","floor":43,"key":"LIFT"}],"circlet_count":0,"master_deck":["sneckomod:TailWhip","sneckomod:SnekBite+1","sneckomod:Unknown","sneckomod:Unknown","sneckomod:QuickMove","sneckomod:UnknownBlock","sneckomod:SnakeSap+1","sneckomod:Unknown1Cost+1","sneckomod:Unknown1Cost","sneckomod:UnknownBlock","sneckomod:Unknown2Cost+1","sneckomod:SnekBeam+1","sneckomod:UnknownUncommonPower+1","sneckomod:UnknownBlock","sneckomod:SoulRoll","sneckomod:UnlimitedRolls+1","sneckomod:PureSnecko+1","sneckomod:UnknownBlock","sneckomod:UnendingSupply","sneckomod:UnknownX","sneckomod:UnknownRareSkill","sneckomod:ImprovisedAttack","sneckomod:UnknownCommonAttack","sneckomod:Unknown0Cost","sneckomod:QuickBite+1","sneckomod:UnknownCommonAttack","sneckomod:SoulRoll+1","sneckomod:SerpentIdol+1"],"relics":["Busted Crown","WingedGreaves","Pear","Thread and Needle","War Paint","Bottled Tornado","downfall:HeartBlessingGreen","Matryoshka","Philosopher\u0027s Stone","Question Card","MawBank","sneckomod:ConfusingCodex","downfall:HeartBlessingBlue","downfall:HeartBlessingRed","Girya","Sundial","Empty Cage","Pocketwatch","Mummified Hand","Kunai","Pen Nib","downfall:ExtraCursedKey","sneckomod:UnknownEgg"],"acts_visited":["Exordium","TheCity","TheBeyond"],"potions_floor_usage":[39,39,45],"damage_taken":[{"damage":6.0,"enemies":"2 Louse","floor":2.0,"turns":3.0},{"damage":0.0,"enemies":"Cultist","floor":3.0,"turns":3.0},{"damage":0.0,"enemies":"Small Slimes","floor":4.0,"turns":3.0},{"damage":19.0,"enemies":"Lagavulin","floor":6.0,"turns":5.0},{"damage":14.0,"enemies":"Blue Slaver","floor":9.0,"turns":4.0},{"damage":0.0,"enemies":"3 Sentries","floor":10.0,"turns":8.0},{"damage":0.0,"enemies":"downfall:FleeingMerchant","floor":11.0,"turns":4.0},{"damage":17.0,"enemies":"Gremlin Nob","floor":12.0,"turns":4.0},{"damage":0.0,"enemies":"3 Sentries","floor":14.0,"turns":5.0},{"damage":0.0,"enemies":"2 Fungi Beasts","floor":15.0,"turns":3.0},{"damage":1.0,"enemies":"IC_STATUS_ARCHETYPE","floor":16.0,"turns":9.0},{"damage":0.0,"enemies":"downfall:FleeingMerchant","floor":19.0,"turns":4.0},{"damage":0.0,"enemies":"Spheric Guardian","floor":20.0,"turns":3.0},{"damage":9.0,"enemies":"3 Byrds","floor":21.0,"turns":7.0},{"damage":0.0,"enemies":"downfall:FleeingMerchant","floor":22.0,"turns":4.0},{"damage":10.0,"enemies":"Gremlin Leader","floor":23.0,"turns":10.0},{"damage":0.0,"enemies":"Centurion and Healer","floor":24.0,"turns":7.0},{"damage":0.0,"enemies":"Centurion and Healer","floor":26.0,"turns":6.0},{"damage":8.0,"enemies":"Book of Stabbing","floor":29.0,"turns":5.0},{"damage":78.0,"enemies":"Slavers","floor":31.0,"turns":6.0},{"damage":0.0,"enemies":"3 Cultists","floor":32.0,"turns":4.0},{"damage":31.0,"enemies":"WA_ARCHETYPE_CALM","floor":33.0,"turns":11.0},{"damage":10.0,"enemies":"Orb Walker","floor":36.0,"turns":4.0},{"damage":21.0,"enemies":"downfall:FleeingMerchant","floor":37.0,"turns":4.0},{"damage":6,"enemies":"2 Orb Walkers","floor":38,"turns":4},{"damage":0,"enemies":"downfall:FleeingMerchant","floor":39,"turns":3},{"damage":13,"enemies":"Reptomancer","floor":42,"turns":5},{"damage":18,"enemies":"3 Shapes","floor":45,"turns":3},{"damage":0,"enemies":"3 Darklings","floor":46,"turns":3},{"damage":30,"enemies":"Nemesis","floor":47,"turns":5},{"damage":31,"enemies":"Jaw Worm Horde","floor":48,"turns":2}],"seed_played":"6990751948883450866","potions_obtained":[{"floor":4.0,"key":"ColorlessPotion"},{"floor":12.0,"key":"PowerPotion"},{"floor":14.0,"key":"BlessingOfTheForge"},{"floor":15.0,"key":"LiquidMemories"},{"floor":21.0,"key":"sneckomod:DiceRollPotion"},{"floor":29.0,"key":"FairyPotion"},{"floor":38,"key":"champ:CounterPotion"},{"floor":45,"key":"SpeedPotion"}],"is_trial":false,"path_per_floor":["R","M","M","M","?","E","T","R","M","E","$","E","R","E","M","B",null,"R","$","M","M","$","E","MIM","R","M","R","?","E","R","E","M","B",null,"R","M","$","?","$","?","T","E","R","?","M","M","E","M"],"character_chosen":"THE_SNECKO","items_purchased":["sneckomod:SnekBeam","sneckomod:UnknownExhaust","sneckomod:UnknownUncommonPower","War Paint","Question Card","sneckomod:UnknownCommonAttack","sneckomod:UnknownCommonAttack"],"campfire_rested":0,"item_purchase_floors":[11,11,11,11,22,37,39],"current_hp_per_floor":[90,84,84,84,84,65,75,75,61,61,61,44,44,44,44,43,100,100,100,100,98,100,90,90,100,100,100,100,99,99,21,21,33,110,110,100,79,73,73,73,73,60,60,60,42,42,19,0,0,0],"gold":1010,"neow_bonus":"BOSS_RELIC","is_daily":false,"chose_seed":false,"campfire_upgraded":5,"win_rate":0.0,"timestamp":1613674079,"path_taken":["R","M","M","M","?","E","T","R","M","E","$","E","R","E","M","BOSS","R","?","M","M","$","E","MIM","R","M","R","?","E","R","E","M","BOSS","R","M","$","?","$","?","T","E","R","?","M","M","E","M"],"items_purchased_type":["Card","Card","Card","Relic","Relic","Card","Card"],"build_version":"2020-12-22","purchased_purges":3,"victory":false,"max_hp_per_floor":[90,90,90,90,90,90,100,100,100,100,100,100,100,100,100,100,100,100,100,100,100,100,100,100,110,110,110,110,110,110,110,110,110,110,110,110,110,110,110,110,110,110,110,110,110,110,110,110,110,110],"relic_stats":{"Busted Crown":60,"counters":[31,151],"Sundial":[4],"Mummified Hand":[18],"Pen Nib":[3],"Kunai":[7],"War Paint":["sneckomod:Unknown1Cost","sneckomod:Unknown2Cost"],"Question Card":15,"MawBank":168,"obtain_stats":[{"Girya":29,"Pear":7,"downfall:HeartBlessingRed":27,"sneckomod:UnknownEgg":47,"Thread and Needle":10,"downfall:HeartBlessingGreen":13,"Pen Nib":42,"War Paint":11,"Bottled Tornado":12,"sneckomod:SneckoSoul":0,"Question Card":22,"MawBank":23,"Empty Cage":34,"Busted Crown":0,"Matryoshka":14,"sneckomod:ConfusingCodex":24,"downfall:HeartBlessingBlue":25,"Sundial":31,"Mummified Hand":41,"Philosopher\u0027s Stone":17,"WingedGreaves":6,"downfall:ExtraCursedKey":44,"Kunai":41,"Pocketwatch":38},{"Girya":19,"Pear":4,"downfall:HeartBlessingRed":18,"sneckomod:UnknownEgg":30,"Thread and Needle":6,"downfall:HeartBlessingGreen":8,"Pen Nib":27,"War Paint":7,"Bottled Tornado":8,"sneckomod:SneckoSoul":0,"Question Card":15,"MawBank":16,"Empty Cage":22,"Busted Crown":0,"Matryoshka":9,"sneckomod:ConfusingCodex":17,"downfall:HeartBlessingBlue":17,"Sundial":20,"Mummified Hand":26,"Philosopher\u0027s Stone":11,"WingedGreaves":4,"downfall:ExtraCursedKey":27,"Kunai":26,"Pocketwatch":25},{"Girya":97,"Pear":14,"downfall:HeartBlessingRed":92,"sneckomod:UnknownEgg":149,"Thread and Needle":26,"downfall:HeartBlessingGreen":34,"Pen Nib":138,"War Paint":30,"Bottled Tornado":34,"sneckomod:SneckoSoul":0,"Question Card":69,"MawBank":79,"Empty Cage":118,"Busted Crown":0,"Matryoshka":39,"sneckomod:ConfusingCodex":86,"downfall:HeartBlessingBlue":86,"Sundial":103,"Mummified Hand":133,"Philosopher\u0027s Stone":51,"WingedGreaves":14,"downfall:ExtraCursedKey":138,"Kunai":133,"Pocketwatch":130}],"Pocketwatch":[0]},"card_choices":[{"not_picked":[],"picked":"sneckomod:QuickMove","floor":2.0},{"not_picked":[],"picked":"sneckomod:UnknownBlock","floor":3.0},{"not_picked":[],"picked":"sneckomod:SnakeSap","floor":4.0},{"not_picked":[],"picked":"sneckomod:Unknown1Cost","floor":6.0},{"not_picked":[],"picked":"sneckomod:Unknown1Cost","floor":9.0},{"not_picked":[],"picked":"sneckomod:UnknownBlock","floor":10.0},{"not_picked":[],"picked":"sneckomod:Unknown2Cost","floor":11.0},{"not_picked":[],"picked":"sneckomod:UnknownBlock","floor":12.0},{"not_picked":["sneckomod:WideSting"],"picked":"SKIP","floor":14.0},{"not_picked":[],"picked":"sneckomod:SoulRoll","floor":15.0},{"not_picked":[],"picked":"sneckomod:UnlimitedRolls","floor":16.0},{"not_picked":[],"picked":"sneckomod:PureSnecko+1","floor":19.0},{"not_picked":["sneckomod:WideSting"],"picked":"SKIP","floor":20.0},{"not_picked":[],"picked":"sneckomod:UnknownBlock","floor":21.0},{"not_picked":["sneckomod:UnknownClassGREEN"],"picked":"SKIP","floor":22.0},{"not_picked":["sneckomod:DiceCrush+1","sneckomod:SoulDraw"],"picked":"SKIP","floor":23.0},{"not_picked":["sneckomod:MasterEye","sneckomod:TrashToTreasure+1"],"picked":"SKIP","floor":26.0},{"not_picked":["sneckomod:UnlimitedRolls","sneckomod:QuickMove"],"picked":"SKIP","floor":29.0},{"not_picked":["sneckomod:CheapStock+1"],"picked":"sneckomod:UnknownX","floor":31.0},{"not_picked":["sneckomod:UnknownClassBLUE+1","sneckomod:UnknownClassGREEN"],"picked":"SKIP","floor":32.0},{"not_picked":["sneckomod:DangerNoodle"],"picked":"sneckomod:UnknownRareSkill","floor":33.0},{"not_picked":["sneckomod:WideSting","sneckomod:DefensiveFlair"],"picked":"SKIP","floor":36.0},{"not_picked":["sneckomod:UnknownUncommonSkill"],"picked":"sneckomod:ImprovisedAttack","floor":37.0},{"not_picked":["sneckomod:UnknownVulnerable+1"],"picked":"sneckomod:Unknown0Cost","floor":38},{"not_picked":["sneckomod:UnknownClassGREEN+1"],"picked":"sneckomod:QuickBite+1","floor":39},{"not_picked":["sneckomod:Restock"],"picked":"sneckomod:SoulRoll+1","floor":42},{"not_picked":["sneckomod:MasterEye+1","sneckomod:DiceCrush+1"],"picked":"SKIP","floor":45},{"not_picked":["sneckomod:WideSting+1","sneckomod:Nope"],"picked":"SKIP","floor":46},{"not_picked":["sneckomod:IronFang"],"picked":"sneckomod:SerpentIdol+1","floor":47}],"player_experience":307748,"relics_obtained":[{"floor":6.0,"key":"WingedGreaves"},{"floor":7.0,"key":"Pear"},{"floor":10.0,"key":"Thread and Needle"},{"floor":12.0,"key":"Bottled Tornado"},{"floor":14.0,"key":"Matryoshka"},{"floor":23.0,"key":"MawBank"},{"floor":24.0,"key":"sneckomod:ConfusingCodex"},{"floor":29.0,"key":"Girya"},{"floor":31.0,"key":"Sundial"},{"floor":38,"key":"Pocketwatch"},{"floor":41,"key":"Mummified Hand"},{"floor":41,"key":"Kunai"},{"floor":42,"key":"Pen Nib"},{"floor":47,"key":"sneckomod:UnknownEgg"}],"event_choices":[{"damage_healed":0.0,"max_hp_gain":0.0,"max_hp_loss":0.0,"gold_gain":0.0,"event_name":"FaceTrader","player_choice":"Leave","floor":5.0,"gold_loss":0.0,"damage_taken":0.0},{"damage_healed":0,"gold_gain":0,"player_choice":"Fight","damage_taken":0,"max_hp_gain":0,"max_hp_loss":0,"event_name":"Mysterious Sphere","floor":38,"gold_loss":0},{"cards_removed":["sneckomod:UnknownExhaust"],"damage_healed":0,"gold_gain":0,"player_choice":"Removed Skill","damage_taken":0,"max_hp_gain":0,"max_hp_loss":0,"event_name":"Falling","floor":40,"gold_loss":0}],"is_beta":false,"boss_relics":[{"not_picked":["Astrolabe","Fusion Hammer"],"picked":"Philosopher\u0027s Stone"},{"not_picked":["Calling Bell","Runic Pyramid"],"picked":"Empty Cage"}],"items_purged_floors":[11,19,22],"is_endless":false,"potions_floor_spawned":[4,12,14,15,16,21,26,29,31,38,45],"killed_by":"Jaw Worm Horde","ascension_level":0}}