{"host":"wxz7488rqrwl2v46","time":1613651252,"event":{"mods":["BaseMod","Minty Spire (QoL Compilation)","Quick Restart","Replay The Spire","StSLib"],"gold_per_floor":[116,116,5,5,5,5,35,35,35,35,35,35,35,63,63,174,174,196,38,38,137,155,155,195,274,299,299,331,331,331,354,354,460,460,476,476,500,549,549,549,574,574,574,591,610,618,618],"floor_reached":46,"language":"ZHS","playtime":2995,"items_purged":["Strike_B","Strike_B"],"score":515,"play_id":"1ce634d0-493a-428b-a205-9fe080822e77","local_time":"20210218202732","is_ascension_mode":false,"campfire_choices":[{"data":"Zap","floor":6,"key":"SMITH"},{"data":"Dualcast","floor":8,"key":"SMITH"},{"data":"Go for the Eyes","floor":11,"key":"SMITH"},{"data":"Glacier","floor":13,"key":"SMITH"},{"data":"Steam","floor":15,"key":"SMITH"},{"data":"Panic Button","floor":23,"key":"SMITH"},{"floor":30,"key":"REST"},{"floor":32,"key":"REST"},{"data":"FIFO Queue","floor":40,"key":"SMITH"},{"data":"Redo","floor":42,"key":"SMITH"}],"circlet_count":0,"master_deck":["Defend_B+1","Defend_B+1","Defend_B","Defend_B","Zap+1","Dualcast+1","Glacier+1","Coolheaded+1","Go for the Eyes+1","Steam+1","ReplayRNGCard","Skim+1","Doom and Gloom+1","Panic Button+1","Compile Driver+1","Redo","FIFO Queue+1","Go for the Eyes+1","Multi-Cast","Redo+1","Redo+1","Deep Breath","Parasite","All For One","ReplayTheSpireMod:Splinters","Coolheaded+1"],"relics":["Cracked Core","NeowsBlessing","Replay:Bandana","Orichalcum","Lizard Tail","Omamori","Inserter","War Paint","Blood Vial","PreservedInsect","Tiny Chest","Ring of Peace","Ring of Fury","Question Card","Cursed Key","Nunchaku","HornCleat"],"acts_visited":["Exordium","TheCity","TheBeyond"],"potions_floor_usage":[16,28,33,45,45,45,45,46],"damage_taken":[{"damage":0,"enemies":"Small Slimes","floor":1,"turns":1},{"damage":0,"enemies":"Lagavulin","floor":7,"turns":1},{"damage":0,"enemies":"Gremlin Nob","floor":14,"turns":1},{"damage":93,"enemies":"Slime Boss","floor":16,"turns":35},{"damage":8,"enemies":"3 Byrds","floor":18,"turns":7},{"damage":19,"enemies":"Chosen","floor":22,"turns":6},{"damage":17,"enemies":"Slavers","floor":24,"turns":5},{"damage":0,"enemies":"Centurion and Healer","floor":28,"turns":5},{"damage":10,"enemies":"Sentry and Sphere","floor":31,"turns":11},{"damage":29,"enemies":"Collector","floor":33,"turns":13},{"damage":37,"enemies":"3 Shapes","floor":35,"turns":5},{"damage":0,"enemies":"Orb Walker","floor":37,"turns":5},{"damage":11,"enemies":"Writhing Mass","floor":41,"turns":8},{"damage":16,"enemies":"4 Shapes","floor":44,"turns":6},{"damage":17,"enemies":"Sphere and 2 Shapes","floor":45,"turns":4},{"damage":4,"enemies":"Spire Growth","floor":46,"turns":5}],"seed_played":"8078550224488858434","potions_obtained":[{"floor":1,"key":"ColorlessPotion"},{"floor":16,"key":"SneckoOil"},{"floor":18,"key":"Strength Potion"},{"floor":24,"key":"Venom Potion"},{"floor":25,"key":"PotionOfCapacity"},{"floor":25,"key":"LifebloodPotion"},{"floor":35,"key":"BlessingOfTheForge"},{"floor":41,"key":"EntropicBrew"},{"floor":45,"key":"SpeedPotion"}],"is_trial":false,"path_per_floor":["M","?","$","?","$","R","E","R","T","?","R","?","R","E","R","B",null,"M","$","?","?","M","R","E","?","T","?","M","T","R","M","R","B",null,"M","?","M","T","?","R","M","R","T","M","M","M"],"character_chosen":"DEFECT","items_purchased":["Coolheaded+1","Doom and Gloom+1"],"campfire_rested":2,"item_purchase_floors":[3,19],"current_hp_per_floor":[75,75,75,63,63,63,63,63,63,56,56,56,56,56,56,3,75,67,67,67,67,48,48,31,1,1,1,3,3,25,17,39,12,75,38,38,40,40,40,40,31,31,31,17,2,0,0],"gold":618,"neow_bonus":"THREE_ENEMY_KILL","is_daily":false,"chose_seed":false,"campfire_upgraded":8,"win_rate":0.0,"timestamp":1613651252,"path_taken":["M","?","?","?","$","R","E","R","T","?","R","?","R","E","R","BOSS","M","?","?","?","?","R","E","?","T","?","M","?","R","M","R","BOSS","M","?","M","?","?","R","M","R","T","M","?","M"],"items_purchased_type":["Card","Card"],"build_version":"2020-12-22","purchased_purges":2,"victory":false,"max_hp_per_floor":[75,75,75,75,75,75,75,75,75,75,75,75,75,75,75,75,75,75,75,75,75,75,75,75,75,75,75,75,75,75,75,75,75,75,75,75,75,75,75,75,75,75,75,75,75,75,75],"card_choices":[{"not_picked":["Undo","Steam"],"picked":"Glacier","floor":1},{"not_picked":["Stack","Loop"],"picked":"Go for the Eyes","floor":7},{"not_picked":["Hologram","ReplaySort"],"picked":"Steam","floor":14},{"not_picked":["Fission","Amplify"],"picked":"ReplayRNGCard","floor":16},{"not_picked":["Barrage","ReplayTheSpireMod:GoodbyeWorld"],"picked":"Skim+1","floor":18},{"not_picked":["Capacitor","Static Discharge"],"picked":"Panic Button","floor":22},{"not_picked":["ReplayTheSpireMod:Repulse","ReplayTheSpireMod:Reroute Power"],"picked":"Compile Driver+1","floor":24},{"not_picked":["Leap","Go for the Eyes"],"picked":"Redo","floor":25},{"not_picked":["Stack","Steam"],"picked":"FIFO Queue","floor":28},{"not_picked":["Compile Driver+1","Beam Cell","Steam"],"picked":"Go for the Eyes+1","floor":31},{"not_picked":["Reboot","Amplify","Machine Learning"],"picked":"Multi-Cast","floor":33},{"not_picked":["Melter+1","Compile Driver+1","Capacitor"],"picked":"Redo+1","floor":35},{"not_picked":["Rebound","Leap","Streamline"],"picked":"Redo","floor":37},{"not_picked":["Impatience","Flash of Steel","Trip"],"picked":"Deep Breath","floor":39},{"not_picked":["Barrage","Static Discharge","Redo"],"picked":"All For One","floor":41},{"not_picked":["Hologram","Aggregate","Gash","BasicCrystalCard"],"picked":"SKIP","floor":44},{"not_picked":["Storm","Fusion+1","Redo"],"picked":"Coolheaded+1","floor":45}],"player_experience":63896,"relics_obtained":[{"floor":7,"key":"Orichalcum"},{"floor":9,"key":"Lizard Tail"},{"floor":14,"key":"Omamori"},{"floor":24,"key":"Blood Vial"},{"floor":25,"key":"PreservedInsect"},{"floor":26,"key":"Tiny Chest"},{"floor":27,"key":"Ring of Peace"},{"floor":27,"key":"Ring of Fury"},{"floor":29,"key":"Question Card"},{"floor":38,"key":"Nunchaku"},{"floor":43,"key":"HornCleat"}],"event_choices":[{"damage_healed":0,"gold_gain":0,"player_choice":"0 cards matched","damage_taken":0,"max_hp_gain":0,"max_hp_loss":0,"event_name":"Match and Keep!","floor":2,"gold_loss":0,"cards_obtained":[]},{"damage_healed":0,"gold_gain":0,"player_choice":"Success","damage_taken":12,"relics_obtained":["Replay:Bandana"],"max_hp_gain":0,"max_hp_loss":0,"event_name":"Scrap Ooze","floor":4,"gold_loss":0},{"cards_removed":["Strike_B"],"damage_healed":0,"gold_gain":0,"player_choice":"Card Removal","damage_taken":7,"max_hp_gain":0,"max_hp_loss":0,"event_name":"Golden Wing","floor":10,"gold_loss":0},{"cards_removed":["Strike_B"],"damage_healed":0,"gold_gain":0,"player_choice":"Purged","damage_taken":0,"max_hp_gain":0,"max_hp_loss":0,"event_name":"Purifier","floor":12,"gold_loss":0},{"damage_healed":0,"gold_gain":0,"player_choice":"Stole Relic","damage_taken":0,"relics_obtained":["War Paint"],"max_hp_gain":0,"max_hp_loss":0,"event_name":"Addict","floor":20,"gold_loss":0,"cards_obtained":["Shame"]},{"damage_healed":0,"gold_gain":99,"player_choice":"Stole From Cult","damage_taken":0,"max_hp_gain":0,"max_hp_loss":0,"event_name":"Nest","floor":21,"gold_loss":0},{"damage_healed":0,"gold_gain":0,"player_choice":"Bought 0 Potions","damage_taken":0,"max_hp_gain":0,"max_hp_loss":0,"event_name":"The Woman in Blue","floor":36,"gold_loss":0},{"damage_healed":0,"gold_gain":0,"player_choice":"Memory 1","damage_taken":0,"max_hp_gain":0,"max_hp_loss":0,"event_name":"SensoryStone","floor":39,"gold_loss":0}],"is_beta":false,"boss_relics":[{"not_picked":["Runic Pyramid","Empty Cage"],"picked":"Inserter"},{"not_picked":["ChewingGum","Calling Bell"],"picked":"Cursed Key"}],"items_purged_floors":[3,19],"is_endless":false,"potions_floor_spawned":[1,16,18,24,35,41,45],"killed_by":"Spire Growth","ascension_level":0}}