{"host":"ufhw4cf0hh51lveu","time":1613642439,"event":{"mods":["BaseMod","DeckTracker","Lobotomy","Minty Spire (QoL Compilation)","SuperFastMode"],"gold_per_floor":[118,65,76,92,106,106,125,137,137,137,137,157,167,185,185,283,283,283,283],"floor_reached":18,"language":"KOR","playtime":677,"items_purged":[],"score":158,"play_id":"af932155-5dda-46a5-86b6-9db938f6902b","local_time":"20210218190039","is_ascension_mode":false,"campfire_choices":[{"data":"Body Slam","floor":6,"key":"SMITH"},{"floor":10,"key":"REST"},{"floor":15,"key":"REST"}],"circlet_count":0,"master_deck":["Strike_R","Strike_R","Strike_R","Defend_R","Defend_R","Defend_R","Defend_R","Bash","Body Slam+1","Ghostly Armor","Bludgeon","Thunderclap","Headbutt","Cleave","BeautyBeast","OSAHOGD","Iron Wave","Impervious"],"relics":["Burning Blood","CogitoBucket","WingedGreaves","Empty Cage"],"acts_visited":["Exordium","TheCity"],"potions_floor_usage":[5,8,8,14,16],"damage_taken":[{"damage":6,"enemies":"Cultist","floor":1,"turns":3},{"damage":8,"enemies":"Small Slimes","floor":3,"turns":3},{"damage":25,"enemies":"Jaw Worm","floor":4,"turns":7},{"damage":2,"enemies":"Looter","floor":5,"turns":4},{"damage":9,"enemies":"2 Fungi Beasts","floor":7,"turns":4},{"damage":52,"enemies":"Blue Slaver","floor":8,"turns":24},{"damage":26,"enemies":"Large Slime","floor":12,"turns":4},{"damage":10,"enemies":"Looter","floor":13,"turns":3},{"damage":14,"enemies":"Exordium Thugs","floor":14,"turns":6},{"damage":37,"enemies":"Slime Boss","floor":16,"turns":11},{"damage":83,"enemies":"Chosen","floor":18,"turns":3}],"seed_played":"794092847387910382","potions_obtained":[{"floor":1,"key":"Swift Potion"},{"floor":5,"key":"Swift Potion"},{"floor":7,"key":"FearPotion"},{"floor":12,"key":"Strength Potion"},{"floor":13,"key":"Block Potion"},{"floor":16,"key":"Energy Potion"}],"is_trial":false,"path_per_floor":["M","$","M","M","M","R","M","M","T","R","?","M","M","M","R","B",null,"M"],"character_chosen":"IRONCLAD","items_purchased":["Body Slam"],"campfire_rested":2,"item_purchase_floors":[2],"current_hp_per_floor":[80,80,78,59,66,66,66,26,26,50,50,62,58,50,74,43,80,0,0],"gold":283,"neow_bonus":"","is_daily":false,"chose_seed":false,"campfire_upgraded":1,"win_rate":0.0,"timestamp":1613642439,"path_taken":["M","$","M","?","M","R","M","M","T","R","?","M","M","M","R","BOSS","M"],"items_purchased_type":["Card"],"build_version":"2020-12-22","purchased_purges":0,"victory":false,"max_hp_per_floor":[80,80,80,80,80,80,80,80,80,80,80,80,80,80,80,80,80,80,80],"card_choices":[{"not_picked":["Anger","Headbutt","Battle Trance"],"picked":"SKIP","floor":1},{"not_picked":["Murderer","OldLady"],"picked":"Wellcheers","floor":3},{"not_picked":["Perfected Strike","Dark Embrace","Reckless Charge"],"picked":"SKIP","floor":3},{"not_picked":["Armaments","True Grit"],"picked":"Ghostly Armor","floor":4},{"not_picked":["Scarecrow","LittlePrince","WallGazer"],"picked":"Singing Bowl","floor":5},{"not_picked":["Battle Trance","Rage"],"picked":"Bludgeon","floor":5},{"not_picked":["CrumblingArmor","PunishingBird"],"picked":"Yin","floor":7},{"not_picked":["Cleave","Metallicize"],"picked":"Thunderclap","floor":7},{"not_picked":["Flame Barrier","Pommel Strike","Combust"],"picked":"SKIP","floor":8},{"not_picked":["Flame Barrier","Pommel Strike","Combust"],"picked":"SKIP","floor":8},{"not_picked":["Sever Soul","Carnage"],"picked":"Cleave","floor":12},{"not_picked":["Bloodbath","Alriune"],"picked":"BeautyBeast","floor":13},{"not_picked":["True Grit","Havoc","Clothesline"],"picked":"SKIP","floor":13},{"not_picked":["SpiderBud","OldLady"],"picked":"OSAHOGD","floor":14},{"not_picked":["True Grit","Pommel Strike"],"picked":"Iron Wave","floor":14},{"not_picked":["Feed","Fiend Fire"],"picked":"Impervious","floor":16}],"player_experience":52885,"relics_obtained":[{"floor":9,"key":"WingedGreaves"}],"event_choices":[{"damage_healed":0,"gold_gain":0,"cards_transformed":["Wellcheers"],"player_choice":"Transformed","damage_taken":0,"max_hp_gain":0,"max_hp_loss":0,"event_name":"Transmorgrifier","floor":11,"gold_loss":0,"cards_obtained":["Headbutt"]}],"is_beta":false,"boss_relics":[{"not_picked":["Tiny House","Sozu"],"picked":"Empty Cage"}],"items_purged_floors":[],"is_endless":false,"potions_floor_spawned":[1,5,7,12,13,16],"killed_by":"Chosen","ascension_level":0}}