{"host":"6a9c3xws62y7efyw","time":1613625535,"event":{"mods":["BaseMod","Colored Map","Minty Spire (QoL Compilation)","Relic Stats","StSLib"],"gold_per_floor":[109,109,123,136,7,33,64,76,76],"floor_reached":8,"language":"ENG","playtime":244,"items_purged":[],"score":116,"play_id":"b896d4b6-c825-4faf-aa01-eb09291071f9","local_time":"20210217211855","is_ascension_mode":true,"campfire_choices":[],"circlet_count":0,"master_deck":["AscendersBane","Strike_G","Strike_G","Strike_G","Strike_G","Defend_G","Defend_G","Defend_G","Defend_G","Defend_G","Survivor","Neutralize","Dagger Spray","PiercingWail","Poisoned Stab","Dagger Throw","Skewer","Flying Knee"],"relics":["Ring of the Snake","NeowsBlessing","MawBank"],"acts_visited":["Exordium"],"potions_floor_usage":[6,6],"damage_taken":[{"damage":0,"enemies":"Jaw Worm","floor":1,"turns":1},{"damage":0,"enemies":"Cultist","floor":3,"turns":1},{"damage":0,"enemies":"Small Slimes","floor":4,"turns":1},{"damage":31,"enemies":"Lagavulin","floor":6,"turns":6},{"damage":3,"enemies":"Looter","floor":7,"turns":3},{"damage":34,"enemies":"3 Sentries","floor":8,"turns":5}],"seed_played":"7317793754164437397","potions_obtained":[{"floor":3,"key":"AttackPotion"},{"floor":6,"key":"SmokeBomb"}],"is_trial":false,"path_per_floor":["M","?","M","M","$","E","M","E"],"character_chosen":"THE_SILENT","items_purchased":["Skewer","Fire Potion"],"campfire_rested":0,"item_purchase_floors":[5,5],"current_hp_per_floor":[59,59,59,59,59,28,25,0,0],"gold":76,"neow_bonus":"THREE_ENEMY_KILL","is_daily":false,"chose_seed":false,"campfire_upgraded":0,"win_rate":0.0,"timestamp":1613625535,"path_taken":["M","?","M","?","$","E","M","E"],"items_purchased_type":["Card","Potion"],"build_version":"2020-12-22","purchased_purges":0,"victory":false,"max_hp_per_floor":[66,66,66,66,66,66,66,66,66],"relic_stats":{"counters":[6,17],"MawBank":24,"obtain_stats":[{"NeowsBlessing":0,"MawBank":6,"Ring of the Snake":0},{"NeowsBlessing":0,"MawBank":4,"Ring of the Snake":0},{"NeowsBlessing":0,"MawBank":9,"Ring of the Snake":0}],"Ring of the Snake":[12]},"card_choices":[{"not_picked":["Calculated Gamble","PiercingWail"],"picked":"Dagger Spray","floor":1},{"not_picked":["Prepared","Dagger Spray"],"picked":"Poisoned Stab","floor":3},{"not_picked":["Noxious Fumes","Concentrate"],"picked":"Dagger Throw","floor":4},{"not_picked":["Slice","Heel Hook","Outmaneuver"],"picked":"SKIP","floor":6},{"not_picked":["PiercingWail","Finisher"],"picked":"Flying Knee","floor":7}],"player_experience":1549806,"relics_obtained":[{"floor":6,"key":"MawBank"}],"event_choices":[{"damage_healed":0,"gold_gain":0,"cards_transformed":["Strike_G"],"player_choice":"Transformed","damage_taken":0,"max_hp_gain":0,"max_hp_loss":0,"event_name":"Transmorgrifier","floor":2,"gold_loss":0,"cards_obtained":["PiercingWail"]}],"is_beta":false,"boss_relics":[],"items_purged_floors":[],"is_endless":false,"potions_floor_spawned":[3,6],"killed_by":"3 Sentries","ascension_level":20}}