{"host":"ppqll9nf92xyjrj9","time":1613689668,"event":{"mods":["Act Like it!","Arknights","BaseMod","Bestiary","Better Third Choice","Bossed Relics","Curses Come First","Ekko","Evolution","Hermit","Jorbs\u0027s Wanderer Trilogy","Keyboard Shortcuts","Marked Mod","Minty Spire (QoL Compilation)","Relic Stats","Shapeshifter Mod","Spicy Shops","StS++","StSLib","The Marked","The Runesmith","Weighted Paths","【遗物卡牌】REMEMod"],"gold_per_floor":[115,115,134,134,152,152,179,211,211,211,211],"floor_reached":10,"language":"ENG","playtime":627,"items_purged":[],"score":66,"play_id":"ce5f8ded-c6dd-4632-9fe8-e33d5790baa8","local_time":"20210218150748","is_ascension_mode":false,"campfire_choices":[{"data":"ats:Rapid Magazine","floor":6,"key":"SMITH"}],"circlet_count":0,"master_deck":["ats:Strike G","ats:Strike S","ats:Strike V","ats:Armor Crushing Shot","ats:Defend","ats:Defend","ats:Defend","ats:Defend","ats:Emotion Absorption+1","Venomology+1","ats:Rapid Magazine+1","ats:Rapid Magazine","ats:Closed Bolt Burst Fire"],"relics":["ats:Sanity","EVO:Axolotl","REME_ComplimentaryCards","NeowsBlessing","Boot","ats:Originium","StoneCalendar","REME_PuzzleBoxRelic"],"acts_visited":["Exordium"],"potions_floor_usage":[5,8,8,8,10,10],"damage_taken":[{"damage":0,"enemies":"ats:Genji","floor":1,"turns":2},{"damage":0,"enemies":"2 Louse","floor":3,"turns":1},{"damage":0,"enemies":"Cultist","floor":5,"turns":1},{"damage":30,"enemies":"3 Sentries","floor":8,"turns":8},{"damage":27,"enemies":"Gremlin Nob","floor":10,"turns":3}],"seed_played":"8167234825642610626","potions_obtained":[{"floor":1,"key":"FearPotion"},{"floor":8,"key":"Swift Potion"}],"is_trial":false,"path_per_floor":["M","?","M","?","M","R","T","E","T","E"],"character_chosen":"DOCTOR_CLASS","items_purchased":[],"campfire_rested":0,"item_purchase_floors":[],"current_hp_per_floor":[72,58,58,51,51,51,51,21,21,0,0],"gold":211,"neow_bonus":"THREE_ENEMY_KILL","is_daily":false,"chose_seed":false,"campfire_upgraded":1,"win_rate":0.0,"timestamp":1613689668,"path_taken":["M","?","M","?","M","R","?","E","T","E"],"items_purchased_type":[],"build_version":"2020-12-22","purchased_purges":0,"victory":false,"max_hp_per_floor":[72,72,72,72,72,72,72,72,72,72,72],"relic_stats":{"counters":[5,15],"StoneCalendar":[0],"Boot":[0],"obtain_stats":[{"NeowsBlessing":0,"ats:Originium":8,"StoneCalendar":8,"EVO:Axolotl":0,"ats:Sanity":0,"REME_PuzzleBoxRelic":9,"Boot":7,"REME_ComplimentaryCards":0},{"NeowsBlessing":0,"ats:Originium":4,"StoneCalendar":4,"EVO:Axolotl":0,"ats:Sanity":0,"REME_PuzzleBoxRelic":4,"Boot":3,"REME_ComplimentaryCards":0},{"NeowsBlessing":0,"ats:Originium":12,"StoneCalendar":12,"EVO:Axolotl":0,"ats:Sanity":0,"REME_PuzzleBoxRelic":12,"Boot":4,"REME_ComplimentaryCards":0}]},"card_choices":[{"not_picked":["ats:Leaping Hammer","ats:Hammer On"],"picked":"ats:Rapid Magazine","floor":1},{"not_picked":["ats:Very Hot Blade","ats:Absolute Focus","ats:Assault Order"],"picked":"SKIP","floor":3},{"not_picked":["ats:Spore Proliferation","ats:Ignite"],"picked":"ats:Rapid Magazine","floor":5},{"not_picked":["ats:Sword Rain","ats:Part Time Job"],"picked":"ats:Closed Bolt Burst Fire","floor":8}],"player_experience":87447,"relics_obtained":[{"floor":7,"key":"Boot"},{"floor":8,"key":"ats:Originium"},{"floor":8,"key":"StoneCalendar"},{"floor":9,"key":"REME_PuzzleBoxRelic"}],"event_choices":[{"damage_healed":72,"gold_gain":0,"player_choice":"Upgrade","damage_taken":14,"max_hp_gain":0,"max_hp_loss":72,"event_name":"betterThird:BetterShining","floor":2,"gold_loss":0,"cards_upgraded":["ats:Emotion Absorption","Venomology"]},{"cards_removed":["ats:Strike C"],"damage_healed":0,"gold_gain":0,"player_choice":"Card Removal","damage_taken":7,"max_hp_gain":0,"max_hp_loss":0,"event_name":"Golden Wing","floor":4,"gold_loss":0}],"is_beta":false,"boss_relics":[],"items_purged_floors":[],"is_endless":false,"potions_floor_spawned":[1,8],"killed_by":"Gremlin Nob","ascension_level":0}}