{"host":"sum4dy402bbv9y4o","time":1613687360,"event":{"mods":["Aspiration","BaseMod","Conspire","Highlight Path","Minty Spire (QoL Compilation)","StSLib"],"gold_per_floor":[212,222,222,236,28,58,58,73,73,107,107,123,23,49,49,124,124,134,152,152,54,69,69,69,98,98,98,115,115,115,141,141,141,141],"floor_reached":33,"language":"ENG","playtime":1369,"items_purged":["Defend_P","Strike_P"],"score":656,"play_id":"5ed68c33-9594-4df4-b58e-e356310b48b7","local_time":"20210219012920","is_ascension_mode":true,"campfire_choices":[{"data":"Eruption","floor":7,"key":"SMITH"},{"floor":11,"key":"REST"},{"data":"CrushJoints","floor":15,"key":"SMITH"},{"floor":23,"key":"REST"},{"floor":27,"key":"REST"},{"floor":30,"key":"REST"},{"data":"FlurryOfBlows","floor":32,"key":"SMITH"}],"circlet_count":0,"master_deck":["AscendersBane","Strike_P","Strike_P","Defend_P","Eruption+1","Vigilance","EmptyBody","JustLucky","LikeWater","MentalFortress","Protect","BowlingBash","Weave","FollowUp+1","FlurryOfBlows+1","CrushJoints+1","CrushJoints+1","Tantrum+1","Vault","FearNoEvil","MentalFortress","Halt","Halt","LessonLearned","JustLucky"],"relics":["HolyWater","Lantern","Toy Ornithopter","Omamori","Oddly Smooth Stone","Shuriken","conspire:GiftBox","Singing Bowl","White Beast Statue"],"acts_visited":["Exordium","TheCity"],"potions_floor_usage":[6,12,12,25,33],"damage_taken":[{"damage":13,"enemies":"Small Slimes","floor":1,"turns":4},{"damage":0,"enemies":"Cultist","floor":2,"turns":3},{"damage":5,"enemies":"Jaw Worm","floor":4,"turns":4},{"damage":10,"enemies":"Lagavulin","floor":6,"turns":10},{"damage":22,"enemies":"Exordium Wildlife","floor":8,"turns":6},{"damage":0,"enemies":"3 Sentries","floor":10,"turns":5},{"damage":1,"enemies":"Blue Slaver","floor":12,"turns":3},{"damage":4,"enemies":"Lagavulin","floor":14,"turns":6},{"damage":14,"enemies":"The Guardian","floor":16,"turns":13},{"damage":27,"enemies":"Chosen","floor":18,"turns":6},{"damage":22,"enemies":"2 Thieves","floor":19,"turns":3},{"damage":13,"enemies":"Shelled Parasite and Fungi","floor":22,"turns":4},{"damage":35,"enemies":"Book of Stabbing","floor":25,"turns":3},{"damage":0,"enemies":"Snecko","floor":28,"turns":3},{"damage":18,"enemies":"Gremlin Leader","floor":31,"turns":5},{"damage":56,"enemies":"Automaton","floor":33,"turns":6}],"seed_played":"1738773870600400740","potions_obtained":[{"floor":4,"key":"SteroidPotion"},{"floor":8,"key":"ColorlessPotion"},{"floor":12,"key":"Fruit Juice"},{"floor":16,"key":"FairyPotion"},{"floor":18,"key":"FearPotion"},{"floor":25,"key":"SteroidPotion"}],"is_trial":false,"path_per_floor":["M","M","?","M","$","E","R","M","T","E","R","M","$","E","R","B",null,"M","M","?","$","M","R","T","E","T","R","M","?","R","E","R","B"],"character_chosen":"WATCHER","items_purchased":["MentalFortress","Protect","MentalFortress","Halt"],"campfire_rested":4,"item_purchase_floors":[5,5,21,21],"current_hp_per_floor":[48,48,48,43,43,33,33,11,11,11,31,45,45,41,41,27,62,35,13,13,13,21,42,42,12,12,33,35,35,57,41,41,0,0],"gold":141,"neow_bonus":"HUNDRED_GOLD","is_daily":false,"chose_seed":false,"campfire_upgraded":3,"win_rate":0.0,"timestamp":1613687360,"path_taken":["M","M","?","M","$","E","R","?","T","E","R","M","$","E","R","BOSS","M","M","?","$","M","R","?","E","T","R","M","?","R","E","R","BOSS"],"items_purchased_type":["Card","Card","Card","Card"],"build_version":"2020-12-22","purchased_purges":2,"victory":false,"max_hp_per_floor":[68,68,68,68,68,68,68,68,68,68,68,73,73,73,73,73,73,73,73,73,73,73,73,73,73,73,73,75,75,75,77,77,77,77],"card_choices":[{"not_picked":["EmptyMind","Fasting2"],"picked":"EmptyBody","floor":1},{"not_picked":["Crescendo","Evaluate"],"picked":"JustLucky","floor":2},{"not_picked":["ClearTheMind","Crescendo"],"picked":"LikeWater","floor":4},{"not_picked":["ThirdEye","Swivel"],"picked":"BowlingBash","floor":6},{"not_picked":["Halt","CutThroughFate"],"picked":"Weave","floor":8},{"not_picked":["CrushJoints","JustLucky"],"picked":"FollowUp","floor":10},{"not_picked":["EmptyBody","Devotion"],"picked":"FlurryOfBlows","floor":12},{"not_picked":["Evaluate","ThirdEye"],"picked":"CrushJoints","floor":14},{"not_picked":["FollowUp","EmptyBody"],"picked":"CrushJoints+1","floor":18},{"not_picked":["Evaluate","Indignation"],"picked":"Tantrum","floor":19},{"not_picked":["BowlingBash","CrushJoints"],"picked":"Halt","floor":22},{"not_picked":["SpiritShield","Establishment"],"picked":"LessonLearned","floor":25},{"not_picked":["Devotion","Prostrate"],"picked":"JustLucky","floor":25},{"not_picked":["Study","FollowUp","WreathOfFlame"],"picked":"Singing Bowl","floor":28},{"not_picked":["Indignation","MasterReality","FollowUp"],"picked":"Singing Bowl","floor":31}],"player_experience":3116206,"relics_obtained":[{"floor":6,"key":"Lantern"},{"floor":9,"key":"Toy Ornithopter"},{"floor":10,"key":"Omamori"},{"floor":14,"key":"Oddly Smooth Stone"},{"floor":24,"key":"Shuriken"},{"floor":25,"key":"conspire:GiftBox"},{"floor":26,"key":"Singing Bowl"},{"floor":31,"key":"White Beast Statue"}],"event_choices":[{"cards_removed":["Defend_P"],"damage_healed":0,"gold_gain":0,"player_choice":"Offered Basic","damage_taken":0,"max_hp_gain":0,"max_hp_loss":0,"event_name":"Bonfire Elementals","floor":3,"gold_loss":0},{"damage_healed":0,"gold_gain":0,"cards_transformed":["Strike_P","Defend_P"],"player_choice":"Became Test Subject","damage_taken":0,"max_hp_gain":0,"max_hp_loss":0,"event_name":"Drug Dealer","floor":20,"gold_loss":0,"cards_obtained":["Vault","FearNoEvil"]},{"damage_healed":0,"gold_gain":0,"player_choice":"Forge","damage_taken":0,"max_hp_gain":0,"max_hp_loss":0,"event_name":"Accursed Blacksmith","floor":29,"gold_loss":0,"cards_upgraded":["Tantrum"]}],"is_beta":false,"boss_relics":[{"not_picked":["VioletLotus","Runic Dome"],"picked":"HolyWater"}],"items_purged_floors":[5,13],"is_endless":false,"potions_floor_spawned":[4,8,12,16,18,25],"killed_by":"Automaton","ascension_level":20}}