{"host":"lly094a91h6n5nv5","time":1613629198,"event":{"mods":["AchievementEnabler","BaseMod","Block Reminder","Colored Map","Minty Spire (QoL Compilation)","Permanent Neow"],"gold_per_floor":[110,110,110,124,142,173,173,173,173,232,232,252,252,31,31,31,31],"floor_reached":16,"language":"ENG","playtime":763,"items_purged":["Night Terror"],"score":152,"play_id":"8e303a73-d851-46ff-a067-1b96f2293b24","local_time":"20210218001957","is_ascension_mode":true,"campfire_choices":[{"data":"Neutralize","floor":7,"key":"SMITH"},{"data":"Dagger Spray","floor":11,"key":"SMITH"},{"data":"Skewer","floor":13,"key":"SMITH"},{"data":"Cloak And Dagger","floor":15,"key":"SMITH"}],"circlet_count":0,"master_deck":["AscendersBane","Strike_G+1","Strike_G","Strike_G","Strike_G","Strike_G","Defend_G","Defend_G","Defend_G","Defend_G","Defend_G","Survivor","Neutralize+1","Dagger Throw+1","Dagger Spray+1","Cloak And Dagger+1","Skewer+1","Tools of the Trade+1"],"relics":["Ring of the Snake","PreservedInsect","Golden Idol","Frozen Egg 2"],"acts_visited":["Exordium"],"potions_floor_usage":[6,16,16],"damage_taken":[{"damage":3,"enemies":"Jaw Worm","floor":1,"turns":5},{"damage":0,"enemies":"Small Slimes","floor":4,"turns":3},{"damage":1,"enemies":"2 Louse","floor":5,"turns":3},{"damage":30,"enemies":"3 Sentries","floor":6,"turns":8},{"damage":0,"enemies":"Blue Slaver","floor":12,"turns":3},{"damage":34,"enemies":"Slime Boss","floor":16,"turns":5}],"seed_played":"-8233420164964196556","potions_obtained":[{"floor":4,"key":"Dexterity Potion"},{"floor":5,"key":"Regen Potion"},{"floor":6,"key":"CunningPotion"}],"is_trial":false,"path_per_floor":["M","?","?","M","M","E","R","?","T","?","R","M","R","$","R","B"],"character_chosen":"THE_SILENT","items_purchased":["Tools of the Trade+1"],"campfire_rested":0,"item_purchase_floors":[14],"current_hp_per_floor":[60,65,50,50,49,34,34,34,34,34,34,34,34,34,34,0,0],"gold":31,"neow_bonus":"ONE_RANDOM_RARE_CARD","is_daily":false,"chose_seed":false,"campfire_upgraded":4,"win_rate":0.0,"timestamp":1613629197,"path_taken":["M","?","?","M","M","E","R","?","T","?","R","M","R","$","R","BOSS"],"items_purchased_type":["Card"],"build_version":"2020-12-22","purchased_purges":1,"victory":false,"max_hp_per_floor":[70,75,75,75,75,75,75,69,69,69,69,69,69,69,69,69,69],"card_choices":[{"not_picked":["Slice","Accuracy"],"picked":"Dagger Throw","floor":1},{"not_picked":["Slice","Underhanded Strike","Phantasmal Killer"],"picked":"SKIP","floor":4},{"not_picked":["Flying Knee","Outmaneuver"],"picked":"Dagger Spray","floor":5},{"not_picked":["Deflect","Quick Slash"],"picked":"Cloak And Dagger","floor":6},{"not_picked":["All Out Attack","Underhanded Strike"],"picked":"Skewer","floor":12}],"player_experience":259970,"relics_obtained":[{"floor":6,"key":"PreservedInsect"},{"floor":9,"key":"Frozen Egg 2"}],"event_choices":[{"damage_healed":0,"gold_gain":0,"player_choice":"Donut","damage_taken":0,"max_hp_gain":5,"max_hp_loss":0,"event_name":"Big Fish","floor":2,"gold_loss":0},{"damage_healed":0,"gold_gain":0,"player_choice":"Entered Light","damage_taken":15,"max_hp_gain":0,"max_hp_loss":0,"event_name":"Shining Light","floor":3,"gold_loss":0,"cards_upgraded":["Strike_G","Dagger Throw"]},{"damage_healed":0,"gold_gain":0,"player_choice":"Lose Max HP","damage_taken":0,"relics_obtained":["Golden Idol"],"max_hp_gain":0,"max_hp_loss":6,"event_name":"Golden Idol","floor":8,"gold_loss":0},{"damage_healed":0,"gold_gain":59,"player_choice":"Gained Gold","damage_taken":0,"max_hp_gain":0,"max_hp_loss":0,"event_name":"Golden Wing","floor":10,"gold_loss":0}],"is_beta":false,"boss_relics":[],"items_purged_floors":[14],"is_endless":false,"potions_floor_spawned":[4,5,6],"killed_by":"Slime Boss","ascension_level":11}}