{"host":"phapnj0danpxvjlm","time":1613612679,"event":{"mods":["BaseMod","Better Note","Better Third Choice","Bossed Relics","Colored Powertips","Downfall","Hermit","Minty Spire (QoL Compilation)","Permanent Neow","Quick Restart","Rare Cards Sparkle","Spire Arcade","StSLib","The Animator","The Necromancer","The Wild Card"],"gold_per_floor":[115,115,127,205,205,205,205,245,245,263,288,323,347,366,366,495,495,514,464,464,485,485,485,509,509,533,557,557,557],"floor_reached":28,"language":"ENG","playtime":841,"items_purged":[],"score":255,"play_id":"e5405fac-9dd5-400a-ac0a-417dc0060108","local_time":"20210218024439","is_ascension_mode":false,"campfire_choices":[{"floor":6,"key":"REST"},{"floor":15,"key":"REST"},{"floor":23,"key":"REST"},{"floor":25,"key":"REST"}],"circlet_count":0,"master_deck":["hermit:Strike_Hermit","hermit:Strike_Hermit","hermit:Strike_Hermit","hermit:Strike_Hermit","hermit:Defend_Hermit","hermit:Defend_Hermit","hermit:Defend_Hermit","hermit:Defend_Hermit","hermit:Snapshot","hermit:Covet","hermit:Quickdraw","Chaos","hermit:Grudge","theWildCard:Sakuya","hermit:Showdown","hermit:EyeOfTheStorm","hermit:CursedWeapon","hermit:TakeAim","hermit:Deadeye","hermit:RoundhouseKick","hermit:Ricochet+1","hermit:Feint"],"relics":["hermit:Momento","NeowsBlessing","Potion Belt","Golden Idol","Shuriken","Unceasing Top","Anchor","Black Star","Bronze Scales"],"acts_visited":["Exordium","TheCity"],"potions_floor_usage":[12,16,16,16,24,24,28],"damage_taken":[{"damage":0,"enemies":"Cultist","floor":1,"turns":1},{"damage":0,"enemies":"Small Slimes","floor":3,"turns":1},{"damage":0,"enemies":"Lagavulin","floor":8,"turns":1},{"damage":6,"enemies":"2 Louse","floor":10,"turns":2},{"damage":0,"enemies":"2 Fungi Beasts","floor":11,"turns":3},{"damage":15,"enemies":"3 Sentries","floor":12,"turns":6},{"damage":4,"enemies":"Looter","floor":13,"turns":4},{"damage":12,"enemies":"Exordium Thugs","floor":14,"turns":4},{"damage":39,"enemies":"Hexaghost","floor":16,"turns":11},{"damage":31,"enemies":"Spheric Guardian","floor":18,"turns":6},{"damage":9,"enemies":"Chosen","floor":21,"turns":5},{"damage":41,"enemies":"Sentry and Sphere","floor":24,"turns":6},{"damage":25,"enemies":"Snake Plant","floor":27,"turns":5},{"damage":13,"enemies":"Snecko","floor":28,"turns":2}],"seed_played":"3238809794529804174","potions_obtained":[{"floor":8,"key":"LiquidMemories"},{"floor":10,"key":"LiquidMemories"},{"floor":12,"key":"Swift Potion"},{"floor":13,"key":"hermit:BlackBile"},{"floor":16,"key":"Swift Potion"},{"floor":21,"key":"hermit:Tonic"},{"floor":24,"key":"Energy Potion"},{"floor":27,"key":"SneckoOil"}],"is_trial":false,"path_per_floor":["M","?","M","?","?","R","?","E","T","M","M","E","M","M","R","B",null,"M","?","?","M","?","R","M","R","T","M","M"],"character_chosen":"HERMIT","items_purchased":[],"campfire_rested":4,"item_purchase_floors":[],"current_hp_per_floor":[75,54,54,54,36,58,58,58,58,52,52,37,33,21,43,4,75,44,44,44,35,35,57,16,38,38,13,0,0],"gold":557,"neow_bonus":"THREE_ENEMY_KILL","is_daily":false,"chose_seed":false,"campfire_upgraded":0,"win_rate":0.0,"timestamp":1613612679,"path_taken":["M","?","M","?","?","R","?","E","T","M","M","E","M","M","R","BOSS","M","?","?","M","?","R","M","R","T","M","?"],"items_purchased_type":[],"build_version":"2020-12-22","purchased_purges":0,"victory":false,"max_hp_per_floor":[75,75,75,75,75,75,75,75,75,75,75,75,75,75,75,75,75,75,75,75,75,75,75,75,75,75,75,75,75],"card_choices":[{"not_picked":["hermit:HighCaliber","hermit:ItchyTrigger"],"picked":"hermit:Quickdraw","floor":1},{"not_picked":["hermit:SprayPray","hermit:Quickdraw"],"picked":"hermit:Grudge","floor":3},{"not_picked":["hermit:Malice","hermit:FullyLoaded"],"picked":"hermit:Showdown","floor":8},{"not_picked":["hermit:SprayPray","hermit:Malice"],"picked":"hermit:EyeOfTheStorm","floor":10},{"not_picked":["hermit:SprayPray","hermit:Midnight","hermit:TrackingShot"],"picked":"SKIP","floor":11},{"not_picked":["hermit:TrackingShot","hermit:WideOpen"],"picked":"hermit:CursedWeapon","floor":12},{"not_picked":["hermit:LoneWolf","hermit:HoleUp"],"picked":"hermit:TakeAim","floor":13},{"not_picked":["hermit:Cheat","hermit:Purgatory"],"picked":"hermit:Deadeye","floor":14},{"not_picked":["hermit:BlackWind","hermit:FatalDesire"],"picked":"hermit:RoundhouseKick","floor":16},{"not_picked":["hermit:BodyArmor","hermit:LoneWolf+1","hermit:Vantage"],"picked":"SKIP","floor":18},{"not_picked":["hermit:Desperado","hermit:Scavenge"],"picked":"hermit:Ricochet+1","floor":21},{"not_picked":["hermit:BodyArmor","hermit:DeadMansHand","hermit:Misfire"],"picked":"SKIP","floor":24},{"not_picked":["hermit:Misfire","hermit:HoleUp"],"picked":"hermit:Feint","floor":27}],"player_experience":568392,"relics_obtained":[{"floor":8,"key":"Shuriken"},{"floor":9,"key":"Unceasing Top"},{"floor":12,"key":"Anchor"},{"floor":26,"key":"Bronze Scales"}],"event_choices":[{"damage_healed":0,"gold_gain":78,"player_choice":"Gained Gold","damage_taken":0,"max_hp_gain":0,"max_hp_loss":0,"event_name":"Golden Wing","floor":4,"gold_loss":0},{"damage_healed":0,"gold_gain":0,"player_choice":"Take Damage","damage_taken":18,"relics_obtained":["Golden Idol"],"max_hp_gain":0,"max_hp_loss":0,"event_name":"Golden Idol","floor":5,"gold_loss":0},{"damage_healed":0,"gold_gain":0,"player_choice":"Bet on Murderer","damage_taken":0,"max_hp_gain":0,"max_hp_loss":0,"event_name":"The Joust","floor":19,"gold_loss":50},{"damage_healed":0,"gold_gain":0,"player_choice":"Ignored","damage_taken":0,"max_hp_gain":0,"max_hp_loss":0,"event_name":"betterNote:BetterNote","floor":20,"gold_loss":0,"cards_obtained":["Slimebound:MassRepurpose"]},{"damage_healed":0,"gold_gain":0,"player_choice":"Ignored","damage_taken":0,"max_hp_gain":0,"max_hp_loss":0,"event_name":"Ghosts","floor":22,"gold_loss":0}],"is_beta":false,"boss_relics":[{"not_picked":["Calling Bell","Runic Pyramid"],"picked":"Black Star"}],"items_purged_floors":[],"is_endless":false,"potions_floor_spawned":[8,10,12,13,16,21,24,27],"killed_by":"Snecko","ascension_level":0}}