{"host":"sxnl403xm2xmiyj1","time":1613648937,"event":{"mods":["BaseMod","Colored Map","Keyboard Shortcuts","Koishi","Minty Spire (QoL Compilation)","Quick Restart","StSLib","SuperFastMode"],"gold_per_floor":[114,131,206,105,105,135,135,162,186,220,235,235,247,257,257,257,257],"floor_reached":16,"language":"KOR","playtime":323,"items_purged":["Koishi:BasicStrike"],"score":192,"play_id":"252e2e6e-d2f1-4942-b11e-65a7734e336b","local_time":"20210218204857","is_ascension_mode":true,"campfire_choices":[{"data":"Koishi:Catatonia","floor":7.0,"key":"SMITH"},{"data":"Koishi:JumpScare","floor":12.0,"key":"SMITH"},{"data":"Koishi:Untouchable","floor":15.0,"key":"SMITH"}],"circlet_count":0,"master_deck":["AscendersBane","Koishi:BasicStrike","Koishi:BasicStrike+1","Koishi:BasicStrike+1","Koishi:BasicDefend","Koishi:BasicDefend","Koishi:BasicDefend","Koishi:BasicDefend","Koishi:Provoke","Koishi:HauntingSlash","Koishi:JumpScare+1","Koishi:Catatonia+1","Koishi:JumpScare","Koishi:DanmakuParanoia","Koishi:TremblingHands","Koishi:TremblingHands","Koishi:Untouchable+1","Koishi:RacingHeart","Koishi:UnseenTerror","Koishi:MindNumbingTerror","Koishi:StingingMind"],"relics":["Koishi:ImaginaryFriend","NeowsBlessing","Juzu Bracelet","Prayer Wheel","Pen Nib","MealTicket"],"acts_visited":["Exordium"],"potions_floor_usage":[16,16],"damage_taken":[{"damage":0.0,"enemies":"Jaw Worm","floor":1.0,"turns":1.0},{"damage":0.0,"enemies":"Small Slimes","floor":2.0,"turns":1.0},{"damage":2.0,"enemies":"3 Sentries","floor":6.0,"turns":2.0},{"damage":24.0,"enemies":"Gremlin Nob","floor":8.0,"turns":6.0},{"damage":16.0,"enemies":"Lagavulin","floor":10.0,"turns":8.0},{"damage":6.0,"enemies":"2 Louse","floor":11.0,"turns":4.0},{"damage":0.0,"enemies":"Exordium Thugs","floor":13.0,"turns":4.0},{"damage":12.0,"enemies":"2 Fungi Beasts","floor":14.0,"turns":4.0},{"damage":15,"enemies":"Slime Boss","floor":16,"turns":7}],"seed_played":"-4133736620556569662","potions_obtained":[{"floor":2.0,"key":"Fruit Juice"},{"floor":6.0,"key":"SneckoOil"},{"floor":11.0,"key":"Fire Potion"},{"floor":13.0,"key":"SteroidPotion"}],"is_trial":false,"path_per_floor":["M","M","?","$","?","E","R","E","T","E","M","R","M","M","R","B"],"character_chosen":"KOISHI","items_purchased":["Koishi:JumpScare"],"campfire_rested":0,"item_purchase_floors":[4],"current_hp_per_floor":[54,61,50,50,37,37,37,19,19,11,10,10,17,16,16,1,1],"gold":257,"neow_bonus":"THREE_ENEMY_KILL","is_daily":false,"chose_seed":false,"campfire_upgraded":3,"win_rate":0.0,"timestamp":1613648937,"path_taken":["M","M","?","$","?","E","R","E","T","E","M","R","M","M","R","BOSS"],"items_purchased_type":["Card"],"build_version":"2020-12-22","purchased_purges":1,"victory":false,"max_hp_per_floor":[60,65,65,65,65,65,65,65,65,65,65,65,65,65,65,65,65],"card_choices":[{"not_picked":["Koishi:BloodcurdlingScream","Koishi:GhostParty"],"picked":"Koishi:JumpScare","floor":1.0},{"not_picked":["Koishi:PhilosophyOfTheDespised","Koishi:EmbryosDream"],"picked":"Koishi:Catatonia","floor":2.0},{"not_picked":["Koishi:ParalyzingFear","Koishi:PredatoryInstincts"],"picked":"Koishi:DanmakuParanoia","floor":6.0},{"not_picked":["Koishi:MassHysteria","Koishi:RoseHell"],"picked":"Koishi:TremblingHands","floor":8.0},{"not_picked":["Koishi:YoukaiPolygraph","Koishi:SpiritedAway"],"picked":"Koishi:TremblingHands","floor":10.0},{"not_picked":["Koishi:BramblyRoseGarden","Koishi:ReleaseOfTheId"],"picked":"Koishi:Untouchable","floor":11.0},{"not_picked":["Koishi:EmbersOfLove","Koishi:Possession","Koishi:GeneticsOfTheUnconscious"],"picked":"SKIP","floor":11.0},{"not_picked":["Koishi:ReflexRadar","Koishi:IdleWhim"],"picked":"Koishi:RacingHeart","floor":13.0},{"not_picked":["Koishi:FidgetySnatcher","Koishi:ReflexRadar"],"picked":"Koishi:UnseenTerror","floor":13.0},{"not_picked":["Koishi:PhantomStrike","Koishi:CatchAndRose"],"picked":"Koishi:MindNumbingTerror","floor":14.0},{"not_picked":["Koishi:Whimsy","Koishi:UnansweredLove"],"picked":"Koishi:StingingMind","floor":14.0}],"player_experience":266167,"relics_obtained":[{"floor":6.0,"key":"Juzu Bracelet"},{"floor":8.0,"key":"Prayer Wheel"},{"floor":9.0,"key":"Pen Nib"},{"floor":10.0,"key":"MealTicket"}],"event_choices":[{"damage_healed":0.0,"max_hp_gain":0.0,"max_hp_loss":0.0,"gold_gain":75.0,"event_name":"World of Goop","player_choice":"Gather Gold","floor":3.0,"gold_loss":0.0,"damage_taken":11.0},{"damage_healed":0.0,"max_hp_gain":0.0,"max_hp_loss":0.0,"gold_gain":0.0,"event_name":"Shining Light","player_choice":"Entered Light","floor":5.0,"gold_loss":0.0,"damage_taken":13.0,"cards_upgraded":["Koishi:BasicStrike","Koishi:BasicStrike"]}],"is_beta":false,"boss_relics":[],"items_purged_floors":[4],"is_endless":false,"potions_floor_spawned":[2,6,11,13],"killed_by":"Slime Boss","ascension_level":12}}