{"host":"2l5k2wp87eek7qja","time":1613666078,"event":{"mods":["BaseMod","Colored Map","Minty Spire (QoL Compilation)","Relic Stats"],"gold_per_floor":[112,112,126,137,19,19,19,19,68,108,121,136,136,149,149,149,149],"floor_reached":16,"language":"ENG","playtime":355,"items_purged":["Strike_G"],"score":204,"play_id":"521802bd-47f5-4cf7-b359-cbc4bb6dc6c2","local_time":"20210218183438","is_ascension_mode":true,"campfire_choices":[{"data":"Blade Dance","floor":6,"key":"SMITH"},{"data":"Neutralize","floor":8,"key":"SMITH"},{"data":"Skewer","floor":13,"key":"SMITH"},{"data":"Wraith Form v2","floor":15,"key":"SMITH"}],"circlet_count":0,"master_deck":["AscendersBane","Strike_G","Strike_G","Strike_G","Defend_G","Defend_G","Defend_G","Defend_G","Defend_G","Survivor","Neutralize+1","Blade Dance+1","Flechettes","Endless Agony","Caltrops","Skewer+1","Catalyst","Wraith Form v2+1"],"relics":["Ring of the Snake","NeowsBlessing","Golden Idol","Bag of Marbles","Bottled Tornado"],"acts_visited":["Exordium"],"potions_floor_usage":[16],"damage_taken":[{"damage":0,"enemies":"2 Louse","floor":1,"turns":1},{"damage":0,"enemies":"Cultist","floor":3,"turns":1},{"damage":0,"enemies":"Small Slimes","floor":4,"turns":1},{"damage":37,"enemies":"Lagavulin","floor":10,"turns":7},{"damage":2,"enemies":"Blue Slaver","floor":11,"turns":3},{"damage":0,"enemies":"3 Louse","floor":12,"turns":2},{"damage":5,"enemies":"Red Slaver","floor":14,"turns":2},{"damage":19,"enemies":"Hexaghost","floor":16,"turns":7}],"seed_played":"-7327019421124346195","potions_obtained":[{"floor":10,"key":"Explosive Potion"},{"floor":12,"key":"Swift Potion"},{"floor":14,"key":"Block Potion"}],"is_trial":false,"path_per_floor":["M","?","M","M","$","R","?","R","T","E","M","M","R","M","R","B"],"character_chosen":"THE_SILENT","items_purchased":["Caltrops"],"campfire_rested":0,"item_purchase_floors":[5],"current_hp_per_floor":[59,59,59,59,59,59,59,59,59,22,20,20,20,15,15,0,0],"gold":149,"neow_bonus":"THREE_ENEMY_KILL","is_daily":false,"chose_seed":false,"campfire_upgraded":4,"win_rate":0.0,"timestamp":1613666078,"path_taken":["M","?","?","M","?","R","?","R","T","E","M","M","R","M","R","BOSS"],"items_purchased_type":["Card"],"build_version":"2020-12-22","purchased_purges":1,"victory":false,"max_hp_per_floor":[66,66,66,66,66,66,60,60,60,60,60,60,60,60,60,60,60],"relic_stats":{"counters":[8,24],"Golden Idol":17,"obtain_stats":[{"NeowsBlessing":0,"Golden Idol":7,"Bag of Marbles":9,"Bottled Tornado":10,"Ring of the Snake":0},{"NeowsBlessing":0,"Golden Idol":3,"Bag of Marbles":3,"Bottled Tornado":4,"Ring of the Snake":0},{"NeowsBlessing":0,"Golden Idol":3,"Bag of Marbles":3,"Bottled Tornado":10,"Ring of the Snake":0}],"Ring of the Snake":[19]},"card_choices":[{"not_picked":["Quick Slash","PiercingWail"],"picked":"Blade Dance","floor":1},{"not_picked":["Outmaneuver","Dodge and Roll"],"picked":"Flechettes","floor":3},{"not_picked":["Acrobatics","Sucker Punch"],"picked":"Endless Agony","floor":4},{"not_picked":["Eviscerate","Tactician","Dodge and Roll"],"picked":"SKIP","floor":10},{"not_picked":["Footwork","Distraction"],"picked":"Skewer","floor":11},{"not_picked":["Acrobatics","Bane"],"picked":"Catalyst","floor":12},{"not_picked":["Deflect","All Out Attack"],"picked":"Wraith Form v2","floor":14}],"player_experience":802923,"relics_obtained":[{"floor":9,"key":"Bag of Marbles"},{"floor":10,"key":"Bottled Tornado"}],"event_choices":[{"cards_removed":["Strike_G"],"damage_healed":0,"gold_gain":0,"player_choice":"Purged","damage_taken":0,"max_hp_gain":0,"max_hp_loss":0,"event_name":"Purifier","floor":2,"gold_loss":0},{"damage_healed":0,"gold_gain":0,"player_choice":"Lose Max HP","damage_taken":0,"relics_obtained":["Golden Idol"],"max_hp_gain":0,"max_hp_loss":6,"event_name":"Golden Idol","floor":7,"gold_loss":0}],"is_beta":false,"boss_relics":[],"items_purged_floors":[5],"is_endless":false,"potions_floor_spawned":[10,12,14],"killed_by":"Hexaghost","ascension_level":20}}