{"host":"tf5skwcwe0vlu2md","time":1613652617,"event":{"mods":["BaseMod","Downfall","Highlight Path","Minty Spire (QoL Compilation)","Quick Restart","StSLib","The Hierophant"],"gold_per_floor":[112,125,140,160,11,11,22,122,147,178,190,155,190,201,201,296,296,306,324,324,324,8,33,33,44,68,97,97,116,144,156,156,156,156],"floor_reached":33,"playtime":1564,"items_purged":[],"score":447,"play_id":"a1d43c5f-d157-4c5d-b2ec-561b759c3893","local_time":"20210218235017","is_ascension_mode":true,"campfire_choices":[{"data":"Heavy Blade","floor":6,"key":"SMITH"},{"data":"Whirlwind","floor":15,"key":"SMITH"},{"data":"Apotheosis","floor":24,"key":"SMITH"},{"data":"Flex","floor":32,"key":"SMITH"}],"circlet_count":0,"master_deck":["Strike_R","Strike_R","Strike_R","Strike_R","Strike_R","Defend_R","Defend_R","Defend_R+1","Defend_R+1","Bash","Flex","Thunderclap","Heavy Blade+1","Cleave","Headbutt","Whirlwind+1","Uppercut","Double Tap","Rampage","Double Tap","Whirlwind","Twin Strike","Apotheosis+1","Reaper","Anger+1","Headbutt","Cleave+1","Flex+1"],"relics":["Black Blood","Chemical X","Bag of Marbles","Tiny Chest","War Paint","MutagenicStrength","StrikeDummy","Sling","Red Skull","FossilizedHelix","Bottled Flame"],"acts_visited":["Exordium","TheCity"],"potions_floor_usage":[3,19,19],"damage_taken":[{"damage":4,"enemies":"Small Slimes","floor":1,"turns":4},{"damage":6,"enemies":"Cultist","floor":2,"turns":3},{"damage":2,"enemies":"Jaw Worm","floor":3,"turns":3},{"damage":26,"enemies":"Large Slime","floor":4,"turns":5},{"damage":6,"enemies":"3 Louse","floor":7,"turns":2},{"damage":32,"enemies":"Gremlin Nob","floor":10,"turns":4},{"damage":0,"enemies":"Exordium Wildlife","floor":11,"turns":2},{"damage":10,"enemies":"3 Sentries","floor":13,"turns":3},{"damage":11,"enemies":"Exordium Thugs","floor":14,"turns":2},{"damage":2,"enemies":"Slime Boss","floor":16,"turns":6},{"damage":0,"enemies":"Chosen","floor":18,"turns":4},{"damage":9,"enemies":"Shell Parasite","floor":19,"turns":3},{"damage":14,"enemies":"Book of Stabbing","floor":23,"turns":2},{"damage":27,"enemies":"Sentry and Sphere","floor":25,"turns":4},{"damage":20,"enemies":"Slavers","floor":27,"turns":2},{"damage":15,"enemies":"Shelled Parasite and Fungi","floor":29,"turns":3},{"damage":0,"enemies":"Gremlin Leader","floor":30,"turns":3},{"damage":32,"enemies":"Snake Plant","floor":31,"turns":4},{"damage":138,"enemies":"Champ","floor":33,"turns":7}],"seed_played":"2307109455168212802","potions_obtained":[{"floor":1,"key":"Dexterity Potion"},{"floor":2,"key":"hexamod:EctoCoolerPotion"},{"floor":14,"key":"AttackPotion"},{"floor":16,"key":"ColorlessPotion"},{"floor":23,"key":"FairyPotion"},{"floor":29,"key":"Dexterity Potion"}],"is_trial":false,"path_per_floor":["M","M","M","M","$","R","M","?","T","E","M","?","E","M","R","B",null,"M","M","?","T","$","E","R","M","T","E","$","M","E","M","R","B"],"character_chosen":"IRONCLAD","items_purchased":["Chemical X","Sling","Apotheosis"],"campfire_rested":0,"item_purchase_floors":[5,22,22],"current_hp_per_floor":[82,82,86,66,66,66,66,66,66,40,46,68,64,59,59,63,82,88,88,88,88,88,86,86,71,71,63,63,60,72,64,64,0,0],"gold":156,"neow_bonus":"TEN_PERCENT_HP_BONUS","is_daily":false,"chose_seed":false,"campfire_upgraded":4,"win_rate":0.0,"timestamp":1613652617,"path_taken":["M","M","M","M","$","R","M","?","T","E","?","?","E","M","R","BOSS","M","M","?","?","$","E","R","M","T","E","?","?","E","M","R","BOSS"],"items_purchased_type":["Relic","Relic","Card"],"build_version":"2020-12-13","purchased_purges":0,"victory":false,"max_hp_per_floor":[88,88,88,88,88,88,88,88,88,88,88,88,88,88,88,88,88,88,88,88,88,88,88,88,88,88,88,88,88,88,88,88,88,88],"card_choices":[{"not_picked":["Pommel Strike","Anger"],"picked":"Flex","floor":1},{"not_picked":["Perfected Strike","Warcry"],"picked":"Thunderclap","floor":2},{"not_picked":["Sever Soul","Clothesline"],"picked":"Heavy Blade","floor":3},{"not_picked":["Havoc","Ghostly Armor"],"picked":"Cleave","floor":4},{"not_picked":["Heavy Blade","Impervious"],"picked":"Headbutt","floor":7},{"not_picked":["Dual Wield","Armaments"],"picked":"Whirlwind","floor":10},{"not_picked":["Rupture","Wild Strike"],"picked":"Uppercut","floor":11},{"not_picked":["True Grit","Iron Wave"],"picked":"Double Tap","floor":13},{"not_picked":["Blood for Blood","Shrug It Off"],"picked":"Rampage","floor":14},{"not_picked":["Impervious","Exhume"],"picked":"Double Tap","floor":16},{"not_picked":["Pommel Strike","Havoc+1"],"picked":"Whirlwind","floor":18},{"not_picked":["Thunderclap","Havoc+1"],"picked":"Twin Strike","floor":19},{"not_picked":["Sword Boomerang","Iron Wave"],"picked":"Reaper","floor":23},{"not_picked":["Searing Blow+1","Perfected Strike"],"picked":"Anger+1","floor":25},{"not_picked":["Clash","Feel No Pain+1"],"picked":"Headbutt","floor":27},{"not_picked":["Flame Barrier","Clothesline"],"picked":"Cleave+1","floor":29},{"not_picked":["Immolate","Dropkick"],"picked":"Flex","floor":30},{"not_picked":["Body Slam","Reckless Charge+1","Sentinel"],"picked":"SKIP","floor":31}],"player_experience":270965,"relics_obtained":[{"floor":9,"key":"Bag of Marbles"},{"floor":10,"key":"Tiny Chest"},{"floor":13,"key":"War Paint"},{"floor":21,"key":"StrikeDummy"},{"floor":23,"key":"Red Skull"},{"floor":27,"key":"FossilizedHelix"},{"floor":30,"key":"Bottled Flame"}],"event_choices":[{"damage_healed":0,"gold_gain":100,"player_choice":"Gold","damage_taken":0,"max_hp_gain":0,"max_hp_loss":0,"event_name":"Wheel of Change","floor":8,"gold_loss":0},{"damage_healed":22,"gold_gain":0,"player_choice":"Healed","damage_taken":0,"max_hp_gain":0,"max_hp_loss":0,"event_name":"The Cleric","floor":12,"gold_loss":35},{"damage_healed":0,"gold_gain":0,"player_choice":"Inject Mutagens","damage_taken":0,"relics_obtained":["MutagenicStrength"],"max_hp_gain":0,"max_hp_loss":0,"event_name":"Drug Dealer","floor":20,"gold_loss":0}],"is_beta":false,"boss_relics":[{"not_picked":["Sozu","Runic Cube"],"picked":"Black Blood"}],"items_purged_floors":[],"is_endless":false,"potions_floor_spawned":[1,2,14,16,23,29],"killed_by":"Champ","ascension_level":6}}