{"host":"ic0pz26uv49poqms","time":1613611274,"event":{"mods":["BaseMod","Duelist Mod","GifTheSpireLib","Hubris","Marisa????????","Minty Spire (QoL Compilation)","Replay The Spire","Shade Mod","StSLib","The Servant 0.9.4"],"gold_per_floor":[140,140,140,315,334,353,353,372,397,416,416,435,136,136,136,261,261,280,299,299,151,170,208,208,208,283,283,283,283,283,133,133,258,258,277,277,296,315,8,8,0,19,44,44,44,63,101,101,101,101],"floor_reached":51,"language":"ENG","playtime":2867,"items_purged":[],"score":933,"play_id":"74c50af1-70c3-488a-ba22-9de9470be203","local_time":"20210217192114","daily_mods":["Cursed Run","ControlledChaos","Lethality"],"is_ascension_mode":false,"campfire_choices":[{"data":"theDuelist:BeaverWarrior","floor":7,"key":"SMITH"},{"floor":25,"key":"REST"},{"floor":32,"key":"REST"},{"floor":40,"key":"REST"},{"floor":49,"key":"REST"}],"circlet_count":0,"master_deck":["theDuelist:BeaverWarrior+1","theDuelist:BeaverWarrior+1","theDuelist:CastleWalls","theDuelist:CastleWalls","theDuelist:FinalFlame","theDuelist:GiantSoldier","theDuelist:GiantSoldier","theDuelist:ScrapFactory","theDuelist:Sparks","theDuelist:Sparks","theDuelist:WormApocalypse","Injury","Doubt","theDuelist:SwordDeepSeated","theDuelist:WhiteMagicalHat","theDuelist:SwordDeepSeated+1","hubris:Wrath","theDuelist:Wiretap","theDuelist:MeteorDestruction","theDuelist:RainbowNeos","hubris:Compulsion","theDuelist:PineappleBlast","theDuelist:CrystalRaigeki","theDuelist:FrontierWiseman+1","theDuelist:MeteorDestruction","theDuelist:CurseArmaments","theDuelist:Invigoration","theDuelist:LightningBlade","hubris:Gluttony","Sickly","theDuelist:SummoningCurse","Clumsy","theDuelist:MillenniumShield+1","theDuelist:BreakDraw+1","theDuelist:FuryFire+1","theDuelist:MythicalBeast+1","Apotheosis","theDuelist:MiraculousDescent","theDuelist:RainbowNeos","theDuelist:PineappleBlast+1","theDuelist:GravekeeperCurse","theDuelist:Nameless:Magic:PredaplantSarraceniant","theDuelist:CurseDarkness","Replay:Sluggish","theDuelist:RainbowNeos","theDuelist:RainbowNeos+1","hubris:Envy","theDuelist:CurseAging"],"relics":["Cursed Key","Darkstone Periapt","Du-Vu Doll","Frozen Eye","Golden Idol","Orichalcum","Onion Ring","Fusion Hammer","Nilry\u0027s Codex","ReplayTheSpireMod:CursedCoin","Replay:Bottled Steam","Sundial","hubris:Reverence","Juzu Bracelet","MutagenicStrength","theDuelist:MillenniumNecklace","TheAbacus","hubris:BlackHole","hubris:Towel","Membership Card","Red Mask","Bag of Marbles","Eternal Feather","theDuelist:DuelistLetterOpener"],"acts_visited":["Exordium","TheCity","TheBeyond"],"potions_floor_usage":[12,12,33,33,33,42,50,50],"damage_taken":[{"damage":3,"enemies":"Jaw Worm","floor":1,"turns":2},{"damage":7,"enemies":"2 Louse","floor":5,"turns":3},{"damage":0,"enemies":"Cultist","floor":6,"turns":3},{"damage":8,"enemies":"Looter","floor":8,"turns":2},{"damage":6,"enemies":"Blue Slaver","floor":10,"turns":2},{"damage":9,"enemies":"Exordium Wildlife","floor":12,"turns":5},{"damage":26,"enemies":"The Guardian","floor":16,"turns":8},{"damage":3,"enemies":"Shell Parasite","floor":18,"turns":4},{"damage":13,"enemies":"3 Byrds","floor":19,"turns":3},{"damage":13,"enemies":"3 Cultists","floor":22,"turns":4},{"damage":0,"enemies":"theDuelist:KaibaA2","floor":23,"turns":2},{"damage":85,"enemies":"Automaton","floor":33,"turns":7},{"damage":2,"enemies":"Orb Walker","floor":35,"turns":2},{"damage":0,"enemies":"3 Shapes","floor":37,"turns":1},{"damage":0,"enemies":"Jaw Worm Horde","floor":38,"turns":1},{"damage":20,"enemies":"4 Shapes","floor":42,"turns":3},{"damage":0,"enemies":"3 Darklings","floor":46,"turns":1},{"damage":4,"enemies":"Giant Head","floor":47,"turns":4},{"damage":32,"enemies":"Time Eater","floor":50,"turns":3}],"seed_played":"-4060160915487772418","potions_obtained":[{"floor":1,"key":"PowerPotion"},{"floor":6,"key":"Weak Potion"},{"floor":10,"key":"Weak Potion"},{"floor":15,"key":"AttackPotion"},{"floor":15,"key":"FocusPotion"},{"floor":33,"key":"theDuelist:SealedPackB"},{"floor":35,"key":"theDuelist:OrbBottle"},{"floor":37,"key":"FairyPotion"},{"floor":38,"key":"AttackPotion"},{"floor":42,"key":"theDuelist:WaterBottle"},{"floor":46,"key":"theDuelist:VoidBottle"}],"is_trial":false,"path_per_floor":["M","?","?","?","M","M","R","M","T","M","?","M","$","?","R","B",null,"M","M","?","$","M","E","$","R","T","?","T","?","?","$","R","B",null,"M","?","M","M","$","R","?","M","T","?","?","M","E","T","R","B",null],"character_chosen":"THE_DUELIST","items_purchased":["Onion Ring","theDuelist:RainbowNeos","theDuelist:MeteorDestruction","ReplayTheSpireMod:CursedCoin","Replay:Bottled Steam","TheAbacus","Membership Card","Apotheosis","theDuelist:MiraculousDescent","theDuelist:RainbowNeos"],"campfire_rested":4,"item_purchase_floors":[13,13,21,21,21,31,39,39,39,39],"current_hp_per_floor":[77,83,83,89,82,82,82,74,80,74,74,65,65,65,65,45,104,101,88,72,78,65,65,65,98,104,107,113,113,119,119,131,52,137,135,135,135,135,135,137,137,117,123,147,147,147,143,149,171,145],"gold":101,"neow_bonus":"","is_daily":true,"chose_seed":false,"campfire_upgraded":1,"win_rate":0.0,"timestamp":1613611274,"path_taken":["M","?","?","?","M","M","R","M","T","?","?","M","?","?","R","BOSS","M","M","?","$","M","E","$","R","T","?","?","?","?","$","R","BOSS","M","?","M","M","$","R","?","M","T","?","?","M","E","?","R","BOSS"],"items_purchased_type":["Relic","Card","Card","Relic","Relic","Relic","Relic","Card","Card","Card"],"build_version":"2020-12-22","purchased_purges":0,"victory":true,"max_hp_per_floor":[80,86,86,92,92,92,92,92,98,98,98,98,98,98,98,104,104,104,104,104,110,110,110,110,110,116,119,125,125,131,131,131,137,137,137,137,137,137,137,137,137,137,143,167,167,165,165,171,171,177],"card_choices":[{"not_picked":["theDuelist:CoreBlaster","theDuelist:CombinationAttack","theDuelist:PowerKaishin","theDuelist:SolarWindJammer"],"picked":"theDuelist:WormApocalypse","floor":1},{"not_picked":["theDuelist:MythicalBeast","theDuelist:BreakDraw","theDuelist:Wiretap","theDuelist:BattleFootballer"],"picked":"theDuelist:SwordDeepSeated","floor":5},{"not_picked":["theDuelist:Sangan","theDuelist:FairyBox","theDuelist:MiracleFertilizer","theDuelist:BreakDraw"],"picked":"theDuelist:WhiteMagicalHat","floor":6},{"not_picked":["theDuelist:RainbowNeos","theDuelist:WormApocalypse","theDuelist:MagnumShield","theDuelist:WhiteNinja"],"picked":"theDuelist:SwordDeepSeated","floor":8},{"not_picked":["theDuelist:SparkBlaster","theDuelist:OnslaughtFireKings","theDuelist:BigKoala","theDuelist:CircleFireKings"],"picked":"theDuelist:Wiretap","floor":10},{"not_picked":["theDuelist:ChaosSeed","theDuelist:BigKoala","theDuelist:MythicalBeast","theDuelist:FusionWeapon"],"picked":"theDuelist:MeteorDestruction","floor":12},{"not_picked":["theDuelist:SwordsRevealing","theDuelist:SwordsConcealing","theDuelist:GravityLash","theDuelist:ForbiddenLance"],"picked":"theDuelist:PineappleBlast","floor":16},{"not_picked":["theDuelist:Wiretap","theDuelist:ImperialOrder+1","theDuelist:Graverobber","theDuelist:MiraculousDescent"],"picked":"theDuelist:CrystalRaigeki","floor":18},{"not_picked":["theDuelist:Hinotama","theDuelist:DarkBurningAttack","theDuelist:GravityAxe","theDuelist:LegendHeart+1"],"picked":"theDuelist:FrontierWiseman+1","floor":19},{"not_picked":["theDuelist:SpellShatteringArrow","theDuelist:Hinotama","theDuelist:AfterTheStorm","theDuelist:Predaponics"],"picked":"theDuelist:Invigoration","floor":22},{"not_picked":["theDuelist:BerserkerCrush","theDuelist:AssaultArmor"],"picked":"theDuelist:LightningBlade","floor":23},{"not_picked":["theDuelist:YamiForm","theDuelist:SevenCompleted","theDuelist:InstantFusion","theDuelist:ForbiddenLance"],"picked":"theDuelist:MillenniumShield+1","floor":33},{"not_picked":["theDuelist:MythicalBeast","theDuelist:MagicalStone+1","theDuelist:RainbowNeos+1","theDuelist:GravityAxe+1"],"picked":"theDuelist:BreakDraw+1","floor":35},{"not_picked":["theDuelist:MeteorDestruction+2","theDuelist:FeatherShot+2","theDuelist:AncientGearFist+1","theDuelist:MagicalStone+1"],"picked":"theDuelist:FuryFire+1","floor":37},{"not_picked":["theDuelist:WhiteMagicalHat","theDuelist:SangaEarth+1","theDuelist:FrontierWiseman","theDuelist:HappyLover+1"],"picked":"theDuelist:MythicalBeast+1","floor":38},{"not_picked":["theDuelist:YamiForm","theDuelist:LightLaser","theDuelist:FeatherShot","theDuelist:KamionTimelord+1"],"picked":"theDuelist:PineappleBlast+1","floor":42},{"not_picked":["theDuelist:DoubleTool","theDuelist:Downbeat","theDuelist:AfterTheStorm","theDuelist:MiracleFertilizer+1"],"picked":"theDuelist:RainbowNeos","floor":46},{"not_picked":["theDuelist:SpellShatteringArrow","theDuelist:MeteorDestruction+1","theDuelist:FusionWeapon","theDuelist:DoubleTool+1"],"picked":"theDuelist:RainbowNeos+1","floor":47}],"player_experience":143741,"relics_obtained":[{"floor":9,"key":"Orichalcum"},{"floor":20,"key":"Nilry\u0027s Codex"},{"floor":23,"key":"Sundial"},{"floor":26,"key":"hubris:Reverence"},{"floor":28,"key":"Juzu Bracelet"},{"floor":43,"key":"Bag of Marbles"},{"floor":47,"key":"Eternal Feather"},{"floor":48,"key":"theDuelist:DuelistLetterOpener"}],"event_choices":[{"damage_healed":0,"gold_gain":0,"player_choice":"Take Wound","damage_taken":0,"relics_obtained":["Golden Idol"],"max_hp_gain":0,"max_hp_loss":0,"event_name":"Golden Idol","floor":2,"gold_loss":0,"cards_obtained":["Injury"]},{"damage_healed":0,"gold_gain":0,"player_choice":"Ignored","damage_taken":0,"max_hp_gain":0,"max_hp_loss":0,"event_name":"Shining Light","floor":3,"gold_loss":0},{"damage_healed":0,"gold_gain":175,"player_choice":"AGREE","damage_taken":0,"max_hp_gain":0,"max_hp_loss":0,"event_name":"Liars Game","floor":4,"gold_loss":0,"cards_obtained":["Doubt"]},{"damage_healed":0,"gold_gain":0,"player_choice":"Grow","damage_taken":0,"max_hp_gain":0,"max_hp_loss":0,"event_name":"Living Wall","floor":11,"gold_loss":0,"cards_upgraded":["theDuelist:BeaverWarrior"]},{"damage_healed":0,"gold_gain":0,"player_choice":"Upgraded","damage_taken":0,"max_hp_gain":0,"max_hp_loss":0,"event_name":"Upgrade Shrine","floor":14,"gold_loss":0,"cards_upgraded":["theDuelist:SwordDeepSeated"]},{"damage_healed":0,"gold_gain":0,"player_choice":"Obtained Book","damage_taken":16,"max_hp_gain":0,"max_hp_loss":0,"event_name":"Cursed Tome","floor":20,"gold_loss":0},{"damage_healed":0,"gold_gain":0,"player_choice":"Inject Mutagens","damage_taken":0,"relics_obtained":["MutagenicStrength"],"max_hp_gain":0,"max_hp_loss":0,"event_name":"Drug Dealer","floor":29,"gold_loss":0},{"damage_healed":0,"gold_gain":0,"player_choice":"Took item - Received: Millennium Necklace","duelist":true,"damage_taken":0,"max_hp_gain":0,"max_hp_loss":0,"event_name":"Millennium Items","floor":30,"gold_loss":0},{"damage_healed":0,"gold_gain":0,"player_choice":"Paid","damage_taken":0,"relics_obtained":["Red Mask"],"max_hp_gain":0,"max_hp_loss":0,"event_name":"Tomb of Lord Red Mask","floor":41,"gold_loss":8},{"total_magic_score":88,"gold_gain":0,"duelist":true,"damage_taken":0,"relics_obtained":[],"points":5,"max_hp_gain":12,"max_hp_loss":0,"spent_points":{"magic":4,"greed":0,"war":0,"power":0,"hunger":1},"event_name":"Nameless Tomb","hunger_reward":1,"floor":44,"gold_loss":0,"magic_reward":4,"cards_obtained":["theDuelist:Nameless:Magic:PredaplantSarraceniant","theDuelist:CurseDarkness","Replay:Sluggish"]},{"damage_healed":0,"gold_gain":0,"player_choice":"Leave","duelist":true,"damage_taken":0,"max_hp_gain":0,"max_hp_loss":0,"event_name":"Aknamkanon\u0027s Tomb","floor":45,"gold_loss":0}],"is_beta":false,"boss_relics":[{"not_picked":["Runic Dome","Painkiller Herb"],"picked":"Fusion Hammer"},{"not_picked":["Honey Jar","hubris:Stopwatch"],"picked":"hubris:BlackHole"}],"items_purged_floors":[],"is_endless":false,"potions_floor_spawned":[1,6,10,16,18,23,38,46,47],"ascension_level":0}}