{"host":"xp5rvh2jwe2ejyfm","time":1613670892,"event":{"mods":["2.2 Compatiblity","Aspiration","BaseMod","Better Altar","Better Match","Better Note","Better Sensory Stone","Better Skull","BetterRewards","Colored Powertips","Conspire","Downfall","GifTheSpireLib","Gremlin Mod","GungeonMod","Hermit","Hubris","Jorbs\u0027s Wanderer Trilogy","Minty Spire (QoL Compilation)","Potionbrewer","Quick Restart","Replay The Spire","Robot Space Explorer","Shade Mod","Somnambulant","StSLib","The Bug Knight","The Clintock","The Construct","The Cursed","The Disciple","The Forsaken","The Hierophant","The Marked","The Necromancer","The Runesmith","The Servant 0.9.4","The Valiant","The Witch","TheFirefly","thorton"],"gold_per_floor":[113,113,126,126,138,138,138],"floor_reached":6,"language":"ENG","playtime":184,"items_purged":[],"score":36,"play_id":"8abfbea9-b365-4feb-a1b0-a893871e3dc9","local_time":"20210218125452","is_ascension_mode":false,"campfire_choices":[],"circlet_count":0,"master_deck":["potionbrewer:PotionbrewerStrike","potionbrewer:PotionbrewerStrike","potionbrewer:PotionbrewerStrike","potionbrewer:PotionbrewerStrike","potionbrewer:PotionbrewerDefend","potionbrewer:PotionbrewerDefend","potionbrewer:PotionbrewerDefend","potionbrewer:PotionbrewerDefend","potionbrewer:Collect","potionbrewer:ChemicalSpill","potionbrewer:Biohazard","potionbrewer:ChainReaction","Regret","potionbrewer:LeftoverSpecimen"],"relics":["potionbrewer:PotionKit","NeowsBlessing","Replay:Mystery Machine"],"acts_visited":["Exordium"],"potions_floor_usage":[6,6],"damage_taken":[{"damage":0,"enemies":"conspire:RoseBush","floor":1,"turns":1},{"damage":0,"enemies":"Small Slimes","floor":3,"turns":2},{"damage":0,"enemies":"2 Louse","floor":5,"turns":1},{"damage":75,"enemies":"Lagavulin","floor":6,"turns":10}],"seed_played":"6785429332956386825","potions_obtained":[],"is_trial":false,"path_per_floor":["M","?","M","?","M","E"],"character_chosen":"POTIONBREWER","items_purchased":[],"campfire_rested":0,"item_purchase_floors":[],"current_hp_per_floor":[75,75,75,75,75,0,0],"gold":138,"neow_bonus":"THREE_ENEMY_KILL","is_daily":false,"chose_seed":false,"campfire_upgraded":0,"win_rate":0.0,"timestamp":1613670892,"path_taken":["M","?","M","?","M","E"],"items_purchased_type":[],"build_version":"2020-12-22","purchased_purges":0,"victory":false,"max_hp_per_floor":[75,75,75,75,75,75,75],"card_choices":[{"not_picked":["potionbrewer:Brandish","potionbrewer:BlindingMist"],"picked":"potionbrewer:Biohazard","floor":1},{"not_picked":["potionbrewer:PrivateReserves","potionbrewer:Toxicity"],"picked":"potionbrewer:ChainReaction","floor":3},{"not_picked":["potionbrewer:TimeBomb","potionbrewer:DigDeep"],"picked":"potionbrewer:LeftoverSpecimen","floor":5}],"player_experience":531770,"relics_obtained":[],"event_choices":[{"damage_healed":0,"gold_gain":0,"player_choice":"Leave","damage_taken":0,"max_hp_gain":0,"max_hp_loss":0,"event_name":"The Cleric","floor":2,"gold_loss":0},{"damage_healed":0,"gold_gain":0,"player_choice":"Box","damage_taken":0,"relics_obtained":["Replay:Mystery Machine"],"max_hp_gain":0,"max_hp_loss":0,"event_name":"Big Fish","floor":4,"gold_loss":0,"cards_obtained":["Regret"]}],"is_beta":false,"boss_relics":[],"items_purged_floors":[],"is_endless":false,"potions_floor_spawned":[],"killed_by":"Lagavulin","ascension_level":0}}