{"host":"l2lylj0omvglf5x0","time":1613660707,"event":{"mods":["2.2 Compatiblity","BaseMod","Bestiary","Block Reminder","Colored Map","Colored Powertips","Curses Come First","Highlight Path","Keyboard Shortcuts","Minty Spire (QoL Compilation)","Relic Sorter","Relic Stats","Slay the Relics Exporter","StSLib","SuperFastMode"],"gold_per_floor":[117,130,80,80,92,92,124,135,135,167,167,185,220,237,237,332,332,349,264,273,215,236,263,65,65,65,65,35,35,35,369,369,476,476,504,190,207,216,0,0,0],"floor_reached":40,"language":"ENG","playtime":1478,"items_purged":["Strike_B","Strike_B","Decay"],"score":651,"play_id":"163b0d60-34e3-4669-a221-b5ec4668a9be","local_time":"20210218160507","is_ascension_mode":true,"campfire_choices":[{"data":"Zap","floor":6.0,"key":"SMITH"},{"floor":15.0,"key":"REST"},{"data":"Darkness","floor":25.0,"key":"SMITH"},{"data":"Loop","floor":30.0,"key":"SMITH"},{"data":"Echo Form","floor":32.0,"key":"SMITH"}],"circlet_count":0,"master_deck":["Defend_B","Defend_B","Zap+1","Dualcast+1","Compile Driver","Self Repair","Echo Form+1","Conserve Battery","Darkness+1","Coolheaded+1","Core Surge","Electrodynamics","Static Discharge+1","Darkness+1","Redo+1","Glacier","Loop+1","Loop+1","Cold Snap","Lockon","Creative AI","Heatsinks+1","Defragment"],"relics":["Cracked Core","NeowsBlessing","StrikeDummy","Toy Ornithopter","Mercury Hourglass","Kunai","White Beast Statue","Astrolabe","CeramicFish","Lantern","Membership Card","Symbiotic Virus","Old Coin","Inserter","Anchor","Lee\u0027s Waffle","Strawberry","Ice Cream"],"acts_visited":["Exordium","TheCity","TheBeyond"],"potions_floor_usage":[],"damage_taken":[{"damage":0.0,"enemies":"Cultist","floor":1.0,"turns":1.0},{"damage":0.0,"enemies":"Jaw Worm","floor":2.0,"turns":1.0},{"damage":0.0,"enemies":"2 Louse","floor":5.0,"turns":1.0},{"damage":29.0,"enemies":"Gremlin Nob","floor":7.0,"turns":4.0},{"damage":1.0,"enemies":"2 Fungi Beasts","floor":8.0,"turns":2.0},{"damage":28.0,"enemies":"Lagavulin","floor":10.0,"turns":5.0},{"damage":4.0,"enemies":"Gremlin Gang","floor":12.0,"turns":3.0},{"damage":14.0,"enemies":"Gremlin Nob","floor":13.0,"turns":4.0},{"damage":11.0,"enemies":"3 Louse","floor":14.0,"turns":3.0},{"damage":9.0,"enemies":"Slime Boss","floor":16.0,"turns":9.0},{"damage":5.0,"enemies":"Chosen","floor":18.0,"turns":3.0},{"damage":0.0,"enemies":"3 Byrds","floor":22.0,"turns":2.0},{"damage":1.0,"enemies":"Gremlin Leader","floor":23.0,"turns":6.0},{"damage":27.0,"enemies":"Book of Stabbing","floor":31.0,"turns":4.0},{"damage":41.0,"enemies":"Champ","floor":33.0,"turns":6.0},{"damage":27.0,"enemies":"Orb Walker","floor":35.0,"turns":3.0},{"damage":35.0,"enemies":"3 Darklings","floor":37.0,"turns":7.0},{"damage":79,"enemies":"Giant Head","floor":40,"turns":7}],"seed_played":"-1889285455600783228","potions_obtained":[{"floor":2.0,"key":"Fire Potion"},{"floor":8.0,"key":"Strength Potion"},{"floor":10.0,"key":"BlessingOfTheForge"},{"floor":12.0,"key":"EssenceOfSteel"},{"floor":14.0,"key":"Block Potion"},{"floor":16.0,"key":"Fire Potion"},{"floor":23.0,"key":"Ancient Potion"},{"floor":31.0,"key":"BlessingOfTheForge"},{"floor":33.0,"key":"Swift Potion"},{"floor":35.0,"key":"Swift Potion"},{"floor":37.0,"key":"Strength Potion"}],"is_trial":false,"path_per_floor":["M","M","?","?","M","R","E","M","T","E","?","M","E","M","R","B",null,"M","?","?","$","M","E","$","R","T","$","$","?","R","E","R","B",null,"M","$","M","?","$","E"],"character_chosen":"DEFECT","items_purchased":["Loop","Membership Card","Cold Snap","Lockon","Anchor","Lee\u0027s Waffle","Defragment","Strawberry","Ice Cream"],"campfire_rested":1,"item_purchase_floors":[21,24,24,28,36,36,36,36,39],"current_hp_per_floor":[68,68,68,61,61,61,39,38,38,22,22,25,31,27,49,47,68,70,70,70,70,70,74,74,74,74,74,74,74,74,47,47,18,61,46,89,66,66,66,0,0],"gold":0,"neow_bonus":"THREE_ENEMY_KILL","is_daily":false,"chose_seed":false,"campfire_upgraded":4,"win_rate":0.0,"timestamp":1613660707,"path_taken":["M","?","?","?","M","R","E","M","T","E","?","?","E","M","R","BOSS","M","?","?","?","?","E","$","R","T","?","$","?","R","E","R","BOSS","M","$","M","?","$","E"],"items_purchased_type":["Card","Relic","Card","Card","Relic","Relic","Card","Relic","Relic"],"build_version":"2020-12-22","purchased_purges":3,"victory":false,"max_hp_per_floor":[75,75,75,75,75,75,75,75,75,75,75,75,75,75,75,75,75,75,75,75,75,75,75,75,75,75,75,75,75,75,75,75,75,75,75,89,89,89,89,89,89],"relic_stats":{"Lee\u0027s Waffle":36,"Inserter":[8],"counters":[18,69],"Astrolabe":["Static Discharge","Darkness","Redo"],"CeramicFish":81,"Kunai":[1],"obtain_stats":[{"Ice Cream":39,"Lantern":23,"Lee\u0027s Waffle":36,"Inserter":34,"NeowsBlessing":0,"Astrolabe":17,"CeramicFish":19,"White Beast Statue":13,"Mercury Hourglass":9,"Old Coin":31,"Anchor":36,"Strawberry":36,"Kunai":10,"Membership Card":24,"Cracked Core":0,"StrikeDummy":4,"Symbiotic Virus":26,"Toy Ornithopter":7},{"Ice Cream":17,"Lantern":13,"Lee\u0027s Waffle":16,"Inserter":15,"NeowsBlessing":0,"Astrolabe":10,"CeramicFish":11,"White Beast Statue":8,"Mercury Hourglass":5,"Old Coin":14,"Anchor":16,"Strawberry":16,"Kunai":6,"Membership Card":13,"Cracked Core":0,"StrikeDummy":2,"Symbiotic Virus":13,"Toy Ornithopter":4},{"Ice Cream":62,"Lantern":42,"Lee\u0027s Waffle":55,"Inserter":52,"NeowsBlessing":0,"Astrolabe":31,"CeramicFish":34,"White Beast Statue":20,"Mercury Hourglass":9,"Old Coin":46,"Anchor":55,"Strawberry":55,"Kunai":14,"Membership Card":42,"Cracked Core":0,"StrikeDummy":2,"Symbiotic Virus":42,"Toy Ornithopter":7}],"Toy Ornithopter":35,"Mercury Hourglass":[280]},"card_choices":[{"not_picked":["Sweeping Beam","Ball Lightning"],"picked":"Compile Driver","floor":1.0},{"not_picked":["Aggregate","Streamline","Go for the Eyes"],"picked":"SKIP","floor":2.0},{"not_picked":["Stack","Double Energy"],"picked":"Self Repair","floor":5.0},{"not_picked":["Go for the Eyes","Rip and Tear"],"picked":"Echo Form","floor":7.0},{"not_picked":["Redo","Stack"],"picked":"Conserve Battery","floor":8.0},{"not_picked":["Hologram","Steam"],"picked":"Darkness","floor":10.0},{"not_picked":["Chill","Hologram"],"picked":"Coolheaded","floor":12.0},{"not_picked":["Conserve Battery","Compile Driver","Steam"],"picked":"SKIP","floor":13.0},{"not_picked":["Steam","Hologram"],"picked":"Core Surge","floor":14.0},{"not_picked":["Biased Cognition","Fission"],"picked":"Electrodynamics","floor":16.0},{"not_picked":["Gash","Conserve Battery","Steam"],"picked":"SKIP","floor":18.0},{"not_picked":["Compile Driver","Rebound"],"picked":"Loop+1","floor":22.0},{"not_picked":["Rip and Tear","Leap","Darkness"],"picked":"SKIP","floor":23.0},{"not_picked":["Steam","Barrage","Go for the Eyes"],"picked":"SKIP","floor":31.0},{"not_picked":["Electrodynamics","Meteor Strike"],"picked":"Creative AI","floor":33.0},{"not_picked":["Conserve Battery","Rebound"],"picked":"Heatsinks+1","floor":35.0},{"not_picked":["Turbo","Rebound","Coolheaded+1"],"picked":"SKIP","floor":37.0}],"player_experience":968367,"relics_obtained":[{"floor":7.0,"key":"Toy Ornithopter"},{"floor":9.0,"key":"Mercury Hourglass"},{"floor":10.0,"key":"Kunai"},{"floor":13.0,"key":"White Beast Statue"},{"floor":23.0,"key":"Lantern"},{"floor":26.0,"key":"Symbiotic Virus"},{"floor":31.0,"key":"Old Coin"}],"event_choices":[{"cards_removed":["Strike_B"],"damage_healed":0.0,"max_hp_gain":0.0,"max_hp_loss":0.0,"gold_gain":0.0,"event_name":"The Cleric","player_choice":"Card Removal","floor":3.0,"gold_loss":50.0,"damage_taken":0.0},{"damage_healed":0.0,"max_hp_gain":0.0,"max_hp_loss":0.0,"gold_gain":0.0,"event_name":"Scrap Ooze","player_choice":"Success","floor":4.0,"gold_loss":0.0,"damage_taken":7.0,"relics_obtained":["StrikeDummy"]},{"damage_healed":0.0,"max_hp_gain":0.0,"max_hp_loss":0.0,"gold_gain":0.0,"event_name":"Upgrade Shrine","player_choice":"Upgraded","floor":11.0,"gold_loss":0.0,"damage_taken":0.0,"cards_upgraded":["Dualcast"]},{"damage_healed":0.0,"max_hp_gain":0.0,"max_hp_loss":0.0,"gold_gain":0.0,"event_name":"Addict","player_choice":"Obtained Relic","floor":19.0,"gold_loss":85.0,"damage_taken":0.0,"relics_obtained":["CeramicFish"]},{"damage_healed":0.0,"max_hp_gain":0.0,"max_hp_loss":0.0,"gold_gain":0.0,"event_name":"The Library","player_choice":"Read","floor":20.0,"gold_loss":0.0,"damage_taken":0.0,"cards_obtained":["Glacier"]},{"damage_healed":0.0,"max_hp_gain":0.0,"max_hp_loss":0.0,"gold_gain":0.0,"event_name":"Accursed Blacksmith","player_choice":"Forge","floor":29.0,"gold_loss":0.0,"damage_taken":0.0,"cards_upgraded":["Coolheaded"]},{"damage_healed":0.0,"max_hp_gain":0.0,"max_hp_loss":0.0,"gold_gain":0.0,"event_name":"Wheel of Change","player_choice":"Cursed","floor":38.0,"gold_loss":0.0,"damage_taken":0.0,"cards_obtained":["Decay"]}],"is_beta":false,"boss_relics":[{"not_picked":["FrozenCore","Tiny House"],"picked":"Astrolabe"},{"not_picked":["Runic Dome","Philosopher\u0027s Stone"],"picked":"Inserter"}],"items_purged_floors":[24,36,39],"is_endless":false,"potions_floor_spawned":[2,8,10,12,14,16,18,22,23,31,33,35,37],"killed_by":"Giant Head","ascension_level":8}}