{"host":"f7915vm1ahl7kex1","time":1613688385,"event":{"mods":["BaseMod","Colored Map","Downfall","Minty Spire (QoL Compilation)","Quick Restart","StSLib"],"gold_per_floor":[99,117,137,137,153,153,199,215,19,45,55,55,85,100,100,199,199,99,114,114,114,124,140,218,251,251,251,251],"floor_reached":26,"language":"ENG","playtime":1386,"items_purged":["bronze:Strike"],"score":230,"play_id":"e893cc26-4154-4991-ba28-821330d743bd","local_time":"20210218164625","is_ascension_mode":false,"campfire_choices":[{"data":"bronze:Goto","floor":1,"key":"SMITH"},{"floor":6,"key":"RECALL"},{"data":"bronze:Format","floor":12,"key":"SMITH"},{"data":"bronze:FollowUp","floor":18,"key":"SMITH"}],"circlet_count":0,"master_deck":["bronze:Strike","bronze:Strike","bronze:Defend","bronze:Defend","bronze:Defend","bronze:Replicate","bronze:Goto+1","bronze:FollowUp+1","bronze:DelayedSlice","bronze:CloningBeam","bronze:Format+1","bronze:DelayedGuard","bronze:WhirlingStrike","bronze:CutThrough"],"relics":["bronze:BronzeCore","downfall:ShatteredFragment","Dream Catcher","Membership Card","Juzu Bracelet","Odd Mushroom","Black Star","downfall:HeartBlessingRed","Toxic Egg 2","Kunai","CeramicFish"],"acts_visited":["Exordium","TheCity"],"potions_floor_usage":[13,15,25,25],"damage_taken":[{"damage":1,"enemies":"Jaw Worm","floor":2,"turns":3},{"damage":3,"enemies":"2 Louse","floor":3,"turns":2},{"damage":5,"enemies":"Small Slimes","floor":5,"turns":2},{"damage":2,"enemies":"Blue Slaver","floor":8,"turns":2},{"damage":0,"enemies":"downfall:FleeingMerchant","floor":9,"turns":4},{"damage":8,"enemies":"3 Sentries","floor":10,"turns":7},{"damage":2,"enemies":"Large Slime","floor":11,"turns":4},{"damage":3,"enemies":"The Mushroom Lair","floor":13,"turns":3},{"damage":0,"enemies":"Lots of Slimes","floor":14,"turns":2},{"damage":0,"enemies":"3 Louse","floor":15,"turns":1},{"damage":9,"enemies":"DF_ARCHETYPE_STREAMLINE","floor":16,"turns":7},{"damage":0,"enemies":"3 Byrds","floor":19,"turns":3},{"damage":0,"enemies":"Spheric Guardian","floor":22,"turns":3},{"damage":10,"enemies":"Chosen and Byrds","floor":23,"turns":4},{"damage":18,"enemies":"Slavers","floor":25,"turns":5},{"damage":24,"enemies":"Centurion and Healer","floor":26,"turns":3}],"seed_played":"3052829129898923882","potions_obtained":[{"floor":8,"key":"SpeedPotion"},{"floor":10,"key":"SpeedPotion"},{"floor":13,"key":"SmokeBomb"},{"floor":16,"key":"Weak Potion"},{"floor":20,"key":"CultistPotion"}],"is_trial":false,"path_per_floor":["R","M","M","?","M","R","T","M","$","E","M","R","?","M","M","B",null,"R","M","?","?","M","M","T","E","M"],"character_chosen":"THE_AUTOMATON","items_purchased":["Membership Card"],"campfire_rested":0,"item_purchase_floors":[9],"current_hp_per_floor":[63,62,59,38,33,33,33,31,31,23,21,21,18,18,18,9,63,63,63,63,52,52,42,42,24,0,0,0],"gold":251,"neow_bonus":"REMOVE_TWO","is_daily":false,"chose_seed":false,"campfire_upgraded":3,"win_rate":0.0,"timestamp":1613688385,"path_taken":["R","M","M","?","M","R","T","M","$","E","M","R","?","M","M","BOSS","R","M","?","?","M","M","T","E","M"],"items_purchased_type":["Relic"],"build_version":"2020-12-22","purchased_purges":1,"victory":false,"max_hp_per_floor":[63,63,63,63,63,63,63,63,63,63,63,63,63,63,63,63,63,63,63,63,68,68,68,68,68,68,68,68],"card_choices":[{"not_picked":["bronze:Overheat","bronze:BugBarrage"],"picked":"bronze:FollowUp","floor":2},{"not_picked":["bronze:Fortify","bronze:WildBeam"],"picked":"bronze:DelayedSlice","floor":3},{"not_picked":["bronze:BugBarrage","bronze:Overheat"],"picked":"bronze:CloningBeam","floor":5},{"not_picked":["bronze:ForLoop","bronze:Repulsor"],"picked":"bronze:Format","floor":8},{"not_picked":["bronze:Overheat","bronze:WildBeam"],"picked":"bronze:DelayedGuard","floor":9},{"not_picked":["bronze:DelayedGuard","bronze:Deprecate","bronze:Turbo"],"picked":"SKIP","floor":10},{"not_picked":["bronze:DelayedGuard","bronze:WildBeam","bronze:ChildClass"],"picked":"SKIP","floor":11},{"not_picked":["bronze:BronzeArmor","bronze:BuggyMess"],"picked":"bronze:WhirlingStrike","floor":13},{"not_picked":["bronze:Mutator","bronze:Frontload","bronze:Shield"],"picked":"SKIP","floor":14},{"not_picked":["bronze:BugBarrage","bronze:Frontload","bronze:BitShift"],"picked":"SKIP","floor":19},{"not_picked":["bronze:Overheat","bronze:WildBeam","bronze:Shield+1"],"picked":"SKIP","floor":22},{"not_picked":["bronze:Turbo","bronze:Iterate"],"picked":"bronze:CutThrough","floor":23},{"not_picked":["bronze:Fortify","bronze:DigitalCarnage+1","bronze:BitShift+1"],"picked":"SKIP","floor":25}],"player_experience":1204431,"relics_obtained":[{"floor":7,"key":"Dream Catcher"},{"floor":10,"key":"Juzu Bracelet"},{"floor":13,"key":"Odd Mushroom"},{"floor":24,"key":"Toxic Egg 2"},{"floor":25,"key":"Kunai"},{"floor":25,"key":"CeramicFish"}],"event_choices":[{"damage_healed":0,"gold_gain":0,"player_choice":"Fought Mushrooms","damage_taken":0,"max_hp_gain":0,"max_hp_loss":0,"event_name":"Mushrooms","floor":13,"gold_loss":0}],"is_beta":false,"boss_relics":[{"not_picked":["bronze:PlatinumCore","bronze:MakeshiftBattery"],"picked":"Black Star"}],"items_purged_floors":[9],"is_endless":false,"potions_floor_spawned":[8,10,13,15,16,22],"killed_by":"Centurion and Healer","ascension_level":0}}