{"host":"vk2xyavtylxbvrfq","time":1613682826,"event":{"mods":["Bard","BaseMod","Bestiary","Better Altar","Better Match","Better Note","Better Sensory Stone","Better Skull","Better Vampires","Block Reminder","Bossed Relics","Colored Map","Curses Come First","Displayed Cursed Tome","Downfall","Fox Events","Hermit","Ironclad Rager","Marked Mod","Minty Spire (QoL Compilation)","Quick Restart","Rare Cards Sparkle","Relic Sorter","Reliquary","Robot Space Explorer","StSLib","The Hayseed","The Runesmith","TheSurvivalist","Unceasing Turn Reminder"],"gold_per_floor":[112,112,129,304,254,254,283,283,283,1,1,12,44,59,59,59,59],"floor_reached":16,"language":"ENG","playtime":428,"items_purged":[],"score":173,"play_id":"f92c8e54-ef82-4cfe-8753-3fdb47f619db","local_time":"20210218161346","is_ascension_mode":true,"campfire_choices":[{"data":"hermit:LoneWolf","floor":6,"key":"SMITH"},{"data":"hermit:Dive","floor":8,"key":"SMITH"},{"data":"hermit:FullyLoaded","floor":11,"key":"SMITH"},{"data":"hermit:Showdown","floor":15,"key":"SMITH"}],"circlet_count":0,"master_deck":["hermit:Strike_Hermit","hermit:Strike_Hermit","hermit:Strike_Hermit","hermit:Strike_Hermit","hermit:Defend_Hermit","hermit:Defend_Hermit","hermit:Defend_Hermit","hermit:Defend_Hermit","hermit:Snapshot","hermit:Covet","hermit:LoneWolf+1","hermit:FullyLoaded+1","hermit:Dive+1","hermit:Determination","hermit:Quickdraw","hermit:Showdown+1","hermit:Virtue","hermit:Snipe"],"relics":["hermit:Momento","NeowsBlessing","Thread and Needle","Bird Faced Urn","Membership Card","Akabeko","Calipers"],"acts_visited":["Exordium"],"potions_floor_usage":[13],"damage_taken":[{"damage":0,"enemies":"Jaw Worm","floor":1,"turns":1},{"damage":0,"enemies":"Cultist","floor":3,"turns":1},{"damage":0,"enemies":"Gremlin Nob","floor":7,"turns":1},{"damage":0,"enemies":"2 Louse","floor":12,"turns":1},{"damage":26,"enemies":"3 Sentries","floor":13,"turns":14},{"damage":0,"enemies":"Blue Slaver","floor":14,"turns":2},{"damage":35,"enemies":"The Guardian","floor":16,"turns":10}],"seed_played":"-5428264948519650568","potions_obtained":[{"floor":1,"key":"Weak Potion"},{"floor":13,"key":"hexamod:SoulburnPotion"}],"is_trial":false,"path_per_floor":["M","?","M","?","?","R","E","R","T","$","R","M","E","M","R","B"],"character_chosen":"HERMIT","items_purchased":["Membership Card","Akabeko","hermit:Determination","hermit:Quickdraw"],"campfire_rested":0,"item_purchase_floors":[10,10,10,10],"current_hp_per_floor":[68,68,68,68,68,68,68,68,68,68,68,68,44,44,44,11,11],"gold":59,"neow_bonus":"THREE_ENEMY_KILL","is_daily":false,"chose_seed":false,"campfire_upgraded":4,"win_rate":0.0,"timestamp":1613682826,"path_taken":["M","?","?","?","?","R","E","R","T","?","R","M","E","?","R","BOSS"],"items_purchased_type":["Relic","Relic","Card","Card"],"build_version":"2020-12-22","purchased_purges":0,"victory":false,"max_hp_per_floor":[75,75,75,75,75,75,75,75,75,75,75,75,75,75,75,75,75],"card_choices":[{"not_picked":["hermit:Midnight","hermit:Misfire"],"picked":"hermit:LoneWolf","floor":1},{"not_picked":["hermit:Glare","hermit:Quickdraw"],"picked":"hermit:FullyLoaded","floor":3},{"not_picked":["hermit:WideOpen","hermit:FatalDesire"],"picked":"hermit:Dive","floor":7},{"not_picked":["hermit:Quickdraw","hermit:ShadowCloak"],"picked":"hermit:Showdown","floor":12},{"not_picked":["hermit:Manifest","hermit:CalledShot"],"picked":"hermit:Virtue","floor":13},{"not_picked":["hermit:Vantage","hermit:Headshot"],"picked":"hermit:Snipe","floor":14}],"player_experience":1426287,"relics_obtained":[{"floor":7,"key":"Thread and Needle"},{"floor":9,"key":"Bird Faced Urn"},{"floor":13,"key":"Calipers"}],"event_choices":[{"cards_removed":["hermit:LoneWolf"],"damage_healed":0,"gold_gain":0,"player_choice":"Give","damage_taken":0,"max_hp_gain":0,"max_hp_loss":0,"event_name":"betterNote:BetterNote","floor":2,"gold_loss":0,"cards_obtained":["None"]},{"damage_healed":0,"gold_gain":175,"player_choice":"AGREE","damage_taken":0,"max_hp_gain":0,"max_hp_loss":0,"event_name":"Liars Game","floor":4,"gold_loss":0,"cards_obtained":["Doubt"]},{"cards_removed":["Doubt"],"damage_healed":0,"gold_gain":0,"player_choice":"Card Removal","damage_taken":0,"max_hp_gain":0,"max_hp_loss":0,"event_name":"The Cleric","floor":5,"gold_loss":50}],"is_beta":false,"boss_relics":[],"items_purged_floors":[],"is_endless":false,"potions_floor_spawned":[1,13],"killed_by":"The Guardian","ascension_level":6}}