{"host":"mithrandi","time":1613667249,"event":{"mods":["BaseMod","Colored Map","Highlight Path","Minty Spire (QoL Compilation)","SuperFastMode"],"gold_per_floor":[109,120,120,195,195,65,75,75,75,100,100,135,135,150,150,221,221,233,251,5,21,21,52,52,52],"floor_reached":24,"language":"ENG","playtime":1362,"items_purged":["Defend_R"],"score":448,"play_id":"78534345-8c08-4bf4-bae6-06aefb93aadd","local_time":"20210218185409","is_ascension_mode":true,"campfire_choices":[{"data":"True Grit","floor":8,"key":"SMITH"},{"data":"Demon Form","floor":13,"key":"SMITH"},{"data":"Dual Wield","floor":15,"key":"SMITH"}],"circlet_count":0,"master_deck":["AscendersBane","Strike_R","Strike_R","Strike_R+1","Strike_R","Defend_R","Defend_R","Bash+1","Perfected Strike+1","Ghostly Armor","Impervious","Twin Strike","Spot Weakness","True Grit+1","Metallicize","Demon Form+1","Dual Wield+1","Offering","Pommel Strike","Heavy Blade+1","True Grit","Ghostly","Ghostly","Ghostly","Cleave"],"relics":["Burning Blood","NeowsBlessing","StoneCalendar","Regal Pillow","Whetstone","Runic Pyramid","Bag of Preparation","Singing Bowl"],"acts_visited":["Exordium","TheCity"],"potions_floor_usage":[12,16,18,24],"damage_taken":[{"damage":0,"enemies":"Cultist","floor":1,"turns":1},{"damage":0,"enemies":"Jaw Worm","floor":2,"turns":1},{"damage":0,"enemies":"Small Slimes","floor":7,"turns":1},{"damage":16,"enemies":"Lagavulin","floor":10,"turns":7},{"damage":7,"enemies":"3 Sentries","floor":12,"turns":7},{"damage":9,"enemies":"2 Fungi Beasts","floor":14,"turns":4},{"damage":43,"enemies":"The Guardian","floor":16,"turns":9},{"damage":15,"enemies":"Shell Parasite","floor":18,"turns":7},{"damage":8,"enemies":"Chosen","floor":19,"turns":4},{"damage":36,"enemies":"Snake Plant","floor":21,"turns":5},{"damage":13,"enemies":"Gremlin Leader","floor":23,"turns":7},{"damage":31,"enemies":"Shelled Parasite and Fungi","floor":24,"turns":1}],"seed_played":"1936001584827748307","potions_obtained":[{"floor":7,"key":"EssenceOfSteel"},{"floor":12,"key":"PowerPotion"},{"floor":16,"key":"Weak Potion"},{"floor":18,"key":"PowerPotion"}],"is_trial":false,"path_per_floor":["M","M","?","?","?","$","M","R","T","E","?","E","R","M","R","B",null,"M","M","$","M","?","E","M"],"character_chosen":"IRONCLAD","items_purchased":["Twin Strike","Spot Weakness","Bag of Preparation"],"campfire_rested":0,"item_purchase_floors":[6,6,20],"current_hp_per_floor":[74,75,75,64,64,64,70,70,70,60,53,52,52,49,49,12,59,50,48,48,18,18,11,0,0],"gold":52,"neow_bonus":"THREE_ENEMY_KILL","is_daily":false,"chose_seed":false,"campfire_upgraded":3,"win_rate":0.0,"timestamp":1613667249,"path_taken":["M","M","?","?","?","$","?","R","T","E","?","E","R","M","R","BOSS","M","M","$","M","?","E","M"],"items_purchased_type":["Card","Card","Relic"],"build_version":"2020-12-18","purchased_purges":1,"victory":false,"max_hp_per_floor":[75,75,75,75,75,75,75,75,75,75,75,75,75,75,75,75,75,75,75,75,75,37,37,37,37],"card_choices":[{"not_picked":["Shrug It Off","Wild Strike"],"picked":"Perfected Strike","floor":1},{"not_picked":["Pummel","Havoc"],"picked":"Ghostly Armor","floor":2},{"not_picked":["Dual Wield","Evolve"],"picked":"True Grit","floor":7},{"not_picked":["Havoc","Shrug It Off"],"picked":"Metallicize","floor":10},{"not_picked":["Flame Barrier","Power Through"],"picked":"Demon Form","floor":12},{"not_picked":["Heavy Blade","Armaments"],"picked":"Dual Wield","floor":14},{"not_picked":["Double Tap","Corruption"],"picked":"Offering","floor":16},{"not_picked":["Shockwave","Pummel"],"picked":"Pommel Strike","floor":18},{"not_picked":["Clothesline","Rupture"],"picked":"Heavy Blade+1","floor":19},{"not_picked":["Perfected Strike","Flex"],"picked":"True Grit","floor":21},{"not_picked":["Dual Wield","Whirlwind"],"picked":"Cleave","floor":23}],"player_experience":2998210,"relics_obtained":[{"floor":9,"key":"StoneCalendar"},{"floor":10,"key":"Regal Pillow"},{"floor":12,"key":"Whetstone"},{"floor":23,"key":"Singing Bowl"}],"event_choices":[{"damage_healed":0,"gold_gain":0,"player_choice":"Grow","damage_taken":0,"max_hp_gain":0,"max_hp_loss":0,"event_name":"Living Wall","floor":3,"gold_loss":0,"cards_upgraded":["Perfected Strike"]},{"damage_healed":0,"gold_gain":75,"player_choice":"Gather Gold","damage_taken":11,"max_hp_gain":0,"max_hp_loss":0,"event_name":"World of Goop","floor":4,"gold_loss":0},{"damage_healed":0,"gold_gain":0,"cards_transformed":["Strike_R"],"player_choice":"Transformed","damage_taken":0,"max_hp_gain":0,"max_hp_loss":0,"event_name":"Transmorgrifier","floor":5,"gold_loss":0,"cards_obtained":["Impervious"]},{"cards_removed":["Defend_R"],"damage_healed":0,"gold_gain":0,"player_choice":"Card Removal","damage_taken":7,"max_hp_gain":0,"max_hp_loss":0,"event_name":"Golden Wing","floor":11,"gold_loss":0},{"damage_healed":0,"gold_gain":0,"player_choice":"Became a Ghost","damage_taken":0,"max_hp_gain":0,"max_hp_loss":38,"event_name":"Ghosts","floor":22,"gold_loss":0,"cards_obtained":["Ghostly","Ghostly","Ghostly"]}],"is_beta":true,"boss_relics":[{"not_picked":["Runic Dome","Black Star"],"picked":"Runic Pyramid"}],"items_purged_floors":[20],"is_endless":false,"potions_floor_spawned":[7,12,16,18],"killed_by":"Shelled Parasite and Fungi","ascension_level":20}}