{"host":"3rmac7zu3wzgmaxs","time":1613679509,"event":{"mods":["AchievementEnabler","BaseMod","Better Third Choice","Hubris","Infinite Spire","Minty Spire (QoL Compilation)","Spire Arcade","StSLib","The Animator"],"gold_per_floor":[112,112,37,65,65,65,94,94,145,145,45,73,92,103,103,204,254,266,342,267,267,285,285,296,311,338,338,351,377,397,408,408,408,408],"floor_reached":33,"language":"ENG","playtime":2728,"items_purged":["animator:Defend","animator:Strike"],"score":327,"play_id":"9fac3da8-4f1f-45f5-af46-d69dec29f8ec","local_time":"20210218151829","is_ascension_mode":false,"campfire_choices":[{"data":"animator:EmiyaShirou","floor":6,"key":"SMITH"},{"data":"animator:Saber","floor":8,"key":"SMITH"},{"data":"animator:Kazuma","floor":10,"key":"SMITH"},{"data":"animator:Saber","floor":15,"key":"SMITH"},{"data":"animator:EmiyaShirou","floor":23,"key":"SMITH"},{"floor":27,"key":"REST"},{"floor":32,"key":"REST"}],"circlet_count":0,"master_deck":["animator:Strike_Konosuba","animator:Defend_Konosuba","animator:Strike+1","animator:Defend","animator:Defend","animator:Kazuma+1","animator:Aqua","animator:EmiyaShirou+1","animator:YunYun","animator:Saber+1","animator:Caster+1","animator:Saber+1","animator:Alexander","animator:EmiyaShirou+1","animator:Assassin","animator:Berserker","animator:Archer"],"relics":["animator:LivingPicture","animator:TheMissingPiece","NeowsBlessing","Centennial Puzzle","StoneCalendar","Happy Flower","Blood Vial","Tiny House","Gremlin Horn","Lantern","hubris:Metronome"],"acts_visited":["Exordium","TheCity"],"potions_floor_usage":[18,24,29,31,33,33],"damage_taken":[{"damage":0,"enemies":"2 Louse","floor":1,"turns":1},{"damage":0,"enemies":"Cultist","floor":4,"turns":1},{"damage":0,"enemies":"3 Sentries","floor":7,"turns":1},{"damage":18,"enemies":"Lagavulin","floor":12,"turns":6},{"damage":0,"enemies":"Small Slimes","floor":13,"turns":2},{"damage":9,"enemies":"Red Slaver","floor":14,"turns":4},{"damage":14,"enemies":"Slime Boss","floor":16,"turns":5},{"damage":14,"enemies":"2 Thieves","floor":18,"turns":4},{"damage":4,"enemies":"Chosen","floor":22,"turns":4},{"damage":19,"enemies":"Sentry and Sphere","floor":24,"turns":4},{"damage":32,"enemies":"Snake Plant","floor":25,"turns":4},{"damage":9,"enemies":"3 Cultists","floor":28,"turns":4},{"damage":30,"enemies":"Nightmare","floor":29,"turns":7},{"damage":3,"enemies":"Chosen and Byrds","floor":30,"turns":4},{"damage":8,"enemies":"Cultist and Chosen","floor":31,"turns":4},{"damage":33,"enemies":"Champ","floor":33,"turns":7}],"seed_played":"2262178681978191814","potions_obtained":[{"floor":1,"key":"BlessingOfTheForge"},{"floor":4,"key":"Explosive Potion"},{"floor":7,"key":"LiquidMemories"},{"floor":17,"key":"Fruit Juice"},{"floor":22,"key":"EssenceOfSteel"},{"floor":29,"key":"DuplicationPotion"},{"floor":30,"key":"FearPotion"}],"is_trial":false,"path_per_floor":["M","?","$","M","?","R","E","R","T","R","$","E","M","M","R","B",null,"M","T","?","?","M","R","M","M","T","R","M","NM","M","M","R","B"],"character_chosen":"THE_ANIMATOR","items_purchased":[],"campfire_rested":2,"item_purchase_floors":[],"current_hp_per_floor":[66,66,66,66,66,66,66,66,66,66,66,48,52,47,47,37,71,62,62,62,62,62,62,47,19,19,41,36,10,11,7,29,0,0],"gold":408,"neow_bonus":"THREE_ENEMY_KILL","is_daily":false,"chose_seed":false,"campfire_upgraded":5,"win_rate":0.0,"timestamp":1613679509,"path_taken":["M","?","?","M","?","R","E","R","T","R","$","E","M","M","R","BOSS","M","?","?","?","?","R","M","M","T","R","M","NM","M","M","R","BOSS"],"items_purchased_type":[],"build_version":"2020-12-13","purchased_purges":2,"victory":false,"max_hp_per_floor":[66,66,66,66,66,66,66,66,66,66,66,66,66,66,66,66,71,76,76,76,76,76,76,76,76,76,76,76,76,76,76,76,76,76],"card_choices":[{"not_picked":["animator:MetalKnight","animator:SilverFang"],"picked":"animator:EmiyaShirou","floor":1},{"not_picked":["animator:ChaikaBohdan","animator:Genos"],"picked":"animator:YunYun","floor":4},{"not_picked":["animator:Elesis","animator:Genos"],"picked":"animator:Saber","floor":7},{"not_picked":["animator:EmiyaShirou","animator:Rider"],"picked":"animator:Caster","floor":12},{"not_picked":["animator:Kazuma","animator:DolaCouronne"],"picked":"animator:Saber","floor":13},{"not_picked":["animator:WinryRockbell","animator:MumenRider","animator:Aqua"],"picked":"SKIP","floor":14},{"not_picked":["animator:Genos","animator:Scar"],"picked":"animator:Alexander","floor":17},{"not_picked":["animator:Chung","animator:Raven","animator:Kazuma"],"picked":"SKIP","floor":18},{"not_picked":["animator:Alexander","animator:Rider"],"picked":"animator:EmiyaShirou","floor":22},{"not_picked":["animator:Sora","animator:Vanir","animator:Raven"],"picked":"SKIP","floor":24},{"not_picked":["animator:Ara","animator:Geryuganshoop","animator:Alexander"],"picked":"SKIP","floor":25},{"not_picked":["animator:Gluttony","animator:AcuraAkari+1"],"picked":"animator:Assassin","floor":28},{"not_picked":["animator:Caster","animator:RinTohsaka"],"picked":"animator:Berserker","floor":29},{"not_picked":["animator:Vanir","animator:MaesHughes","animator:Raven"],"picked":"SKIP","floor":30},{"not_picked":["animator:ChaikaBohdan","animator:Elesis"],"picked":"animator:Archer","floor":31}],"player_experience":3056,"relics_obtained":[{"floor":5,"key":"Centennial Puzzle"},{"floor":7,"key":"StoneCalendar"},{"floor":9,"key":"Happy Flower"},{"floor":12,"key":"Blood Vial"},{"floor":19,"key":"Gremlin Horn"},{"floor":26,"key":"Lantern"},{"floor":29,"key":"hubris:Metronome"}],"event_choices":[{"damage_healed":0,"gold_gain":0,"player_choice":"Ignored","damage_taken":0,"max_hp_gain":0,"max_hp_loss":0,"event_name":"NoteForYourself","floor":2,"gold_loss":0},{"damage_healed":0,"gold_gain":0,"player_choice":"Relic","damage_taken":0,"max_hp_gain":0,"max_hp_loss":0,"event_name":"Wheel of Change","floor":5,"gold_loss":0},{"cards_removed":["animator:Strike"],"damage_healed":0,"gold_gain":0,"player_choice":"Gave Gold","damage_taken":0,"max_hp_gain":0,"max_hp_loss":0,"event_name":"Beggar","floor":20,"gold_loss":75},{"damage_healed":0,"gold_gain":0,"player_choice":"Forge","damage_taken":0,"max_hp_gain":0,"max_hp_loss":0,"event_name":"Accursed Blacksmith","floor":21,"gold_loss":0,"cards_upgraded":["animator:Caster"]}],"is_beta":false,"boss_relics":[{"not_picked":["Velvet Choker","Calling Bell"],"picked":"Tiny House"}],"items_purged_floors":[3,11],"is_endless":false,"potions_floor_spawned":[1,4,7,22,29,30],"killed_by":"Champ","ascension_level":0}}