{"host":"zsnmfqgcm92hlreo","time":1613628421,"event":{"mods":["AchievementEnabler","BaseMod","Bestiary","Block Reminder","Colored Map","Colored Powertips","Filter the Spire","Minty Spire (QoL Compilation)","Permanent Neow","Quick Restart","Relic Stats","StSLib","Weighted Paths"],"gold_per_floor":[114,114,174,191,137,170,95,126,126,157,177,177,177],"floor_reached":12,"language":"ENG","playtime":366,"items_purged":[],"score":192,"play_id":"cbff3538-ada7-49f1-a7cb-c30b1d0dde84","local_time":"20210218000701","is_ascension_mode":true,"campfire_choices":[],"circlet_count":0,"master_deck":["AscendersBane","Strike_R","Strike_R","Strike_R","Strike_R","Strike_R","Defend_R","Defend_R","Defend_R","Defend_R","Bash","Blood for Blood","Pommel Strike","Twin Strike"],"relics":["Snecko Eye","Torii","Gremlin Horn","Eternal Feather","Bottled Flame","Darkstone Periapt"],"acts_visited":["Exordium"],"potions_floor_usage":[8,8,12],"damage_taken":[{"damage":0,"enemies":"2 Louse","floor":1,"turns":2},{"damage":0,"enemies":"Small Slimes","floor":4,"turns":1},{"damage":30,"enemies":"Lagavulin","floor":6,"turns":7},{"damage":1,"enemies":"3 Sentries","floor":8,"turns":4},{"damage":8,"enemies":"Gremlin Nob","floor":10,"turns":3},{"damage":6,"enemies":"Cultist","floor":11,"turns":3},{"damage":30,"enemies":"Lagavulin","floor":12,"turns":5}],"seed_played":"1342254686177981116","potions_obtained":[{"floor":4,"key":"Explosive Potion"},{"floor":10,"key":"CultistPotion"},{"floor":11,"key":"Regen Potion"}],"is_trial":false,"path_per_floor":["M","?","?","M","$","E","?","E","T","E","M","E"],"character_chosen":"IRONCLAD","items_purchased":["Fire Potion"],"campfire_rested":0,"item_purchase_floors":[5],"current_hp_per_floor":[68,50,50,50,50,20,20,19,19,11,5,0,0],"gold":177,"neow_bonus":"BOSS_RELIC","is_daily":false,"chose_seed":false,"campfire_upgraded":0,"win_rate":0.0,"timestamp":1613628421,"path_taken":["M","?","?","M","$","E","?","E","T","E","M","E"],"items_purchased_type":["Potion"],"build_version":"2020-12-22","purchased_purges":0,"victory":false,"max_hp_per_floor":[75,75,75,75,75,75,75,75,75,75,75,75,75],"relic_stats":{"Darkstone Periapt":0,"Torii":4,"Gremlin Horn":[2,2],"counters":[7,25],"Snecko Eye":[42,40,45,40],"Eternal Feather":0,"obtain_stats":[{"Darkstone Periapt":10,"Bottled Flame":9,"Torii":2,"Gremlin Horn":6,"Snecko Eye":0,"Eternal Feather":8,"Burning Blood":0},{"Darkstone Periapt":5,"Bottled Flame":4,"Torii":1,"Gremlin Horn":3,"Snecko Eye":0,"Eternal Feather":4,"Burning Blood":0},{"Darkstone Periapt":17,"Bottled Flame":14,"Torii":2,"Gremlin Horn":10,"Snecko Eye":0,"Eternal Feather":14,"Burning Blood":0}]},"card_choices":[{"not_picked":["Headbutt","Sever Soul"],"picked":"Blood for Blood","floor":1},{"not_picked":["Battle Trance","Anger","Intimidate"],"picked":"SKIP","floor":4},{"not_picked":["True Grit","Sword Boomerang"],"picked":"Pommel Strike","floor":6},{"not_picked":["Iron Wave","Infernal Blade"],"picked":"Twin Strike","floor":8},{"not_picked":["Rage","Sword Boomerang","Evolve"],"picked":"SKIP","floor":10},{"not_picked":["Anger","Clash","Thunderclap"],"picked":"SKIP","floor":11}],"player_experience":1222140,"relics_obtained":[{"floor":6,"key":"Gremlin Horn"},{"floor":8,"key":"Eternal Feather"},{"floor":9,"key":"Bottled Flame"},{"floor":10,"key":"Darkstone Periapt"}],"event_choices":[{"damage_healed":0,"gold_gain":0,"player_choice":"Success","damage_taken":18,"relics_obtained":["Torii"],"max_hp_gain":0,"max_hp_loss":0,"event_name":"Scrap Ooze","floor":2,"gold_loss":0},{"damage_healed":0,"gold_gain":60,"player_choice":"Gained Gold","damage_taken":0,"max_hp_gain":0,"max_hp_loss":0,"event_name":"Golden Wing","floor":3,"gold_loss":0},{"damage_healed":0,"gold_gain":0,"player_choice":"Left Gold","damage_taken":0,"max_hp_gain":0,"max_hp_loss":0,"event_name":"World of Goop","floor":7,"gold_loss":75}],"is_beta":false,"boss_relics":[],"items_purged_floors":[],"is_endless":false,"potions_floor_spawned":[4,10,11],"killed_by":"Lagavulin","ascension_level":20}}