{"host":"u2qrfxkm3wve0vp3","time":1613642561,"event":{"mods":["AchievementEnabler","BaseMod","Downfall","Hermit","Marisa£®ÏF”Í°°ƒß¿Ì…≥£©","Minty Spire (QoL Compilation)","Quick Restart","Shop Mod","StSLib","Td1madao Mod","The Cursed","The Marked","The Poker Player","The Senshi","The Servant 0.9.4"],"gold_per_floor":[111,111,111,36,52,83,83,13,13,27,27,42,42,77,77,175,175,187,200,219,249,164,193,205,205,205,219,44,75,85,117,117,222,222,240,240,115,133,145,145,145],"floor_reached":40,"language":"ZHS","playtime":1899,"items_purged":["theMarked:Strike","theMarked:Strike","theMarked:Strike"],"score":456,"play_id":"fd49f1aa-7ce9-471a-b076-6887db2fa1f3","local_time":"20210218180241","is_ascension_mode":false,"campfire_choices":[{"data":"theMarked:ParalyzingBlade","floor":13,"key":"SMITH"},{"data":"theMarked:MuscleMemory","floor":15,"key":"SMITH"},{"data":"theMarked:EmpowerWeapon","floor":25,"key":"SMITH"},{"data":"theMarked:Levitate","floor":32,"key":"SMITH"}],"circlet_count":0,"master_deck":["theMarked:Strike","theMarked:Defend","theMarked:Defend","theMarked:Defend","theMarked:Defend","theMarked:SoldierOfQuellstein+1","theMarked:EternalStudent+1","theMarked:ParalyzingBlade+1","theMarked:Parry","theMarked:SwordAndMagic","theMarked:OneWithTheBlade","theMarked:Levitate+1","theMarked:Panic+1","theMarked:EmpowerWeapon+1","theMarked:BindingBlade","theMarked:Reabsorb+1","theMarked:Panic","theMarked:MysticalArsenal+1"],"relics":["theMarked:BronzeBlade","Bottled Lightning","StrikeDummy","theMarked:Eyepatch","Red Mask","Strawberry","Bottled Tornado","theMarked:KettuFlask","Ancient Tea Set","Boot","Eternal Feather"],"acts_visited":["Exordium","TheCity","TheBeyond"],"potions_floor_usage":[6,16,23,27,29,33,39,39,40],"damage_taken":[{"damage":6,"enemies":"2 Louse","floor":1,"turns":3},{"damage":1,"enemies":"Cultist","floor":5,"turns":3},{"damage":13,"enemies":"3 Sentries","floor":6,"turns":7},{"damage":1,"enemies":"Jaw Worm","floor":10,"turns":5},{"damage":5,"enemies":"Exordium Thugs","floor":12,"turns":8},{"damage":2,"enemies":"Gremlin Nob","floor":14,"turns":3},{"damage":21,"enemies":"Hexaghost","floor":16,"turns":8},{"damage":0,"enemies":"Chosen","floor":18,"turns":5},{"damage":0,"enemies":"Spheric Guardian","floor":19,"turns":3},{"damage":16,"enemies":"Centurion and Healer","floor":20,"turns":6},{"damage":8,"enemies":"Masked Bandits","floor":21,"turns":4},{"damage":27,"enemies":"Book of Stabbing","floor":23,"turns":6},{"damage":0,"enemies":"Snake Plant","floor":24,"turns":3},{"damage":7,"enemies":"Chosen and Byrds","floor":27,"turns":5},{"damage":4,"enemies":"Slavers","floor":29,"turns":4},{"damage":0,"enemies":"Centurion and Healer","floor":30,"turns":3},{"damage":9,"enemies":"Gremlin Leader","floor":31,"turns":4},{"damage":55,"enemies":"Automaton","floor":33,"turns":11},{"damage":2,"enemies":"Orb Walker","floor":35,"turns":3},{"damage":0,"enemies":"3 Shapes","floor":38,"turns":3},{"damage":11,"enemies":"Writhing Mass","floor":39,"turns":5},{"damage":84,"enemies":"Giant Head","floor":40,"turns":8}],"seed_played":"3377586413315229162","potions_obtained":[{"floor":5,"key":"champ:CounterPotion"},{"floor":10,"key":"SpeedPotion"},{"floor":14,"key":"Weak Potion"},{"floor":21,"key":"PowerPotion"},{"floor":23,"key":"ColorlessPotion"},{"floor":24,"key":"FairyPotion"},{"floor":29,"key":"champ:CounterPotion"},{"floor":30,"key":"EntropicBrew"},{"floor":31,"key":"SteroidPotion"},{"floor":39,"key":"Guardian:BlockOnCardUsePotion"}],"is_trial":false,"path_per_floor":["M","?","?","$","M","E","?","$","T","M","$","M","R","E","R","B",null,"M","M","M","?","?","E","M","R","T","M","$","E","M","E","R","B",null,"M","?","$","M","M","E"],"character_chosen":"THE_DEFAULT","items_purchased":["theMarked:MuscleMemory","DistilledChaos"],"campfire_rested":0,"item_purchase_floors":[8,28],"current_hp_per_floor":[59,59,59,59,58,45,45,45,45,44,44,39,39,37,37,16,65,65,65,49,41,48,21,21,21,21,14,14,10,10,1,1,2,72,70,70,70,70,59,0,0],"gold":145,"neow_bonus":"THREE_RARE_CARDS","is_daily":false,"chose_seed":false,"campfire_upgraded":4,"win_rate":0.0,"timestamp":1613642561,"path_taken":["M","?","?","$","?","E","?","?","T","M","$","M","R","E","R","BOSS","M","M","M","?","?","E","M","R","T","M","?","E","M","E","R","BOSS","M","?","?","M","?","E"],"items_purchased_type":["Card","Potion"],"build_version":"2020-12-22","purchased_purges":3,"victory":false,"max_hp_per_floor":[65,65,65,65,65,65,65,65,65,65,65,65,65,65,65,65,65,65,65,65,65,72,72,72,72,72,72,72,72,72,72,72,72,72,72,72,72,72,72,72,72],"card_choices":[{"not_picked":["theMarked:FavorableWinds","theMarked:DispelDoubt"],"picked":"theMarked:EternalStudent","floor":0},{"not_picked":["theMarked:ElectricStrings","theMarked:SelfDefenseTraining","theMarked:Aftermath"],"picked":"SKIP","floor":1},{"not_picked":["theMarked:WardOff","theMarked:StartUp"],"picked":"theMarked:ParalyzingBlade","floor":5},{"not_picked":["theMarked:BanishingStrike","theMarked:Electrify"],"picked":"theMarked:Parry","floor":6},{"not_picked":["theMarked:StartUp","theMarked:Parkour","theMarked:CreepingChasm"],"picked":"SKIP","floor":10},{"not_picked":["theMarked:Maelstrom","theMarked:Aftermath"],"picked":"theMarked:SwordAndMagic","floor":12},{"not_picked":["theMarked:FavorableWinds","theMarked:SwordAndMagic"],"picked":"theMarked:OneWithTheBlade","floor":14},{"not_picked":["theMarked:EternalStudent","theMarked:FavorableWinds"],"picked":"theMarked:Levitate","floor":16},{"not_picked":["theMarked:ChainLightning","theMarked:ResourceFulStrike+1"],"picked":"theMarked:Panic+1","floor":18},{"not_picked":["theMarked:TwofoldDefense+1","theMarked:CreepingChasm","theMarked:ElectricStrings+1"],"picked":"SKIP","floor":19},{"not_picked":["theMarked:Pokerface","theMarked:ElectricStrings","theMarked:TunnelVision"],"picked":"SKIP","floor":20},{"not_picked":["theMarked:FavorableWinds","theMarked:EnhanceMovement+1"],"picked":"theMarked:EmpowerWeapon","floor":23},{"not_picked":["theMarked:Maelstrom","theMarked:WastefulAttack+1","theMarked:ShockingTouch"],"picked":"SKIP","floor":24},{"not_picked":["theMarked:WardOff","theMarked:Frustration","theMarked:BanishingStrike"],"picked":"SKIP","floor":27},{"not_picked":["theMarked:BanishingStrike+1","theMarked:WastefulAttack","theMarked:ResourceFulStrike"],"picked":"SKIP","floor":29},{"not_picked":["theMarked:EternalStudent","theMarked:Heritage","theMarked:ChainLightning"],"picked":"SKIP","floor":30},{"not_picked":["theMarked:ChainLightning","theMarked:HeightenedSenses","theMarked:Standoff+1"],"picked":"SKIP","floor":31},{"not_picked":["theMarked:Vacuum","theMarked:Levitate"],"picked":"theMarked:BindingBlade","floor":33},{"not_picked":["theMarked:ContemptForTheProud+1","theMarked:TakeCover"],"picked":"theMarked:Reabsorb+1","floor":35},{"not_picked":["theMarked:Frustration","theMarked:WardOff"],"picked":"theMarked:Panic","floor":38},{"not_picked":["theMarked:Improvise","theMarked:Aftermath+1"],"picked":"theMarked:MysticalArsenal+1","floor":39}],"player_experience":353371,"relics_obtained":[{"floor":6,"key":"Bottled Lightning"},{"floor":14,"key":"StrikeDummy"},{"floor":21,"key":"Red Mask"},{"floor":23,"key":"Bottled Tornado"},{"floor":26,"key":"theMarked:KettuFlask"},{"floor":29,"key":"Ancient Tea Set"},{"floor":31,"key":"Boot"}],"event_choices":[{"damage_healed":0,"gold_gain":0,"player_choice":"Grow","damage_taken":0,"max_hp_gain":0,"max_hp_loss":0,"event_name":"Living Wall","floor":2,"gold_loss":0,"cards_upgraded":["theMarked:SoldierOfQuellstein"]},{"damage_healed":0,"gold_gain":0,"player_choice":"Forge","damage_taken":0,"max_hp_gain":0,"max_hp_loss":0,"event_name":"Accursed Blacksmith","floor":3,"gold_loss":0,"cards_upgraded":["theMarked:EternalStudent"]},{"cards_removed":["theMarked:Strike"],"damage_healed":0,"gold_gain":0,"player_choice":"Purged","damage_taken":0,"max_hp_gain":0,"max_hp_loss":0,"event_name":"Purifier","floor":7,"gold_loss":0},{"damage_healed":0,"gold_gain":0,"player_choice":"Fought Bandits","damage_taken":0,"max_hp_gain":0,"max_hp_loss":0,"event_name":"Masked Bandits","floor":21,"gold_loss":0},{"damage_healed":0,"gold_gain":0,"player_choice":"Obtained Relic","damage_taken":0,"relics_obtained":["Strawberry"],"max_hp_gain":0,"max_hp_loss":0,"event_name":"Addict","floor":22,"gold_loss":85},{"cards_removed":["theMarked:MuscleMemory"],"damage_healed":0,"gold_gain":0,"player_choice":"Gave Card","damage_taken":0,"relics_obtained":["Eternal Feather"],"max_hp_gain":0,"max_hp_loss":0,"event_name":"WeMeetAgain","floor":36,"gold_loss":0}],"is_beta":false,"boss_relics":[{"not_picked":["Pandora\u0027s Box","bronze:MakeshiftBattery"],"picked":"theMarked:Eyepatch"},{"not_picked":["Tiny House","Sozu"],"picked":"theMarked:BronzeBlade"}],"items_purged_floors":[4,28,37],"is_endless":false,"potions_floor_spawned":[5,10,14,21,23,24,29,30,31,39],"killed_by":"Giant Head","ascension_level":0}}