{"host":"aapp7ew3jk5k1bvd","time":1613649223,"event":{"mods":["AchievementEnabler","BaseMod","Colored Map","Custom Start","Keyboard Shortcuts","Minty Spire (QoL Compilation)","Permanent Neow","Quick Restart","StSLib","SuperFastMode"],"gold_per_floor":[214,39,59,79,79,79,93,93,93,41,41,62,62,82,82,212,212,225,150,168,168,192,227,251,77,145,145,145,20,36,36,36,161,161,185,112,132,148,171,171,187,187,214,64,64,82,105,130,130,130],"floor_reached":51,"language":"KOR","playtime":1433,"items_purged":["Strike_G","Setup","Defend_G","Defend_G"],"score":891,"play_id":"f061f7c9-782e-485b-8068-c99c94198463","local_time":"20210218205343","is_ascension_mode":true,"campfire_choices":[{"data":"Panache","floor":6.0,"key":"SMITH"},{"data":"Blade Dance","floor":8.0,"key":"SMITH"},{"floor":13.0,"key":"REST"},{"data":"Blade Dance","floor":15.0,"key":"SMITH"},{"data":"Footwork","floor":28.0,"key":"SMITH"},{"floor":32.0,"key":"REST"},{"data":"After Image","floor":40,"key":"SMITH"},{"floor":42,"key":"REST"},{"floor":49,"key":"REST"}],"circlet_count":0,"master_deck":["Defend_G","Survivor","Neutralize+1","Dodge and Roll","Panache+1","Blade Dance+1","Blade Dance+1","Cloak And Dagger","Cloak And Dagger","Accuracy","After Image+1","Escape Plan+1","After Image+1","Storm of Steel+1","Footwork+1","Well Laid Plans","Cloak And Dagger","Blur","Calculated Gamble+1","Accuracy","Accuracy","Cloak And Dagger","Cloak And Dagger+1","A Thousand Cuts"],"relics":["Ring of the Snake","Dream Catcher","Singing Bowl","Golden Idol","Astrolabe","Whetstone","Paper Crane","MealTicket","Black Star","PreservedInsect"],"acts_visited":["Exordium","TheCity","TheBeyond"],"potions_floor_usage":[39,41,41,50,50,50],"damage_taken":[{"damage":0.0,"enemies":"Cultist","floor":1.0,"turns":5.0},{"damage":3.0,"enemies":"2 Louse","floor":3.0,"turns":3.0},{"damage":16.0,"enemies":"Jaw Worm","floor":4.0,"turns":8.0},{"damage":13.0,"enemies":"Exordium Thugs","floor":7.0,"turns":7.0},{"damage":0.0,"enemies":"3 Louse","floor":12.0,"turns":1.0},{"damage":0.0,"enemies":"Blue Slaver","floor":14.0,"turns":4.0},{"damage":21.0,"enemies":"The Guardian","floor":16.0,"turns":12.0},{"damage":8.0,"enemies":"2 Thieves","floor":18.0,"turns":2.0},{"damage":1.0,"enemies":"Chosen","floor":20.0,"turns":2.0},{"damage":6.0,"enemies":"Centurion and Healer","floor":22.0,"turns":3.0},{"damage":1.0,"enemies":"Book of Stabbing","floor":23.0,"turns":5.0},{"damage":10.0,"enemies":"Snake Plant","floor":24.0,"turns":4.0},{"damage":0.0,"enemies":"Cultist and Chosen","floor":30.0,"turns":4.0},{"damage":25.0,"enemies":"Automaton","floor":33.0,"turns":7.0},{"damage":0.0,"enemies":"Orb Walker","floor":35.0,"turns":3.0},{"damage":5,"enemies":"3 Shapes","floor":37,"turns":3},{"damage":4,"enemies":"Transient","floor":38,"turns":5},{"damage":5,"enemies":"3 Darklings","floor":39,"turns":5},{"damage":45,"enemies":"4 Shapes","floor":41,"turns":8},{"damage":6,"enemies":"Transient","floor":46,"turns":5},{"damage":4,"enemies":"Spire Growth","floor":47,"turns":4},{"damage":14,"enemies":"Sphere and 2 Shapes","floor":48,"turns":5},{"damage":92,"enemies":"Awakened One","floor":50,"turns":10}],"seed_played":"-2030678223354334075","potions_obtained":[{"floor":3.0,"key":"Ancient Potion"},{"floor":7.0,"key":"Block Potion"},{"floor":20.0,"key":"LiquidMemories"},{"floor":22.0,"key":"Fruit Juice"},{"floor":24.0,"key":"CunningPotion"},{"floor":33.0,"key":"Poison Potion"},{"floor":35.0,"key":"Block Potion"},{"floor":41,"key":"Energy Potion"},{"floor":46,"key":"Regen Potion"},{"floor":48,"key":"Ancient Potion"}],"is_trial":false,"path_per_floor":["M","$","M","M","?","R","M","R","T","$","?","M","R","M","R","B",null,"M","$","M","?","M","E","M","$","T","?","R","$","M","?","R","B",null,"M","$","M","M","M","R","M","R","T","$","?","M","M","M","R","B",null],"character_chosen":"THE_SILENT","items_purchased":["Panache","Cloak And Dagger","Well Laid Plans","Accuracy"],"campfire_rested":4,"item_purchase_floors":[2,10,25,36],"current_hp_per_floor":[70,70,67,51,51,51,38,38,38,38,21,21,42,44,44,23,60,54,54,55,55,56,57,49,49,49,49,49,49,49,49,75,52,80,80,89,86,84,81,81,38,67,67,82,82,78,74,60,91,14],"gold":130,"neow_bonus":"HUNDRED_GOLD","is_daily":false,"chose_seed":false,"campfire_upgraded":5,"win_rate":0.0,"timestamp":1613649223,"path_taken":["M","$","M","M","?","R","M","R","T","?","?","M","R","?","R","BOSS","M","$","M","?","M","E","M","$","T","?","R","?","M","?","R","BOSS","M","$","M","M","M","R","M","R","T","$","?","?","M","M","R","BOSS"],"items_purchased_type":["Card","Card","Card","Card"],"build_version":"2020-12-22","purchased_purges":4,"victory":true,"max_hp_per_floor":[70,70,70,70,70,70,70,70,70,70,70,70,70,72,72,72,72,74,74,76,76,83,85,87,87,87,87,87,87,87,87,87,89,89,89,89,91,93,95,95,97,97,97,97,97,99,99,99,101,101],"card_choices":[{"not_picked":["PiercingWail","Underhanded Strike"],"picked":"Dodge and Roll","floor":1.0},{"not_picked":["Dagger Spray","Skewer","Deflect"],"picked":"SKIP","floor":3.0},{"not_picked":["Catalyst","Dagger Spray"],"picked":"Blade Dance","floor":4.0},{"not_picked":["Underhanded Strike","Venomology"],"picked":"Blade Dance","floor":7.0},{"not_picked":["Tactician","All Out Attack"],"picked":"Cloak And Dagger","floor":12.0},{"not_picked":["Quick Slash","Endless Agony"],"picked":"Accuracy","floor":13.0},{"not_picked":["Dagger Spray","Distraction","Deflect"],"picked":"Singing Bowl","floor":14.0},{"not_picked":["Envenom","Burst"],"picked":"After Image","floor":16.0},{"not_picked":["Dodge and Roll","Flying Knee","Slice"],"picked":"Singing Bowl","floor":18.0},{"not_picked":["Outmaneuver","Dagger Throw+1","Reflex"],"picked":"Singing Bowl","floor":20.0},{"not_picked":["Slice","Backstab","Sucker Punch"],"picked":"Singing Bowl","floor":22.0},{"not_picked":["Backflip","Slice","Terror"],"picked":"Singing Bowl","floor":23.0},{"not_picked":["Quick Slash","Grand Finale","Dodge and Roll"],"picked":"Singing Bowl","floor":24.0},{"not_picked":["Acrobatics","Outmaneuver"],"picked":"Cloak And Dagger","floor":30.0},{"not_picked":["Dodge and Roll","Dagger Spray"],"picked":"Blur","floor":32.0},{"not_picked":["Doppelganger","Wraith Form v2","Glass Knife"],"picked":"Singing Bowl","floor":33.0},{"not_picked":["Dagger Spray+1","Bouncing Flask+1"],"picked":"Calculated Gamble+1","floor":35.0},{"not_picked":["Dodge and Roll+1","Terror+1","Predator+1"],"picked":"Singing Bowl","floor":37},{"not_picked":["Prepared","Caltrops+1","Dodge and Roll"],"picked":"Singing Bowl","floor":38},{"not_picked":["Predator+1","Bouncing Flask","Outmaneuver+1"],"picked":"Singing Bowl","floor":39},{"not_picked":["PiercingWail+1","Setup+1","Backflip"],"picked":"Singing Bowl","floor":41},{"not_picked":["Quick Slash","Prepared+1"],"picked":"Accuracy","floor":42},{"not_picked":["Dodge and Roll+1","Caltrops","Backstab"],"picked":"Singing Bowl","floor":46},{"not_picked":["Bouncing Flask+1","Accuracy"],"picked":"Cloak And Dagger+1","floor":47},{"not_picked":["Deadly Poison","Cloak And Dagger+1"],"picked":"A Thousand Cuts","floor":48},{"not_picked":["Acrobatics","Backflip","Bane"],"picked":"Singing Bowl","floor":49}],"player_experience":1023113,"relics_obtained":[{"floor":9.0,"key":"Singing Bowl"},{"floor":23.0,"key":"Whetstone"},{"floor":26.0,"key":"Paper Crane"},{"floor":43,"key":"PreservedInsect"}],"event_choices":[{"damage_healed":0.0,"max_hp_gain":0.0,"max_hp_loss":0.0,"gold_gain":0.0,"event_name":"WeMeetAgain","player_choice":"Gave Potion","floor":5.0,"gold_loss":0.0,"damage_taken":0.0,"relics_obtained":["Dream Catcher"]},{"damage_healed":0.0,"max_hp_gain":0.0,"max_hp_loss":0.0,"gold_gain":0.0,"event_name":"Golden Idol","player_choice":"Take Damage","floor":11.0,"gold_loss":0.0,"damage_taken":17.0,"relics_obtained":["Golden Idol"]},{"damage_healed":0.0,"max_hp_gain":0.0,"max_hp_loss":0.0,"gold_gain":0.0,"cards_transformed":["Strike_G","Strike_G"],"event_name":"Drug Dealer","player_choice":"Became Test Subject","floor":21.0,"gold_loss":0.0,"damage_taken":0.0,"cards_obtained":["Footwork","Setup"]},{"cards_removed":["Defend_G"],"damage_healed":0.0,"max_hp_gain":0.0,"max_hp_loss":0.0,"gold_gain":0.0,"event_name":"Back to Basics","player_choice":"Elegance","floor":27.0,"gold_loss":0.0,"damage_taken":0.0},{"damage_healed":0.0,"max_hp_gain":0.0,"max_hp_loss":0.0,"gold_gain":0.0,"event_name":"The Mausoleum","player_choice":"Opened","floor":31.0,"gold_loss":0.0,"damage_taken":0.0,"relics_obtained":["MealTicket"]},{"damage_healed":0,"gold_gain":0,"player_choice":"1 cards matched","damage_taken":0,"max_hp_gain":0,"max_hp_loss":0,"event_name":"Match and Keep!","floor":45,"gold_loss":0,"cards_obtained":["Cloak And Dagger"]}],"is_beta":false,"boss_relics":[{"not_picked":["Velvet Choker","Snecko Eye"],"picked":"Astrolabe"},{"not_picked":["Cursed Key","Ring of the Serpent"],"picked":"Black Star"}],"items_purged_floors":[19,25,29,44],"is_endless":false,"potions_floor_spawned":[3,7,20,22,24,33,35,38,41,46,48],"ascension_level":5}}