{"host":"08xvxt5w1s7zc7e5","time":1613660538,"event":{"mods":["AchievementEnabler","BaseMod","DeckTracker","Minty Spire (QoL Compilation)","Quick Restart","StSLib","SuperFastMode"],"gold_per_floor":[114,125,142,64,44,44,44,44,44,119,119,135,147,147,147,247,247,266,266,36,54,54,54,82,82,106,106,119,119,148,148,148,245,245,258,268,195,248,152,152,169,187,214,125,125,125,125,142,142,142],"floor_reached":51,"language":"KOR","playtime":1841,"items_purged":["Defend_G"],"score":1090,"play_id":"d05e7954-7f7e-4e80-bc82-cafa87162580","local_time":"20210219000218","is_ascension_mode":true,"campfire_choices":[{"data":"Neutralize","floor":6.0,"key":"SMITH"},{"data":"Bullet Time","floor":8.0,"key":"SMITH"},{"data":"Burst","floor":15.0,"key":"SMITH"},{"data":"Catalyst","floor":23.0,"key":"SMITH"},{"data":"Outmaneuver","floor":25.0,"key":"SMITH"},{"data":"Malaise","floor":27.0,"key":"SMITH"},{"floor":32.0,"key":"REST"},{"floor":40.0,"key":"DIG"},{"floor":45.0,"key":"REST"},{"floor":49,"key":"DIG"}],"circlet_count":0,"master_deck":["Strike_G","Strike_G","Strike_G+1","Defend_G","Defend_G+1","Defend_G","Survivor","Neutralize+1","Burst+1","Catalyst+1","Poisoned Stab","Bullet Time+1","Outmaneuver+1","Deadly Poison","Malaise+1","Acrobatics","Reflex","Predator","Venomology","Prepared+1","PiercingWail+1","Footwork"],"relics":["Ring of the Snake","Runic Pyramid","Chemical X","Nloth\u0027s Gift","Pen Nib","Potion Belt","Enchiridion","WingedGreaves","SacredBark","Shovel","Gambling Chip","Nunchaku","Orichalcum","Thread and Needle"],"acts_visited":["Exordium","TheCity","TheBeyond"],"potions_floor_usage":[48,48,48,50,50],"damage_taken":[{"damage":4.0,"enemies":"Jaw Worm","floor":1.0,"turns":8.0},{"damage":1.0,"enemies":"2 Louse","floor":2.0,"turns":2.0},{"damage":0.0,"enemies":"Small Slimes","floor":3.0,"turns":4.0},{"damage":14.0,"enemies":"Exordium Thugs","floor":5.0,"turns":4.0},{"damage":0.0,"enemies":"Blue Slaver","floor":12.0,"turns":3.0},{"damage":14.0,"enemies":"Large Slime","floor":13.0,"turns":7.0},{"damage":0.0,"enemies":"Hexaghost","floor":16.0,"turns":6.0},{"damage":21.0,"enemies":"2 Thieves","floor":18.0,"turns":5.0},{"damage":0.0,"enemies":"Shell Parasite","floor":21.0,"turns":4.0},{"damage":22.0,"enemies":"Gremlin Leader","floor":24.0,"turns":2.0},{"damage":0.0,"enemies":"Snake Plant","floor":28.0,"turns":2.0},{"damage":0.0,"enemies":"Book of Stabbing","floor":30.0,"turns":5.0},{"damage":0.0,"enemies":"Colosseum Slavers","floor":31.0,"turns":1.0},{"damage":14.0,"enemies":"Champ","floor":33.0,"turns":9.0},{"damage":1.0,"enemies":"Orb Walker","floor":35.0,"turns":2.0},{"damage":1.0,"enemies":"3 Darklings","floor":36.0,"turns":3.0},{"damage":27.0,"enemies":"2 Orb Walkers","floor":38.0,"turns":7.0},{"damage":8.0,"enemies":"Maw","floor":41.0,"turns":3.0},{"damage":7.0,"enemies":"Jaw Worm Horde","floor":42.0,"turns":5.0},{"damage":0,"enemies":"Transient","floor":48,"turns":5},{"damage":30,"enemies":"Awakened One","floor":50,"turns":21}],"seed_played":"730947085631163234","potions_obtained":[{"floor":2.0,"key":"FearPotion"},{"floor":5.0,"key":"Regen Potion"},{"floor":12.0,"key":"SteroidPotion"},{"floor":16.0,"key":"LiquidMemories"},{"floor":18.0,"key":"CunningPotion"},{"floor":24.0,"key":"SmokeBomb"},{"floor":36.0,"key":"Block Potion"},{"floor":41.0,"key":"Energy Potion"},{"floor":48,"key":"Energy Potion"}],"is_trial":false,"path_per_floor":["M","M","M","$","M","R","?","R","T","?","?","M","M","?","R","B",null,"M","?","$","M","?","R","E","R","T","R","M","?","E","?","R","B",null,"M","M","$","?","$","R","M","M","T","$","R","?","T","M","R","B",null],"character_chosen":"THE_SILENT","items_purchased":["Bullet Time","Chemical X","CunningPotion","Fruit Juice","Footwork","Poison Potion"],"campfire_rested":2,"item_purchase_floors":[4,20,37,39,44,44],"current_hp_per_floor":[59,58,58,58,44,44,44,44,54,43,28,28,14,14,14,14,58,37,37,37,51,51,51,29,29,29,29,29,13,13,13,34,20,60,59,58,58,31,31,31,23,26,26,26,50,50,50,50,50,20],"gold":142,"neow_bonus":"TRANSFORM_TWO_CARDS","is_daily":false,"chose_seed":false,"campfire_upgraded":6,"win_rate":0.0,"timestamp":1613660538,"path_taken":["M","M","M","$","M","R","?","R","T","?","?","M","M","?","R","BOSS","M","?","$","M","?","R","E","R","T","R","?","?","E","?","R","BOSS","M","M","$","?","$","R","M","M","T","$","R","?","?","M","R","BOSS"],"items_purchased_type":["Card","Relic","Potion","Potion","Card","Potion"],"build_version":"2020-12-22","purchased_purges":1,"victory":true,"max_hp_per_floor":[63,63,63,63,63,63,63,63,73,73,73,73,73,73,73,73,73,73,73,73,73,73,73,73,73,73,73,73,73,73,73,73,73,73,73,73,73,73,73,73,73,83,83,83,83,79,79,79,79,79],"card_choices":[{"not_picked":["Skewer","Dagger Throw"],"picked":"Poisoned Stab","floor":1.0},{"not_picked":["Cloak And Dagger","Tools of the Trade","Sucker Punch"],"picked":"SKIP","floor":2.0},{"not_picked":["Prepared","Quick Slash","Riddle With Holes"],"picked":"SKIP","floor":3.0},{"not_picked":["Poisoned Stab","Quick Slash","Flying Knee"],"picked":"SKIP","floor":5.0},{"not_picked":["Endless Agony","Flying Knee"],"picked":"Deadly Poison","floor":12.0},{"not_picked":["Calculated Gamble","Dagger Throw","Expertise"],"picked":"SKIP","floor":13.0},{"not_picked":["Bullet Time","Storm of Steel"],"picked":"Malaise","floor":16.0},{"not_picked":["PiercingWail","Eviscerate+1"],"picked":"Acrobatics","floor":18.0},{"not_picked":["Finisher","Skewer","Outmaneuver"],"picked":"SKIP","floor":21.0},{"not_picked":["Quick Slash","Grand Finale"],"picked":"Reflex","floor":24.0},{"not_picked":["All Out Attack+1","Deadly Poison"],"picked":"Predator","floor":28.0},{"not_picked":["Outmaneuver","Grand Finale","Backstab+1"],"picked":"SKIP","floor":30.0},{"not_picked":["Tools of the Trade","A Thousand Cuts"],"picked":"Venomology","floor":33.0},{"not_picked":["Accuracy","Underhanded Strike+1","Endless Agony"],"picked":"SKIP","floor":35.0},{"not_picked":["Acrobatics","Sucker Punch+1"],"picked":"Prepared+1","floor":36.0},{"not_picked":["Prepared+1","Dagger Throw","Infinite Blades"],"picked":"SKIP","floor":41.0},{"not_picked":["Eviscerate+1","Acrobatics+1"],"picked":"PiercingWail+1","floor":42.0},{"not_picked":["Prepared+1","Dodge and Roll","Outmaneuver"],"picked":"SKIP","floor":48}],"player_experience":384241,"relics_obtained":[{"floor":9.0,"key":"Pear"},{"floor":24.0,"key":"Pen Nib"},{"floor":26.0,"key":"Potion Belt"},{"floor":29.0,"key":"Enchiridion"},{"floor":30.0,"key":"WingedGreaves"},{"floor":38.0,"key":"Shovel"},{"floor":40.0,"key":"Gambling Chip"},{"floor":43.0,"key":"Nunchaku"},{"floor":47.0,"key":"Orichalcum"},{"floor":49,"key":"Thread and Needle"}],"event_choices":[{"damage_healed":0.0,"max_hp_gain":0.0,"max_hp_loss":0.0,"gold_gain":0.0,"cards_transformed":["Defend_G"],"event_name":"Living Wall","player_choice":"Change","floor":7.0,"gold_loss":0.0,"damage_taken":0.0,"cards_obtained":["Outmaneuver"]},{"damage_healed":0.0,"max_hp_gain":0.0,"max_hp_loss":0.0,"gold_gain":75.0,"event_name":"World of Goop","player_choice":"Gather Gold","floor":10.0,"gold_loss":0.0,"damage_taken":11.0},{"damage_healed":0.0,"max_hp_gain":0.0,"max_hp_loss":0.0,"gold_gain":0.0,"event_name":"Shining Light","player_choice":"Entered Light","floor":11.0,"gold_loss":0.0,"damage_taken":15.0,"cards_upgraded":["Strike_G","Defend_G"]},{"damage_healed":0.0,"max_hp_gain":0.0,"max_hp_loss":0.0,"gold_gain":0.0,"event_name":"The Woman in Blue","player_choice":"Bought 0 Potions","floor":14.0,"gold_loss":0.0,"damage_taken":0.0},{"damage_healed":0.0,"max_hp_gain":0.0,"max_hp_loss":0.0,"gold_gain":0.0,"event_name":"Vampires","player_choice":"Ignored","floor":19.0,"gold_loss":0.0,"damage_taken":0.0},{"damage_healed":0.0,"max_hp_gain":0.0,"max_hp_loss":0.0,"gold_gain":0.0,"event_name":"N\u0027loth","player_choice":"Traded Relic","floor":22.0,"relics_lost":["Pear"],"gold_loss":0.0,"damage_taken":0.0,"relics_obtained":["Nloth\u0027s Gift"]},{"damage_healed":0.0,"max_hp_gain":0.0,"max_hp_loss":0.0,"gold_gain":0.0,"event_name":"Cursed Tome","player_choice":"Obtained Book","floor":29.0,"gold_loss":0.0,"damage_taken":16.0},{"damage_healed":0.0,"max_hp_gain":0.0,"max_hp_loss":0.0,"gold_gain":0.0,"event_name":"Colosseum","player_choice":"Fight","floor":31.0,"gold_loss":0.0,"damage_taken":0.0},{"damage_healed":0.0,"max_hp_gain":0.0,"max_hp_loss":0.0,"gold_gain":0.0,"event_name":"Colosseum","player_choice":"Fled From Nobs","floor":31.0,"gold_loss":0.0,"damage_taken":0.0},{"damage_healed":0.0,"max_hp_gain":0.0,"max_hp_loss":0.0,"gold_gain":0.0,"event_name":"Mysterious Sphere","player_choice":"Fight","floor":38.0,"gold_loss":0.0,"damage_taken":0.0},{"damage_healed":0.0,"max_hp_gain":0.0,"max_hp_loss":4.0,"gold_gain":0.0,"event_name":"Winding Halls","player_choice":"Max HP","floor":46.0,"gold_loss":0.0,"damage_taken":0.0}],"is_beta":false,"boss_relics":[{"not_picked":["WristBlade","Cursed Key"],"picked":"Runic Pyramid"},{"not_picked":["Coffee Dripper","Black Star"],"picked":"SacredBark"}],"items_purged_floors":[20],"is_endless":false,"potions_floor_spawned":[2,5,12,16,18,24,31,36,41,48],"ascension_level":6}}