{"host":"mylchucnruboibv3","time":1613676775,"event":{"mods":["Aspiration","Bard","BaseMod","Beaked The Cultist","Colored Map","Conspire","Downfall","GifTheSpireLib","GungeonMod","Halation","Hubris","Infinite Spire","Mad Scientist","Minty Spire (QoL Compilation)","READ ME - Guardian Mod","READ ME - Snecko Mod","Replay The Spire","StSLib","Stuff the Spire","The Construct","The Disciple","The Jungle","The Marked","The Mystic","The Necromancer","The Runesmith","The Servant 0.9.4","The Valiant"],"gold_per_floor":[119,119,131,142,142,142,162,176,229,246,246,99,99,117,117,216,216,233,252,452,352,352,352,352,402,483,483,502,502,514,514,514],"floor_reached":31,"language":"ENG","playtime":4534,"items_purged":["theMarked:Strike","theMarked:Defend","theMarked:Strike"],"score":227,"play_id":"6cc3d20c-9a71-4a11-a021-a33d2296afe6","local_time":"20210218203255","is_ascension_mode":false,"campfire_choices":[{"data":"theMarked:Reabsorb","floor":6,"key":"SMITH"},{"floor":11,"key":"REST"},{"floor":15,"key":"REST"},{"floor":24,"key":"REST"},{"floor":27,"key":"REST"},{"data":"theMarked:TakeOffHeels","floor":29,"key":"SMITH"}],"circlet_count":0,"master_deck":["theMarked:Strike","theMarked:Strike","theMarked:Defend","theMarked:Defend","theMarked:Defend","theMarked:SoldierOfQuellstein","theMarked:Reabsorb+1","Runesmith:Strike_RS","theMarked:WardOff","theMarked:EternalStudent","theMarked:Improvise","theMarked:EmpowerWeapon","theMarked:Memento","theMarked:MuscleMemory","theMarked:TakeOffHeels+1","theMarked:Abjuration","conspire:Charge","StuffTheSpire:Pyroclast","Normality","ReplayTheSpireMod:Corrosion Curse"],"relics":["theMarked:ArtifactOfAir","NeowsBlessing","aspiration:Lifesprig","aspiration:IroncladSkillbook","hubris:Towel","construct:ClawGrip","Prayer Beads"],"acts_visited":["Exordium","Exordium"],"potions_floor_usage":[16,16,19],"damage_taken":[{"damage":0,"enemies":"Cultist","floor":1,"turns":1},{"damage":0,"enemies":"2 Louse","floor":3,"turns":1},{"damage":0,"enemies":"Jaw Worm","floor":4,"turns":1},{"damage":22,"enemies":"Exordium Wildlife","floor":7,"turns":5},{"damage":13,"enemies":"3 Louse","floor":8,"turns":4},{"damage":14,"enemies":"conspire:2 RoseBushes","floor":10,"turns":3},{"damage":5,"enemies":"2 Fungi Beasts","floor":14,"turns":4},{"damage":41,"enemies":"Slime Boss","floor":16,"turns":15},{"damage":10,"enemies":"theJungle:GiantWrat","floor":18,"turns":5},{"damage":49,"enemies":"theJungle:5_Spyders","floor":19,"turns":10},{"damage":23,"enemies":"theJungle:SlimyTreeVines","floor":28,"turns":6},{"damage":18,"enemies":"theJungle:Snecko_Cultist_And_Trap","floor":30,"turns":5},{"damage":29,"enemies":"theJungle:2_Snecko_Cultists","floor":31,"turns":2}],"seed_played":"4544603326374171185","potions_obtained":[{"floor":4,"key":"Ancient Potion"},{"floor":7,"key":"SkillPotion"},{"floor":16,"key":"Swift Potion"},{"floor":18,"key":"AttackPotion"}],"is_trial":false,"path_per_floor":["M","?","M","M","?","R","M","M","T","M","R","$","?","M","R","B",null,"M","M","?","$","?","AVR","R","?","T","R","M","R","M","M"],"character_chosen":"THE_DEFAULT","items_purchased":["theMarked:MuscleMemory"],"campfire_rested":4,"item_purchase_floors":[12],"current_hp_per_floor":[72,72,72,72,72,72,50,37,37,23,44,44,44,39,60,19,72,66,21,21,21,21,21,42,32,32,53,40,40,26,0,0],"gold":514,"neow_bonus":"THREE_ENEMY_KILL","is_daily":false,"chose_seed":false,"campfire_upgraded":2,"win_rate":0.0,"timestamp":1613676775,"path_taken":["M","?","?","M","?","R","M","M","T","M","R","$","?","M","R","BOSS","M","M","?","$","?","AVR","R","?","T","R","M","R","M","M"],"items_purchased_type":["Card"],"build_version":"2020-12-22","purchased_purges":3,"victory":false,"max_hp_per_floor":[72,72,72,72,72,72,72,72,72,72,72,72,72,72,72,72,72,72,72,72,72,72,72,72,72,72,72,72,72,72,72,72],"card_choices":[{"not_picked":["theMarked:TwofoldDefense","theMarked:RepellingDischarge"],"picked":"theMarked:Reabsorb","floor":1},{"not_picked":["theMarked:Opportunist","theMarked:ChannelForce"],"picked":"theMarked:WardOff","floor":3},{"not_picked":["theMarked:TheMission","theMarked:RepellingDischarge"],"picked":"theMarked:EternalStudent","floor":4},{"not_picked":["theMarked:EnhanceMovement","theMarked:Convert"],"picked":"theMarked:Improvise","floor":7},{"not_picked":["theMarked:Aftermath","theMarked:ContemptForTheProud"],"picked":"theMarked:EmpowerWeapon","floor":8},{"not_picked":["theMarked:TwofoldDefense","theMarked:ResourceFulStrike"],"picked":"theMarked:Memento","floor":10},{"not_picked":["theMarked:Electrify","theMarked:ShockingTouch"],"picked":"theMarked:TakeOffHeels","floor":14},{"not_picked":["theMarked:Snap","theMarked:UnarmedFury"],"picked":"theMarked:Abjuration","floor":16},{"not_picked":["Iron Wave+1","Defy Death","theMarked:SwordAndMagic"],"picked":"conspire:Charge","floor":18},{"not_picked":["theMarked:WardOff","ReplayTheSpireMod:Strike From Hell","Disarm"],"picked":"StuffTheSpire:Pyroclast","floor":19},{"not_picked":["theMarked:RogueSparks","Replay:Undeath\u0027s Touch","Burning Pact","theMarked:ResourceFulStrike+1"],"picked":"SKIP","floor":28},{"not_picked":["Anger","theMarked:Convert+1","DemoMod:WhiteBlade+1"],"picked":"ReplayTheSpireMod:Corrosion Curse","floor":30}],"player_experience":105034,"relics_obtained":[{"floor":9,"key":"aspiration:Lifesprig"},{"floor":26,"key":"Prayer Beads"}],"event_choices":[{"cards_removed":["theMarked:Strike"],"damage_healed":0,"gold_gain":0,"player_choice":"Took Card","damage_taken":0,"max_hp_gain":0,"max_hp_loss":0,"event_name":"NoteForYourself","floor":2,"gold_loss":0,"cards_obtained":["Runesmith:Strike_RS"]},{"damage_healed":0,"gold_gain":0,"player_choice":"Disagree","damage_taken":0,"max_hp_gain":0,"max_hp_loss":0,"event_name":"conspire:LoneGhost","floor":5,"gold_loss":0},{"damage_healed":0,"gold_gain":0,"player_choice":"Ignored","damage_taken":0,"max_hp_gain":0,"max_hp_loss":0,"event_name":"Golden Wing","floor":13,"gold_loss":0}],"is_beta":false,"boss_relics":[{"not_picked":["Replay:Bronze Core","Sozu"],"picked":"aspiration:IroncladSkillbook"}],"items_purged_floors":[12,21,23],"is_endless":false,"potions_floor_spawned":[4,7,16,18],"killed_by":"theJungle:2_Snecko_Cultists","ascension_level":0}}