{"host":"ydh61a5ftgdajrbo","time":1613662445,"event":{"mods":["BaseMod","Colored Map","Colored Powertips","DeckTracker","Downfall","Hermit","Koishi","Minty Spire (QoL Compilation)","Prisma Mod","Relic Stats","Spire Arcade","StSLib","SuperFastMode","The Cursed","The Jungle","The Mystic","The Runesmith","The Senshi","The Servant 0.9.4"],"gold_per_floor":[117,131,131,56,75,75,104,179,247,277,38,38,88,88,88,165,165,179,179,94,110,110,110,140,154,204,52,63,113,113,128,128,206,206,219,268,280,2,13,13,24,57,110,142,192,202,227,237,237,237],"floor_reached":51,"language":"ZHS","playtime":2060,"items_purged":["Defend_G","Regret","Strike_G"],"score":1587,"play_id":"8cf6d1e9-9b39-4b5c-a50f-20ae7f11f289","local_time":"20210218233405","is_ascension_mode":true,"campfire_choices":[{"data":"Neutralize","floor":6.0,"key":"SMITH"},{"data":"Leg Sweep","floor":12.0,"key":"SMITH"},{"floor":15.0,"key":"REST"},{"data":"Backstab","floor":23.0,"key":"SMITH"},{"data":"Tools of the Trade","floor":30.0,"key":"SMITH"},{"data":"Blade Dance","floor":32.0,"key":"SMITH"},{"data":"Finisher","floor":40.0,"key":"SMITH"},{"data":"Defend_G","floor":49.0,"key":"PURGE"}],"circlet_count":0,"master_deck":["AscendersBane","Strike_G","Strike_G","Strike_G","Defend_G","Defend_G","Defend_G","Survivor","Neutralize+1","Deadly Poison","Bane","downfall:Haunted","downfall:Haunted","Heel Hook","Leg Sweep+1","Backstab+1","Corpse Explosion","CurseOfTheBell","Cloak And Dagger+1","Endless Agony","Tools of the Trade+1","Backflip+1","Blade Dance+1","Backflip+1","Finisher+1","Underhanded Strike+1","Dash","Riddle With Holes+1","Adrenaline","PiercingWail","Dagger Spray"],"relics":["Philosopher\u0027s Stone","Du-Vu Doll","Juzu Bracelet","HornCleat","Slimebound:StickyStick","ClockworkSouvenir","Ancient Tea Set","theSenshi:FeatherClipsRelic","Calling Bell","Pen Nib","Sundial","Thread and Needle","Matryoshka","MutagenicStrength","Tiny Chest","Potion Belt","Blood Vial","expansioncontent:StudyCardRelic","Peace Pipe","Bag of Marbles","Oddly Smooth Stone","War Paint","The Courier","Darkstone Periapt"],"acts_visited":["Exordium","TheCity","TheBeyond"],"potions_floor_usage":[50,50,50,50],"damage_taken":[{"damage":0.0,"enemies":"Jaw Worm","floor":1.0,"turns":5.0},{"damage":5.0,"enemies":"Small Slimes","floor":2.0,"turns":4.0},{"damage":2.0,"enemies":"2 Louse","floor":5.0,"turns":3.0},{"damage":0.0,"enemies":"Gremlin Nob","floor":7.0,"turns":3.0},{"damage":7.0,"enemies":"3 Sentries","floor":10.0,"turns":8.0},{"damage":21.0,"enemies":"The Guardian","floor":16.0,"turns":11.0},{"damage":2.0,"enemies":"Spheric Guardian","floor":18.0,"turns":5.0},{"damage":12.0,"enemies":"Shell Parasite","floor":21.0,"turns":2.0},{"damage":21.0,"enemies":"Gremlin Leader","floor":24.0,"turns":3.0},{"damage":25.0,"enemies":"Snecko","floor":25.0,"turns":5.0},{"damage":1.0,"enemies":"Centurion and Healer","floor":28.0,"turns":5.0},{"damage":0.0,"enemies":"Cultist and Chosen","floor":31.0,"turns":3.0},{"damage":9.0,"enemies":"Collector","floor":33.0,"turns":6.0},{"damage":11.0,"enemies":"3 Shapes","floor":35.0,"turns":3.0},{"damage":20.0,"enemies":"2 Orb Walkers","floor":36.0,"turns":3.0},{"damage":0.0,"enemies":"Orb Walker","floor":37.0,"turns":2.0},{"damage":13.0,"enemies":"4 Shapes","floor":39.0,"turns":4.0},{"damage":0.0,"enemies":"3 Darklings","floor":41.0,"turns":3.0},{"damage":2.0,"enemies":"Nemesis","floor":42.0,"turns":3.0},{"damage":0.0,"enemies":"Reptomancer","floor":44.0,"turns":2.0},{"damage":2.0,"enemies":"Transient","floor":46.0,"turns":6.0},{"damage":0.0,"enemies":"Giant Head","floor":47.0,"turns":2.0},{"damage":20.0,"enemies":"Writhing Mass","floor":48.0,"turns":5.0},{"damage":29,"enemies":"Awakened One","floor":50,"turns":7}],"seed_played":"-2655144723391447870","potions_obtained":[{"floor":2.0,"key":"champ:CounterPotion"},{"floor":5.0,"key":"champ:CounterPotion"},{"floor":7.0,"key":"Fire Potion"},{"floor":18.0,"key":"SpeedPotion"},{"floor":21.0,"key":"Fire Potion"},{"floor":28.0,"key":"SneckoOil"},{"floor":31.0,"key":"CunningPotion"},{"floor":33.0,"key":"CunningPotion"},{"floor":36.0,"key":"GamblersBrew"},{"floor":37.0,"key":"CunningPotion"},{"floor":41.0,"key":"LiquidMemories"},{"floor":47.0,"key":"Strength Potion"}],"is_trial":false,"path_per_floor":["M","M","?","?","M","R","E","?","T","E","$","R","T","?","R","B",null,"M","?","?","M","?","R","E","M","T","$","M","?","R","M","R","B",null,"M","?","M","$","M","R","M","E","T","E","?","M","E","M","R","B",null],"character_chosen":"THE_SILENT","items_purchased":["ClockworkSouvenir","Blade Dance","Adrenaline"],"campfire_rested":1,"item_purchase_floors":[11,27,38],"current_hp_per_floor":[59,54,54,54,52,52,52,41,41,34,34,34,34,34,53,38,59,63,63,63,57,57,57,42,23,23,23,30,30,30,38,38,37,59,56,44,52,52,47,47,55,61,61,66,66,66,66,52,52,31],"gold":237,"neow_bonus":"BOSS_RELIC","is_daily":false,"chose_seed":false,"campfire_upgraded":6,"win_rate":0.0,"timestamp":1613662445,"path_taken":["M","M","?","?","M","R","E","?","T","E","$","R","?","?","R","BOSS","M","?","?","M","?","R","E","M","T","$","M","?","R","M","R","BOSS","M","?","M","$","M","R","M","E","T","E","?","M","E","M","R","BOSS"],"items_purchased_type":["Relic","Card","Card"],"build_version":"2020-12-22","purchased_purges":3,"victory":true,"max_hp_per_floor":[66,66,66,66,66,66,66,66,66,66,66,66,66,66,66,66,66,66,66,66,66,66,66,66,66,66,66,66,66,66,66,66,66,66,66,66,66,66,66,66,66,66,66,66,66,66,66,66,66,66],"relic_stats":{"Blood Vial":22,"Peace Pipe":1,"Darkstone Periapt":0,"counters":[24,103],"Sundial":[4],"Tiny Chest":0,"Pen Nib":[21],"Juzu Bracelet":1,"War Paint":["Backflip","Backflip"],"obtain_stats":[{"Darkstone Periapt":47,"Juzu Bracelet":7,"theSenshi:FeatherClipsRelic":14,"expansioncontent:StudyCardRelic":34,"Ancient Tea Set":13,"ClockworkSouvenir":11,"Blood Vial":26,"HornCleat":9,"Matryoshka":20,"Slimebound:StickyStick":10,"Sundial":17,"Philosopher\u0027s Stone":0,"Tiny Chest":24,"Ring of the Snake":0,"Potion Belt":26,"Oddly Smooth Stone":43,"Thread and Needle":17,"Pen Nib":17,"The Courier":44,"War Paint":43,"Du-Vu Doll":3,"Calling Bell":17,"Peace Pipe":36,"MutagenicStrength":22,"Bag of Marbles":42},{"Darkstone Periapt":22,"Juzu Bracelet":4,"theSenshi:FeatherClipsRelic":5,"expansioncontent:StudyCardRelic":13,"Ancient Tea Set":5,"ClockworkSouvenir":5,"Blood Vial":10,"HornCleat":4,"Matryoshka":7,"Slimebound:StickyStick":5,"Sundial":6,"Philosopher\u0027s Stone":0,"Tiny Chest":9,"Ring of the Snake":0,"Potion Belt":10,"Oddly Smooth Stone":19,"Thread and Needle":6,"Pen Nib":6,"The Courier":20,"War Paint":19,"Du-Vu Doll":2,"Calling Bell":6,"Peace Pipe":15,"MutagenicStrength":8,"Bag of Marbles":19},{"Darkstone Periapt":91,"Juzu Bracelet":15,"theSenshi:FeatherClipsRelic":23,"expansioncontent:StudyCardRelic":63,"Ancient Tea Set":23,"ClockworkSouvenir":23,"Blood Vial":49,"HornCleat":15,"Matryoshka":39,"Slimebound:StickyStick":23,"Sundial":34,"Philosopher\u0027s Stone":0,"Tiny Chest":44,"Ring of the Snake":0,"Potion Belt":49,"Oddly Smooth Stone":81,"Thread and Needle":34,"Pen Nib":34,"The Courier":83,"War Paint":81,"Du-Vu Doll":9,"Calling Bell":34,"Peace Pipe":69,"MutagenicStrength":41,"Bag of Marbles":81}]},"card_choices":[{"not_picked":["Underhanded Strike","PiercingWail"],"picked":"Deadly Poison","floor":1.0},{"not_picked":["Heel Hook","Reflex"],"picked":"Bane","floor":2.0},{"not_picked":["Predator","Bouncing Flask"],"picked":"Heel Hook","floor":5.0},{"not_picked":["Setup","Masterful Stab"],"picked":"Leg Sweep","floor":7.0},{"not_picked":["Backflip","Eviscerate"],"picked":"Backstab","floor":10.0},{"not_picked":["Grand Finale","Night Terror"],"picked":"Corpse Explosion","floor":16.0},{"not_picked":["Sucker Punch","Acrobatics"],"picked":"Cloak And Dagger","floor":18.0},{"not_picked":["Deadly Poison","Catalyst"],"picked":"Endless Agony","floor":21.0},{"not_picked":["Prepared","Tactician"],"picked":"Tools of the Trade","floor":24.0},{"not_picked":["Tactician+1","Bouncing Flask"],"picked":"Backflip","floor":25.0},{"not_picked":["Flying Knee","Dodge and Roll"],"picked":"Backflip","floor":28.0},{"not_picked":["Outmaneuver","Dagger Throw"],"picked":"Finisher","floor":31.0},{"not_picked":["Noxious Fumes","Setup"],"picked":"Underhanded Strike+1","floor":35.0},{"not_picked":["Deflect+1","Underhanded Strike"],"picked":"Dash","floor":36.0},{"not_picked":["PiercingWail","Expertise"],"picked":"Riddle With Holes+1","floor":37.0},{"not_picked":["Flying Knee","Choke"],"picked":"PiercingWail","floor":39.0},{"not_picked":["Predator","Dagger Throw+1"],"picked":"Dagger Spray","floor":41.0},{"not_picked":["Masterful Stab","Calculated Gamble","Choke"],"picked":"SKIP","floor":42.0},{"not_picked":["Underhanded Strike","Eviscerate","Grand Finale"],"picked":"SKIP","floor":44.0},{"not_picked":["Underhanded Strike","Quick Slash","Catalyst"],"picked":"SKIP","floor":46.0},{"not_picked":["Dodge and Roll","PiercingWail+1","Acrobatics"],"picked":"SKIP","floor":47.0},{"not_picked":["Flechettes","Dodge and Roll","Leg Sweep"],"picked":"SKIP","floor":48.0}],"player_experience":407606,"relics_obtained":[{"floor":7.0,"key":"Juzu Bracelet"},{"floor":9.0,"key":"HornCleat"},{"floor":10.0,"key":"Slimebound:StickyStick"},{"floor":13.0,"key":"Ancient Tea Set"},{"floor":17.0,"key":"Pen Nib"},{"floor":17.0,"key":"Sundial"},{"floor":17.0,"key":"Thread and Needle"},{"floor":24.0,"key":"Tiny Chest"},{"floor":26.0,"key":"Potion Belt"},{"floor":26.0,"key":"Blood Vial"},{"floor":36.0,"key":"Peace Pipe"},{"floor":42.0,"key":"Bag of Marbles"},{"floor":43.0,"key":"Oddly Smooth Stone"},{"floor":43.0,"key":"War Paint"},{"floor":44.0,"key":"The Courier"},{"floor":47.0,"key":"Darkstone Periapt"}],"event_choices":[{"cards_removed":["Strike_G"],"damage_healed":0.0,"max_hp_gain":0.0,"max_hp_loss":0.0,"gold_gain":0.0,"event_name":"The Cleric","player_choice":"Card Removal","floor":4.0,"gold_loss":75.0,"damage_taken":0.0},{"damage_healed":0.0,"max_hp_gain":0.0,"max_hp_loss":0.0,"gold_gain":75.0,"event_name":"World of Goop","player_choice":"Gather Gold","floor":8.0,"gold_loss":0.0,"damage_taken":11.0},{"damage_healed":0.0,"max_hp_gain":0.0,"max_hp_loss":0.0,"gold_gain":0.0,"event_name":"Big Fish","player_choice":"Box","floor":14.0,"gold_loss":0.0,"damage_taken":0.0,"relics_obtained":["theSenshi:FeatherClipsRelic"],"cards_obtained":["Regret"]},{"damage_healed":0.0,"max_hp_gain":0.0,"max_hp_loss":0.0,"gold_gain":0.0,"event_name":"Upgrade Shrine","player_choice":"Upgraded","floor":19.0,"gold_loss":0.0,"damage_taken":0.0,"cards_upgraded":["Cloak And Dagger"]},{"damage_healed":0.0,"max_hp_gain":0.0,"max_hp_loss":0.0,"gold_gain":0.0,"event_name":"Addict","player_choice":"Obtained Relic","floor":20.0,"gold_loss":85.0,"damage_taken":0.0,"relics_obtained":["Matryoshka"]},{"damage_healed":0.0,"max_hp_gain":0.0,"max_hp_loss":0.0,"gold_gain":0.0,"event_name":"Drug Dealer","player_choice":"Inject Mutagens","floor":22.0,"gold_loss":0.0,"damage_taken":0.0,"relics_obtained":["MutagenicStrength"]},{"damage_healed":0.0,"max_hp_gain":0.0,"max_hp_loss":0.0,"gold_gain":50.0,"event_name":"Nest","player_choice":"Stole From Cult","floor":29.0,"gold_loss":0.0,"damage_taken":0.0},{"damage_healed":0.0,"max_hp_gain":0.0,"max_hp_loss":0.0,"gold_gain":0.0,"event_name":"Mysterious Sphere","player_choice":"Fight","floor":36.0,"gold_loss":0.0,"damage_taken":0.0},{"damage_healed":0.0,"max_hp_gain":0.0,"max_hp_loss":0.0,"gold_gain":50.0,"event_name":"Golden Shrine","player_choice":"Pray","floor":45.0,"gold_loss":0.0,"damage_taken":0.0}],"is_beta":false,"boss_relics":[{"not_picked":["Cursed Key","Busted Crown"],"picked":"Calling Bell"},{"not_picked":["Snecko Eye","Runic Pyramid"],"picked":"expansioncontent:StudyCardRelic"}],"items_purged_floors":[11,27,38],"is_endless":false,"potions_floor_spawned":[2,5,7,18,21,28,31,33,36,37,41,42,47],"ascension_level":19}}