{"host":"gk5m6v7zec9neb0j","time":1613687815,"event":{"mods":["AchievementEnabler","AlwaysNeverKeys","BaseMod","BetterRewards","Block Reminder","Minty Spire (QoL Compilation)","RNG Fix","Rare Cards Sparkle","Relic Stats","StSLib"],"gold_per_floor":[114,114,126,126,126,126,153,153],"floor_reached":7,"language":"ENG","playtime":145,"items_purged":["Strike_B"],"score":49,"play_id":"4b70206e-7272-4b93-8673-a9cab0172016","local_time":"20210218173655","is_ascension_mode":false,"campfire_choices":[{"data":"Dualcast","floor":6,"key":"SMITH"}],"circlet_count":0,"master_deck":["Strike_B","Strike_B","Strike_B","Defend_B","Defend_B","Defend_B","Defend_B","Zap","Dualcast+1","Conserve Battery","Leap","Reinforced Body","Double Energy","Go for the Eyes"],"relics":["Cracked Core","Orrery","ClockworkSouvenir","Singing Bowl","Dead Branch"],"acts_visited":["Exordium"],"potions_floor_usage":[7],"damage_taken":[{"damage":0,"enemies":"2 Louse","floor":1,"turns":2},{"damage":0,"enemies":"Small Slimes","floor":3,"turns":4},{"damage":18,"enemies":"Gremlin Nob","floor":7,"turns":5}],"seed_played":"-5127402769355537833","potions_obtained":[{"floor":1,"key":"Block Potion"}],"is_trial":false,"path_per_floor":["M","$","M","$","T","R","E"],"character_chosen":"DEFECT","items_purchased":["Orrery","ClockworkSouvenir"],"campfire_rested":0,"item_purchase_floors":[0,0],"current_hp_per_floor":[40,40,40,40,40,40,22,22],"gold":153,"neow_bonus":"","is_daily":false,"chose_seed":false,"campfire_upgraded":1,"win_rate":0.0,"timestamp":1613687815,"path_taken":["M","$","M","$","?","R","E"],"items_purchased_type":["Relic","Relic"],"build_version":"2020-12-22","purchased_purges":1,"victory":false,"max_hp_per_floor":[75,75,75,75,75,75,75,75],"relic_stats":{"Singing Bowl":0,"counters":[272,1546],"Dead Branch":[0],"obtain_stats":[{"Ice Cream":0,"Tiny House":17,"Calipers":23,"CeramicFish":26,"Vajra":39,"Runic Capacitor":0,"Whetstone":9,"Bottled Tornado":53,"Boot":44,"Old Coin":38,"FrozenCore":17,"Sozu":34,"Blood Vial":54,"Lizard Tail":0,"Centennial Puzzle":9,"HornCleat":42,"DollysMirror":45,"Sundial":54,"Strawberry":8,"Prayer Wheel":13,"MealTicket":27,"Kunai":0,"Toxic Egg 2":37,"Pear":37,"Happy Flower":45,"Blue Candle":43,"Astrolabe":17,"Dead Branch":7,"Oddly Smooth Stone":0,"Eternal Feather":25,"War Paint":54,"Question Card":9,"Akabeko":47,"Cables":0,"Du-Vu Doll":40,"OrangePellets":0,"SlaversCollar":17,"Bottled Flame":9,"Bronze Scales":0,"Bird Faced Urn":0,"Black Star":34,"Symbiotic Virus":26,"StrikeDummy":47,"Pocketwatch":19,"Meat on the Bone":0,"Darkstone Periapt":41,"Regal Pillow":47,"Lantern":54,"Singing Bowl":0,"SacredBark":34,"Mango":0,"Juzu Bracelet":23,"Bag of Preparation":24,"Smiling Mask":27,"Ancient Tea Set":26,"ClockworkSouvenir":0,"Emotion Chip":0,"Dream Catcher":29,"Matryoshka":9,"Mummified Hand":25,"Gambling Chip":0,"Tiny Chest":20,"Red Mask":22,"Chemical X":0,"Cracked Core":0,"Runic Pyramid":34,"Potion Belt":43,"Inserter":34,"Golden Idol":3,"PreservedInsect":40,"Omamori":43,"Frozen Egg 2":39,"Orichalcum":20,"Odd Mushroom":13,"MawBank":9,"White Beast Statue":54,"Mercury Hourglass":9,"Nuclear Battery":17,"Peace Pipe":9,"Strange Spoon":36,"CaptainsWheel":11,"Anchor":10,"DataDisk":9,"Orrery":12,"Bag of Marbles":47,"Art of War":28,"Membership Card":8,"TungstenRod":54,"Toy Ornithopter":26},{"Ice Cream":66,"Tiny House":38,"Calipers":41,"CeramicFish":53,"Vajra":86,"Runic Capacitor":0,"Whetstone":72,"Bottled Tornado":144,"Boot":88,"Old Coin":59,"FrozenCore":100,"Sozu":108,"Blood Vial":171,"Lizard Tail":66,"Centennial Puzzle":220,"HornCleat":22,"DollysMirror":88,"Sundial":239,"Strawberry":45,"Prayer Wheel":126,"MealTicket":160,"Kunai":30,"Toxic Egg 2":109,"Pear":109,"Happy Flower":24,"Blue Candle":22,"Astrolabe":258,"Dead Branch":272,"Oddly Smooth Stone":146,"Eternal Feather":229,"War Paint":29,"Question Card":34,"Akabeko":142,"Cables":66,"Du-Vu Doll":111,"OrangePellets":66,"SlaversCollar":155,"Bottled Flame":206,"Bronze Scales":30,"Bird Faced Urn":202,"Black Star":84,"Symbiotic Virus":13,"StrikeDummy":26,"Pocketwatch":156,"Meat on the Bone":240,"Darkstone Periapt":87,"Regal Pillow":90,"Lantern":119,"Singing Bowl":172,"SacredBark":136,"Mango":30,"Juzu Bracelet":159,"Bag of Preparation":188,"Smiling Mask":132,"Ancient Tea Set":189,"ClockworkSouvenir":94,"Emotion Chip":120,"Dream Catcher":133,"Matryoshka":99,"Mummified Hand":13,"Gambling Chip":30,"Tiny Chest":78,"Red Mask":212,"Chemical X":30,"Cracked Core":0,"Runic Pyramid":163,"Potion Belt":87,"Inserter":15,"Golden Idol":31,"PreservedInsect":20,"Omamori":59,"Frozen Egg 2":59,"Orichalcum":102,"Odd Mushroom":153,"MawBank":150,"White Beast Statue":93,"Mercury Hourglass":5,"Nuclear Battery":49,"Peace Pipe":45,"Strange Spoon":137,"CaptainsWheel":6,"Anchor":150,"DataDisk":179,"Orrery":125,"Bag of Marbles":90,"Art of War":133,"Membership Card":125,"TungstenRod":65,"Toy Ornithopter":81},{"Ice Cream":367,"Tiny House":167,"Calipers":179,"CeramicFish":245,"Vajra":473,"Runic Capacitor":0,"Whetstone":385,"Bottled Tornado":905,"Boot":491,"Old Coin":298,"FrozenCore":564,"Sozu":629,"Blood Vial":1048,"Lizard Tail":367,"Centennial Puzzle":1315,"HornCleat":90,"DollysMirror":491,"Sundial":1410,"Strawberry":191,"Prayer Wheel":768,"MealTicket":980,"Kunai":131,"Toxic Egg 2":637,"Pear":637,"Happy Flower":96,"Blue Candle":90,"Astrolabe":1496,"Dead Branch":1546,"Oddly Smooth Stone":924,"Eternal Feather":1352,"War Paint":121,"Question Card":145,"Akabeko":886,"Cables":367,"Du-Vu Doll":657,"OrangePellets":367,"SlaversCollar":957,"Bottled Flame":1253,"Bronze Scales":131,"Bird Faced Urn":1243,"Black Star":464,"Symbiotic Virus":49,"StrikeDummy":105,"Pocketwatch":961,"Meat on the Bone":1416,"Darkstone Periapt":482,"Regal Pillow":504,"Lantern":722,"Singing Bowl":1060,"SacredBark":859,"Mango":131,"Juzu Bracelet":974,"Bag of Preparation":1131,"Smiling Mask":825,"Ancient Tea Set":1135,"ClockworkSouvenir":536,"Emotion Chip":736,"Dream Catcher":832,"Matryoshka":555,"Mummified Hand":49,"Gambling Chip":131,"Tiny Chest":418,"Red Mask":1282,"Chemical X":131,"Cracked Core":0,"Runic Pyramid":1002,"Potion Belt":482,"Inserter":60,"Golden Idol":133,"PreservedInsect":82,"Omamori":298,"Frozen Egg 2":298,"Orichalcum":574,"Odd Mushroom":945,"MawBank":935,"White Beast Statue":527,"Mercury Hourglass":15,"Nuclear Battery":225,"Peace Pipe":191,"Strange Spoon":860,"CaptainsWheel":19,"Anchor":935,"DataDisk":1086,"Orrery":758,"Bag of Marbles":504,"Art of War":832,"Membership Card":758,"TungstenRod":359,"Toy Ornithopter":442}]},"card_choices":[{"not_picked":["Hologram","Compile Driver"],"picked":"Conserve Battery","floor":0},{"not_picked":["Consume","Sweeping Beam"],"picked":"Leap","floor":0},{"not_picked":["Leap","Rainbow"],"picked":"Reinforced Body","floor":0},{"not_picked":["Steam Power","Consume"],"picked":"Double Energy","floor":0},{"not_picked":["Cold Snap","Hello World","Sweeping Beam"],"picked":"SKIP","floor":1},{"not_picked":["Sweeping Beam","Ball Lightning"],"picked":"Go for the Eyes","floor":3}],"player_experience":850272,"relics_obtained":[{"floor":5,"key":"Singing Bowl"},{"floor":7,"key":"Dead Branch"}],"event_choices":[],"is_beta":false,"boss_relics":[],"items_purged_floors":[0],"is_endless":false,"potions_floor_spawned":[1],"killed_by":"Gremlin Nob","ascension_level":0}}