{"host":"17aj8307sanlevtk","time":1613668663,"event":{"mods":["BaseMod","Colored Map","Colored Powertips","Conspire","Infinite Spire","Lobotomy","Marked Mod","Minty Spire (QoL Compilation)","Relic Stats","Replay The Spire","StSLib"],"gold_per_floor":[114,129,129,129,148,148,28,66,66,66,91,80,80,157,157,157,157],"floor_reached":16,"language":"ENG","playtime":414,"items_purged":[],"score":103,"play_id":"3f8e69ce-e7d1-4457-bbc1-1fb3efaa1247","local_time":"20210218111743","is_ascension_mode":true,"campfire_choices":[{"data":"Shrug It Off","floor":6,"key":"SMITH"},{"data":"Limit Break","floor":10,"key":"SMITH"},{"data":"Reaper","floor":15,"key":"SMITH"}],"circlet_count":0,"master_deck":["Strike_R","Strike_R","Strike_R","Strike_R","Strike_R","Defend_R","Defend_R","Defend_R","Defend_R","Bash+1","VoidDream","Wellcheers","Shrug It Off+1","GreedKing","Anger","Limit Break+1","Mercenary","Reaper+1","OldLady"],"relics":["Burning Blood","CogitoBucket","Golden Idol","Oddly Smooth Stone","ReplayFunnel","Blood Vial","Replay:Multitool"],"acts_visited":["Exordium"],"potions_floor_usage":[],"damage_taken":[{"damage":3,"enemies":"2 Louse","floor":1,"turns":3},{"damage":6,"enemies":"Cultist","floor":2,"turns":3},{"damage":8,"enemies":"Jaw Worm","floor":5,"turns":4},{"damage":26,"enemies":"Lagavulin","floor":8,"turns":7},{"damage":13,"enemies":"Exordium Thugs","floor":12,"turns":4},{"damage":72,"enemies":"Fading Forest","floor":16,"turns":7}],"seed_played":"1390893643524311601","potions_obtained":[{"floor":5,"key":"Elixir"}],"is_trial":false,"path_per_floor":["M","M","?","?","M","R","$","E","T","R","T","M","T","?","R","B"],"character_chosen":"IRONCLAD","items_purchased":["Anger","Limit Break"],"campfire_rested":0,"item_purchase_floors":[7,7],"current_hp_per_floor":[80,80,74,74,72,72,72,55,55,55,55,53,53,53,53,0,0],"gold":157,"neow_bonus":"","is_daily":false,"chose_seed":false,"campfire_upgraded":3,"win_rate":0.0,"timestamp":1613668663,"path_taken":["M","M","?","?","?","R","?","E","T","R","?","?","?","?","R","BOSS"],"items_purchased_type":["Card","Card"],"build_version":"2020-12-22","purchased_purges":0,"victory":false,"max_hp_per_floor":[80,80,74,74,74,74,74,74,74,74,74,74,74,74,74,74,74],"relic_stats":{"Blood Vial":4,"counters":[6,28],"Golden Idol":16,"obtain_stats":[{"ReplayFunnel":9,"Blood Vial":11,"CogitoBucket":0,"Golden Idol":3,"Oddly Smooth Stone":8,"Replay:Multitool":13,"Burning Blood":0},{"ReplayFunnel":4,"Blood Vial":4,"CogitoBucket":0,"Golden Idol":2,"Oddly Smooth Stone":4,"Replay:Multitool":5,"Burning Blood":0},{"ReplayFunnel":17,"Blood Vial":17,"CogitoBucket":0,"Golden Idol":6,"Oddly Smooth Stone":17,"Replay:Multitool":21,"Burning Blood":0}],"Burning Blood":27},"card_choices":[{"not_picked":["LaLuna","UniverseFragment"],"picked":"VoidDream","floor":1},{"not_picked":["Headbutt","Warcry","Burning Pact"],"picked":"SKIP","floor":1},{"not_picked":["SingingMachine","CherryBlossoms"],"picked":"Wellcheers","floor":2},{"not_picked":["ReplayTheSpireMod:LeadingStrike","Anger"],"picked":"Shrug It Off","floor":2},{"not_picked":["WallGazer","CherryBlossoms"],"picked":"GreedKing","floor":5},{"not_picked":["Dual Wield","Fire Breathing","Headbutt"],"picked":"SKIP","floor":5},{"not_picked":["MHz","ShyLook"],"picked":"Mercenary","floor":8},{"not_picked":["Entrench","Perfected Strike"],"picked":"Reaper","floor":8},{"not_picked":["SingingMachine","Murderer"],"picked":"OldLady","floor":12},{"not_picked":["Clash","Fire Breathing","Warcry"],"picked":"SKIP","floor":12}],"player_experience":581329,"relics_obtained":[{"floor":8,"key":"Oddly Smooth Stone"},{"floor":9,"key":"ReplayFunnel"},{"floor":11,"key":"Blood Vial"},{"floor":13,"key":"Replay:Multitool"}],"event_choices":[{"damage_healed":0,"gold_gain":0,"player_choice":"Lose Max HP","damage_taken":0,"relics_obtained":["Golden Idol"],"max_hp_gain":0,"max_hp_loss":6,"event_name":"Golden Idol","floor":3,"gold_loss":0},{"damage_healed":0,"gold_gain":0,"player_choice":"Forge","damage_taken":0,"max_hp_gain":0,"max_hp_loss":0,"event_name":"Accursed Blacksmith","floor":4,"gold_loss":0,"cards_upgraded":["Bash"]},{"damage_healed":0,"gold_gain":77,"player_choice":"Gained Gold","damage_taken":0,"max_hp_gain":0,"max_hp_loss":0,"event_name":"Golden Wing","floor":14,"gold_loss":0}],"is_beta":false,"boss_relics":[],"items_purged_floors":[],"is_endless":false,"potions_floor_spawned":[5],"killed_by":"Fading Forest","ascension_level":1}}