{"host":"zrerxgu8lagrk16e","time":1613620091,"event":{"mods":["AchievementEnabler","BaseMod","Better Altar","Better Match","Better Note","Better Sensory Stone","Better Skull","Better Third Choice","BetterRewards","Colored Map","Colored Powertips","Minty Spire (QoL Compilation)","Quick Restart","Relic Stats","StSLib","slay the spire mod where everything is the same but ironclad has a cowboy hat"],"gold_per_floor":[114,114,129,129,43,73,73,73,98,113,128,128,143,158,158,258,258,273,273,273],"floor_reached":19,"language":"ENG","playtime":428,"items_purged":[],"score":194,"play_id":"866fd49e-0687-4133-baca-4009130f5470","local_time":"20210217224811","daily_mods":["Cursed Run","Uncertain Future","Lethality"],"is_ascension_mode":false,"campfire_choices":[{"data":"Inflame","floor":7,"key":"SMITH"},{"data":"True Grit","floor":12,"key":"SMITH"},{"floor":15,"key":"REST"}],"circlet_count":0,"master_deck":["Strike_R","Strike_R","Strike_R","Strike_R","Strike_R","Defend_R","Defend_R","Defend_R","Defend_R","Bash","Cleave","Burn","Anger","Skim","Bandage Up","Inflame+1","Injury","True Grit+1","Sentinel","Sword Boomerang","Inflame","Pain","Immolate","Inflame"],"relics":["Cursed Key","Darkstone Periapt","Du-Vu Doll","Smiling Mask","Strawberry","Oddly Smooth Stone","Boot","SlaversCollar"],"acts_visited":["Exordium","TheCity"],"potions_floor_usage":[3,16,19],"damage_taken":[{"damage":4,"enemies":"Jaw Worm","floor":1,"turns":2},{"damage":0,"enemies":"2 Louse","floor":3,"turns":1},{"damage":14,"enemies":"Gremlin Nob","floor":6,"turns":3},{"damage":9,"enemies":"Cultist","floor":10,"turns":3},{"damage":0,"enemies":"Looter","floor":11,"turns":2},{"damage":3,"enemies":"Blue Slaver","floor":13,"turns":3},{"damage":14,"enemies":"Exordium Wildlife","floor":14,"turns":2},{"damage":47,"enemies":"The Guardian","floor":16,"turns":6},{"damage":4,"enemies":"Chosen","floor":18,"turns":3},{"damage":111,"enemies":"3 Byrds","floor":19,"turns":3}],"seed_played":"-4060160915487772418","potions_obtained":[{"floor":1,"key":"Explosive Potion"},{"floor":11,"key":"BlessingOfTheForge"},{"floor":16,"key":"Regen Potion"}],"is_trial":false,"path_per_floor":["M","?","M","?","$","E","R","?","T","M","M","R","M","M","R","B",null,"M","M"],"character_chosen":"IRONCLAD","items_purchased":["Bandage Up"],"campfire_rested":1,"item_purchase_floors":[5],"current_hp_per_floor":[76,76,76,59,59,56,56,56,62,53,53,53,54,40,67,30,99,95,0,0],"gold":273,"neow_bonus":"","is_daily":true,"chose_seed":false,"campfire_upgraded":2,"win_rate":0.0,"timestamp":1613620091,"path_taken":["M","?","M","?","$","E","R","?","T","M","M","R","M","M","R","BOSS","M","M"],"items_purchased_type":["Card"],"build_version":"2020-12-22","purchased_purges":0,"victory":false,"max_hp_per_floor":[80,80,80,80,80,87,87,87,93,93,93,93,93,93,93,99,99,99,99,99],"relic_stats":{"Darkstone Periapt":12,"counters":[10,28],"Cursed Key":1,"Smiling Mask":0,"Boot":[0],"obtain_stats":[{"Darkstone Periapt":0,"Du-Vu Doll":0,"SlaversCollar":17,"Strawberry":6,"Oddly Smooth Stone":8,"Cursed Key":0,"Smiling Mask":4,"Boot":9},{"Darkstone Periapt":0,"Du-Vu Doll":0,"SlaversCollar":8,"Strawberry":3,"Oddly Smooth Stone":3,"Cursed Key":0,"Smiling Mask":2,"Boot":3},{"Darkstone Periapt":0,"Du-Vu Doll":0,"SlaversCollar":22,"Strawberry":6,"Oddly Smooth Stone":6,"Cursed Key":0,"Smiling Mask":3,"Boot":6}]},"card_choices":[{"not_picked":["Spot Weakness","Evolve"],"picked":"Cleave","floor":1},{"not_picked":["Body Slam","Sentinel"],"picked":"Anger","floor":3},{"not_picked":["Entrench","Body Slam"],"picked":"Inflame","floor":6},{"not_picked":["Heavy Blade","Warcry"],"picked":"True Grit","floor":10},{"not_picked":["Reckless Charge","Clash"],"picked":"Sentinel","floor":11},{"not_picked":["Rupture","Pommel Strike"],"picked":"Sword Boomerang","floor":13},{"not_picked":["Headbutt","Hemokinesis"],"picked":"Inflame","floor":14},{"not_picked":["Demon Form","Bludgeon"],"picked":"Immolate","floor":16},{"not_picked":["Rage","Feel No Pain+1"],"picked":"Inflame","floor":18}],"player_experience":225779,"relics_obtained":[{"floor":6,"key":"Strawberry"},{"floor":9,"key":"Boot"}],"event_choices":[{"damage_healed":76,"gold_gain":0,"player_choice":"Embrace Burn","damage_taken":0,"max_hp_gain":0,"max_hp_loss":80,"event_name":"betterThird:BetterShining","floor":2,"gold_loss":0},{"damage_healed":0,"gold_gain":0,"player_choice":"Searched \u00272\u0027 times","damage_taken":0,"relics_obtained":["Oddly Smooth Stone"],"max_hp_gain":0,"max_hp_loss":0,"event_name":"Dead Adventurer","floor":8,"gold_loss":0}],"is_beta":false,"boss_relics":[{"not_picked":["Runic Dome","Pandora\u0027s Box"],"picked":"SlaversCollar"}],"items_purged_floors":[],"is_endless":false,"potions_floor_spawned":[1,11,16],"killed_by":"3 Byrds","ascension_level":0}}