{"host":"jcg2u0j7gsi1hjjn","time":1613684575,"event":{"mods":["AchievementEnabler","BaseMod","Colored Map","Minty Spire (QoL Compilation)","StSLib"],"gold_per_floor":[109,62,108,183,202,233,253,281,306,317,343,343,361,286,286,382,382,396,413,413,413,423,423,423,423],"floor_reached":24,"language":"ENG","playtime":2095,"items_purged":[],"score":253,"play_id":"4fec3e3c-5692-4048-93a7-4f780e1ef4aa","local_time":"20210218224255","is_ascension_mode":true,"campfire_choices":[{"floor":12.0,"key":"REST"},{"data":"BattleHymn","floor":15,"key":"SMITH"},{"floor":23,"key":"REST"}],"circlet_count":0,"master_deck":["Strike_P","Strike_P","Strike_P","Strike_P","Defend_P","Defend_P","Defend_P","Defend_P","Eruption","Vigilance","WindmillStrike","Consecrate","SashWhip","JustLucky","Protect","Indignation","Prostrate","CarveReality","MentalFortress","BattleHymn+1","Devotion","FlurryOfBlows+1","FlyingSleeves+1","Crescendo","FollowUp","SashWhip","Evaluate"],"relics":["PureWater","NeowsBlessing","MealTicket","Bag of Marbles","Prayer Wheel","Boot","Lantern","VioletLotus","Bottled Lightning"],"acts_visited":["Exordium","TheCity"],"potions_floor_usage":[16,16,19],"damage_taken":[{"damage":0.0,"enemies":"Cultist","floor":1.0,"turns":1.0},{"damage":0.0,"enemies":"Jaw Worm","floor":5.0,"turns":1.0},{"damage":0.0,"enemies":"Lagavulin","floor":6.0,"turns":1.0},{"damage":0.0,"enemies":"2 Louse","floor":7.0,"turns":2.0},{"damage":23.0,"enemies":"3 Sentries","floor":8.0,"turns":10.0},{"damage":0.0,"enemies":"Exordium Wildlife","floor":10.0,"turns":3.0},{"damage":17.0,"enemies":"Gremlin Nob","floor":11.0,"turns":5.0},{"damage":0,"enemies":"Large Slime","floor":13,"turns":1},{"damage":16,"enemies":"Hexaghost","floor":16,"turns":11},{"damage":0,"enemies":"Chosen","floor":18,"turns":3},{"damage":24,"enemies":"Shell Parasite","floor":19,"turns":6},{"damage":28,"enemies":"Snake Plant","floor":22,"turns":4},{"damage":43,"enemies":"Book of Stabbing","floor":24,"turns":5}],"seed_played":"8980530328000402876","potions_obtained":[{"floor":1.0,"key":"Ancient Potion"},{"floor":5.0,"key":"Block Potion"},{"floor":11.0,"key":"ColorlessPotion"},{"floor":16,"key":"BlessingOfTheForge"},{"floor":18,"key":"FearPotion"},{"floor":22,"key":"BottledMiracle"}],"is_trial":false,"path_per_floor":["M","$","T","?","M","E","M","E","T","M","E","R","M","$","R","B",null,"M","M","?","T","M","R","E"],"character_chosen":"WATCHER","items_purchased":["Consecrate","BattleHymn"],"campfire_rested":2,"item_purchase_floors":[2,14],"current_hp_per_floor":[72,72,72,61,61,61,61,38,38,38,21,42,42,57,57,41,72,72,48,48,48,20,41,0,0],"gold":423,"neow_bonus":"THREE_ENEMY_KILL","is_daily":false,"chose_seed":false,"campfire_upgraded":1,"win_rate":0.0,"timestamp":1613684575,"path_taken":["M","$","?","?","?","E","M","E","T","M","E","R","M","$","R","BOSS","M","?","?","?","M","R","E"],"items_purchased_type":["Card","Card"],"build_version":"2020-12-22","purchased_purges":0,"victory":false,"max_hp_per_floor":[72,72,72,72,72,72,72,72,72,72,72,72,72,72,72,72,72,72,72,72,72,72,72,72,72],"card_choices":[{"not_picked":["Sanctity","Perseverance"],"picked":"WindmillStrike","floor":1.0},{"not_picked":["BattleHymn","ForeignInfluence"],"picked":"SashWhip","floor":5.0},{"not_picked":["BowlingBash","FollowUp"],"picked":"JustLucky","floor":6.0},{"not_picked":["Prostrate","BowlingBash"],"picked":"Protect","floor":7.0},{"not_picked":["Crescendo","WaveOfTheHand","FlurryOfBlows"],"picked":"SKIP","floor":8.0},{"not_picked":["WindmillStrike","ThirdEye"],"picked":"Indignation","floor":10.0},{"not_picked":["Nirvana","WaveOfTheHand","EmptyFist"],"picked":"SKIP","floor":10.0},{"not_picked":["Perseverance","SpiritShield"],"picked":"Prostrate","floor":11.0},{"not_picked":["Prostrate","FlurryOfBlows"],"picked":"CarveReality","floor":13},{"not_picked":["ClearTheMind","EmptyBody"],"picked":"MentalFortress","floor":13},{"not_picked":["Brilliance","Blasphemy"],"picked":"Devotion","floor":16},{"not_picked":["JustLucky","Collect"],"picked":"FlurryOfBlows+1","floor":18},{"not_picked":["EmptyBody+1","CrushJoints","FlyingSleeves+1"],"picked":"SKIP","floor":18},{"not_picked":["EmptyBody+1","CrushJoints"],"picked":"FlyingSleeves+1","floor":18},{"not_picked":["Wallop+1","SignatureMove+1"],"picked":"Crescendo","floor":19},{"not_picked":["ConjureBlade","SashWhip"],"picked":"FollowUp","floor":19},{"not_picked":["JustLucky","Crescendo"],"picked":"SashWhip","floor":22},{"not_picked":["FlyingSleeves+1","SashWhip"],"picked":"Evaluate","floor":22}],"player_experience":385995,"relics_obtained":[{"floor":3.0,"key":"MealTicket"},{"floor":6.0,"key":"Bag of Marbles"},{"floor":8.0,"key":"Prayer Wheel"},{"floor":9.0,"key":"Boot"},{"floor":11.0,"key":"Lantern"},{"floor":21,"key":"Bottled Lightning"}],"event_choices":[{"damage_healed":0.0,"max_hp_gain":0.0,"max_hp_loss":0.0,"gold_gain":75.0,"event_name":"World of Goop","player_choice":"Gather Gold","floor":4.0,"gold_loss":0.0,"damage_taken":11.0},{"damage_healed":0,"gold_gain":0,"player_choice":"Ignored","damage_taken":0,"max_hp_gain":0,"max_hp_loss":0,"event_name":"Vampires","floor":20,"gold_loss":0}],"is_beta":false,"boss_relics":[{"not_picked":["Ectoplasm","Pandora\u0027s Box"],"picked":"VioletLotus"}],"items_purged_floors":[],"is_endless":false,"potions_floor_spawned":[1,5,11,16,18,22],"killed_by":"Book of Stabbing","ascension_level":1}}