{"host":"vx9g5eyuglzorf3u","time":1613613264,"event":{"mods":["2.2 Compatiblity","BaseMod","DeckTracker","Keyboard Shortcuts","Minty Spire (QoL Compilation)","Relic Stats","StSLib","SuperFastMode","everything is the same but u backflip on backflip"],"gold_per_floor":[113,126,201,201,201,201,235,255,303,318,346,346,373,384,384,384,384],"floor_reached":16,"language":"KOR","playtime":240,"items_purged":[],"score":290,"play_id":"b4cd2c7a-35a1-4b61-ae27-c76fd1cedde2","local_time":"20210218105424","is_ascension_mode":true,"campfire_choices":[{"data":"Eruption","floor":6.0,"key":"SMITH"},{"data":"Adaptation","floor":12.0,"key":"SMITH"},{"data":"CrushJoints","floor":15,"key":"SMITH"}],"circlet_count":0,"master_deck":["AscendersBane","Strike_P","Strike_P","Strike_P","Strike_P","Defend_P","Defend_P","Defend_P","Eruption+1","Vigilance","CrushJoints+1","MentalFortress","Adaptation+1","Meditate"],"relics":["PureWater","NeowsBlessing","Orichalcum","Ancient Tea Set","Bag of Marbles"],"acts_visited":["Exordium"],"potions_floor_usage":[13,13,13,16],"damage_taken":[{"damage":0.0,"enemies":"Jaw Worm","floor":1.0,"turns":1.0},{"damage":0.0,"enemies":"Small Slimes","floor":2.0,"turns":1.0},{"damage":0.0,"enemies":"3 Sentries","floor":7.0,"turns":1.0},{"damage":0.0,"enemies":"2 Louse","floor":8.0,"turns":2.0},{"damage":0.0,"enemies":"Large Slime","floor":10.0,"turns":3.0},{"damage":22.0,"enemies":"Gremlin Nob","floor":11.0,"turns":4.0},{"damage":14,"enemies":"Lagavulin","floor":13,"turns":6},{"damage":9,"enemies":"Looter","floor":14,"turns":4},{"damage":32,"enemies":"Slime Boss","floor":16,"turns":5}],"seed_played":"5468231917717144661","potions_obtained":[{"floor":7.0,"key":"EntropicBrew"},{"floor":8.0,"key":"AttackPotion"},{"floor":11.0,"key":"PowerPotion"}],"is_trial":false,"path_per_floor":["M","M","?","?","?","R","E","M","T","M","E","R","E","M","R","B"],"character_chosen":"WATCHER","items_purchased":[],"campfire_rested":0,"item_purchase_floors":[],"current_hp_per_floor":[61,61,50,50,55,55,55,55,55,55,33,33,19,10,10,0,0],"gold":384,"neow_bonus":"THREE_ENEMY_KILL","is_daily":false,"chose_seed":false,"campfire_upgraded":3,"win_rate":0.0,"timestamp":1613613264,"path_taken":["M","M","?","?","?","R","E","M","T","M","E","R","E","M","R","BOSS"],"items_purchased_type":[],"build_version":"2020-12-22","purchased_purges":0,"victory":false,"max_hp_per_floor":[68,68,68,68,73,73,73,73,73,73,73,73,73,73,73,73,73],"relic_stats":{"counters":[9,27],"Orichalcum":[36],"obtain_stats":[{"NeowsBlessing":0,"Bag of Marbles":11,"PureWater":0,"Orichalcum":7,"Ancient Tea Set":9},{"NeowsBlessing":0,"Bag of Marbles":6,"PureWater":0,"Orichalcum":3,"Ancient Tea Set":4},{"NeowsBlessing":0,"Bag of Marbles":12,"PureWater":0,"Orichalcum":3,"Ancient Tea Set":5}]},"card_choices":[{"not_picked":["Conclude","Consecrate"],"picked":"CrushJoints","floor":1.0},{"not_picked":["ReachHeaven","Evaluate"],"picked":"MentalFortress","floor":2.0},{"not_picked":["JustLucky","Wallop","ClearTheMind"],"picked":"SKIP","floor":7.0},{"not_picked":["JustLucky","Wallop","ClearTheMind"],"picked":"SKIP","floor":7.0},{"not_picked":["CutThroughFate","FollowUp","ThirdEye"],"picked":"SKIP","floor":8.0},{"not_picked":["BattleHymn","Wallop"],"picked":"Adaptation","floor":10.0},{"not_picked":["ReachHeaven","Perseverance","Evaluate"],"picked":"SKIP","floor":11.0},{"not_picked":["Study","DeceiveReality"],"picked":"Meditate","floor":13},{"not_picked":["SashWhip","JustLucky","Sanctity"],"picked":"SKIP","floor":14}],"player_experience":1527597,"relics_obtained":[{"floor":7.0,"key":"Orichalcum"},{"floor":9.0,"key":"Ancient Tea Set"},{"floor":11.0,"key":"Bag of Marbles"}],"event_choices":[{"damage_healed":0.0,"max_hp_gain":0.0,"max_hp_loss":0.0,"gold_gain":75.0,"event_name":"World of Goop","player_choice":"Gather Gold","floor":3.0,"gold_loss":0.0,"damage_taken":11.0},{"cards_removed":["Defend_P"],"damage_healed":0.0,"max_hp_gain":0.0,"max_hp_loss":0.0,"gold_gain":0.0,"event_name":"Living Wall","player_choice":"Forget","floor":4.0,"gold_loss":0.0,"damage_taken":0.0},{"damage_healed":0.0,"max_hp_gain":5.0,"max_hp_loss":0.0,"gold_gain":0.0,"event_name":"Big Fish","player_choice":"Donut","floor":5.0,"gold_loss":0.0,"damage_taken":0.0}],"is_beta":false,"boss_relics":[],"items_purged_floors":[],"is_endless":false,"potions_floor_spawned":[7,8,10,11],"killed_by":"Slime Boss","ascension_level":20}}