{"host":"21daswlctsv3qaxk","time":1613678200,"event":{"mods":["BaseMod","Downfall","Minty Spire (QoL Compilation)","Replay The Spire","StSLib","The Cursed","The Servant 0.9.4"],"gold_per_floor":[115,115,126,140,159,159,185,185,233,233,265,280,205,230,230,330,330,345,361,87,87,102,135,135,162,214,214,229,261,278,296,296,392,392,408,408,427,427,442,468,517,534,534,534,559,521,541,541,541,541,541],"floor_reached":50,"language":"ENG","playtime":3427,"items_purged":["Defend_B"],"score":669,"play_id":"dda5c54f-d04d-4020-8ea8-737e954f4392","local_time":"20210218205640","is_ascension_mode":true,"campfire_choices":[{"floor":6,"key":"RECALL"},{"data":"Electrodynamics","floor":8,"key":"SMITH"},{"data":"Doom and Gloom","floor":15,"key":"SMITH"},{"data":"Multi-Cast","floor":24,"key":"SMITH"},{"floor":32,"key":"REST"},{"data":"Turbo","floor":44,"key":"SMITH"},{"data":"Turbo","floor":49,"key":"SMITH"}],"circlet_count":0,"master_deck":["Strike_B+1","Strike_B+1","Strike_B+1","Defend_B","Defend_B","Defend_B+1","Zap","Dualcast","Double Energy+1","Conserve Battery","Ball Lightning","Electrodynamics+1","Doom and Gloom+1","Redo","BootSequence","White Noise","Storm+1","Ball Lightning","Electrodynamics+1","CurseOfTheBell","Multi-Cast+1","Turbo+1","Heatsinks+1","Loop+1","ReplayRNGCard+1","Storm+1","Buffer+1","Undo","Turbo+1","Parasite","Hello World+1"],"relics":["Cracked Core","Torii","Frozen Egg 2","Centennial Puzzle","Bag of Preparation","Calling Bell","Toy Ornithopter","Question Card","Peace Pipe","Membership Card","Chameleon Ring","Calipers","Regal Pillow","Replay:Rubber Ducky","Red Mask","Black Star","Pantograph","CaptainsWheel","Bird Faced Urn","Replay:Bottled Eggs","Shuriken","Ancient Tea Set","Bag of Marbles"],"acts_visited":["Exordium","TheCity","TheBeyond"],"potions_floor_usage":[11,11,14,16,19,25,25,31,33,45,47],"damage_taken":[{"damage":1,"enemies":"Jaw Worm","floor":1,"turns":3},{"damage":0,"enemies":"2 Louse","floor":3,"turns":2},{"damage":0,"enemies":"Cultist","floor":4,"turns":4},{"damage":1,"enemies":"Red Slaver","floor":5,"turns":3},{"damage":0,"enemies":"3 Sentries","floor":7,"turns":3},{"damage":0,"enemies":"Gremlin Nob","floor":11,"turns":2},{"damage":0,"enemies":"Looter","floor":12,"turns":2},{"damage":0,"enemies":"3 Sentries","floor":14,"turns":2},{"damage":29,"enemies":"The Guardian","floor":16,"turns":7},{"damage":0,"enemies":"3 Byrds","floor":18,"turns":2},{"damage":0,"enemies":"Shell Parasite","floor":19,"turns":3},{"damage":1,"enemies":"Snecko","floor":22,"turns":3},{"damage":36,"enemies":"Slavers","floor":23,"turns":3},{"damage":7,"enemies":"Gremlin Leader","floor":25,"turns":3},{"damage":1,"enemies":"Shelled Parasite and Fungi","floor":28,"turns":4},{"damage":18,"enemies":"Masked Bandits","floor":29,"turns":3},{"damage":8,"enemies":"Snake Plant","floor":30,"turns":3},{"damage":6,"enemies":"Centurion and Healer","floor":31,"turns":3},{"damage":51,"enemies":"Automaton","floor":33,"turns":9},{"damage":12,"enemies":"Orb Walker","floor":35,"turns":4},{"damage":0,"enemies":"3 Shapes","floor":37,"turns":3},{"damage":0,"enemies":"Sphere and 2 Shapes","floor":39,"turns":1},{"damage":1,"enemies":"R_Hoarder","floor":40,"turns":7},{"damage":7,"enemies":"2 Orb Walkers","floor":41,"turns":3},{"damage":0,"enemies":"Jaw Worm Horde","floor":42,"turns":2},{"damage":32,"enemies":"Giant Head","floor":45,"turns":9},{"damage":0,"enemies":"Writhing Mass","floor":47,"turns":4},{"damage":81,"enemies":"Time Eater","floor":50,"turns":10}],"seed_played":"8025664476982819442","potions_obtained":[{"floor":4,"key":"PowerPotion"},{"floor":7,"key":"Fire Potion"},{"floor":12,"key":"Regen Potion"},{"floor":14,"key":"sneckomod:MuddlingPotion"},{"floor":16,"key":"ColorlessPotion"},{"floor":18,"key":"hexamod:SoulburnPotion"},{"floor":23,"key":"Regen Potion"},{"floor":29,"key":"BlessingOfTheForge"},{"floor":31,"key":"Weak Potion"},{"floor":41,"key":"SmokeBomb"},{"floor":42,"key":"FocusPotion"},{"floor":45,"key":"SteroidPotion"}],"is_trial":false,"path_per_floor":["M","?","M","M","M","R","E","R","T","?","E","M","$","E","R","B",null,"M","M","$","?","M","E","R","E","T","?","M","?","M","M","R","B",null,"M","?","M","?","M","E","?","M","T","R","E","$","M","T","R","B"],"character_chosen":"DEFECT","items_purchased":["Storm+1","Membership Card","Chameleon Ring"],"campfire_rested":1,"item_purchase_floors":[13,20,20],"current_hp_per_floor":[53,38,38,38,37,37,37,37,37,37,37,37,37,42,42,13,75,75,75,75,75,74,38,38,54,54,54,53,35,27,26,63,17,75,63,63,63,63,63,62,55,63,63,63,43,43,60,60,60,0,0],"gold":541,"neow_bonus":"ONE_RARE_RELIC","is_daily":false,"chose_seed":false,"campfire_upgraded":5,"win_rate":0.0,"timestamp":1613678200,"path_taken":["M","?","M","M","M","R","E","R","T","?","E","?","?","E","R","BOSS","M","M","$","?","M","E","R","E","T","?","?","?","M","M","R","BOSS","M","?","?","?","M","E","?","M","T","R","E","?","M","?","R","BOSS"],"items_purchased_type":["Card","Relic","Relic"],"build_version":"2020-12-22","purchased_purges":1,"victory":false,"max_hp_per_floor":[75,75,75,75,75,75,75,75,75,75,75,75,75,75,75,75,75,75,75,75,75,75,75,75,75,75,75,75,75,75,75,75,75,75,75,75,75,71,71,71,71,71,71,71,71,71,71,71,71,71,71],"card_choices":[{"not_picked":["Streamline","Stack"],"picked":"Double Energy","floor":1},{"not_picked":["Go for the Eyes","Barrage"],"picked":"Conserve Battery","floor":3},{"not_picked":["Turbo","Conserve Battery"],"picked":"Ball Lightning","floor":4},{"not_picked":["Hologram","Cold Snap"],"picked":"Electrodynamics","floor":5},{"not_picked":["Barrage","Time Bomb"],"picked":"Doom and Gloom","floor":7},{"not_picked":["Force Field","ReplayTheSpireMod:Reroute Power"],"picked":"BootSequence","floor":11},{"not_picked":["Reprogram","Beam Cell"],"picked":"White Noise","floor":12},{"not_picked":["Sweeping Beam","BasicCrystalCard"],"picked":"Ball Lightning","floor":14},{"not_picked":["Echo Form+1","ReplayRNGCard"],"picked":"Electrodynamics+1","floor":16},{"not_picked":["Steam","Ball Lightning","Compile Driver","Cold Snap"],"picked":"SKIP","floor":18},{"not_picked":["Cold Snap","Barrage","Ball Lightning","Redo+1"],"picked":"SKIP","floor":19},{"not_picked":["Blizzard+1","FTL+1","Conserve Battery","Coolheaded"],"picked":"SKIP","floor":22},{"not_picked":["Seek","Skim","Conserve Battery"],"picked":"Multi-Cast","floor":23},{"not_picked":["Skim","Fusion+1","Aggregate+1"],"picked":"Turbo","floor":25},{"not_picked":["Barrage","Darkness+1","Hologram"],"picked":"Heatsinks+1","floor":28},{"not_picked":["Sweeping Beam","Gash","Streamline","Barrage"],"picked":"SKIP","floor":30},{"not_picked":["ReplayTheSpireMod:Omega Cannon","Compile Driver+1","Rebound"],"picked":"Loop+1","floor":31},{"not_picked":["Thunder Strike","All For One","ReplayTheSpireMod:Omega Cannon"],"picked":"ReplayRNGCard","floor":33},{"not_picked":["Stack+1","Cold Snap","ReplayTheSpireMod:GoodbyeWorld+1","Go for the Eyes"],"picked":"SKIP","floor":35},{"not_picked":["Compile Driver","Meteor Strike","Go for the Eyes","Barrage+1"],"picked":"SKIP","floor":37},{"not_picked":["Stack","Turbo","Conserve Battery+1"],"picked":"Storm+1","floor":39},{"not_picked":["Aggregate+1","Sweeping Beam","Coolheaded+1"],"picked":"Buffer+1","floor":40},{"not_picked":["Melter+1","Leap","Turbo"],"picked":"Undo","floor":42},{"not_picked":["Conserve Battery+1","Skim","Aggregate"],"picked":"Turbo","floor":45},{"not_picked":["Recycle+1","Hologram","Stack+1"],"picked":"Hello World+1","floor":47}],"player_experience":213396,"relics_obtained":[{"floor":7,"key":"Frozen Egg 2"},{"floor":11,"key":"Centennial Puzzle"},{"floor":14,"key":"Bag of Preparation"},{"floor":17,"key":"Toy Ornithopter"},{"floor":17,"key":"Question Card"},{"floor":17,"key":"Peace Pipe"},{"floor":23,"key":"Calipers"},{"floor":25,"key":"Regal Pillow"},{"floor":26,"key":"Replay:Rubber Ducky"},{"floor":29,"key":"Red Mask"},{"floor":40,"key":"Pantograph"},{"floor":40,"key":"CaptainsWheel"},{"floor":41,"key":"Bird Faced Urn"},{"floor":43,"key":"Replay:Bottled Eggs"},{"floor":45,"key":"Shuriken"},{"floor":45,"key":"Ancient Tea Set"},{"floor":48,"key":"Bag of Marbles"}],"event_choices":[{"damage_healed":0,"gold_gain":0,"player_choice":"Entered Light","damage_taken":15,"max_hp_gain":0,"max_hp_loss":0,"event_name":"Shining Light","floor":2,"gold_loss":0,"cards_upgraded":["Defend_B","Double Energy"]},{"damage_healed":0,"gold_gain":0,"cards_transformed":["Strike_B"],"player_choice":"Transformed","damage_taken":0,"max_hp_gain":0,"max_hp_loss":0,"event_name":"Transmorgrifier","floor":10,"gold_loss":0,"cards_obtained":["Redo"]},{"damage_healed":0,"gold_gain":0,"player_choice":"Fought Bandits","damage_taken":0,"max_hp_gain":0,"max_hp_loss":0,"event_name":"Masked Bandits","floor":29,"gold_loss":0},{"damage_healed":0,"gold_gain":0,"player_choice":"Upgraded","damage_taken":0,"max_hp_gain":0,"max_hp_loss":0,"event_name":"Upgrade Shrine","floor":36,"gold_loss":0,"cards_upgraded":["ReplayRNGCard"]},{"damage_healed":0,"gold_gain":0,"player_choice":"Max HP","damage_taken":0,"max_hp_gain":0,"max_hp_loss":4,"event_name":"Winding Halls","floor":38,"gold_loss":0},{"damage_healed":0,"gold_gain":0,"player_choice":"Fight","damage_taken":0,"max_hp_gain":0,"max_hp_loss":0,"event_name":"Mysterious Sphere","floor":41,"gold_loss":0}],"is_beta":false,"boss_relics":[{"not_picked":["Velvet Choker","Replay:Grab Bag"],"picked":"Calling Bell"},{"not_picked":["Replay:Bronze Core","Honey Jar"],"picked":"Black Star"}],"items_purged_floors":[46],"is_endless":false,"potions_floor_spawned":[4,7,12,14,16,18,23,29,31,41,42,45],"killed_by":"Time Eater","ascension_level":1}}