{"host":"tj5b4ndtwgv8r84u","time":1613649764,"event":{"mods":["2.2 Compatiblity","AchievementEnabler","Act Like it!","Aspiration","BaseMod","Better Note","Colored Map","Conspire","Downfall","GifTheSpireLib","Hallownest","Hermit","Infinite Spire","Minty Spire (QoL Compilation)","Rare Cards Sparkle","Relic Stats","Replay The Spire","Shop Mod","StSLib","The Bug Knight","The Cursed","The Hierophant","The Marked","The Servant 0.9.4"],"gold_per_floor":[115,115,125,136,0,0,0,0,0,0,25,25,54,66,66,164,164,181,197,197,213,123,151,151,151,151,151,38,90,117,134,134,230,230,241,241,287,297,36,36,36],"floor_reached":40,"language":"ENG","playtime":3268,"items_purged":["HollowMod:MantisMark"],"score":482,"play_id":"b357bf7a-96cc-4699-8b93-03fe8d96bc73","local_time":"20210218070244","is_ascension_mode":false,"campfire_choices":[{"data":"HollowMod:GreatSlash","floor":6,"key":"SMITH"},{"floor":15,"key":"REST"},{"floor":24,"key":"REST"},{"floor":27,"key":"REST"},{"floor":32,"key":"REST"}],"circlet_count":0,"master_deck":["HollowMod:NailStrikeStart","HollowMod:NailStrikeStart","HollowMod:NailStrikeStart","HollowMod:NailStrikeStart","HollowMod:QuickDashStart","HollowMod:QuickDashStart","HollowMod:QuickDashStart","HollowMod:QuickDashStart","HollowMod:FocusHealStart","HollowMod:PogoStrike","HollowMod:GreatSlash+1","HollowMod:FallenFury","HollowMod:GoodIntentions","HollowMod:SlysStrikes","HollowMod:DoubleDash","HollowMod:SoulStrike","HollowMod:PerfectDash","HollowMod:Weaversong","HollowMod:HeavyBlow+1","HollowMod:CloakDash","HollowMod:CornifersMapStart","HollowMod:DesolateDive+1","HollowMod:MantisMark","HollowMod:ChannelNail","HollowMod:GrimmsGift","HollowMod:HuntersJournal+1","HollowMod:ChannelNail","infinitespire:SevenWalls","HollowMod:DashSlash","HollowMod:MantisMark"],"relics":["HollowMod:VesselMask","infinitespire:DarkRift","Ring of Searing","ReplayTheSpireMod:Ring of Exchange","aspiration:AnachronicSnailShell","Kunai","Pondfish Scales","infinitespire:Cupcake","Hallownest:StagBellRelic1","Durian","infinitespire:Broken Mirror","ReplayTheSpireMod:Lightbulb","Cursed Key","MerchantsRug","Blue Doll"],"acts_visited":["Hallownest:Greenpath","Hallownest:CityofTears","TheBeyond"],"potions_floor_usage":[14,23,30,30,31,33,35,37,40],"damage_taken":[{"damage":0,"enemies":"Hallownest:2_Baldur","floor":1,"turns":4},{"damage":6,"enemies":"Hallownest:2_Tiktiks_and_1_Crawlid","floor":3,"turns":2},{"damage":1,"enemies":"Hallownest:2_MossCreeps","floor":4,"turns":4},{"damage":34,"enemies":"Hallownest:eliteMossKnight","floor":11,"turns":6},{"damage":2,"enemies":"Hallownest:eliteVengeflyKing","floor":13,"turns":4},{"damage":4,"enemies":"Hallownest:Wandering_and_Horned","floor":14,"turns":3},{"damage":46,"enemies":"Hallownest:BossBrokenVessel","floor":16,"turns":8},{"damage":11,"enemies":"Hallownest:Flukemon_and_Top","floor":18,"turns":3},{"damage":15,"enemies":"Hallownest:Guard_and_Sentry","floor":19,"turns":4},{"damage":0,"enemies":"Hallownest:2_Husk_Sentries","floor":21,"turns":5},{"damage":81,"enemies":"Hallownest:eliteWatcherKnight","floor":23,"turns":13},{"damage":10,"enemies":"Hallownest:Glutton_and_Coward","floor":29,"turns":3},{"damage":9,"enemies":"Nightmare","floor":30,"turns":6},{"damage":1,"enemies":"Hallownest:Warrior_and_Youth","floor":31,"turns":4},{"damage":14,"enemies":"Hallownest:BossSoulMaster","floor":33,"turns":8},{"damage":24,"enemies":"3 Darklings","floor":35,"turns":3},{"damage":25,"enemies":"2 Orb Walkers","floor":37,"turns":4},{"damage":0,"enemies":"Orb Walker","floor":38,"turns":2},{"damage":22,"enemies":"Nightmare","floor":40,"turns":5}],"seed_played":"-176811744006437066","potions_obtained":[{"floor":11,"key":"FairyPotion"},{"floor":13,"key":"Fruit Juice"},{"floor":16,"key":"LiquidBronze"},{"floor":29,"key":"AttackPotion"},{"floor":30,"key":"AttackPotion"},{"floor":31,"key":"Adrenaline Potion"},{"floor":33,"key":"champ:CounterPotion"},{"floor":35,"key":"Toxic Potion"}],"is_trial":false,"path_per_floor":["M","?","M","M","?","R","$","?","T","T","E","?","E","M","R","B",null,"M","M","?","M","?","E","R","?","T","R","$","M","NM","M","R","B",null,"M","?","?","M","$","NM"],"character_chosen":"THE_BUGKNIGHT","items_purchased":["HollowMod:MantisMark","HollowMod:ChannelNail","MerchantsRug","Blue Doll","HollowMod:MantisMark","champ:CounterPotion"],"campfire_rested":4,"item_purchase_floors":[28,28,39,39,39,39],"current_hp_per_floor":[75,75,69,74,74,74,74,74,74,74,50,50,48,49,73,27,80,69,54,50,50,50,7,32,32,32,57,57,47,38,43,68,60,85,61,40,15,15,15,0,0],"gold":36,"neow_bonus":"NOSTALGIA","is_daily":false,"chose_seed":false,"campfire_upgraded":1,"win_rate":0.0,"timestamp":1613649764,"path_taken":["M","?","M","?","?","R","$","?","T","?","E","?","E","?","R","BOSS","M","M","?","M","?","E","R","?","T","R","?","M","NM","?","R","BOSS","M","?","?","M","$","NM"],"items_purchased_type":["Card","Card","Relic","Relic","Card","Potion"],"build_version":"2020-12-22","purchased_purges":1,"victory":false,"max_hp_per_floor":[75,75,75,75,75,75,75,75,75,75,75,75,75,80,80,80,80,80,80,80,80,80,85,85,85,85,85,85,85,85,85,85,85,85,85,85,85,85,85,85,85],"relic_stats":{"counters":[19,91],"Kunai":[22],"Cursed Key":0,"obtain_stats":[{"ReplayTheSpireMod:Ring of Exchange":8,"MerchantsRug":39,"Hallownest:StagBellRelic1":22,"aspiration:Nostalgia":0,"HollowMod:VesselMask":0,"Blue Doll":39,"aspiration:HiddenCompartment":5,"Cursed Key":34,"Ring of Searing":8,"infinitespire:DarkRift":0,"conspire:GiftBox":10,"Pondfish Scales":13,"conspire:GlowingRock":37,"infinitespire:Broken Mirror":26,"aspiration:AnachronicSnailShell":9,"Durian":23,"Kunai":11,"ReplayTheSpireMod:Lightbulb":30,"infinitespire:Cupcake":17},{"ReplayTheSpireMod:Ring of Exchange":3,"MerchantsRug":18,"Hallownest:StagBellRelic1":10,"aspiration:Nostalgia":0,"HollowMod:VesselMask":0,"Blue Doll":18,"aspiration:HiddenCompartment":3,"Cursed Key":15,"Ring of Searing":3,"infinitespire:DarkRift":0,"conspire:GiftBox":3,"Pondfish Scales":5,"conspire:GlowingRock":17,"infinitespire:Broken Mirror":11,"aspiration:AnachronicSnailShell":3,"Durian":11,"Kunai":4,"ReplayTheSpireMod:Lightbulb":13,"infinitespire:Cupcake":7},{"ReplayTheSpireMod:Ring of Exchange":10,"MerchantsRug":86,"Hallownest:StagBellRelic1":43,"aspiration:Nostalgia":0,"HollowMod:VesselMask":0,"Blue Doll":86,"aspiration:HiddenCompartment":10,"Cursed Key":77,"Ring of Searing":10,"infinitespire:DarkRift":0,"conspire:GiftBox":10,"Pondfish Scales":20,"conspire:GlowingRock":84,"infinitespire:Broken Mirror":56,"aspiration:AnachronicSnailShell":10,"Durian":56,"Kunai":16,"ReplayTheSpireMod:Lightbulb":65,"infinitespire:Cupcake":31}]},"card_choices":[{"not_picked":["HollowMod:SoulSplash","HollowMod:TaintedHusks"],"picked":"HollowMod:GreatSlash","floor":1},{"not_picked":["HollowMod:WraithStrike","HollowMod:InfectionAssault"],"picked":"HollowMod:FallenFury","floor":3},{"not_picked":["HollowMod:MothsMistake","HollowMod:Hiveblood"],"picked":"HollowMod:GoodIntentions","floor":4},{"not_picked":["HollowMod:MidwifesHunger","HollowMod:LordofShades"],"picked":"HollowMod:SlysStrikes","floor":10},{"not_picked":["HollowMod:InfectionAssault","HollowMod:WraithStrike"],"picked":"HollowMod:DoubleDash","floor":11},{"not_picked":["HollowMod:DreamGate","HollowMod:Grubsong"],"picked":"HollowMod:SoulStrike","floor":13},{"not_picked":["HollowMod:DoubleDash","HollowMod:SoulVessel"],"picked":"HollowMod:PerfectDash","floor":14},{"not_picked":["HollowMod:NewInfectedGuardian","HollowMod:ElderbugsWisdom"],"picked":"HollowMod:Weaversong","floor":16},{"not_picked":["HollowMod:FastStrike","HollowMod:ShadowDash"],"picked":"HollowMod:HeavyBlow+1","floor":18},{"not_picked":["HollowMod:MawleksShell+1","HollowMod:InfectedCysts"],"picked":"HollowMod:CloakDash","floor":19},{"not_picked":["HollowMod:NewJinnsSoul","HollowMod:SoulStrike"],"picked":"HollowMod:CornifersMapStart","floor":21},{"not_picked":["HollowMod:ChannelNail","HollowMod:MothsMistake+1"],"picked":"HollowMod:DesolateDive+1","floor":23},{"not_picked":["HollowMod:TaintedHusks","HollowMod:InfectionAssault"],"picked":"HollowMod:GrimmsGift","floor":29},{"not_picked":["HollowMod:ShapeofUnn+1","HollowMod:InfectedCysts"],"picked":"HollowMod:HuntersJournal+1","floor":30},{"not_picked":["HollowMod:WraithStrike","HollowMod:DescendingDark","HollowMod:NewJinnsSoul"],"picked":"SKIP","floor":31},{"not_picked":["HollowMod:DreamGate","HollowMod:DoubleDash"],"picked":"HollowMod:ChannelNail","floor":35},{"not_picked":["ReplayTheSpireMod:??????????????????????","infinitespire:Oblivion"],"picked":"infinitespire:SevenWalls","floor":36},{"not_picked":["HollowMod:NewJinnsSoul+1","HollowMod:InfectedCysts+1"],"picked":"HollowMod:DashSlash","floor":38}],"player_experience":27589,"relics_obtained":[{"floor":8,"key":"Ring of Searing"},{"floor":8,"key":"ReplayTheSpireMod:Ring of Exchange"},{"floor":9,"key":"aspiration:AnachronicSnailShell"},{"floor":10,"key":"conspire:GiftBox"},{"floor":11,"key":"Kunai"},{"floor":13,"key":"Pondfish Scales"},{"floor":23,"key":"Durian"},{"floor":26,"key":"infinitespire:Broken Mirror"},{"floor":30,"key":"ReplayTheSpireMod:Lightbulb"},{"floor":37,"key":"conspire:GlowingRock"}],"event_choices":[{"damage_healed":0,"gold_gain":0,"player_choice":"Leave","damage_taken":0,"max_hp_gain":0,"max_hp_loss":0,"event_name":"conspire:Investor","floor":12,"gold_loss":0},{"damage_healed":0,"gold_gain":0,"player_choice":"Fight","damage_taken":0,"max_hp_gain":0,"max_hp_loss":0,"event_name":"Mysterious Sphere","floor":37,"gold_loss":0}],"is_beta":false,"boss_relics":[{"not_picked":["Empty Cage","Chemical X"],"picked":"infinitespire:Cupcake"},{"not_picked":["Guide Book","conspire:RunicOctahedron"],"picked":"Cursed Key"}],"items_purged_floors":[39],"is_endless":true,"potions_floor_spawned":[11,13,16,29,30,31,33,35],"killed_by":"Nightmare","ascension_level":0}}