{"host":"mydft8i2zzydgggw","time":1613632830,"event":{"mods":["AchievementEnabler","BaseMod","Colored Map","Colored Powertips","DeckTracker","Keyboard Shortcuts","Minty Spire (QoL Compilation)","Rare Cards Sparkle","Relic Stats","StSLib","SuperFastMode","Together in Spire","everything is the same but u backflip on backflip"],"gold_per_floor":[117,117,129,145,145,188,188,223,223,223,223],"floor_reached":10,"language":"KOR","playtime":166,"items_purged":[],"score":114,"play_id":"44243914-3bdc-472b-bdd9-186be296d113","local_time":"20210218162030","is_ascension_mode":true,"campfire_choices":[{"data":"Blade Dance","floor":7,"key":"SMITH"}],"circlet_count":0,"master_deck":["AscendersBane","Strike_G","Strike_G","Strike_G","Strike_G","Strike_G","Defend_G","Defend_G","Defend_G","Defend_G","Defend_G","Survivor","Neutralize","Masterful Stab","Blade Dance+1","Cloak And Dagger","Infinite Blades"],"relics":["Ring of the Snake","NeowsBlessing","InkBottle","Golden Idol","Potion Belt","Happy Flower","Shuriken"],"acts_visited":["Exordium"],"potions_floor_usage":[6,6,8],"damage_taken":[{"damage":0.0,"enemies":"2 Louse","floor":1.0,"turns":1.0},{"damage":0,"enemies":"Jaw Worm","floor":3,"turns":1},{"damage":0,"enemies":"Small Slimes","floor":4,"turns":1},{"damage":2,"enemies":"Lagavulin","floor":6,"turns":5},{"damage":19,"enemies":"3 Sentries","floor":8,"turns":9},{"damage":39,"enemies":"Lagavulin","floor":10,"turns":5}],"seed_played":"-6442567581747280104","potions_obtained":[{"floor":1,"key":"ColorlessPotion"},{"floor":4,"key":"Explosive Potion"},{"floor":6,"key":"Swift Potion"}],"is_trial":false,"path_per_floor":["M","?","M","M","?","E","R","E","T","E"],"character_chosen":"THE_SILENT","items_purchased":[],"campfire_rested":0,"item_purchase_floors":[],"current_hp_per_floor":[63,60,60,60,60,58,58,39,39,0,0],"gold":223,"neow_bonus":"THREE_ENEMY_KILL","is_daily":false,"chose_seed":false,"campfire_upgraded":1,"win_rate":0.0,"timestamp":1613632830,"path_taken":["M","?","M","M","?","E","R","E","T","E"],"items_purchased_type":[],"build_version":"2020-12-22","purchased_purges":0,"victory":false,"max_hp_per_floor":[70,70,70,70,65,65,65,65,65,65,65],"relic_stats":{"Happy Flower":[1],"counters":[6,22],"Golden Idol":16,"Shuriken":[4],"obtain_stats":[{"Potion Belt":6,"NeowsBlessing":0,"Happy Flower":8,"Golden Idol":5,"Shuriken":9,"InkBottle":2,"Ring of the Snake":0},{"Potion Belt":4,"NeowsBlessing":0,"Happy Flower":5,"Golden Idol":3,"Shuriken":5,"InkBottle":1,"Ring of the Snake":0},{"Potion Belt":8,"NeowsBlessing":0,"Happy Flower":17,"Golden Idol":3,"Shuriken":17,"InkBottle":1,"Ring of the Snake":0}],"InkBottle":[10],"Ring of the Snake":[12]},"card_choices":[{"not_picked":["Escape Plan","Dodge and Roll"],"picked":"Masterful Stab","floor":1},{"not_picked":["Bane","Catalyst","Endless Agony"],"picked":"SKIP","floor":3},{"not_picked":["Dagger Throw","Outmaneuver"],"picked":"Blade Dance","floor":4},{"not_picked":["Storm of Steel","Infinite Blades"],"picked":"Cloak And Dagger","floor":6},{"not_picked":["Outmaneuver","Cloak And Dagger"],"picked":"Infinite Blades","floor":8}],"player_experience":280412,"relics_obtained":[{"floor":6,"key":"Potion Belt"},{"floor":8,"key":"Happy Flower"},{"floor":9,"key":"Shuriken"}],"event_choices":[{"damage_healed":0,"gold_gain":0,"player_choice":"Success","damage_taken":3,"relics_obtained":["InkBottle"],"max_hp_gain":0,"max_hp_loss":0,"event_name":"Scrap Ooze","floor":2,"gold_loss":0},{"damage_healed":0,"gold_gain":0,"player_choice":"Lose Max HP","damage_taken":0,"relics_obtained":["Golden Idol"],"max_hp_gain":0,"max_hp_loss":5,"event_name":"Golden Idol","floor":5,"gold_loss":0}],"is_beta":false,"boss_relics":[],"items_purged_floors":[],"is_endless":false,"potions_floor_spawned":[1,4,6],"killed_by":"Lagavulin","ascension_level":10}}