{"host":"n2sr453jcjz6vvl4","time":1613606728,"event":{"mods":["BaseMod","Colored Map","Minty Spire (QoL Compilation)","Permanent Neow","Relic Stats","StSLib"],"gold_per_floor":[119,119,133,133,83,83,110,110,110,110,143,68,80,105,105,204,204,186,101,101,101,51,51,51],"floor_reached":23,"language":"ENG","playtime":1059,"items_purged":["Strike_G","Strike_G","Defend_G"],"score":269,"play_id":"5781ba63-91bb-43bb-b328-c05ec10705d7","local_time":"20210217200528","is_ascension_mode":true,"campfire_choices":[{"data":"Neutralize","floor":6,"key":"SMITH"},{"data":"Backflip","floor":8,"key":"SMITH"},{"data":"Envenom","floor":15,"key":"SMITH"}],"circlet_count":0,"master_deck":["Strike_G+1","Strike_G","Strike_G","Defend_G","Defend_G","Defend_G+1","Defend_G","Survivor","Neutralize+1","Poisoned Stab","Flying Knee","Backflip+1","Sucker Punch","Dodge and Roll","Envenom+1","Envenom","Poisoned Stab","Ghostly","Ghostly","Ghostly","Ghostly","Ghostly"],"relics":["Ring of the Snake","Smiling Mask","Meat on the Bone","Boot","Mercury Hourglass","InkBottle","Oddly Smooth Stone","CaptainsWheel","Black Star","Matryoshka","Enchiridion"],"acts_visited":["Exordium","TheCity"],"potions_floor_usage":[7],"damage_taken":[{"damage":0,"enemies":"2 Louse","floor":1,"turns":4},{"damage":0,"enemies":"Small Slimes","floor":3,"turns":3},{"damage":30,"enemies":"3 Sentries","floor":7,"turns":12},{"damage":7,"enemies":"Lagavulin","floor":11,"turns":5},{"damage":0,"enemies":"Jaw Worm","floor":13,"turns":4},{"damage":11,"enemies":"Gremlin Nob","floor":14,"turns":4},{"damage":12,"enemies":"Hexaghost","floor":16,"turns":10},{"damage":31,"enemies":"2 Thieves","floor":18,"turns":4},{"damage":26,"enemies":"Gremlin Leader","floor":23,"turns":5}],"seed_played":"3181892658099266494","potions_obtained":[{"floor":3,"key":"ColorlessPotion"},{"floor":11,"key":"Ancient Potion"},{"floor":14,"key":"Dexterity Potion"},{"floor":16,"key":"SpeedPotion"}],"is_trial":false,"path_per_floor":["M","?","M","?","$","R","E","R","T","?","E","$","M","E","R","B",null,"M","?","?","?","$","E"],"character_chosen":"THE_SILENT","items_purchased":["Dodge and Roll"],"campfire_rested":0,"item_purchase_floors":[12],"current_hp_per_floor":[70,67,67,53,53,53,35,35,35,35,40,40,40,41,41,41,70,39,39,23,23,23,0,0],"gold":51,"neow_bonus":"RANDOM_COMMON_RELIC","is_daily":false,"chose_seed":false,"campfire_upgraded":3,"win_rate":0.0,"timestamp":1613606728,"path_taken":["M","?","M","?","?","R","E","R","T","?","E","$","?","E","R","BOSS","M","?","?","?","$","E"],"items_purchased_type":["Card"],"build_version":"2020-12-22","purchased_purges":3,"victory":false,"max_hp_per_floor":[70,70,70,70,70,70,70,70,70,70,70,70,70,70,70,70,70,70,70,70,35,35,35,35],"relic_stats":{"counters":[9,51],"Black Star":0,"Smiling Mask":150,"Boot":[18],"obtain_stats":[{"CaptainsWheel":14,"Matryoshka":19,"Oddly Smooth Stone":11,"Enchiridion":20,"Black Star":17,"Smiling Mask":0,"Boot":7,"InkBottle":10,"Ring of the Snake":0,"Meat on the Bone":2,"Mercury Hourglass":9},{"CaptainsWheel":6,"Matryoshka":8,"Oddly Smooth Stone":4,"Enchiridion":8,"Black Star":7,"Smiling Mask":0,"Boot":3,"InkBottle":3,"Ring of the Snake":0,"Meat on the Bone":1,"Mercury Hourglass":3},{"CaptainsWheel":32,"Matryoshka":46,"Oddly Smooth Stone":24,"Enchiridion":46,"Black Star":42,"Smiling Mask":0,"Boot":19,"InkBottle":19,"Ring of the Snake":0,"Meat on the Bone":4,"Mercury Hourglass":19}],"InkBottle":[10],"Ring of the Snake":[18],"Meat on the Bone":48,"Mercury Hourglass":[102]},"card_choices":[{"not_picked":["Sucker Punch","Prepared"],"picked":"Poisoned Stab","floor":1},{"not_picked":["Bane","Cloak And Dagger"],"picked":"Flying Knee","floor":3},{"not_picked":["Cloak And Dagger","Expertise"],"picked":"Backflip","floor":7},{"not_picked":["Eviscerate","Deflect"],"picked":"Sucker Punch","floor":11},{"not_picked":["Slice","Acrobatics","Quick Slash"],"picked":"SKIP","floor":13},{"not_picked":["Outmaneuver","Flying Knee"],"picked":"Envenom","floor":14},{"not_picked":["Adrenaline","Venomology"],"picked":"Envenom","floor":16},{"not_picked":["Acrobatics+1","Slice"],"picked":"Poisoned Stab","floor":18}],"player_experience":165523,"relics_obtained":[{"floor":7,"key":"Boot"},{"floor":9,"key":"Mercury Hourglass"},{"floor":10,"key":"InkBottle"},{"floor":11,"key":"Oddly Smooth Stone"},{"floor":14,"key":"CaptainsWheel"},{"floor":20,"key":"Enchiridion"}],"event_choices":[{"damage_healed":0,"gold_gain":0,"player_choice":"Success","damage_taken":3,"relics_obtained":["Meat on the Bone"],"max_hp_gain":0,"max_hp_loss":0,"event_name":"Scrap Ooze","floor":2,"gold_loss":0},{"damage_healed":0,"gold_gain":0,"player_choice":"Entered Light","damage_taken":14,"max_hp_gain":0,"max_hp_loss":0,"event_name":"Shining Light","floor":4,"gold_loss":0,"cards_upgraded":["Defend_G","Strike_G"]},{"damage_healed":0,"gold_gain":0,"player_choice":"Relic","damage_taken":0,"max_hp_gain":0,"max_hp_loss":0,"event_name":"Wheel of Change","floor":10,"gold_loss":0},{"damage_healed":0,"gold_gain":0,"player_choice":"Obtained Relic","damage_taken":0,"relics_obtained":["Matryoshka"],"max_hp_gain":0,"max_hp_loss":0,"event_name":"Addict","floor":19,"gold_loss":85},{"damage_healed":0,"gold_gain":0,"player_choice":"Obtained Book","damage_taken":16,"max_hp_gain":0,"max_hp_loss":0,"event_name":"Cursed Tome","floor":20,"gold_loss":0},{"damage_healed":0,"gold_gain":0,"player_choice":"Became a Ghost","damage_taken":0,"max_hp_gain":0,"max_hp_loss":35,"event_name":"Ghosts","floor":21,"gold_loss":0,"cards_obtained":["Ghostly","Ghostly","Ghostly","Ghostly","Ghostly"]}],"is_beta":false,"boss_relics":[{"not_picked":["Busted Crown","Cursed Key"],"picked":"Black Star"}],"items_purged_floors":[5,12,22],"is_endless":false,"potions_floor_spawned":[3,11,14,16],"killed_by":"Gremlin Leader","ascension_level":4}}