{"host":"07a2fkusd33ogvuu","time":1613666202,"event":{"mods":["BaseMod","Bestiary","Colored Powertips","Highlight Path","Minty Spire (QoL Compilation)","Relic Stats"],"gold_per_floor":[116,1,1,15,15,47,59,86,168,168,195,209,209,223,223,297,297,310,324,343,41,41,41,68,68,93,93,36,69,169,201,201,279,279,297,314,328,345,144,144,176,176,176,176,205,220,220,5,5,5,5,5,5,5,32,32,32],"floor_reached":56,"language":"ENG","playtime":4358,"items_purged":["Strike_B","Strike_B","Strike_B"],"score":2012,"play_id":"6bb02bca-25c6-4b3b-ac5a-679287002c1f","local_time":"20210218163642","is_ascension_mode":true,"campfire_choices":[{"data":"Streamline","floor":10.0,"key":"SMITH"},{"data":"Fission","floor":13.0,"key":"SMITH"},{"data":"Hologram","floor":15.0,"key":"SMITH"},{"floor":23.0,"key":"REST"},{"data":"Go for the Eyes","floor":25.0,"key":"SMITH"},{"data":"Static Discharge","floor":32.0,"key":"SMITH"},{"floor":40.0,"key":"RECALL"},{"data":"Thunder Strike","floor":42.0,"key":"SMITH"},{"data":"Biased Cognition","floor":44.0,"key":"SMITH"},{"data":"Seek","floor":47.0,"key":"SMITH"},{"data":"Apotheosis","floor":49.0,"key":"SMITH"},{"data":"Zap","floor":53.0,"key":"SMITH"}],"circlet_count":0,"master_deck":["AscendersBane","Strike_B","Defend_B","Defend_B+1","Defend_B","Defend_B","Zap+1","Dualcast+1","Static Discharge+1","Defragment+1","Go for the Eyes+1","Streamline+1","Compile Driver","Melter","Fission+1","Glacier","Hologram+1","Thunder Strike+1","Streamline+1","Cold Snap+1","Ball Lightning","Self Repair","Biased Cognition+1","Chill+1","Ball Lightning","Seek+1","Capacitor","Beam Cell+1","Apotheosis+1","Auto Shields"],"relics":["Cracked Core","NeowsBlessing","Blue Candle","Meat on the Bone","Bag of Marbles","Ornamental Fan","Mango","Velvet Choker","OrangePellets","Enchiridion","Lantern","Omamori","MutagenicStrength","Incense Burner","Bird Faced Urn","Bottled Lightning","Torii","Busted Crown","Bag of Preparation","Eternal Feather","War Paint"],"acts_visited":["Exordium","TheCity","TheBeyond","TheEnding"],"potions_floor_usage":[56,56],"damage_taken":[{"damage":0.0,"enemies":"Cultist","floor":1.0,"turns":1.0},{"damage":0.0,"enemies":"Small Slimes","floor":4.0,"turns":1.0},{"damage":0.0,"enemies":"3 Sentries","floor":6.0,"turns":1.0},{"damage":2.0,"enemies":"Jaw Worm","floor":7.0,"turns":4.0},{"damage":15.0,"enemies":"Lagavulin","floor":8.0,"turns":5.0},{"damage":8.0,"enemies":"Gremlin Nob","floor":11.0,"turns":3.0},{"damage":3.0,"enemies":"Exordium Wildlife","floor":12.0,"turns":2.0},{"damage":2.0,"enemies":"3 Louse","floor":14.0,"turns":2.0},{"damage":13.0,"enemies":"Hexaghost","floor":16.0,"turns":7.0},{"damage":11.0,"enemies":"2 Thieves","floor":18.0,"turns":4.0},{"damage":12.0,"enemies":"3 Byrds","floor":19.0,"turns":4.0},{"damage":8.0,"enemies":"Shelled Parasite and Fungi","floor":20.0,"turns":5.0},{"damage":22.0,"enemies":"Gremlin Leader","floor":24.0,"turns":7.0},{"damage":0.0,"enemies":"Slavers","floor":29.0,"turns":3.0},{"damage":6.0,"enemies":"Colosseum Slavers","floor":30.0,"turns":3.0},{"damage":0.0,"enemies":"Colosseum Nobs","floor":30.0,"turns":5.0},{"damage":11.0,"enemies":"Book of Stabbing","floor":31.0,"turns":5.0},{"damage":2.0,"enemies":"Champ","floor":33.0,"turns":7.0},{"damage":0.0,"enemies":"3 Shapes","floor":35.0,"turns":4.0},{"damage":0.0,"enemies":"3 Darklings","floor":36.0,"turns":4.0},{"damage":0.0,"enemies":"4 Shapes","floor":37.0,"turns":4.0},{"damage":1.0,"enemies":"Writhing Mass","floor":38.0,"turns":5.0},{"damage":17.0,"enemies":"Giant Head","floor":41.0,"turns":8.0},{"damage":26.0,"enemies":"Nemesis","floor":45.0,"turns":5.0},{"damage":0.0,"enemies":"Sphere and 2 Shapes","floor":46.0,"turns":2.0},{"damage":59.0,"enemies":"Time Eater","floor":50.0,"turns":6.0},{"damage":14.0,"enemies":"Awakened One","floor":51.0,"turns":11.0},{"damage":34.0,"enemies":"Shield and Spear","floor":55.0,"turns":6.0},{"damage":81,"enemies":"The Heart","floor":56,"turns":8}],"seed_played":"1758339386739370124","potions_obtained":[{"floor":1.0,"key":"GamblersBrew"},{"floor":4.0,"key":"Weak Potion"},{"floor":11.0,"key":"BlessingOfTheForge"},{"floor":12.0,"key":"FocusPotion"},{"floor":20.0,"key":"SmokeBomb"},{"floor":29.0,"key":"PowerPotion"},{"floor":30.0,"key":"AttackPotion"},{"floor":37.0,"key":"PowerPotion"},{"floor":41.0,"key":"PotionOfCapacity"},{"floor":55.0,"key":"ColorlessPotion"}],"is_trial":false,"path_per_floor":["M","$","T","M","?","E","M","E","T","R","E","M","R","M","R","B",null,"M","M","M","$","?","R","E","R","T","?","$","E","?","E","R","B",null,"M","M","M","M","$","R","E","R","T","R","E","M","R","$","R","B","B",null,"R","$","E","B"],"character_chosen":"DEFECT","items_purchased":["Defragment","OrangePellets","Self Repair","Strength Potion","Capacitor","Apotheosis"],"campfire_rested":1,"item_purchase_floors":[2,21,21,28,39,48],"current_hp_per_floor":[64,64,64,64,64,64,62,47,47,47,53,50,50,48,48,47,76,65,53,45,45,24,49,46,46,46,46,46,46,62,68,68,85,85,85,85,85,85,85,85,82,82,82,82,83,85,85,85,85,52,60,79,85,85,69,0,0],"gold":32,"neow_bonus":"THREE_ENEMY_KILL","is_daily":false,"chose_seed":false,"campfire_upgraded":10,"win_rate":0.0,"timestamp":1613666202,"path_taken":["M","?","?","?","?","E","M","E","T","R","E","M","R","M","R","BOSS","M","M","M","$","?","R","E","R","T","?","$","E","?","E","R","BOSS","M","M","M","M","$","R","E","R","T","R","E","M","R","$","R","BOSS","BOSS","R","$","E","BOSS"],"items_purchased_type":["Card","Relic","Card","Potion","Card","Card"],"build_version":"2020-12-22","purchased_purges":3,"victory":false,"max_hp_per_floor":[71,71,71,71,71,71,71,71,71,71,85,85,85,85,85,85,85,85,85,85,85,85,85,85,85,85,85,85,85,85,85,85,85,85,85,85,85,85,85,85,85,85,85,85,85,85,85,85,85,85,85,85,85,85,85,85,85],"relic_stats":{"OrangePellets":[41],"Busted Crown":16,"Torii":13,"counters":[29,132],"Ornamental Fan":[168],"Blue Candle":[0],"Bird Faced Urn":[88],"Eternal Feather":6,"Bag of Preparation":[12],"War Paint":["Dualcast","Defend_B"],"obtain_stats":[{"Lantern":24,"NeowsBlessing":0,"Torii":31,"Blue Candle":3,"Velvet Choker":17,"Enchiridion":22,"Mango":11,"Eternal Feather":45,"Omamori":26,"Incense Burner":29,"Bag of Preparation":41,"War Paint":55,"OrangePellets":21,"Busted Crown":34,"Ornamental Fan":9,"MutagenicStrength":27,"Bird Faced Urn":30,"Bag of Marbles":8,"Bottled Lightning":30,"Cracked Core":0,"Meat on the Bone":6},{"Lantern":13,"NeowsBlessing":0,"Torii":17,"Blue Candle":1,"Velvet Choker":9,"Enchiridion":12,"Mango":6,"Eternal Feather":24,"Omamori":13,"Incense Burner":14,"Bag of Preparation":23,"War Paint":28,"OrangePellets":12,"Busted Crown":18,"Ornamental Fan":5,"MutagenicStrength":13,"Bird Faced Urn":16,"Bag of Marbles":5,"Bottled Lightning":16,"Cracked Core":0,"Meat on the Bone":3},{"Lantern":46,"NeowsBlessing":0,"Torii":62,"Blue Candle":1,"Velvet Choker":26,"Enchiridion":39,"Mango":15,"Eternal Feather":99,"Omamori":46,"Incense Burner":49,"Bag of Preparation":94,"War Paint":124,"OrangePellets":39,"Busted Crown":69,"Ornamental Fan":12,"MutagenicStrength":46,"Bird Faced Urn":57,"Bag of Marbles":12,"Bottled Lightning":57,"Cracked Core":0,"Meat on the Bone":3}],"Meat on the Bone":48},"card_choices":[{"not_picked":["Go for the Eyes","Heatsinks"],"picked":"Static Discharge","floor":1.0},{"not_picked":["Recycle","Steam"],"picked":"Go for the Eyes","floor":4.0},{"not_picked":["Rebound","Steam"],"picked":"Streamline","floor":6.0},{"not_picked":["Leap","Steam"],"picked":"Compile Driver","floor":7.0},{"not_picked":["Beam Cell","Go for the Eyes"],"picked":"Melter","floor":8.0},{"not_picked":["Force Field","Undo"],"picked":"Fission","floor":11.0},{"not_picked":["Turbo","Hologram"],"picked":"Glacier","floor":12.0},{"not_picked":["Rebound","Beam Cell"],"picked":"Hologram","floor":14.0},{"not_picked":["Multi-Cast","Hyperbeam"],"picked":"Thunder Strike","floor":16.0},{"not_picked":["White Noise","Gash+1"],"picked":"Streamline+1","floor":18.0},{"not_picked":["Barrage","Stack"],"picked":"Cold Snap+1","floor":19.0},{"not_picked":["Gash","Hologram"],"picked":"Ball Lightning","floor":20.0},{"not_picked":["Capacitor","FTL"],"picked":"Biased Cognition","floor":24.0},{"not_picked":["Redo","Compile Driver"],"picked":"Chill+1","floor":29.0},{"not_picked":["Redo","FTL"],"picked":"Ball Lightning","floor":31.0},{"not_picked":["Reboot","Creative AI"],"picked":"Seek","floor":33.0},{"not_picked":["Ball Lightning"],"picked":"SKIP","floor":35.0},{"not_picked":["Hologram"],"picked":"SKIP","floor":36.0},{"not_picked":["Cold Snap"],"picked":"SKIP","floor":37.0},{"not_picked":["Ball Lightning"],"picked":"SKIP","floor":38.0},{"not_picked":[],"picked":"Beam Cell+1","floor":41.0},{"not_picked":["Streamline"],"picked":"SKIP","floor":45.0},{"not_picked":["Genetic Algorithm"],"picked":"SKIP","floor":46.0},{"not_picked":[],"picked":"Auto Shields","floor":55.0}],"player_experience":1263047,"relics_obtained":[{"floor":3.0,"key":"Blue Candle"},{"floor":6.0,"key":"Meat on the Bone"},{"floor":8.0,"key":"Bag of Marbles"},{"floor":9.0,"key":"Ornamental Fan"},{"floor":11.0,"key":"Mango"},{"floor":22.0,"key":"Enchiridion"},{"floor":24.0,"key":"Lantern"},{"floor":26.0,"key":"Omamori"},{"floor":29.0,"key":"Incense Burner"},{"floor":30.0,"key":"Bird Faced Urn"},{"floor":30.0,"key":"Bottled Lightning"},{"floor":31.0,"key":"Torii"},{"floor":41.0,"key":"Bag of Preparation"},{"floor":45.0,"key":"Eternal Feather"},{"floor":55.0,"key":"War Paint"}],"event_choices":[{"damage_healed":0.0,"max_hp_gain":0.0,"max_hp_loss":0.0,"gold_gain":0.0,"event_name":"Living Wall","player_choice":"Grow","floor":5.0,"gold_loss":0.0,"damage_taken":0.0,"cards_upgraded":["Defragment"]},{"damage_healed":0.0,"max_hp_gain":0.0,"max_hp_loss":0.0,"gold_gain":0.0,"event_name":"Cursed Tome","player_choice":"Obtained Book","floor":22.0,"gold_loss":0.0,"damage_taken":21.0},{"damage_healed":0.0,"max_hp_gain":0.0,"max_hp_loss":0.0,"gold_gain":0.0,"event_name":"Drug Dealer","player_choice":"Inject Mutagens","floor":27.0,"gold_loss":0.0,"damage_taken":0.0,"relics_obtained":["MutagenicStrength"]},{"damage_healed":0.0,"max_hp_gain":0.0,"max_hp_loss":0.0,"gold_gain":0.0,"event_name":"Colosseum","player_choice":"Fight","floor":30.0,"gold_loss":0.0,"damage_taken":0.0},{"damage_healed":0.0,"max_hp_gain":0.0,"max_hp_loss":0.0,"gold_gain":0.0,"event_name":"Colosseum","player_choice":"Fought Nobs","floor":30.0,"gold_loss":0.0,"damage_taken":0.0}],"is_beta":false,"boss_relics":[{"not_picked":["SacredBark","Empty Cage"],"picked":"Velvet Choker"},{"not_picked":["SlaversCollar","Astrolabe"],"picked":"Busted Crown"}],"items_purged_floors":[2,21,39],"is_endless":false,"potions_floor_spawned":[1,4,11,12,20,29,30,30,37,41,45,55],"killed_by":"The Heart","ascension_level":20}}