{"host":"81h68oe4mr04pk3r","time":1613624258,"event":{"mods":["Act Like it!","Aspiration","BaseMod","BetterRewards","Colored Map","Colored Powertips","Conspire","Downfall","Gensokyo","Hallownest","Hermit","Hubris","Infinite Spire","Jorbs\u0027s Wanderer Trilogy","Koishi","Lobotomy","LobotomyExtend","Marisa????????","Minty Spire (QoL Compilation)","Quick Restart","Reimu??????","Remilia??????","StSLib","The Bug Knight","The Construct","The Cursed","The Disciple","The Servant 0.9.4"],"gold_per_floor":[109,109,7,20,38,38,51,51,51,51,61,61,0,17,17,112,112,112,112,127,127,145,145,145],"floor_reached":23,"language":"ENG","playtime":879,"items_purged":[],"score":181,"play_id":"d3bfad21-e2e3-49a5-8d52-4c2ef7012b4e","local_time":"20210217205738","is_ascension_mode":false,"campfire_choices":[{"data":"HollowMod:VengefulVoid","floor":6,"key":"SMITH"},{"data":"HollowMod:DashSlash","floor":8,"key":"SMITH"},{"data":"HollowMod:PogoStrike","floor":10,"key":"SMITH"},{"data":"HollowMod:VoidDash","floor":15,"key":"SMITH"}],"circlet_count":0,"master_deck":["HollowMod:NailStrikeStart","HollowMod:NailStrikeStart","HollowMod:NailStrikeStart","HollowMod:NailStrikeStart","HollowMod:QuickDashStart","HollowMod:QuickDashStart","HollowMod:QuickDashStart","HollowMod:QuickDashStart","HollowMod:FocusHealStart","HollowMod:PogoStrike+1","Good Instincts","HollowMod:VengefulVoid+1","HollowMod:HeavyBlow","HollowMod:LifebloodCocoon","HollowMod:BaldurShell","HollowMod:CloakDash","HollowMod:DashSlash+1","HollowMod:VoidDash+1","Gensokyo:RustyChest","HollowMod:DashSlash","HollowMod:theNailsmith","infinitespire:Starlight","HollowMod:FastStrike","HollowMod:RecoilStrike"],"relics":["HollowMod:VesselMask","LetterFromLob","hubris:CrystalStatue","ScarletDevilRocket","conspire:SlowCooker","Gensokyo:RedStar","Frozen Eye"],"acts_visited":["Gensokyo:Gensokyo","Gensokyo:Gensokyoer"],"potions_floor_usage":[16,16],"damage_taken":[{"damage":1,"enemies":"Gensokyo:Gryphon","floor":1,"turns":3},{"damage":0,"enemies":"Gensokyo:3_Fairies","floor":4,"turns":4},{"damage":4,"enemies":"Gensokyo:2_Kodama","floor":5,"turns":2},{"damage":10,"enemies":"Gensokyo:Kitsune","floor":7,"turns":4},{"damage":0,"enemies":"Gensokyo:VengefulSpirit","floor":11,"turns":4},{"damage":1,"enemies":"Gensokyo:Python_and_Kodama","floor":14,"turns":3},{"damage":9,"enemies":"Gensokyo:Reimu","floor":16,"turns":9},{"damage":36,"enemies":"Gensokyo:AngelMirror","floor":20,"turns":4},{"damage":28,"enemies":"Gensokyo:Chomper","floor":22,"turns":6},{"damage":30,"enemies":"Gensokyo:Koishi","floor":23,"turns":4}],"seed_played":"-422251287174342648","potions_obtained":[{"floor":7,"key":"PowerPotion"},{"floor":14,"key":"Weak Potion"}],"is_trial":false,"path_per_floor":["M","?","$","M","M","R","M","R","T","R","M","?","COS","M","R","B",null,"M","?","M","?","M","E"],"character_chosen":"THE_BUGKNIGHT","items_purchased":["HollowMod:HeavyBlow","HollowMod:LifebloodCocoon"],"campfire_rested":0,"item_purchase_floors":[3,3],"current_hp_per_floor":[75,75,75,75,71,71,61,61,61,61,61,61,61,60,60,51,75,75,58,32,32,20,0,0],"gold":145,"neow_bonus":"RANDOM_COLORLESS","is_daily":false,"chose_seed":false,"campfire_upgraded":4,"win_rate":0.0,"timestamp":1613624258,"path_taken":["M","?","$","M","M","R","M","R","T","R","?","?","COS","M","R","BOSS","M","?","M","?","M","E"],"items_purchased_type":["Card","Card"],"build_version":"2020-12-22","purchased_purges":0,"victory":false,"max_hp_per_floor":[75,75,75,75,75,75,75,75,75,75,75,75,75,75,75,75,75,75,75,75,75,75,75,75],"card_choices":[{"not_picked":["Purity","Bandage Up"],"picked":"Good Instincts","floor":0},{"not_picked":["HollowMod:DungDefenderAura","HollowMod:InfectedAttack"],"picked":"HollowMod:VengefulVoid","floor":1},{"not_picked":["HollowMod:FastStrike","HollowMod:WraithStrike"],"picked":"HollowMod:BaldurShell","floor":4},{"not_picked":["HollowMod:SoulStrike","HollowMod:DescendingDark"],"picked":"HollowMod:CloakDash","floor":5},{"not_picked":["HollowMod:MothsMistake","HollowMod:SoulStrike"],"picked":"HollowMod:DashSlash","floor":7},{"not_picked":["HollowMod:CrystalDash","HollowMod:FallenFury"],"picked":"HollowMod:VoidDash","floor":11},{"not_picked":["HollowMod:VengefulSpirit","HollowMod:TaintedHusks"],"picked":"HollowMod:DashSlash","floor":14},{"not_picked":["HollowMod:HornetsHelp","HollowMod:ZotesMagnificence"],"picked":"HollowMod:theNailsmith","floor":16},{"not_picked":["hubris:Rewind","infinitespire:Execution"],"picked":"infinitespire:Starlight","floor":19},{"not_picked":["HollowMod:VengefulVoid","HollowMod:CornifersMapStart+1"],"picked":"HollowMod:FastStrike","floor":20},{"not_picked":["HollowMod:SoulVessel","HollowMod:QuirrelsAssistance+1"],"picked":"HollowMod:RecoilStrike","floor":22}],"player_experience":249455,"relics_obtained":[{"floor":1,"key":"LetterFromLob"},{"floor":9,"key":"hubris:CrystalStatue"}],"event_choices":[],"is_beta":false,"boss_relics":[{"not_picked":["aspiration:PoetsPen_weak","SlaversCollar"],"picked":"conspire:SlowCooker"}],"items_purged_floors":[],"is_endless":false,"potions_floor_spawned":[7,14],"killed_by":"Gensokyo:Koishi","ascension_level":0}}