{"host":"onk0sru1v5nf4gev","time":1613676908,"event":{"mods":["AchievementEnabler","BaseMod","Downfall","Googly Eyes","Hermit","Minty Spire (QoL Compilation)","Quick Restart","Replay The Spire","StSLib","SuperFastMode","The Cursed"],"gold_per_floor":[117,192,0,0,20,20,55,55,81,115,189,189,206,219,219,318,318,329,99,99,123,123,123,143,159,159,159,186,22,22,40,40,141,141,153,179,78,95,0,32,32,6,75,75,88,100,100,100],"floor_reached":47,"language":"FRA","playtime":3758,"items_purged":[],"score":635,"play_id":"4ae26c3d-8fab-466a-885b-56a5274d7cd6","local_time":"20210218203508","is_ascension_mode":true,"campfire_choices":[{"data":"Flex","floor":6.0,"key":"SMITH"},{"floor":8.0,"key":"REST"},{"data":"Barricade","floor":12.0,"key":"SMITH"},{"data":"Thunderclap","floor":23.0,"key":"SMITH"},{"data":"Searing Blow","floor":27.0,"key":"SMITH"},{"floor":44.0,"key":"REST"}],"circlet_count":0,"master_deck":["Strike_R","Strike_R","Strike_R","Strike_R","Strike_R","Defend_R","Defend_R+1","Defend_R+1","Defend_R","Bash","Flex+1","Rage+1","Thunderclap+1","Searing Blow+2","Barricade+1","Cleave","Whirlwind+1","Reaper","Replay:Undeath\u0027s Touch+1","Bloodletting","Disarm+1","Entrench+1","Ghostly Armor+1","Limit Break","Intimidate","Double Tap","Cleave+1","Armaments+1","Spot Weakness+1","Writhe","True Grit+1","Evolve+1"],"relics":["Burning Blood","Blue Doll","Happy Flower","Replay:Mystery Machine","Red Skull","Tiny Chest","Velvet Choker","Bag of Marbles","War Paint","Enchiridion","Mirror","Potion Belt","Busted Crown","Blood Vial","Red Mask","Orichalcum","Blue Candle"],"acts_visited":["Exordium","TheCity","TheBeyond"],"potions_floor_usage":[47,47],"damage_taken":[{"damage":5.0,"enemies":"Jaw Worm","floor":1.0,"turns":6.0},{"damage":3.0,"enemies":"Small Slimes","floor":5.0,"turns":4.0},{"damage":40.0,"enemies":"3 Sentries","floor":7.0,"turns":10.0},{"damage":0.0,"enemies":"Gremlin Nob","floor":10.0,"turns":3.0},{"damage":0.0,"enemies":"2 Louse","floor":13.0,"turns":1.0},{"damage":0.0,"enemies":"Large Slime","floor":14.0,"turns":5.0},{"damage":61.0,"enemies":"Fading Forest","floor":16.0,"turns":11.0},{"damage":0.0,"enemies":"Spheric Guardian","floor":18.0,"turns":3.0},{"damage":26.0,"enemies":"3 Byrds","floor":24.0,"turns":4.0},{"damage":4.0,"enemies":"Cultist and Chosen","floor":25.0,"turns":3.0},{"damage":46.0,"enemies":"Book of Stabbing","floor":28.0,"turns":5.0},{"damage":17.0,"enemies":"Colosseum Slavers","floor":30.0,"turns":2.0},{"damage":0.0,"enemies":"3 Cultists","floor":31.0,"turns":3.0},{"damage":99.0,"enemies":"Collector","floor":33.0,"turns":9.0},{"damage":13.0,"enemies":"3 Shapes","floor":35.0,"turns":3.0},{"damage":9.0,"enemies":"Orb Walker","floor":38.0,"turns":4.0},{"damage":71.0,"enemies":"R_Hoarder","floor":40.0,"turns":9.0},{"damage":61.0,"enemies":"4 Shapes","floor":45.0,"turns":5.0},{"damage":42.0,"enemies":"Writhing Mass","floor":46.0,"turns":8.0},{"damage":92,"enemies":"Giant Head","floor":47,"turns":7}],"seed_played":"-7017340868171781475","potions_obtained":[{"floor":5.0,"key":"SpeedPotion"},{"floor":7.0,"key":"Explosive Potion"},{"floor":16.0,"key":"Dexterity Potion"},{"floor":24.0,"key":"BlessingOfTheForge"},{"floor":33.0,"key":"BloodPotion"},{"floor":35.0,"key":"LiquidBronze"},{"floor":40.0,"key":"DuplicationPotion"},{"floor":45.0,"key":"Slimebound:ThreeZeroPotion"}],"is_trial":false,"path_per_floor":["M","?","$","?","M","R","E","R","T","E","?","R","M","M","R","B",null,"M","$","?","T","?","R","M","M","T","R","E","$","?","M","R","B",null,"M","T","$","M","?","E","?","$","T","R","M","M","E"],"character_chosen":"IRONCLAD","items_purchased":["Rage+1","Happy Flower","Bag of Marbles","Bloodletting","Limit Break","Armaments+1","Regen Potion","True Grit+1"],"campfire_rested":2,"item_purchase_floors":[3,3,19,19,29,37,37,42],"current_hp_per_floor":[80,69,69,74,77,77,43,68,68,74,74,74,80,85,85,38,85,85,85,85,85,69,69,65,85,85,85,45,45,54,60,85,37,85,82,82,82,82,82,20,41,41,41,66,68,40,0,0],"gold":100,"neow_bonus":"RANDOM_COMMON_RELIC","is_daily":false,"chose_seed":false,"campfire_upgraded":4,"win_rate":0.0,"timestamp":1613676908,"path_taken":["M","?","$","?","M","R","E","R","T","E","?","R","?","M","R","BOSS","M","$","?","?","?","R","M","?","T","R","E","$","?","M","R","BOSS","M","?","$","M","?","E","?","$","T","R","M","?","E"],"items_purchased_type":["Card","Relic","Relic","Card","Card","Card","Potion","Card"],"build_version":"2020-12-22","purchased_purges":0,"victory":false,"max_hp_per_floor":[80,80,80,85,85,85,85,85,85,85,85,85,85,85,85,85,85,85,85,85,85,85,85,85,85,85,85,85,85,85,85,85,85,85,85,85,85,85,85,85,85,85,85,85,85,85,85,85],"card_choices":[{"not_picked":["Perfected Strike","Battle Trance"],"picked":"Flex","floor":1.0},{"not_picked":["Replay:Undeath\u0027s Touch","Shrug It Off"],"picked":"Thunderclap","floor":5.0},{"not_picked":["Replay:Undeath\u0027s Touch","Hemokinesis"],"picked":"Searing Blow","floor":7.0},{"not_picked":["Entrench","Iron Wave"],"picked":"Barricade","floor":10.0},{"not_picked":["Clothesline","True Grit"],"picked":"Cleave","floor":13.0},{"not_picked":["Cleave","Wild Strike"],"picked":"Whirlwind","floor":14.0},{"not_picked":["Hemogenesis","Barricade"],"picked":"Reaper","floor":16.0},{"not_picked":["Disarm","Massacre"],"picked":"Replay:Undeath\u0027s Touch+1","floor":18.0},{"not_picked":["True Grit","Wild Strike"],"picked":"Disarm+1","floor":24.0},{"not_picked":["Rupture","Life Link"],"picked":"Entrench+1","floor":25.0},{"not_picked":["True Grit","Entrench+1"],"picked":"Ghostly Armor+1","floor":28.0},{"not_picked":["Second Wind","Twin Strike"],"picked":"Intimidate","floor":31.0},{"not_picked":["Immolate","Corruption"],"picked":"Double Tap","floor":33.0},{"not_picked":[],"picked":"Cleave+1","floor":35.0},{"not_picked":[],"picked":"Spot Weakness+1","floor":38.0},{"not_picked":["Clash"],"picked":"SKIP","floor":40.0},{"not_picked":[],"picked":"Evolve+1","floor":45.0},{"not_picked":["Havoc"],"picked":"SKIP","floor":46.0}],"player_experience":285509,"relics_obtained":[{"floor":7.0,"key":"Replay:Mystery Machine"},{"floor":9.0,"key":"Red Skull"},{"floor":10.0,"key":"Tiny Chest"},{"floor":21.0,"key":"War Paint"},{"floor":22.0,"key":"Enchiridion"},{"floor":26.0,"key":"Mirror"},{"floor":28.0,"key":"Potion Belt"},{"floor":36.0,"key":"Blood Vial"},{"floor":40.0,"key":"Orichalcum"},{"floor":43.0,"key":"Blue Candle"}],"event_choices":[{"damage_healed":0.0,"max_hp_gain":0.0,"max_hp_loss":0.0,"gold_gain":75.0,"event_name":"World of Goop","player_choice":"Gather Gold","floor":2.0,"gold_loss":0.0,"damage_taken":11.0},{"damage_healed":0.0,"max_hp_gain":5.0,"max_hp_loss":0.0,"gold_gain":0.0,"event_name":"Big Fish","player_choice":"Donut","floor":4.0,"gold_loss":0.0,"damage_taken":0.0},{"damage_healed":0.0,"max_hp_gain":0.0,"max_hp_loss":0.0,"gold_gain":74.0,"event_name":"Golden Wing","player_choice":"Gained Gold","floor":11.0,"gold_loss":0.0,"damage_taken":0.0},{"damage_healed":0.0,"max_hp_gain":0.0,"max_hp_loss":0.0,"gold_gain":0.0,"event_name":"Cursed Tome","player_choice":"Obtained Book","floor":22.0,"gold_loss":0.0,"damage_taken":16.0},{"damage_healed":0.0,"max_hp_gain":0.0,"max_hp_loss":0.0,"gold_gain":0.0,"event_name":"Colosseum","player_choice":"Fight","floor":30.0,"gold_loss":0.0,"damage_taken":0.0},{"damage_healed":0.0,"max_hp_gain":0.0,"max_hp_loss":0.0,"gold_gain":0.0,"event_name":"Colosseum","player_choice":"Fled From Nobs","floor":30.0,"gold_loss":0.0,"damage_taken":0.0},{"damage_healed":0.0,"max_hp_gain":0.0,"max_hp_loss":0.0,"gold_gain":0.0,"event_name":"Tomb of Lord Red Mask","player_choice":"Paid","floor":39.0,"gold_loss":95.0,"damage_taken":0.0,"relics_obtained":["Red Mask"]},{"damage_healed":21.0,"max_hp_gain":0.0,"max_hp_loss":0.0,"gold_gain":0.0,"event_name":"Winding Halls","player_choice":"Writhe","floor":41.0,"gold_loss":0.0,"damage_taken":0.0,"cards_obtained":["Writhe"]}],"is_beta":false,"boss_relics":[{"not_picked":["Astrolabe","Black Star"],"picked":"Velvet Choker"},{"not_picked":["Coffee Dripper","Runic Cube"],"picked":"Busted Crown"}],"items_purged_floors":[],"is_endless":false,"potions_floor_spawned":[5,7,16,24,30,33,35,40,45],"killed_by":"Giant Head","ascension_level":4}}