{"host":"uiabnm26t0ss3jkq","time":1613610096,"event":{"mods":["BaseMod","Better Note","Better Skull","Better Third Choice","Bossed Relics","Colored Powertips","Curses Come First","Minty Spire (QoL Compilation)","Relic Stats","Reliquary","Shapeshifter Mod","StSLib","SuperFastMode","Waifu the Spire"],"gold_per_floor":[109,123,223,241,253,288,12,38,38,54,67,67,67,79,79,181,181,194,272,282,293,293,293,326,342,368,368,368,380,18,33,33,129,129,140,140,152,23,43,78,78,78,128,155,185,244,256,282,294,306,318,330,1,33,33],"floor_reached":56,"language":"ENG","playtime":8940,"items_purged":["StSShapeShifter:ShapeShifter_Strike","StSShapeShifter:ShapeShifter_Strike","StSShapeShifter:ShapeShifter_Strike"],"score":1291,"play_id":"7db1bf33-a56f-4f87-8eaf-5efb324be4a1","local_time":"20210218040136","is_ascension_mode":false,"campfire_choices":[{"floor":13.0,"key":"REST"},{"data":"StSShapeShifter:Flourish","floor":15.0,"key":"SMITH"},{"data":"StSShapeShifter:SkullBash","floor":23.0,"key":"SMITH"},{"data":"StSShapeShifter:CosmicShifter","floor":27.0,"key":"SMITH"},{"data":"StSShapeShifter:OwlForm","floor":32.0,"key":"SMITH"},{"data":"StSShapeShifter:DiverseSpirit","floor":42.0,"key":"SMITH"},{"floor":49.0,"key":"RECALL"},{"data":"StSShapeShifter:MonkeyForm","floor":52.0,"key":"SMITH"}],"circlet_count":0,"master_deck":["StSShapeShifter:ShapeShifter_Strike","StSShapeShifter:ShapeShifter_Defend","StSShapeShifter:ShapeShifter_Defend","StSShapeShifter:ShapeShifter_Defend","StSShapeShifter:ShapeShifter_Defend","StSShapeShifter:ShapeShifter_Defend","StSShapeShifter:Tortoise_Form","StSShapeShifter:Lynx_Form","StSShapeShifter:MonkeyForm+1","StSShapeShifter:Maul","StSShapeShifter:Efflorescence","StSShapeShifter:Flourish+1","StSShapeShifter:DiverseSpirit+1","StSShapeShifter:RatForm","StSShapeShifter:RaptorForm","StSShapeShifter:DeerForm+1","StSShapeShifter:AdaptiveStrikes","StSShapeShifter:SkullBash+1","StSShapeShifter:CosmicShifter+1","StSShapeShifter:RaptorForm+1","StSShapeShifter:OwlForm+1","StSShapeShifter:GoldenBerries+1","StSShapeShifter:BearForm+1","StSShapeShifter:GoldenBerries+1","StSShapeShifter:Sap_Burst","StSShapeShifter:VineHandcuffs+1","StSShapeShifter:DeerForm","StSShapeShifter:PoisonIvy+1","StSShapeShifter:LionForm"],"relics":["StSShapeShifter:AnimalHeart","StSShapeShifter:TheShapeShiftersMagnolia","NeowsBlessing","reliquary:HotPoker","Membership Card","StSShapeShifter:DruidicMedallion","reliquary:QuartzCube","Darkstone Periapt","Philosopher\u0027s Stone","StSShapeShifter:WristwrapsOfDiscovery","Letter Opener","Orichalcum","Pear","DollysMirror","Bird Faced Urn","Runic Pyramid","Bag of Marbles","StSShapeShifter:EmeraldPantherFigurine","MawBank","FossilizedHelix","Medical Kit","Oddly Smooth Stone","reliquary:BallBearing","reliquary:Spinner"],"acts_visited":["Exordium","TheCity","TheBeyond","TheEnding"],"potions_floor_usage":[55,55,55],"damage_taken":[{"damage":0.0,"enemies":"2 Louse","floor":1.0,"turns":1.0},{"damage":0.0,"enemies":"Cultist","floor":2.0,"turns":1.0},{"damage":0.0,"enemies":"Jaw Worm","floor":4.0,"turns":1.0},{"damage":3.0,"enemies":"Red Slaver","floor":5.0,"turns":4.0},{"damage":28.0,"enemies":"Lagavulin","floor":6.0,"turns":9.0},{"damage":36.0,"enemies":"3 Sentries","floor":8.0,"turns":9.0},{"damage":0.0,"enemies":"Looter","floor":10.0,"turns":4.0},{"damage":4.0,"enemies":"Exordium Thugs","floor":11.0,"turns":3.0},{"damage":5.0,"enemies":"Gremlin Gang","floor":14.0,"turns":5.0},{"damage":16.0,"enemies":"Slime Boss","floor":16.0,"turns":9.0},{"damage":0.0,"enemies":"Shell Parasite","floor":18.0,"turns":4.0},{"damage":0.0,"enemies":"2 Thieves","floor":20.0,"turns":3.0},{"damage":9.0,"enemies":"Centurion and Healer","floor":21.0,"turns":4.0},{"damage":0.0,"enemies":"Slavers","floor":24.0,"turns":3.0},{"damage":16.0,"enemies":"Snake Plant","floor":25.0,"turns":2.0},{"damage":0.0,"enemies":"Cultist and Chosen","floor":29.0,"turns":3.0},{"damage":0.0,"enemies":"Centurion and Healer","floor":31.0,"turns":2.0},{"damage":0.0,"enemies":"Champ","floor":33.0,"turns":12.0},{"damage":48.0,"enemies":"3 Shapes","floor":35.0,"turns":3.0},{"damage":3.0,"enemies":"Orb Walker","floor":37.0,"turns":4.0},{"damage":41.0,"enemies":"Writhing Mass","floor":39.0,"turns":5.0},{"damage":50.0,"enemies":"Giant Head","floor":40.0,"turns":11.0},{"damage":27.0,"enemies":"Nemesis","floor":44.0,"turns":5.0},{"damage":20.0,"enemies":"Spire Growth","floor":45.0,"turns":6.0},{"damage":9.0,"enemies":"2 Orb Walkers","floor":46.0,"turns":5.0},{"damage":0.0,"enemies":"Jaw Worm Horde","floor":48.0,"turns":3.0},{"damage":31.0,"enemies":"Donu and Deca","floor":50.0,"turns":6.0},{"damage":92.0,"enemies":"Shield and Spear","floor":54.0,"turns":8.0},{"damage":38,"enemies":"The Heart","floor":55,"turns":10}],"seed_played":"1714794643054024113","potions_obtained":[{"floor":1.0,"key":"FearPotion"},{"floor":6.0,"key":"SteroidPotion"},{"floor":11.0,"key":"ColorlessPotion"},{"floor":14.0,"key":"DuplicationPotion"},{"floor":16.0,"key":"Strength Potion"},{"floor":18.0,"key":"Weak Potion"},{"floor":25.0,"key":"BlessingOfTheForge"},{"floor":28.0,"key":"GamblersBrew"},{"floor":28.0,"key":"Block Potion"},{"floor":29.0,"key":"CultistPotion"},{"floor":37.0,"key":"ColorlessPotion"},{"floor":45.0,"key":"PowerPotion"},{"floor":48.0,"key":"Dexterity Potion"}],"is_trial":false,"path_per_floor":["M","M","?","M","M","E","$","E","T","M","M","?","R","M","R","B",null,"M","T","M","M","?","R","E","M","T","R","?","M","$","M","R","B",null,"M","?","M","$","M","E","?","R","T","E","M","?","$","M","R","B",null,"R","$","E","B",null],"character_chosen":"SHAPESHIFTER","items_purchased":["Membership Card","StSShapeShifter:DruidicMedallion","StSShapeShifter:DiverseSpirit","Pear","DollysMirror","Bird Faced Urn","Bag of Marbles","Medical Kit","Oddly Smooth Stone","reliquary:BallBearing"],"campfire_rested":1,"item_purchase_floors":[7,7,7,30,30,30,38,53,53,53],"current_hp_per_floor":[78,78,78,78,75,47,47,11,11,11,7,7,30,25,25,9,78,78,78,78,69,69,69,69,53,53,53,53,60,70,80,80,88,88,57,57,78,78,65,43,43,43,43,39,39,53,53,61,61,59,88,88,88,29,27],"gold":33,"neow_bonus":"THREE_ENEMY_KILL","is_daily":false,"chose_seed":false,"campfire_upgraded":6,"win_rate":0.0,"timestamp":1613610096,"path_taken":["M","M","?","?","M","E","?","E","T","M","M","?","R","M","R","BOSS","M","?","?","M","?","R","E","?","T","R","?","M","$","M","R","BOSS","M","?","?","?","?","E","?","R","T","E","M","?","?","?","R","BOSS","R","$","E","BOSS"],"items_purchased_type":["Relic","Relic","Card","Relic","Relic","Relic","Relic","Relic","Relic","Relic"],"build_version":"2020-12-22","purchased_purges":3,"victory":true,"max_hp_per_floor":[78,78,78,78,78,78,78,78,78,78,78,78,78,78,78,78,78,78,78,78,78,78,78,78,78,78,78,78,78,88,88,88,88,88,88,88,88,88,88,88,88,88,88,88,88,88,88,88,88,88,88,88,88,88,88],"relic_stats":{"Darkstone Periapt":0,"counters":[29,145],"Bird Faced Urn":[88],"Letter Opener":[460],"Orichalcum":[6],"MawBank":108,"Medical Kit":[9],"obtain_stats":[{"StSShapeShifter:TheShapeShiftersMagnolia":0,"Darkstone Periapt":9,"StSShapeShifter:AnimalHeart":0,"Pear":30,"NeowsBlessing":0,"Oddly Smooth Stone":53,"Letter Opener":24,"reliquary:Spinner":54,"Orichalcum":26,"reliquary:QuartzCube":8,"StSShapeShifter:EmeraldPantherFigurine":40,"MawBank":44,"Medical Kit":53,"reliquary:HotPoker":6,"DollysMirror":30,"Bird Faced Urn":30,"Philosopher\u0027s Stone":17,"StSShapeShifter:WristwrapsOfDiscovery":19,"StSShapeShifter:DruidicMedallion":7,"reliquary:BallBearing":53,"Bag of Marbles":38,"Membership Card":7,"FossilizedHelix":46,"Runic Pyramid":34},{"StSShapeShifter:TheShapeShiftersMagnolia":0,"Darkstone Periapt":6,"StSShapeShifter:AnimalHeart":0,"Pear":16,"NeowsBlessing":0,"Oddly Smooth Stone":27,"Letter Opener":14,"reliquary:Spinner":28,"Orichalcum":15,"reliquary:QuartzCube":6,"StSShapeShifter:EmeraldPantherFigurine":22,"MawBank":23,"Medical Kit":27,"reliquary:HotPoker":5,"DollysMirror":16,"Bird Faced Urn":16,"Philosopher\u0027s Stone":10,"StSShapeShifter:WristwrapsOfDiscovery":11,"StSShapeShifter:DruidicMedallion":5,"reliquary:BallBearing":27,"Bag of Marbles":20,"Membership Card":5,"FossilizedHelix":25,"Runic Pyramid":18},{"StSShapeShifter:TheShapeShiftersMagnolia":0,"Darkstone Periapt":25,"StSShapeShifter:AnimalHeart":0,"Pear":65,"NeowsBlessing":0,"Oddly Smooth Stone":127,"Letter Opener":60,"reliquary:Spinner":135,"Orichalcum":62,"reliquary:QuartzCube":25,"StSShapeShifter:EmeraldPantherFigurine":102,"MawBank":107,"Medical Kit":127,"reliquary:HotPoker":16,"DollysMirror":65,"Bird Faced Urn":65,"Philosopher\u0027s Stone":46,"StSShapeShifter:WristwrapsOfDiscovery":50,"StSShapeShifter:DruidicMedallion":16,"reliquary:BallBearing":127,"Bag of Marbles":86,"Membership Card":16,"FossilizedHelix":118,"Runic Pyramid":79}]},"card_choices":[{"not_picked":["StSShapeShifter:FlamingoForm","StSShapeShifter:AdaptiveStrikes"],"picked":"StSShapeShifter:MonkeyForm","floor":1.0},{"not_picked":["StSShapeShifter:FesteringBite","StSShapeShifter:LeapingSlash"],"picked":"StSShapeShifter:Maul","floor":2.0},{"not_picked":["StSShapeShifter:FesteringBite","StSShapeShifter:HydraForm"],"picked":"StSShapeShifter:Efflorescence","floor":4.0},{"not_picked":["StSShapeShifter:MonkeyForm","StSShapeShifter:RockSlide","StSShapeShifter:FesteringBite"],"picked":"SKIP","floor":5.0},{"not_picked":["StSShapeShifter:DeepWound","StSShapeShifter:BladeOfGrass"],"picked":"StSShapeShifter:Flourish","floor":6.0},{"not_picked":["StSShapeShifter:Roar","StSShapeShifter:BladeOfGrass"],"picked":"StSShapeShifter:RatForm","floor":8.0},{"not_picked":["StSShapeShifter:BloomingSlash","StSShapeShifter:FesteringBite"],"picked":"StSShapeShifter:RaptorForm","floor":10.0},{"not_picked":["StSShapeShifter:PoisonIvy","StSShapeShifter:PantherForm"],"picked":"StSShapeShifter:DeerForm","floor":11.0},{"not_picked":["StSShapeShifter:SunflowerShuriken","StSShapeShifter:RockSlide"],"picked":"StSShapeShifter:AdaptiveStrikes","floor":14.0},{"not_picked":["StSShapeShifter:MammothForm","StSShapeShifter:PhoenixForm"],"picked":"StSShapeShifter:SkullBash","floor":16.0},{"not_picked":["StSShapeShifter:Roar","StSShapeShifter:BaskInBloom"],"picked":"StSShapeShifter:CosmicShifter","floor":18.0},{"not_picked":["StSShapeShifter:PoisonIvy","StSShapeShifter:Rest"],"picked":"StSShapeShifter:RaptorForm+1","floor":20.0},{"not_picked":["StSShapeShifter:OakBlade","StSShapeShifter:Consume"],"picked":"StSShapeShifter:OwlForm","floor":21.0},{"not_picked":["StSShapeShifter:Maul+1","StSShapeShifter:FlowerShield"],"picked":"StSShapeShifter:GoldenBerries+1","floor":24.0},{"not_picked":["StSShapeShifter:RockSlide+1","StSShapeShifter:BaskInBloom+1"],"picked":"StSShapeShifter:BearForm+1","floor":25.0},{"not_picked":["StSShapeShifter:VileMushroom","StSShapeShifter:Flood","StSShapeShifter:Guard+1"],"picked":"SKIP","floor":29.0},{"not_picked":["StSShapeShifter:FallingLeaves","StSShapeShifter:BarkSkin","StSShapeShifter:Wildfire2+1"],"picked":"SKIP","floor":31.0},{"not_picked":["StSShapeShifter:Winter","StSShapeShifter:SkullBash"],"picked":"StSShapeShifter:Sap_Burst","floor":33.0},{"not_picked":["StSShapeShifter:Sapling","StSShapeShifter:BladeOfGrass+1","StSShapeShifter:TopazSkin"],"picked":"SKIP","floor":35.0},{"not_picked":["StSShapeShifter:ShiftingStrike+1","StSShapeShifter:EntForm","StSShapeShifter:BladeOfGrass+1"],"picked":"SKIP","floor":37.0},{"not_picked":["StSShapeShifter:ShiftingStrike","StSShapeShifter:EmbraceTheCycle+1","StSShapeShifter:WaspSwarmForm"],"picked":"SKIP","floor":39.0},{"not_picked":["StSShapeShifter:EntForm","StSShapeShifter:VileMushroom"],"picked":"StSShapeShifter:VineHandcuffs+1","floor":40.0},{"not_picked":["StSShapeShifter:ThrashAbout","StSShapeShifter:SkullBash","StSShapeShifter:BaskInBloom+1"],"picked":"SKIP","floor":44.0},{"not_picked":["StSShapeShifter:MonkeyForm","StSShapeShifter:Rest+1"],"picked":"StSShapeShifter:DeerForm","floor":45.0},{"not_picked":["StSShapeShifter:RaptorForm+1","StSShapeShifter:OakBlade+1"],"picked":"StSShapeShifter:PoisonIvy+1","floor":46.0},{"not_picked":["StSShapeShifter:SunflowerShuriken","StSShapeShifter:BloomingSlash+1","StSShapeShifter:FlowerShield"],"picked":"SKIP","floor":48.0},{"not_picked":["StSShapeShifter:WaspSwarmForm+1","StSShapeShifter:ClimbTree"],"picked":"StSShapeShifter:LionForm","floor":54.0}],"player_experience":426111,"relics_obtained":[{"floor":6.0,"key":"reliquary:HotPoker"},{"floor":8.0,"key":"reliquary:QuartzCube"},{"floor":9.0,"key":"Darkstone Periapt"},{"floor":19.0,"key":"StSShapeShifter:WristwrapsOfDiscovery"},{"floor":24.0,"key":"Letter Opener"},{"floor":26.0,"key":"Orichalcum"},{"floor":40.0,"key":"StSShapeShifter:EmeraldPantherFigurine"},{"floor":44.0,"key":"MawBank"},{"floor":46.0,"key":"FossilizedHelix"},{"floor":54.0,"key":"reliquary:Spinner"}],"event_choices":[{"damage_healed":0.0,"max_hp_gain":0.0,"max_hp_loss":0.0,"gold_gain":100.0,"event_name":"Golden Shrine","player_choice":"Pray","floor":3.0,"gold_loss":0.0,"damage_taken":0.0},{"damage_healed":0.0,"max_hp_gain":0.0,"max_hp_loss":0.0,"gold_gain":0.0,"event_name":"Upgrade Shrine","player_choice":"Upgraded","floor":12.0,"gold_loss":0.0,"damage_taken":0.0,"cards_upgraded":["StSShapeShifter:DeerForm"]},{"cards_removed":["StSShapeShifter:SkullBash"],"damage_healed":0.0,"max_hp_gain":0.0,"max_hp_loss":0.0,"gold_gain":0.0,"event_name":"betterNote:BetterNote","player_choice":"Give","floor":22.0,"gold_loss":0.0,"damage_taken":0.0,"cards_obtained":["Decay"]},{"damage_healed":0.0,"max_hp_gain":0.0,"max_hp_loss":0.0,"gold_gain":0.0,"event_name":"Lab","player_choice":"Got Potions","floor":28.0,"gold_loss":0.0,"damage_taken":0.0},{"damage_healed":0.0,"max_hp_gain":0.0,"max_hp_loss":0.0,"gold_gain":0.0,"event_name":"Match and Keep!","player_choice":"0 cards matched","floor":36.0,"gold_loss":0.0,"damage_taken":0.0,"cards_obtained":[]},{"cards_removed":["StSShapeShifter:ShapeShifter_Strike"],"damage_healed":0.0,"max_hp_gain":0.0,"max_hp_loss":0.0,"gold_gain":0.0,"event_name":"Falling","player_choice":"Removed Attack","floor":41.0,"gold_loss":0.0,"damage_taken":0.0},{"damage_healed":0.0,"max_hp_gain":0.0,"max_hp_loss":0.0,"gold_gain":0.0,"event_name":"Mysterious Sphere","player_choice":"Fight","floor":46.0,"gold_loss":0.0,"damage_taken":0.0}],"is_beta":false,"boss_relics":[{"not_picked":["Coffee Dripper","Snecko Eye"],"picked":"Philosopher\u0027s Stone"},{"not_picked":["Cursed Key","reliquary:Craggleroot"],"picked":"Runic Pyramid"}],"items_purged_floors":[7,38,53],"is_endless":false,"potions_floor_spawned":[1,6,11,14,16,18,25,29,37,39,45,48],"ascension_level":0}}