{"host":"7ue15d6wz1o7m0ar","time":1613623663,"event":{"mods":["BaseMod","Hermit","Minty Spire (QoL Compilation)","Replay The Spire","StSLib"],"gold_per_floor":[117,42,117,117,217,252,252,277,323,337,337,348,378,389,389,488,488,499,250,250,265,14,44,44,70,118,129,161,175,189,189,189,189,189],"floor_reached":33,"language":"ENG","playtime":1776,"items_purged":["Vigilance","Strike_G"],"score":443,"play_id":"3f660a86-75e3-41ca-9ebf-42e84cdff8e5","local_time":"20210217224743","is_ascension_mode":true,"campfire_choices":[{"data":"Demon Form","floor":7,"key":"SMITH"},{"data":"Massacre","floor":11,"key":"SMITH"},{"floor":15,"key":"REST"},{"data":"Feed","floor":24,"key":"SMITH"},{"data":"Shockwave","floor":32,"key":"SMITH"}],"circlet_count":0,"master_deck":["Defend_R","Defend_R","Defend_R","Defend_R","Bash+1","Demon Form+1","ReplayTheSpireMod:Stacked","Flex","Massacre+1","Heavy Blade","Entrench","Power Through","Inflame","Demon Form","Thunderclap","Bloodletting+1","Feed+1","Pommel Strike","Shrug It Off","Shockwave+1","Combust+1","Infernal Blade","Bite","Bite","Bite","Bite","Bite"],"relics":["Burning Blood","Replay:Bottled Flurry","Onion Ring","Nunchaku","Velvet Choker","Akabeko","Nloth\u0027s Gift","Garlic","Dream Catcher","Kunai","Oddly Smooth Stone","Frozen Egg 2"],"acts_visited":["Exordium","TheCity"],"potions_floor_usage":[8,18,25,28,33,33],"damage_taken":[{"damage":10,"enemies":"Jaw Worm","floor":1,"turns":6},{"damage":40,"enemies":"Gremlin Nob","floor":6,"turns":5},{"damage":14,"enemies":"Lagavulin","floor":8,"turns":6},{"damage":0,"enemies":"2 Louse","floor":10,"turns":1},{"damage":0,"enemies":"Small Slimes","floor":12,"turns":3},{"damage":30,"enemies":"3 Sentries","floor":13,"turns":7},{"damage":4,"enemies":"Red Slaver","floor":14,"turns":2},{"damage":34,"enemies":"Hexaghost","floor":16,"turns":8},{"damage":0,"enemies":"Spheric Guardian","floor":18,"turns":3},{"damage":17,"enemies":"Shell Parasite","floor":21,"turns":3},{"damage":9,"enemies":"Replay:Snechameleon","floor":23,"turns":2},{"damage":11,"enemies":"Book of Stabbing","floor":25,"turns":4},{"damage":9,"enemies":"Centurion and Healer","floor":27,"turns":5},{"damage":3,"enemies":"Gremlin Leader","floor":28,"turns":5},{"damage":0,"enemies":"3 Cultists","floor":29,"turns":4},{"damage":8,"enemies":"Snake Plant","floor":30,"turns":3},{"damage":76,"enemies":"Automaton","floor":33,"turns":6}],"seed_played":"5857960834786277866","potions_obtained":[{"floor":6,"key":"ColorlessPotion"},{"floor":8,"key":"FearPotion"},{"floor":13,"key":"Dexterity Potion"},{"floor":14,"key":"LiquidMemories"},{"floor":18,"key":"SteroidPotion"},{"floor":23,"key":"DistilledChaos"},{"floor":25,"key":"CultistPotion"}],"is_trial":false,"path_per_floor":["M","$","?","?","?","E","R","E","T","M","R","M","E","M","R","B",null,"M","$","?","M","$","E","R","E","T","M","E","M","M","?","R","B"],"character_chosen":"IRONCLAD","items_purchased":["Akabeko","Garlic"],"campfire_rested":1,"item_purchase_floors":[19,22],"current_hp_per_floor":[76,76,65,70,70,36,36,28,28,34,34,40,16,18,43,15,85,85,85,85,74,74,71,71,66,66,67,70,80,78,65,65,0,0],"gold":189,"neow_bonus":"THREE_RARE_CARDS","is_daily":false,"chose_seed":false,"campfire_upgraded":4,"win_rate":0.0,"timestamp":1613623663,"path_taken":["M","$","?","?","?","E","R","E","T","M","R","M","E","?","R","BOSS","M","$","?","M","$","E","R","E","T","M","E","?","M","?","R","BOSS"],"items_purchased_type":["Relic","Relic"],"build_version":"2020-12-22","purchased_purges":2,"victory":false,"max_hp_per_floor":[80,80,80,85,85,85,85,85,85,85,85,85,85,85,85,85,85,85,85,85,85,85,85,85,85,85,89,89,93,93,65,65,65,65],"card_choices":[{"not_picked":["Corruption","Reaper"],"picked":"Demon Form","floor":0},{"not_picked":["Wild Strike","Warcry"],"picked":"ReplayTheSpireMod:Stacked","floor":1},{"not_picked":["Iron Wave","True Grit"],"picked":"Flex","floor":6},{"not_picked":["ReplayTheSpireMod:Muscle Training","Flame Barrier"],"picked":"Massacre","floor":8},{"not_picked":["Clash","Havoc"],"picked":"Heavy Blade","floor":10},{"not_picked":["Demonic Infusion","Rage"],"picked":"Entrench","floor":12},{"not_picked":["Clash","Intimidate"],"picked":"Power Through","floor":13},{"not_picked":["Heavy Blade","Burning Pact"],"picked":"Inflame","floor":14},{"not_picked":["Offering","Demonic Infusion"],"picked":"Demon Form","floor":16},{"not_picked":["Heavy Blade","Run Through"],"picked":"Thunderclap","floor":18},{"not_picked":["Flex","Twin Strike+1"],"picked":"Bloodletting+1","floor":21},{"not_picked":["Whirlwind","Anger+1"],"picked":"Feed","floor":23},{"not_picked":["Rampage","Disarm"],"picked":"Pommel Strike","floor":25},{"not_picked":["Run Through","Thunderclap+1"],"picked":"Shrug It Off","floor":27},{"not_picked":["Combust+1","Ghostly Armor"],"picked":"Shockwave","floor":28},{"not_picked":["Warcry","Burning Pact"],"picked":"Combust+1","floor":29},{"not_picked":["Sword Boomerang","Cleave"],"picked":"Infernal Blade","floor":30}],"player_experience":482621,"relics_obtained":[{"floor":6,"key":"Replay:Bottled Flurry"},{"floor":8,"key":"Onion Ring"},{"floor":9,"key":"Nunchaku"},{"floor":13,"key":"Whetstone"},{"floor":23,"key":"Dream Catcher"},{"floor":25,"key":"Kunai"},{"floor":26,"key":"Oddly Smooth Stone"},{"floor":28,"key":"Frozen Egg 2"}],"event_choices":[{"damage_healed":0,"gold_gain":75,"player_choice":"Gather Gold","damage_taken":11,"max_hp_gain":0,"max_hp_loss":0,"event_name":"World of Goop","floor":3,"gold_loss":0},{"damage_healed":0,"gold_gain":0,"player_choice":"Donut","damage_taken":0,"max_hp_gain":5,"max_hp_loss":0,"event_name":"Big Fish","floor":4,"gold_loss":0},{"damage_healed":0,"gold_gain":100,"player_choice":"Pray","damage_taken":0,"max_hp_gain":0,"max_hp_loss":0,"event_name":"Golden Shrine","floor":5,"gold_loss":0},{"damage_healed":0,"gold_gain":0,"player_choice":"Traded Relic","damage_taken":0,"relics_obtained":["Nloth\u0027s Gift"],"max_hp_gain":0,"max_hp_loss":0,"event_name":"N\u0027loth","floor":20,"relics_lost":["Whetstone"],"gold_loss":0},{"damage_healed":0,"gold_gain":0,"player_choice":"Became a vampire","damage_taken":0,"max_hp_gain":0,"max_hp_loss":28,"event_name":"Vampires","floor":31,"gold_loss":0,"cards_obtained":["Bite","Bite","Bite","Bite","Bite"]}],"is_beta":false,"boss_relics":[{"not_picked":["Fusion Hammer","Honey Jar"],"picked":"Velvet Choker"}],"items_purged_floors":[2,19],"is_endless":false,"potions_floor_spawned":[6,8,13,14,16,18,23,25,27],"killed_by":"Automaton","ascension_level":4}}