{"host":"fogez99mhgto9ydu","time":1613624959,"event":{"mods":["AchievementEnabler","BaseMod","Colored Map","Colored Powertips","Minty Spire (QoL Compilation)","SuperFastMode"],"gold_per_floor":[111,124,135,135,151,151,176,176,176,195,195,120,136,165,165,165,165],"floor_reached":16,"language":"ENG","playtime":615,"items_purged":["Defend_P"],"score":112,"play_id":"2a35954a-9945-42d8-83c1-4ebee1cf4ec8","local_time":"20210218060919","is_ascension_mode":false,"campfire_choices":[{"floor":6.0,"key":"RECALL"},{"floor":8.0,"key":"REST"},{"floor":15.0,"key":"REST"}],"circlet_count":0,"master_deck":["Strike_P","Strike_P","Strike_P","Defend_P","Defend_P","Defend_P","Eruption","Vigilance","PathToVictory","PathToVictory","EmptyMind","Protect","Evaluate","Perseverance"],"relics":["PureWater","Bottled Lightning","Shovel","Turnip"],"acts_visited":["Exordium"],"potions_floor_usage":[],"damage_taken":[{"damage":0.0,"enemies":"Cultist","floor":1.0,"turns":5.0},{"damage":1.0,"enemies":"Jaw Worm","floor":2.0,"turns":4.0},{"damage":5.0,"enemies":"Small Slimes","floor":3.0,"turns":4.0},{"damage":8.0,"enemies":"Red Slaver","floor":5.0,"turns":4.0},{"damage":30.0,"enemies":"Gremlin Nob","floor":7.0,"turns":4.0},{"damage":11.0,"enemies":"Gremlin Gang","floor":10.0,"turns":5.0},{"damage":7.0,"enemies":"3 Louse","floor":13.0,"turns":3.0},{"damage":34.0,"enemies":"3 Sentries","floor":14.0,"turns":18.0},{"damage":32,"enemies":"Slime Boss","floor":16,"turns":8}],"seed_played":"-7818650828674783572","potions_obtained":[{"floor":2.0,"key":"SpeedPotion"},{"floor":10.0,"key":"ColorlessPotion"},{"floor":13.0,"key":"FearPotion"},{"floor":14.0,"key":"Strength Potion"}],"is_trial":false,"path_per_floor":["M","M","M","?","M","R","E","R","T","M","?","$","M","E","R","B"],"character_chosen":"WATCHER","items_purchased":[],"campfire_rested":2,"item_purchase_floors":[],"current_hp_per_floor":[72,71,66,71,63,63,33,56,56,45,45,45,38,4,27,0,0],"gold":165,"neow_bonus":"REMOVE_CARD","is_daily":false,"chose_seed":false,"campfire_upgraded":0,"win_rate":0.0,"timestamp":1613624959,"path_taken":["M","?","?","?","M","R","E","R","T","M","?","$","?","E","R","BOSS"],"items_purchased_type":[],"build_version":"2020-12-22","purchased_purges":1,"victory":false,"max_hp_per_floor":[72,72,72,77,77,77,77,77,77,77,77,77,77,77,77,77,77],"card_choices":[{"not_picked":["ClearTheMind","SashWhip"],"picked":"PathToVictory","floor":1.0},{"not_picked":["WreathOfFlame","Conclude","Fasting2"],"picked":"SKIP","floor":2.0},{"not_picked":["BowlingBash","TalkToTheHand"],"picked":"PathToVictory","floor":3.0},{"not_picked":["CutThroughFate","ClearTheMind"],"picked":"EmptyMind","floor":5.0},{"not_picked":["CutThroughFate","ForeignInfluence"],"picked":"Protect","floor":7.0},{"not_picked":["FollowUp","ThirdEye"],"picked":"Evaluate","floor":10.0},{"not_picked":["Tantrum","BattleHymn","Crescendo"],"picked":"SKIP","floor":13.0},{"not_picked":["Fasting2","CrushJoints"],"picked":"Perseverance","floor":14.0}],"player_experience":435219,"relics_obtained":[{"floor":7.0,"key":"Bottled Lightning"},{"floor":9.0,"key":"Shovel"},{"floor":14.0,"key":"Turnip"}],"event_choices":[{"damage_healed":0.0,"max_hp_gain":5.0,"max_hp_loss":0.0,"gold_gain":0.0,"event_name":"Big Fish","player_choice":"Donut","floor":4.0,"gold_loss":0.0,"damage_taken":0.0},{"damage_healed":0.0,"max_hp_gain":0.0,"max_hp_loss":0.0,"gold_gain":0.0,"event_name":"The Woman in Blue","player_choice":"Bought 0 Potions","floor":11.0,"gold_loss":0.0,"damage_taken":0.0}],"is_beta":false,"boss_relics":[],"items_purged_floors":[12],"is_endless":false,"potions_floor_spawned":[2,10,13,14],"killed_by":"Slime Boss","ascension_level":0}}