{"host":"phy652c7lim9lcu2","time":1613638693,"event":{"mods":["BaseMod","Colored Powertips","Googly Eyes","Minty Spire (QoL Compilation)","Relic Stats","Spicy Shops","StSLib","everything is the same but u backflip on backflip"],"gold_per_floor":[109,120,133,143,143,177,197,217,241,269,284,319,319,335,335,439,439,450,450,450,23,0,30,41,76,148,148,25,50,50,64,64,167,167,183,233,252,2,18,49,49,59,86,86,100,100,100,126,126,126,126,126,28,56,56],"floor_reached":56,"language":"ENG","playtime":2982,"items_purged":["Shame"],"score":1879,"play_id":"ccf200bd-2d8e-4d2d-8f6d-237f4dfb8677","local_time":"20210218185813","is_ascension_mode":true,"campfire_choices":[{"data":"Armaments","floor":13.0,"key":"SMITH"},{"floor":15.0,"key":"REST"},{"data":"True Grit","floor":27.0,"key":"SMITH"},{"data":"True Grit","floor":30.0,"key":"SMITH"},{"floor":32.0,"key":"REST"},{"data":"Feel No Pain","floor":41.0,"key":"SMITH"},{"floor":44.0,"key":"RECALL"},{"data":"Juggernaut","floor":46.0,"key":"SMITH"},{"data":"Feel No Pain","floor":49.0,"key":"SMITH"},{"data":"Impervious","floor":52.0,"key":"SMITH"}],"circlet_count":0,"master_deck":["AscendersBane","Strike_R","Strike_R","Strike_R","Strike_R","Strike_R","Defend_R","Defend_R","Defend_R+1","Defend_R","Bash","Spot Weakness","Rampage+1","Armaments+1","Sever Soul","Exhume+1","Necronomicurse","Feel No Pain+1","Battle Trance","True Grit+1","True Grit+1","Pommel Strike+1","Impervious+1","Reaper","Feel No Pain+1","Immolate","Feel No Pain+1","Burning Pact+1","Reckless Charge","Juggernaut+1","Reaper"],"relics":["Burning Blood","Sundial","Dead Branch","Juzu Bracelet","Snecko Eye","Necronomicon","Medical Kit","Du-Vu Doll","War Paint","Mango","Matryoshka","Tiny Chest","Bag of Marbles","Coffee Dripper","Thread and Needle","Omamori","Anchor","Blood Vial","Darkstone Periapt","StoneCalendar","Bottled Tornado","Pear"],"acts_visited":["Exordium","TheCity","TheBeyond","TheEnding"],"potions_floor_usage":[55],"damage_taken":[{"damage":12.0,"enemies":"Jaw Worm","floor":1.0,"turns":4.0},{"damage":1.0,"enemies":"Cultist","floor":2.0,"turns":4.0},{"damage":6.0,"enemies":"Small Slimes","floor":3.0,"turns":4.0},{"damage":11.0,"enemies":"Blue Slaver","floor":4.0,"turns":4.0},{"damage":30.0,"enemies":"3 Sentries","floor":6.0,"turns":7.0},{"damage":6.0,"enemies":"Exordium Wildlife","floor":7.0,"turns":3.0},{"damage":8.0,"enemies":"Exordium Thugs","floor":8.0,"turns":4.0},{"damage":30.0,"enemies":"Gremlin Nob","floor":10.0,"turns":4.0},{"damage":1.0,"enemies":"Looter","floor":11.0,"turns":4.0},{"damage":10.0,"enemies":"3 Sentries","floor":12.0,"turns":6.0},{"damage":15.0,"enemies":"2 Fungi Beasts","floor":14.0,"turns":3.0},{"damage":26.0,"enemies":"The Guardian","floor":16.0,"turns":10.0},{"damage":12.0,"enemies":"Shell Parasite","floor":18.0,"turns":3.0},{"damage":0.0,"enemies":"Gremlin Leader","floor":23.0,"turns":3.0},{"damage":13.0,"enemies":"3 Byrds","floor":24.0,"turns":4.0},{"damage":5.0,"enemies":"Slavers","floor":25.0,"turns":5.0},{"damage":42.0,"enemies":"Book of Stabbing","floor":29.0,"turns":4.0},{"damage":13.0,"enemies":"Centurion and Healer","floor":31.0,"turns":4.0},{"damage":28.0,"enemies":"Champ","floor":33.0,"turns":9.0},{"damage":6.0,"enemies":"Orb Walker","floor":35.0,"turns":2.0},{"damage":17.0,"enemies":"2 Orb Walkers","floor":36.0,"turns":5.0},{"damage":9.0,"enemies":"3 Shapes","floor":37.0,"turns":4.0},{"damage":17.0,"enemies":"Writhing Mass","floor":39.0,"turns":6.0},{"damage":66.0,"enemies":"Giant Head","floor":40.0,"turns":8.0},{"damage":0.0,"enemies":"Transient","floor":42.0,"turns":5.0},{"damage":0.0,"enemies":"4 Shapes","floor":45.0,"turns":5.0},{"damage":19.0,"enemies":"Nemesis","floor":48.0,"turns":5.0},{"damage":14.0,"enemies":"Time Eater","floor":50.0,"turns":10.0},{"damage":35.0,"enemies":"Shield and Spear","floor":54.0,"turns":6.0},{"damage":148,"enemies":"The Heart","floor":55,"turns":9}],"seed_played":"-2503237907610157308","potions_obtained":[{"floor":1.0,"key":"LiquidBronze"},{"floor":3.0,"key":"SmokeBomb"},{"floor":4.0,"key":"Explosive Potion"},{"floor":6.0,"key":"LiquidMemories"},{"floor":10.0,"key":"DuplicationPotion"},{"floor":14.0,"key":"DistilledChaos"},{"floor":31.0,"key":"GamblersBrew"},{"floor":33.0,"key":"BlessingOfTheForge"},{"floor":40.0,"key":"GamblersBrew"},{"floor":42.0,"key":"AttackPotion"}],"is_trial":false,"path_per_floor":["M","M","M","M","?","E","M","M","T","E","M","E","R","M","R","B",null,"M","?","?","$","?","E","M","E","T","R","$","E","R","M","R","B",null,"M","?","M","$","M","E","R","M","T","R","M","R","T","E","R","B",null,"R","$","E","B",null],"character_chosen":"IRONCLAD","items_purchased":["Feel No Pain","Medical Kit","Du-Vu Doll","Tiny Chest","Fire Potion","Immolate","Feel No Pain","AttackPotion","FairyPotion"],"campfire_rested":2,"item_purchase_floors":[21,21,21,28,28,38,38,38,53],"current_hp_per_floor":[66,71,71,66,66,42,42,40,40,16,21,17,17,8,32,12,63,57,41,41,41,41,47,40,55,55,55,55,19,19,12,40,18,75,75,83,91,91,80,53,53,74,74,74,94,94,94,82,82,88,93,93,93,75,25],"gold":56,"neow_bonus":"THREE_CARDS","is_daily":false,"chose_seed":false,"campfire_upgraded":7,"win_rate":0.0,"timestamp":1613638693,"path_taken":["M","M","M","M","?","E","?","M","T","E","M","E","R","M","R","BOSS","M","?","?","?","?","E","M","E","T","R","$","E","R","M","R","BOSS","M","?","M","$","M","E","R","M","T","R","M","R","?","E","R","BOSS","R","$","E","BOSS"],"items_purchased_type":["Card","Relic","Relic","Relic","Potion","Card","Card","Potion","Potion"],"build_version":"2020-12-22","purchased_purges":1,"victory":true,"max_hp_per_floor":[80,80,80,80,80,80,80,80,80,80,80,80,80,80,80,80,80,80,80,80,80,80,80,80,94,94,94,94,94,94,94,94,94,94,94,94,94,94,94,94,94,94,94,94,94,94,94,94,94,94,94,94,94,104,104],"relic_stats":{"Darkstone Periapt":0,"counters":[30,154],"Dead Branch":[237],"StoneCalendar":[104],"Juzu Bracelet":0,"War Paint":["Exhume","Defend_R"],"Medical Kit":[29],"Burning Blood":174,"Blood Vial":7,"Sundial":[20],"Snecko Eye":[177,160,179,169],"Tiny Chest":0,"Necronomicon":[50],"obtain_stats":[{"Darkstone Periapt":47,"Pear":54,"Dead Branch":10,"Mango":25,"Thread and Needle":36,"StoneCalendar":47,"Juzu Bracelet":12,"Omamori":40,"War Paint":23,"Bottled Tornado":48,"Medical Kit":21,"Burning Blood":0,"Du-Vu Doll":21,"Blood Vial":43,"Anchor":43,"Matryoshka":26,"Sundial":6,"Snecko Eye":17,"Tiny Chest":28,"Necronomicon":19,"Bag of Marbles":29,"Coffee Dripper":34},{"Darkstone Periapt":26,"Pear":29,"Dead Branch":8,"Mango":16,"Thread and Needle":21,"StoneCalendar":26,"Juzu Bracelet":10,"Omamori":24,"War Paint":14,"Bottled Tornado":27,"Medical Kit":13,"Burning Blood":0,"Du-Vu Doll":13,"Blood Vial":25,"Anchor":25,"Matryoshka":16,"Sundial":5,"Snecko Eye":12,"Tiny Chest":16,"Necronomicon":13,"Bag of Marbles":17,"Coffee Dripper":19},{"Darkstone Periapt":124,"Pear":145,"Dead Branch":34,"Mango":72,"Thread and Needle":96,"StoneCalendar":124,"Juzu Bracelet":44,"Omamori":114,"War Paint":63,"Bottled Tornado":129,"Medical Kit":60,"Burning Blood":0,"Du-Vu Doll":60,"Blood Vial":119,"Anchor":119,"Matryoshka":72,"Sundial":23,"Snecko Eye":57,"Tiny Chest":72,"Necronomicon":60,"Bag of Marbles":76,"Coffee Dripper":89}]},"card_choices":[{"not_picked":["Twin Strike","Fire Breathing"],"picked":"Spot Weakness","floor":0.0},{"not_picked":["Sentinel","Twin Strike"],"picked":"Rampage","floor":1.0},{"not_picked":["Wild Strike","Second Wind","Infernal Blade"],"picked":"SKIP","floor":2.0},{"not_picked":["Warcry","Thunderclap","Power Through"],"picked":"SKIP","floor":3.0},{"not_picked":["Sever Soul","Flame Barrier","Dual Wield"],"picked":"SKIP","floor":4.0},{"not_picked":["Body Slam","Power Through","Searing Blow"],"picked":"SKIP","floor":6.0},{"not_picked":["Body Slam","Power Through","Searing Blow"],"picked":"SKIP","floor":6.0},{"not_picked":["Blood for Blood","Exhume"],"picked":"Armaments","floor":7.0},{"not_picked":["Havoc","Thunderclap","Clash"],"picked":"SKIP","floor":8.0},{"not_picked":["Infernal Blade","Armaments","Thunderclap"],"picked":"SKIP","floor":10.0},{"not_picked":["Fire Breathing","Body Slam","Seeing Red"],"picked":"SKIP","floor":11.0},{"not_picked":["Warcry","Dropkick"],"picked":"Sever Soul","floor":12.0},{"not_picked":["Armaments","Wild Strike","Anger"],"picked":"SKIP","floor":14.0},{"not_picked":["Brutality","Impervious"],"picked":"Exhume","floor":16.0},{"not_picked":["Wild Strike","Anger+1","Carnage+1"],"picked":"SKIP","floor":18.0},{"not_picked":["Demon Form","Havoc"],"picked":"Battle Trance","floor":23.0},{"not_picked":["Iron Wave","Twin Strike+1"],"picked":"True Grit","floor":24.0},{"not_picked":["Entrench","Twin Strike"],"picked":"True Grit","floor":25.0},{"not_picked":["Flex+1","Havoc+1"],"picked":"Pommel Strike+1","floor":29.0},{"not_picked":["Flex","Headbutt"],"picked":"Impervious","floor":31.0},{"not_picked":["Immolate","Offering"],"picked":"Reaper","floor":33.0},{"not_picked":["Perfected Strike","Inflame+1","Clothesline+1"],"picked":"SKIP","floor":35.0},{"not_picked":["Sever Soul","Body Slam+1"],"picked":"Feel No Pain+1","floor":37.0},{"not_picked":["True Grit","Thunderclap+1"],"picked":"Burning Pact+1","floor":39.0},{"not_picked":["Shockwave","Warcry+1","Flame Barrier"],"picked":"SKIP","floor":40.0},{"not_picked":["Whirlwind","Armaments+1"],"picked":"Reckless Charge","floor":42.0},{"not_picked":["Cleave","Ghostly Armor"],"picked":"Juggernaut","floor":45.0},{"not_picked":["Clash","Inflame"],"picked":"Reaper","floor":48.0},{"not_picked":["Anger","Iron Wave+1","Inflame"],"picked":"SKIP","floor":54.0}],"player_experience":345286,"relics_obtained":[{"floor":6.0,"key":"Sundial"},{"floor":10.0,"key":"Dead Branch"},{"floor":12.0,"key":"Juzu Bracelet"},{"floor":19.0,"key":"Necronomicon"},{"floor":23.0,"key":"War Paint"},{"floor":25.0,"key":"Mango"},{"floor":26.0,"key":"Matryoshka"},{"floor":29.0,"key":"Bag of Marbles"},{"floor":36.0,"key":"Thread and Needle"},{"floor":40.0,"key":"Omamori"},{"floor":43.0,"key":"Anchor"},{"floor":43.0,"key":"Blood Vial"},{"floor":47.0,"key":"Darkstone Periapt"},{"floor":47.0,"key":"StoneCalendar"},{"floor":48.0,"key":"Bottled Tornado"},{"floor":54.0,"key":"Pear"}],"event_choices":[{"damage_healed":0.0,"max_hp_gain":0.0,"max_hp_loss":0.0,"gold_gain":0.0,"event_name":"Accursed Blacksmith","player_choice":"Forge","floor":5.0,"gold_loss":0.0,"damage_taken":0.0,"cards_upgraded":["Rampage"]},{"damage_healed":0.0,"max_hp_gain":0.0,"max_hp_loss":0.0,"gold_gain":0.0,"event_name":"Cursed Tome","player_choice":"Obtained Book","floor":19.0,"gold_loss":0.0,"damage_taken":16.0},{"damage_healed":0.0,"max_hp_gain":0.0,"max_hp_loss":0.0,"gold_gain":0.0,"event_name":"Vampires","player_choice":"Ignored","floor":20.0,"gold_loss":0.0,"damage_taken":0.0},{"damage_healed":0.0,"max_hp_gain":0.0,"max_hp_loss":0.0,"gold_gain":0.0,"event_name":"Masked Bandits","player_choice":"Paid Fearfully","floor":22.0,"gold_loss":23.0,"damage_taken":0.0},{"damage_healed":0.0,"max_hp_gain":0.0,"max_hp_loss":0.0,"gold_gain":0.0,"event_name":"Mysterious Sphere","player_choice":"Fight","floor":36.0,"gold_loss":0.0,"damage_taken":0.0}],"is_beta":false,"boss_relics":[{"not_picked":["Empty Cage","Black Blood"],"picked":"Snecko Eye"},{"not_picked":["Calling Bell","Pandora\u0027s Box"],"picked":"Coffee Dripper"}],"items_purged_floors":[21],"is_endless":false,"potions_floor_spawned":[1,3,4,6,10,14,31,33,40,42,45],"ascension_level":12}}