{"host":"9rqxlbwknj581inl","time":1613688735,"event":{"mods":["AchievementEnabler","BaseMod","Colored Map","Colored Powertips","Dark Map","Highlight Path","Minty Spire (QoL Compilation)","Quick Restart","Random Character Button","Random Character Mod"],"gold_per_floor":[109,122,134,134,108,108,108,108,181,181,210,210,210],"floor_reached":12,"language":"ENG","playtime":786,"items_purged":[],"score":66,"play_id":"4136c395-428c-4d35-b3f6-ebcc9adc481b","local_time":"20210218155215","is_ascension_mode":false,"campfire_choices":[{"data":"Eruption","floor":6,"key":"SMITH"},{"data":"Adaptation","floor":8,"key":"SMITH"},{"data":"Vigilance","floor":10,"key":"SMITH"}],"circlet_count":0,"master_deck":["Strike_P","Defend_P","Defend_P","Defend_P","Defend_P+1","Eruption+1","Vigilance+1","BattleHymn","Ragnarok","Consecrate","EmptyMind+1","Adaptation+1","FearNoEvil"],"relics":["PureWater","Blue Candle","Odd Mushroom"],"acts_visited":["Exordium"],"potions_floor_usage":[3],"damage_taken":[{"damage":12,"enemies":"Small Slimes","floor":1,"turns":2},{"damage":5,"enemies":"2 Louse","floor":2,"turns":2},{"damage":6,"enemies":"Jaw Worm","floor":3,"turns":3},{"damage":5,"enemies":"The Mushroom Lair","floor":11,"turns":3},{"damage":30,"enemies":"Lagavulin","floor":12,"turns":6}],"seed_played":"-4736285787232183401","potions_obtained":[{"floor":2,"key":"SneckoOil"}],"is_trial":false,"path_per_floor":["M","M","M","?","?","R","?","R","T","R","?","E"],"character_chosen":"WATCHER","items_purchased":[],"campfire_rested":0,"item_purchase_floors":[],"current_hp_per_floor":[53,48,42,35,35,35,22,22,22,22,17,0,0],"gold":210,"neow_bonus":"TRANSFORM_TWO_CARDS","is_daily":false,"chose_seed":false,"campfire_upgraded":3,"win_rate":0.0,"timestamp":1613688735,"path_taken":["M","M","M","?","?","R","?","R","T","R","?","E"],"items_purchased_type":[],"build_version":"2020-12-22","purchased_purges":0,"victory":false,"max_hp_per_floor":[65,65,65,65,65,65,65,65,65,65,65,65,65],"card_choices":[{"not_picked":["CutThroughFate","FlurryOfBlows"],"picked":"Consecrate","floor":1},{"not_picked":["Protect","InnerPeace"],"picked":"EmptyMind","floor":2},{"not_picked":["EmptyBody","WreathOfFlame"],"picked":"Adaptation","floor":3},{"not_picked":["EmptyFist","FollowUp"],"picked":"FearNoEvil","floor":11}],"player_experience":142703,"relics_obtained":[{"floor":9,"key":"Blue Candle"},{"floor":11,"key":"Odd Mushroom"}],"event_choices":[{"cards_removed":["Strike_P"],"damage_healed":0,"gold_gain":0,"player_choice":"Card Removal","damage_taken":7,"max_hp_gain":0,"max_hp_loss":0,"event_name":"Golden Wing","floor":4,"gold_loss":0},{"damage_healed":0,"gold_gain":0,"player_choice":"Left Gold","damage_taken":0,"max_hp_gain":0,"max_hp_loss":0,"event_name":"World of Goop","floor":5,"gold_loss":26},{"damage_healed":0,"gold_gain":0,"player_choice":"Entered Light","damage_taken":13,"max_hp_gain":0,"max_hp_loss":0,"event_name":"Shining Light","floor":7,"gold_loss":0,"cards_upgraded":["Defend_P","EmptyMind"]},{"damage_healed":0,"gold_gain":0,"player_choice":"Fought Mushrooms","damage_taken":0,"max_hp_gain":0,"max_hp_loss":0,"event_name":"Mushrooms","floor":11,"gold_loss":0}],"is_beta":false,"boss_relics":[],"items_purged_floors":[],"is_endless":false,"potions_floor_spawned":[2],"killed_by":"Lagavulin","ascension_level":0}}