{"host":"ohuqxemsk44kggmp","time":1613666582,"event":{"mods":["AchievementEnabler","BaseMod","Colored Powertips","Marked Mod","Minty Spire (QoL Compilation)","Reliquary","StSLib","Together in Spire"],"gold_per_floor":[16,26,26,51,69,69,102,102,102,133,133,164,164,19,19,118,118,134,144,144,160,176,201,201,233,259,259,259,275,285,560,560,655,655,672,690,269,287,305,305,205,239,239,255,286,296,328,346,346,346,346,346,11,44,44,44],"floor_reached":55,"language":"ENG","playtime":3965,"items_purged":["Regret","Strike_P+1"],"score":717,"play_id":"46ec61d9-ae04-444c-af88-64c26428b807","local_time":"20210218174302","is_ascension_mode":false,"campfire_choices":[{"data":"MarkedMod:ChiBlock","floor":6.0,"key":"SMITH"},{"data":"PathToVictory","floor":8.0,"key":"SMITH"},{"data":"PathToVictory","floor":11.0,"key":"SMITH"},{"data":"PathToVictory","floor":13.0,"key":"SMITH"},{"data":"WindmillStrike","floor":15.0,"key":"SMITH"},{"floor":28.0,"key":"RECALL"},{"floor":32.0,"key":"REST"},{"data":"Panacea","floor":40.0,"key":"SMITH"},{"floor":49,"key":"REST"},{"data":"Establishment","floor":52,"key":"SMITH"}],"circlet_count":0,"master_deck":["Strike_P+1","Strike_P+1","Strike_P+1","Defend_P+1","Defend_P+1","Defend_P+1","Defend_P+1","Eruption+1","Vigilance","MarkedMod:ChiBlock+1","PathToVictory+1","WindmillStrike+1","BattleHymn","PathToVictory+1","PathToVictory+1","Establishment+1","MarkedMod:OneThousandNeedles+1","MarkedMod:OneThousandNeedles+1","MarkedMod:OneThousandNeedles+1","JustLucky+1","MarkedMod:OneThousandNeedles+1","Wireheading","Panacea+1","MarkedMod:GracefulMovements+1","MarkedMod:OneThousandNeedles+1","PathToVictory+1","PathToVictory+1","TalkToTheHand+1","MarkedMod:PinPointDefense","Dark Shackles","Mayhem","MarkedMod:NorthStar"],"relics":["PureWater","Tiny Chest","Bag of Preparation","Regal Pillow","Oddly Smooth Stone","reliquary:PartyBalloon","reliquary:FingerTrap","reliquary:KinkedSpring","reliquary:TuningFork","Whetstone","MarkedMod:AcupunctureKit","Ornamental Fan","reliquary:ThirdArm","Pear","reliquary:BallBearing","Centennial Puzzle","Juzu Bracelet","reliquary:IridiumChain"],"acts_visited":["TheEnding"],"potions_floor_usage":[46,55,55,55],"damage_taken":[{"damage":0.0,"enemies":"Cultist","floor":1.0,"turns":1.0},{"damage":1.0,"enemies":"Jaw Worm","floor":2.0,"turns":2.0},{"damage":0.0,"enemies":"Small Slimes","floor":5.0,"turns":2.0},{"damage":21.0,"enemies":"3 Sentries","floor":7.0,"turns":5.0},{"damage":0.0,"enemies":"Lagavulin","floor":10.0,"turns":3.0},{"damage":0.0,"enemies":"Gremlin Nob","floor":12.0,"turns":1.0},{"damage":0.0,"enemies":"Slime Boss","floor":16.0,"turns":2.0},{"damage":10.0,"enemies":"Chosen","floor":18.0,"turns":2.0},{"damage":1.0,"enemies":"2 Thieves","floor":19.0,"turns":2.0},{"damage":1.0,"enemies":"Sentry and Sphere","floor":21.0,"turns":3.0},{"damage":0.0,"enemies":"3 Cultists","floor":22.0,"turns":2.0},{"damage":1.0,"enemies":"Slavers","floor":23.0,"turns":2.0},{"damage":0.0,"enemies":"Gremlin Leader","floor":25.0,"turns":2.0},{"damage":6.0,"enemies":"Cultist and Chosen","floor":29.0,"turns":2.0},{"damage":1.0,"enemies":"Sentry and Sphere","floor":30.0,"turns":3.0},{"damage":21.0,"enemies":"Champ","floor":33.0,"turns":3.0},{"damage":0.0,"enemies":"Orb Walker","floor":35.0,"turns":1.0},{"damage":2.0,"enemies":"3 Darklings","floor":36.0,"turns":2.0},{"damage":0.0,"enemies":"Spire Growth","floor":38.0,"turns":2.0},{"damage":0.0,"enemies":"Jaw Worm Horde","floor":39.0,"turns":1.0},{"damage":9.0,"enemies":"Nemesis","floor":42.0,"turns":4.0},{"damage":7.0,"enemies":"3 Darklings","floor":44.0,"turns":2.0},{"damage":0,"enemies":"Giant Head","floor":45,"turns":2},{"damage":0,"enemies":"Sphere and 2 Shapes","floor":46,"turns":2},{"damage":36,"enemies":"Nemesis","floor":47,"turns":4},{"damage":0,"enemies":"4 Shapes","floor":48,"turns":2},{"damage":27,"enemies":"Donu and Deca","floor":50,"turns":3},{"damage":22,"enemies":"Shield and Spear","floor":54,"turns":2},{"damage":107,"enemies":"The Heart","floor":55,"turns":3}],"seed_played":"-6790586159498205498","potions_obtained":[{"floor":1.0,"key":"Fire Potion"},{"floor":10.0,"key":"Fire Potion"},{"floor":12.0,"key":"Fire Potion"},{"floor":16.0,"key":"Dexterity Potion"},{"floor":21.0,"key":"Fire Potion"},{"floor":25.0,"key":"Weak Potion"},{"floor":29.0,"key":"Fire Potion"},{"floor":35.0,"key":"BlessingOfTheForge"},{"floor":38.0,"key":"Fire Potion"},{"floor":42.0,"key":"Regen Potion"},{"floor":48,"key":"BlessingOfTheForge"}],"is_trial":false,"path_per_floor":["M","M","$","T","M","R","E","R","T","E","R","E","R","$","R","B",null,"M","M","?","M","M","E","?","E","T","T","R","M","M","?","R","B",null,"M","M","$","M","M","R","$","E","T","M","E","M","E","M","R","B",null,"R","$","E","B"],"character_chosen":"WATCHER","items_purchased":["reliquary:FingerTrap","Panacea","Pear","MarkedMod:PinPointDefense","Dark Shackles","Mayhem"],"campfire_rested":2,"item_purchase_floors":[14,37,37,53,53,53],"current_hp_per_floor":[72,71,71,71,71,71,50,50,50,50,50,50,50,50,50,50,72,62,61,61,60,60,59,59,59,59,59,59,53,52,52,72,51,72,72,70,80,80,80,80,80,71,71,64,64,64,28,28,67,40,82,82,82,60,0,0],"gold":44,"neow_bonus":"THREE_RARE_CARDS","is_daily":false,"chose_seed":false,"campfire_upgraded":7,"win_rate":0.0,"timestamp":1613666582,"path_taken":["M","M","$","?","M","R","E","R","T","E","R","E","R","?","R","BOSS","M","M","?","M","M","E","?","E","T","?","R","M","M","?","R","BOSS","M","M","$","M","M","R","?","E","T","M","E","M","E","M","R","BOSS","R","$","E","BOSS"],"items_purchased_type":["Relic","Card","Relic","Card","Card","Card"],"build_version":"2020-12-22","purchased_purges":2,"victory":false,"max_hp_per_floor":[72,72,72,72,72,72,72,72,72,72,72,72,72,72,72,72,72,72,72,72,72,72,72,72,72,72,72,72,72,72,72,72,72,72,72,72,82,82,82,82,82,82,82,82,82,82,82,82,82,82,82,82,82,82,82,82],"card_choices":[{"not_picked":["SpiritShield","MasterReality"],"picked":"MarkedMod:ChiBlock","floor":0.0},{"not_picked":["MarkedMod:OneThousandNeedles","Weave"],"picked":"PathToVictory","floor":1.0},{"not_picked":["Halt","WaveOfTheHand","FlyingSleeves"],"picked":"SKIP","floor":2.0},{"not_picked":["FollowUp","MarkedMod:GentlePulse"],"picked":"WindmillStrike","floor":5.0},{"not_picked":["Indignation","InnerPeace"],"picked":"BattleHymn","floor":7.0},{"not_picked":["MarkedMod:OneThousandNeedles","Weave"],"picked":"PathToVictory","floor":10.0},{"not_picked":["MarkedMod:OneThousandNeedles","Weave"],"picked":"PathToVictory","floor":12.0},{"not_picked":["Alpha","Wish"],"picked":"Establishment","floor":16.0},{"not_picked":["PathToVictory","Weave"],"picked":"MarkedMod:OneThousandNeedles+1","floor":18.0},{"not_picked":["Halt","WaveOfTheHand","FlyingSleeves+1"],"picked":"SKIP","floor":19.0},{"not_picked":["PathToVictory","Weave"],"picked":"MarkedMod:OneThousandNeedles+1","floor":21.0},{"not_picked":["PathToVictory","Weave"],"picked":"MarkedMod:OneThousandNeedles+1","floor":22.0},{"not_picked":["InnerPeace","WaveOfTheHand","FlyingSleeves+1"],"picked":"SKIP","floor":23.0},{"not_picked":["WheelKick","Wallop","SashWhip+1"],"picked":"SKIP","floor":25.0},{"not_picked":["PathToVictory","Weave"],"picked":"MarkedMod:OneThousandNeedles+1","floor":29.0},{"not_picked":["Halt","WaveOfTheHand","FlyingSleeves+1"],"picked":"SKIP","floor":30.0},{"not_picked":["CrushJoints","EmptyBody"],"picked":"Wireheading","floor":35.0},{"not_picked":["EmptyBody","WaveOfTheHand","MarkedMod:Acupuncture"],"picked":"SKIP","floor":36.0},{"not_picked":["Sanctity","Indignation","Meditate"],"picked":"SKIP","floor":38.0},{"not_picked":["BowlingBash+1","Adaptation+1"],"picked":"MarkedMod:GracefulMovements+1","floor":39.0},{"not_picked":["EmptyBody","Indignation+1","CutThroughFate+1"],"picked":"SKIP","floor":42.0},{"not_picked":["PathToVictory","Weave"],"picked":"MarkedMod:OneThousandNeedles+1","floor":44.0},{"not_picked":["MarkedMod:SlowDance","Weave"],"picked":"PathToVictory+1","floor":45},{"not_picked":["Evaluate","Crescendo+1","FollowUp"],"picked":"SKIP","floor":46},{"not_picked":["Crescendo+1","Adaptation+1"],"picked":"PathToVictory+1","floor":47},{"not_picked":["Nirvana+1","MarkedMod:FirstStrike+1"],"picked":"TalkToTheHand+1","floor":48},{"not_picked":["MarkedMod:OneThousandNeedles+1","Worship+1"],"picked":"MarkedMod:NorthStar","floor":54}],"player_experience":594858,"relics_obtained":[{"floor":4.0,"key":"Tiny Chest"},{"floor":7.0,"key":"Bag of Preparation"},{"floor":9.0,"key":"Regal Pillow"},{"floor":10.0,"key":"Oddly Smooth Stone"},{"floor":12.0,"key":"reliquary:PartyBalloon"},{"floor":23.0,"key":"reliquary:TuningFork"},{"floor":25.0,"key":"Whetstone"},{"floor":26.0,"key":"MarkedMod:AcupunctureKit"},{"floor":27.0,"key":"Ornamental Fan"},{"floor":43.0,"key":"reliquary:BallBearing"},{"floor":45,"key":"Centennial Puzzle"},{"floor":47,"key":"Juzu Bracelet"},{"floor":54,"key":"reliquary:IridiumChain"}],"event_choices":[{"damage_healed":0.0,"max_hp_gain":0.0,"max_hp_loss":0.0,"gold_gain":0.0,"event_name":"Back to Basics","player_choice":"Simplicity","floor":20.0,"gold_loss":0.0,"damage_taken":0.0,"cards_upgraded":["Strike_P","Strike_P","Strike_P","Strike_P","Defend_P","Defend_P","Defend_P","Defend_P"]},{"damage_healed":0.0,"max_hp_gain":0.0,"max_hp_loss":0.0,"gold_gain":0.0,"event_name":"The Library","player_choice":"Read","floor":24.0,"gold_loss":0.0,"damage_taken":0.0,"cards_obtained":["JustLucky"]},{"damage_healed":0.0,"max_hp_gain":0.0,"max_hp_loss":0.0,"gold_gain":275.0,"event_name":"Golden Shrine","player_choice":"Desecrate","floor":31.0,"gold_loss":0.0,"damage_taken":0.0,"cards_obtained":["Regret"]}],"is_beta":false,"boss_relics":[{"not_picked":["reliquary:Ember","Runic Dome"],"picked":"reliquary:KinkedSpring"},{"not_picked":["Philosopher\u0027s Stone","Fusion Hammer"],"picked":"reliquary:ThirdArm"}],"items_purged_floors":[37,41],"is_endless":false,"potions_floor_spawned":[1,10,12,16,18,21,22,25,29,35,38,42,44,45,48],"killed_by":"The Heart","ascension_level":0}}