{"host":"kmq7aw60w430zvtx","time":1613607451,"event":{"mods":["BaseMod","Downfall","GifTheSpireLib","Hermit","Hubris","Infinite Spire","Minty Spire (QoL Compilation)","Reliquary","Replay The Spire","Spire Arcade","StSLib","The Construct","The Cursed","The Hierophant","The Jungle","The Necromancer","The Runesmith"],"gold_per_floor":[118,135,153,171,171,200,200,214,214,214,214,214],"floor_reached":11,"language":"ENG","playtime":439,"items_purged":[],"score":75,"play_id":"d4898d1e-0a12-4f28-9fe1-fa0d11441176","local_time":"20210218011731","is_ascension_mode":false,"campfire_choices":[{"floor":7,"key":"REST"},{"floor":10,"key":"RECALL"}],"circlet_count":0,"master_deck":["Strike_G","Strike_G","Strike_G","Strike_G","Strike_G","Defend_G","Defend_G","Defend_G","Defend_G","Defend_G","Survivor","Neutralize+1","Poisoned Stab","Leg Sweep","Bane","PiercingWail","Distraction","Deadly Poison"],"relics":["Ring of the Snake","Chameleon Ring"],"acts_visited":["Exordium"],"potions_floor_usage":[11],"damage_taken":[{"damage":0,"enemies":"Cultist","floor":1,"turns":4},{"damage":6,"enemies":"2 Louse","floor":2,"turns":4},{"damage":0,"enemies":"Jaw Worm","floor":3,"turns":5},{"damage":27,"enemies":"Exordium Wildlife","floor":4,"turns":7},{"damage":26,"enemies":"Gremlin Nob","floor":6,"turns":5},{"damage":0,"enemies":"3 Louse","floor":8,"turns":3},{"damage":38,"enemies":"3 Sentries","floor":11,"turns":7}],"seed_played":"-390374680153118146","potions_obtained":[{"floor":1,"key":"Doom Potion"},{"floor":3,"key":"Death Potion"}],"is_trial":false,"path_per_floor":["M","M","M","M","?","E","R","M","T","R","E"],"character_chosen":"THE_SILENT","items_purchased":[],"campfire_rested":1,"item_purchase_floors":[],"current_hp_per_floor":[70,64,64,37,37,11,32,32,32,32,0,0],"gold":214,"neow_bonus":"UPGRADE_CARD","is_daily":false,"chose_seed":false,"campfire_upgraded":0,"win_rate":0.0,"timestamp":1613607451,"path_taken":["M","M","M","?","?","E","R","M","T","R","E"],"items_purchased_type":[],"build_version":"2020-12-22","purchased_purges":0,"victory":false,"max_hp_per_floor":[70,70,70,70,70,70,70,70,70,70,70,70],"card_choices":[{"not_picked":["Sucker Punch","Well Laid Plans"],"picked":"Poisoned Stab","floor":1},{"not_picked":["hubris:SlightOfHand","Dagger Spray"],"picked":"Leg Sweep","floor":2},{"not_picked":["Calculated Gamble","Sucker Punch"],"picked":"Bane","floor":3},{"not_picked":["Hidden Blade","Dodge and Roll"],"picked":"PiercingWail","floor":4},{"not_picked":["Skewer","Phantasmal Killer"],"picked":"Distraction","floor":6},{"not_picked":["Blade Dance","hubris:SlightOfHand"],"picked":"Deadly Poison","floor":8}],"player_experience":380592,"relics_obtained":[{"floor":6,"key":"Chameleon Ring"}],"event_choices":[{"damage_healed":0,"gold_gain":0,"player_choice":"Ignored","damage_taken":0,"max_hp_gain":0,"max_hp_loss":0,"event_name":"Liars Game","floor":5,"gold_loss":0}],"is_beta":false,"boss_relics":[],"items_purged_floors":[],"is_endless":false,"potions_floor_spawned":[1,3],"killed_by":"3 Sentries","ascension_level":0}}