{"host":"7s2d9a8gejctdvjm","time":1613606641,"event":{"mods":["BaseMod","Downfall","Hermit","Marisa????????","Minty Spire (QoL Compilation)","StSLib","The Servant 0.9.4"],"gold_per_floor":[99,111,96,110,125,125,151,171,171,271,301,201,231,231,241,337,337,337,352,370,380,380,380,404,304,304,304,304],"floor_reached":26,"language":"ENG","playtime":1454,"items_purged":[],"score":256,"play_id":"eff24c3b-6ae4-45ab-a634-ff0d7dd36d3a","local_time":"20210217160401","is_ascension_mode":false,"campfire_choices":[{"data":"sneckomod:Nope","floor":9,"key":"SMITH"},{"data":"sneckomod:WideSting","floor":12,"key":"SMITH"},{"data":"sneckomod:UnknownBoss","floor":18,"key":"SMITH"},{"floor":25,"key":"RECALL"}],"circlet_count":0,"master_deck":["sneckomod:Strike","sneckomod:Strike+1","sneckomod:Strike+1","sneckomod:Defend","sneckomod:Defend","sneckomod:Defend","sneckomod:TailWhip","sneckomod:SnekBite+1","sneckomod:Unknown","hermit:Brawl","sneckomod:Unknown2Cost","sneckomod:Nope+1","sneckomod:WideSting+1","sneckomod:UnknownDraw","downfall:Malfunctioning","sneckomod:UnknownWeak","sneckomod:SoulDraw","sneckomod:UnknownX","sneckomod:UnknownBoss+1","sneckomod:UnknownClassPURPLE","sneckomod:UnknownClassPURPLE","sneckomod:UnknownClassPURPLE","sneckomod:UnknownClassPURPLE","sneckomod:UnknownClassPURPLE","Perseverance","sneckomod:TrashToTreasure","sneckomod:SerpentIdol","DeusExMachina","Wish","sneckomod:UnknownVulnerable"],"relics":["sneckomod:SneckoSoul","Darkstone Periapt","downfall:HeartBlessingGreen","Bag of Preparation","sneckomod:SneckoBoss","downfall:RedIOU","Bronze Scales","downfall:HeartBlessingBlue"],"acts_visited":["Exordium","TheCity"],"potions_floor_usage":[8,16,16,19],"damage_taken":[{"damage":5,"enemies":"Small Slimes","floor":2,"turns":3},{"damage":0,"enemies":"downfall:FleeingMerchant","floor":3,"turns":4},{"damage":6,"enemies":"Jaw Worm","floor":4,"turns":4},{"damage":1,"enemies":"2 Louse","floor":5,"turns":3},{"damage":4,"enemies":"downfall:LooterAlt","floor":8,"turns":4},{"damage":31,"enemies":"Gremlin Nob","floor":11,"turns":5},{"damage":0,"enemies":"3 Louse","floor":15,"turns":3},{"damage":42,"enemies":"DF_ARCHETYPE_STREAMLINE","floor":16,"turns":8},{"damage":4,"enemies":"Shell Parasite","floor":19,"turns":2},{"damage":14,"enemies":"Spheric Guardian","floor":20,"turns":3},{"damage":25,"enemies":"Shelled Parasite and Fungi","floor":21,"turns":5},{"damage":52,"enemies":"Snecko","floor":26,"turns":3}],"seed_played":"5220900057451362042","potions_obtained":[{"floor":2,"key":"ColorlessPotion"},{"floor":4,"key":"BlessingOfTheForge"},{"floor":8,"key":"sneckomod:DiceRollPotion"},{"floor":15,"key":"AttackPotion"},{"floor":19,"key":"Weak Potion"}],"is_trial":false,"path_per_floor":["R","M","$","M","M","?","T","M","R","?","E","R","?","T","M","B",null,"R","M","M","M","?","?","T","R","M"],"character_chosen":"THE_SNECKO","items_purchased":[],"campfire_rested":0,"item_purchase_floors":[],"current_hp_per_floor":[99,94,94,88,87,87,87,83,83,83,52,52,52,52,52,10,99,99,95,81,56,36,36,36,46,0,0,0],"gold":304,"neow_bonus":"TEN_PERCENT_HP_BONUS","is_daily":false,"chose_seed":false,"campfire_upgraded":3,"win_rate":0.0,"timestamp":1613606641,"path_taken":["R","M","$","M","M","?","T","M","R","?","E","R","?","?","M","BOSS","R","M","M","M","?","?","T","R","M"],"items_purchased_type":[],"build_version":"2020-12-22","purchased_purges":0,"victory":false,"max_hp_per_floor":[99,99,99,99,99,99,99,99,99,99,99,99,99,99,99,99,99,99,99,99,99,104,104,104,114,114,114,114],"card_choices":[{"not_picked":["sneckomod:Nope","sneckomod:WideSting"],"picked":"sneckomod:Unknown2Cost","floor":2},{"not_picked":["sneckomod:UnendingSupply","sneckomod:QuickBite"],"picked":"sneckomod:Nope","floor":3},{"not_picked":["sneckomod:DiceCrush","sneckomod:RainOfDice"],"picked":"sneckomod:WideSting","floor":4},{"not_picked":["sneckomod:WideSting","sneckomod:Unknown2Cost"],"picked":"sneckomod:UnknownDraw","floor":5},{"not_picked":["sneckomod:UnknownCommonSkill","sneckomod:SoulRoll"],"picked":"sneckomod:UnknownWeak","floor":8},{"not_picked":["sneckomod:UnknownX","sneckomod:DiceCrush"],"picked":"sneckomod:SoulDraw","floor":11},{"not_picked":["sneckomod:QuickMove","sneckomod:TrashToTreasure"],"picked":"sneckomod:UnknownX","floor":15},{"not_picked":["sneckomod:Cheat","sneckomod:UnlimitedRolls"],"picked":"sneckomod:UnknownBoss","floor":16},{"not_picked":["Defend_P","Weave"],"picked":"Perseverance","floor":19},{"not_picked":["sneckomod:WideSting","sneckomod:UnknownClassMARISA_COLOR"],"picked":"sneckomod:TrashToTreasure","floor":19},{"not_picked":["sneckomod:SoulRoll","sneckomod:SoulDraw"],"picked":"sneckomod:SerpentIdol","floor":20},{"not_picked":["Crescendo","BowlingBash"],"picked":"DeusExMachina","floor":20},{"not_picked":["Conclude","Pray"],"picked":"Wish","floor":21},{"not_picked":["sneckomod:ImprovisedGuard","sneckomod:WideSting"],"picked":"sneckomod:UnknownVulnerable","floor":21}],"player_experience":42099,"relics_obtained":[{"floor":7,"key":"Orichalcum"},{"floor":11,"key":"Darkstone Periapt"},{"floor":24,"key":"Bronze Scales"}],"event_choices":[],"is_beta":false,"boss_relics":[{"not_picked":["Coffee Dripper","Velvet Choker"],"picked":"sneckomod:SneckoBoss"}],"items_purged_floors":[],"is_endless":false,"potions_floor_spawned":[2,4,8,15,19],"killed_by":"Snecko","ascension_level":0}}