{"host":"phy652c7lim9lcu2","time":1613640152,"event":{"mods":["BaseMod","Colored Powertips","Googly Eyes","Minty Spire (QoL Compilation)","Relic Stats","Spicy Shops","StSLib","everything is the same but u backflip on backflip"],"gold_per_floor":[118,43,43,59,70,105,105,137,137,170,18,18,18],"floor_reached":12,"language":"ENG","playtime":290,"items_purged":["Strike_R"],"score":158,"play_id":"64b8efbf-3a67-4ffc-928d-147d35eb5147","local_time":"20210218192232","is_ascension_mode":true,"campfire_choices":[],"circlet_count":0,"master_deck":["AscendersBane","Strike_R+1","Strike_R","Strike_R+1","Strike_R","Defend_R","Defend_R","Defend_R","Defend_R","Bash","Cleave","Pommel Strike","Juggernaut","Offering"],"relics":["Burning Blood","Lantern","Happy Flower","Shovel","Sundial","Question Card","Cauldron"],"acts_visited":["Exordium"],"potions_floor_usage":[10,11,12,12],"damage_taken":[{"damage":6.0,"enemies":"Cultist","floor":1.0,"turns":4.0},{"damage":5.0,"enemies":"Small Slimes","floor":4.0,"turns":3.0},{"damage":4.0,"enemies":"Jaw Worm","floor":5.0,"turns":4.0},{"damage":29.0,"enemies":"Gremlin Nob","floor":6.0,"turns":4.0},{"damage":30.0,"enemies":"Lagavulin","floor":8.0,"turns":5.0},{"damage":10,"enemies":"Gremlin Nob","floor":10,"turns":4},{"damage":19,"enemies":"3 Sentries","floor":12,"turns":6}],"seed_played":"-9174053684539862032","potions_obtained":[{"floor":5.0,"key":"Strength Potion"},{"floor":8.0,"key":"PowerPotion"},{"floor":11,"key":"Fruit Juice"},{"floor":11,"key":"Block Potion"},{"floor":11,"key":"Block Potion"}],"is_trial":false,"path_per_floor":["M","$","$","M","M","E","?","E","T","E","$","E"],"character_chosen":"IRONCLAD","items_purchased":["Cauldron"],"campfire_rested":0,"item_purchase_floors":[11],"current_hp_per_floor":[72,72,72,73,75,52,36,12,12,8,13,0,0],"gold":18,"neow_bonus":"RANDOM_COMMON_RELIC","is_daily":false,"chose_seed":false,"campfire_upgraded":0,"win_rate":0.0,"timestamp":1613640152,"path_taken":["M","?","$","M","M","E","?","E","T","E","?","E"],"items_purchased_type":["Relic"],"build_version":"2020-12-22","purchased_purges":1,"victory":false,"max_hp_per_floor":[80,80,80,80,80,80,80,80,80,80,85,85,85],"relic_stats":{"Shovel":0,"Happy Flower":[5],"counters":[7,30],"Sundial":[2],"Question Card":1,"obtain_stats":[{"Cauldron":11,"Lantern":0,"Shovel":8,"Happy Flower":6,"Sundial":9,"Question Card":10,"Burning Blood":0},{"Cauldron":6,"Lantern":0,"Shovel":5,"Happy Flower":4,"Sundial":5,"Question Card":6,"Burning Blood":0},{"Cauldron":24,"Lantern":0,"Shovel":20,"Happy Flower":15,"Sundial":20,"Question Card":24,"Burning Blood":0}],"Burning Blood":36},"card_choices":[{"not_picked":["True Grit","Sever Soul"],"picked":"Cleave","floor":1.0},{"not_picked":["True Grit","Thunderclap","Entrench"],"picked":"SKIP","floor":4.0},{"not_picked":["Anger","Wild Strike","Warcry"],"picked":"SKIP","floor":5.0},{"not_picked":["Cleave","Metallicize"],"picked":"Pommel Strike","floor":6.0},{"not_picked":["Wild Strike","Twin Strike"],"picked":"Juggernaut","floor":8.0},{"not_picked":["True Grit","Sword Boomerang"],"picked":"Offering","floor":10}],"player_experience":349296,"relics_obtained":[{"floor":6.0,"key":"Happy Flower"},{"floor":8.0,"key":"Shovel"},{"floor":9.0,"key":"Sundial"},{"floor":10,"key":"Question Card"}],"event_choices":[{"damage_healed":0.0,"max_hp_gain":0.0,"max_hp_loss":0.0,"gold_gain":0.0,"event_name":"Shining Light","player_choice":"Entered Light","floor":7.0,"gold_loss":0.0,"damage_taken":16.0,"cards_upgraded":["Strike_R","Strike_R"]}],"is_beta":false,"boss_relics":[],"items_purged_floors":[2],"is_endless":false,"potions_floor_spawned":[5,8],"killed_by":"3 Sentries","ascension_level":13}}