{"host":"ftf7rwqr5w72pdsx","time":1613608011,"event":{"mods":["BaseMod","Bestiary","Minty Spire (QoL Compilation)","Relic Stats","Slay the Relics Exporter"],"gold_per_floor":[361,372,547,472,485,485,517,517,517,517,543,55,73,90,90,195,195,210,210,227,227,243,277,277,303,303,72,72,72,84,114,114,218,218,236,247,263,280,294,322,322,422,422,442,105,121,135,167,167,167,167,167,17,51,51,51],"floor_reached":55,"language":"ENG","playtime":4697,"items_purged":["Doubt","Strike_R"],"score":1397,"play_id":"8e3084dc-a51f-47b3-9f72-53e9c62d901d","local_time":"20210217182651","is_ascension_mode":true,"campfire_choices":[{"data":"Uppercut","floor":6.0,"key":"SMITH"},{"data":"Corruption","floor":8.0,"key":"SMITH"},{"floor":15.0,"key":"REST"},{"floor":24.0,"key":"REST"},{"floor":29.0,"key":"REST"},{"floor":32.0,"key":"REST"},{"floor":41,"key":"RECALL"},{"data":"Barricade","floor":49,"key":"SMITH"},{"data":"Dark Embrace","floor":52,"key":"SMITH"}],"circlet_count":0,"master_deck":["AscendersBane","Strike_R","Strike_R","Defend_R","Defend_R","Defend_R","Defend_R","Bash","Wild Strike","Uppercut+1","Flame Barrier","Corruption+1","Shrug It Off","Exhume","Fire Breathing","Bloodletting","Spot Weakness","Fiend Fire","Power Through","Infernal Blade","Metallicize","Evolve","Power Through","Iron Wave","Burning Pact+1","Dark Embrace+1","Iron Wave+1","Barricade+1","Juggernaut","Spot Weakness+1","Intimidate+1","Bloodletting+1","Seeing Red+1","Whirlwind+1","Flame Barrier+1","Reckless Charge","Entrench+1","Second Wind+1","Sever Soul+1","Fire Breathing+1","Armaments+1","Second Wind+1","Demon Form","Flame Barrier+1","Immolate"],"relics":["Burning Blood","White Beast Statue","Eternal Feather","Pear","Centennial Puzzle","Calipers","Mark of Pain","Nilry\u0027s Codex","Gambling Chip","Ice Cream","Bottled Tornado","PreservedInsect","Toxic Egg 2","Calling Bell","Potion Belt","Shuriken","Thread and Needle","Orichalcum","Frozen Eye","Smiling Mask","Orrery","Blue Candle"],"acts_visited":["Exordium","TheCity","TheBeyond","TheEnding"],"potions_floor_usage":[35,37,39,44,44,44,48,50,50,54,55],"damage_taken":[{"damage":7.0,"enemies":"Jaw Worm","floor":1.0,"turns":3.0},{"damage":0.0,"enemies":"2 Louse","floor":2.0,"turns":3.0},{"damage":1.0,"enemies":"Cultist","floor":5.0,"turns":3.0},{"damage":30.0,"enemies":"Gremlin Nob","floor":7.0,"turns":6.0},{"damage":36.0,"enemies":"3 Sentries","floor":11.0,"turns":12.0},{"damage":2.0,"enemies":"Red Slaver","floor":13.0,"turns":4.0},{"damage":8.0,"enemies":"Looter","floor":14.0,"turns":3.0},{"damage":21.0,"enemies":"Slime Boss","floor":16.0,"turns":9.0},{"damage":20.0,"enemies":"Chosen","floor":18.0,"turns":5.0},{"damage":5.0,"enemies":"Spheric Guardian","floor":20.0,"turns":4.0},{"damage":8.0,"enemies":"Centurion and Healer","floor":22.0,"turns":7.0},{"damage":39.0,"enemies":"Slavers","floor":23.0,"turns":6.0},{"damage":10.0,"enemies":"Book of Stabbing","floor":25.0,"turns":5.0},{"damage":37.0,"enemies":"Slavers","floor":28.0,"turns":3.0},{"damage":12.0,"enemies":"Shelled Parasite and Fungi","floor":30.0,"turns":4.0},{"damage":24.0,"enemies":"Gremlin Leader","floor":31.0,"turns":4.0},{"damage":3.0,"enemies":"Automaton","floor":33.0,"turns":10.0},{"damage":11,"enemies":"3 Darklings","floor":35,"turns":5},{"damage":5,"enemies":"Orb Walker","floor":36,"turns":3},{"damage":20,"enemies":"Spire Growth","floor":37,"turns":7},{"damage":0,"enemies":"Maw","floor":38,"turns":5},{"damage":9,"enemies":"4 Shapes","floor":39,"turns":3},{"damage":6,"enemies":"Giant Head","floor":40,"turns":5},{"damage":3,"enemies":"Writhing Mass","floor":44,"turns":5},{"damage":6,"enemies":"Spire Growth","floor":46,"turns":5},{"damage":3,"enemies":"Sphere and 2 Shapes","floor":47,"turns":3},{"damage":13,"enemies":"Nemesis","floor":48,"turns":3},{"damage":33,"enemies":"Awakened One","floor":50,"turns":8},{"damage":8,"enemies":"Shield and Spear","floor":54,"turns":4},{"damage":89,"enemies":"The Heart","floor":55,"turns":5}],"seed_played":"6799125087044337585","potions_obtained":[{"floor":1.0,"key":"PowerPotion"},{"floor":2.0,"key":"SmokeBomb"},{"floor":11.0,"key":"Explosive Potion"},{"floor":13.0,"key":"ColorlessPotion"},{"floor":18.0,"key":"SkillPotion"},{"floor":20.0,"key":"Swift Potion"},{"floor":22.0,"key":"EssenceOfSteel"},{"floor":23.0,"key":"PowerPotion"},{"floor":25.0,"key":"BlessingOfTheForge"},{"floor":30.0,"key":"BlessingOfTheForge"},{"floor":31.0,"key":"Weak Potion"},{"floor":33.0,"key":"Fire Potion"},{"floor":35,"key":"BlessingOfTheForge"},{"floor":36,"key":"Swift Potion"},{"floor":37,"key":"Swift Potion"},{"floor":38,"key":"Swift Potion"},{"floor":39,"key":"Weak Potion"},{"floor":40,"key":"ColorlessPotion"},{"floor":44,"key":"Regen Potion"},{"floor":46,"key":"Fire Potion"},{"floor":47,"key":"Swift Potion"},{"floor":48,"key":"Weak Potion"},{"floor":54,"key":"LiquidBronze"}],"is_trial":false,"path_per_floor":["M","M","?","$","M","R","E","R","T","T","E","$","M","M","R","B",null,"M","?","M","?","M","E","R","E","T","$","E","R","M","E","R","B",null,"M","M","M","M","M","E","R","?","T","M","$","M","M","E","R","B",null,"R","$","E","B"],"character_chosen":"IRONCLAD","items_purchased":["Exhume","Calipers","Fire Breathing","PreservedInsect","Dark Embrace","Entrench+1","Frozen Eye","Orrery"],"campfire_rested":4,"item_purchase_floors":[12,12,12,27,27,45,45,53],"current_hp_per_floor":[50,56,56,56,61,61,37,37,37,47,17,17,21,19,58,43,78,64,64,65,49,47,14,56,52,52,52,21,63,57,39,81,84,89,84,85,71,77,74,74,90,90,90,90,90,90,90,83,90,78,87,90,90,88,0,0],"gold":51,"neow_bonus":"TWO_FIFTY_GOLD","is_daily":false,"chose_seed":false,"campfire_upgraded":4,"win_rate":0.0,"timestamp":1613608011,"path_taken":["M","M","?","$","M","R","E","R","T","?","E","$","M","?","R","BOSS","M","?","M","?","M","E","R","E","T","$","E","R","M","E","R","BOSS","M","M","M","M","M","E","R","?","T","M","?","M","M","E","R","BOSS","R","$","E","BOSS"],"items_purchased_type":["Card","Relic","Card","Relic","Card","Card","Relic","Relic"],"build_version":"2020-12-22","purchased_purges":2,"victory":false,"max_hp_per_floor":[80,80,80,80,80,80,80,80,80,90,90,90,90,90,90,90,90,90,90,90,90,90,90,90,90,90,90,90,90,90,90,90,90,90,90,90,90,90,90,90,90,90,90,90,90,90,90,90,90,90,90,90,90,90,90,90],"relic_stats":{"Centennial Puzzle":[71],"counters":[30,152],"Shuriken":[13],"Gambling Chip":[31],"Blue Candle":[0],"Eternal Feather":83,"PreservedInsect":350,"Orichalcum":[18],"Smiling Mask":0,"obtain_stats":[{"Ice Cream":25,"Potion Belt":34,"Pear":10,"Calipers":12,"Nilry\u0027s Codex":21,"Blue Candle":54,"Eternal Feather":9,"Thread and Needle":34,"PreservedInsect":27,"Bottled Tornado":26,"Orichalcum":40,"Smiling Mask":48,"Burning Blood":0,"White Beast Statue":7,"Calling Bell":34,"Frozen Eye":45,"Centennial Puzzle":11,"Shuriken":34,"Gambling Chip":23,"Orrery":53,"Mark of Pain":17,"Toxic Egg 2":31},{"Ice Cream":13,"Potion Belt":17,"Pear":4,"Calipers":5,"Nilry\u0027s Codex":10,"Blue Candle":29,"Eternal Feather":4,"Thread and Needle":17,"PreservedInsect":13,"Bottled Tornado":13,"Orichalcum":23,"Smiling Mask":27,"Burning Blood":0,"White Beast Statue":4,"Calling Bell":17,"Frozen Eye":24,"Centennial Puzzle":5,"Shuriken":17,"Gambling Chip":12,"Orrery":28,"Mark of Pain":8,"Toxic Egg 2":16},{"Ice Cream":70,"Potion Belt":91,"Pear":15,"Calipers":27,"Nilry\u0027s Codex":52,"Blue Candle":147,"Eternal Feather":15,"Thread and Needle":91,"PreservedInsect":70,"Bottled Tornado":70,"Orichalcum":119,"Smiling Mask":135,"Burning Blood":0,"White Beast Statue":15,"Calling Bell":91,"Frozen Eye":124,"Centennial Puzzle":27,"Shuriken":91,"Gambling Chip":65,"Orrery":143,"Mark of Pain":43,"Toxic Egg 2":81}],"Burning Blood":168},"card_choices":[{"not_picked":["Inflame","Iron Wave"],"picked":"Wild Strike","floor":1.0},{"not_picked":["Dropkick","Armaments"],"picked":"Uppercut","floor":2.0},{"not_picked":["Sever Soul","Cleave"],"picked":"Flame Barrier","floor":5.0},{"not_picked":["Inflame","Havoc"],"picked":"Corruption","floor":7.0},{"not_picked":["Evolve","Sword Boomerang"],"picked":"Shrug It Off","floor":11.0},{"not_picked":["Pummel","Havoc"],"picked":"Bloodletting","floor":13.0},{"not_picked":["Sword Boomerang","Perfected Strike"],"picked":"Spot Weakness","floor":14.0},{"not_picked":["Demon Form","Exhume"],"picked":"Fiend Fire","floor":16.0},{"not_picked":["Wild Strike","Burning Pact+1"],"picked":"Power Through","floor":18.0},{"not_picked":["Rupture+1","Headbutt"],"picked":"Evolve","floor":20.0},{"not_picked":["Armaments","Pommel Strike+1"],"picked":"Power Through","floor":22.0},{"not_picked":["Dual Wield","Reckless Charge"],"picked":"Iron Wave","floor":23.0},{"not_picked":["Clothesline","Sword Boomerang"],"picked":"Burning Pact+1","floor":25.0},{"not_picked":["Twin Strike","Clash+1"],"picked":"Iron Wave+1","floor":30.0},{"not_picked":["Wild Strike","Carnage"],"picked":"Barricade","floor":31.0},{"not_picked":["Impervious+1","Immolate"],"picked":"Juggernaut","floor":33.0},{"not_picked":["Thunderclap+1","Warcry+1"],"picked":"Spot Weakness+1","floor":35},{"not_picked":["Twin Strike+1","Clothesline+1"],"picked":"Intimidate+1","floor":36},{"not_picked":["Blood for Blood+1","Wild Strike"],"picked":"Bloodletting+1","floor":37},{"not_picked":["Inflame+1","Sever Soul+1"],"picked":"Seeing Red+1","floor":38},{"not_picked":["Sword Boomerang","Wild Strike+1"],"picked":"Whirlwind+1","floor":39},{"not_picked":["Clash","Hemokinesis+1"],"picked":"Flame Barrier+1","floor":40},{"not_picked":["Clothesline+1","Headbutt"],"picked":"Reckless Charge","floor":44},{"not_picked":["Metallicize","Anger+1"],"picked":"Second Wind+1","floor":46},{"not_picked":["Combust","Cleave+1"],"picked":"Sever Soul+1","floor":47},{"not_picked":["Evolve+1","Perfected Strike","Thunderclap+1"],"picked":"SKIP","floor":48},{"not_picked":["Bloodletting+1","Second Wind+1"],"picked":"Fire Breathing+1","floor":53},{"not_picked":["Corruption","Shockwave+1"],"picked":"Armaments+1","floor":53},{"not_picked":["Infernal Blade+1","Pommel Strike+1"],"picked":"Second Wind+1","floor":53},{"not_picked":["Sword Boomerang","Bludgeon"],"picked":"Demon Form","floor":53},{"not_picked":["Iron Wave+1","Infernal Blade+1"],"picked":"Flame Barrier+1","floor":53},{"not_picked":["Thunderclap+1","Clash+1"],"picked":"Immolate","floor":54}],"player_experience":831038,"relics_obtained":[{"floor":7.0,"key":"White Beast Statue"},{"floor":9.0,"key":"Eternal Feather"},{"floor":10.0,"key":"Pear"},{"floor":11.0,"key":"Centennial Puzzle"},{"floor":21.0,"key":"Nilry\u0027s Codex"},{"floor":23.0,"key":"Gambling Chip"},{"floor":25.0,"key":"Ice Cream"},{"floor":26.0,"key":"Bottled Tornado"},{"floor":31.0,"key":"Toxic Egg 2"},{"floor":34,"key":"Potion Belt"},{"floor":34,"key":"Shuriken"},{"floor":34,"key":"Thread and Needle"},{"floor":40,"key":"Orichalcum"},{"floor":48,"key":"Smiling Mask"},{"floor":54,"key":"Blue Candle"}],"event_choices":[{"damage_healed":0.0,"max_hp_gain":0.0,"max_hp_loss":0.0,"gold_gain":175.0,"event_name":"Liars Game","player_choice":"AGREE","floor":3.0,"gold_loss":0.0,"damage_taken":0.0,"cards_obtained":["Doubt"]},{"damage_healed":0.0,"max_hp_gain":0.0,"max_hp_loss":0.0,"gold_gain":0.0,"cards_transformed":["Strike_R","Strike_R"],"event_name":"Drug Dealer","player_choice":"Became Test Subject","floor":19.0,"gold_loss":0.0,"damage_taken":0.0,"cards_obtained":["Infernal Blade","Metallicize"]},{"damage_healed":0.0,"max_hp_gain":0.0,"max_hp_loss":0.0,"gold_gain":0.0,"event_name":"Cursed Tome","player_choice":"Obtained Book","floor":21.0,"gold_loss":0.0,"damage_taken":16.0},{"damage_healed":0,"gold_gain":100,"player_choice":"Pray","damage_taken":0,"max_hp_gain":0,"max_hp_loss":0,"event_name":"Golden Shrine","floor":42,"gold_loss":0}],"is_beta":false,"boss_relics":[{"not_picked":["Runic Cube","Black Star"],"picked":"Mark of Pain"},{"not_picked":["Sozu","Pandora\u0027s Box"],"picked":"Calling Bell"}],"items_purged_floors":[4,45],"is_endless":false,"potions_floor_spawned":[1,2,11,13,14,16,18,20,22,23,25,28,30,31,33,35,36,37,38,39,40,44,46,47,48,54],"killed_by":"The Heart","ascension_level":11}}