{"host":"x52zk6e1f2bye2h7","time":1613663986,"event":{"mods":["AchievementEnabler","BaseMod","Highlight Path","Minty Spire (QoL Compilation)","everything is the same but u backflip on backflip"],"gold_per_floor":[369,389,237,253,269,269,283,283,283,300,300,300,314,374,374,469,469,482,382,382,382,95,130,130,162,162,190,190,190,40,68,68,170,170,186,186,236,252,162,162,194,214,238,248,259,269,302,127,127,127,127,127,127,152,152],"floor_reached":56,"language":"ENG","playtime":7050,"items_purged":["Strike_G","Strike_G","Defend_G","Defend_G","Strike_G"],"score":1516,"play_id":"5a588f3c-037f-420c-87ad-cbc3693c0bac","local_time":"20210218155946","is_ascension_mode":true,"campfire_choices":[{"data":"Noxious Fumes","floor":6,"key":"SMITH"},{"data":"Prepared","floor":8,"key":"SMITH"},{"data":"Tactician","floor":11,"key":"SMITH"},{"floor":15,"key":"REST"},{"data":"After Image","floor":24,"key":"SMITH"},{"data":"Prepared","floor":28,"key":"SMITH"},{"data":"Dagger Throw","floor":32,"key":"SMITH"},{"floor":40,"key":"RECALL"},{"data":"Noxious Fumes","floor":49,"key":"PURGE"},{"data":"Master of Strategy","floor":52,"key":"SMITH"}],"circlet_count":0,"master_deck":["Strike_G","Survivor","Neutralize","Dagger Throw+1","Prepared+1","Noxious Fumes+1","Tactician+1","Reflex","Backflip","Acrobatics","After Image+1","Well Laid Plans","Master of Strategy+1","Prepared+1","Envenom","Tools of the Trade+1","Tactician+1"],"relics":["Ring of the Snake","Juzu Bracelet","Ancient Tea Set","Philosopher\u0027s Stone","Bottled Flame","Toy Ornithopter","Red Mask","Toxic Egg 2","Empty Cage","Peace Pipe","Happy Flower","Nunchaku","Pantograph","StrikeDummy"],"acts_visited":["Exordium","TheCity","TheBeyond","TheEnding"],"potions_floor_usage":[14,16,23,25,25,27,55,55,55,55,55,55],"damage_taken":[{"damage":0,"enemies":"2 Louse","floor":1,"turns":3},{"damage":0,"enemies":"Small Slimes","floor":2,"turns":3},{"damage":0,"enemies":"Cultist","floor":4,"turns":4},{"damage":15,"enemies":"Large Slime","floor":5,"turns":8},{"damage":12,"enemies":"2 Fungi Beasts","floor":7,"turns":4},{"damage":1,"enemies":"Exordium Wildlife","floor":10,"turns":3},{"damage":2,"enemies":"3 Louse","floor":13,"turns":4},{"damage":11,"enemies":"3 Sentries","floor":14,"turns":6},{"damage":19,"enemies":"Hexaghost","floor":16,"turns":10},{"damage":0,"enemies":"Shell Parasite","floor":18,"turns":5},{"damage":7,"enemies":"Gremlin Leader","floor":23,"turns":7},{"damage":14,"enemies":"Slavers","floor":25,"turns":7},{"damage":4,"enemies":"Masked Bandits","floor":27,"turns":5},{"damage":0,"enemies":"Book of Stabbing","floor":31,"turns":3},{"damage":6,"enemies":"Automaton","floor":33,"turns":5},{"damage":14,"enemies":"3 Darklings","floor":35,"turns":3},{"damage":0,"enemies":"Mind Bloom Boss Battle","floor":37,"turns":1},{"damage":0,"enemies":"3 Shapes","floor":38,"turns":3},{"damage":0,"enemies":"Reptomancer","floor":41,"turns":1},{"damage":0,"enemies":"Sphere and 2 Shapes","floor":42,"turns":2},{"damage":0,"enemies":"Transient","floor":44,"turns":2},{"damage":0,"enemies":"3 Darklings","floor":45,"turns":1},{"damage":0,"enemies":"Maw","floor":46,"turns":1},{"damage":0,"enemies":"Giant Head","floor":47,"turns":1},{"damage":0,"enemies":"Awakened One","floor":50,"turns":2},{"damage":0,"enemies":"Shield and Spear","floor":54,"turns":1},{"damage":32,"enemies":"The Heart","floor":55,"turns":3}],"seed_played":"2409478642114347512","potions_obtained":[{"floor":4,"key":"LiquidBronze"},{"floor":5,"key":"FearPotion"},{"floor":10,"key":"GamblersBrew"},{"floor":13,"key":"SpeedPotion"},{"floor":16,"key":"Block Potion"},{"floor":18,"key":"Block Potion"},{"floor":25,"key":"SpeedPotion"},{"floor":33,"key":"Ancient Potion"},{"floor":38,"key":"EntropicBrew"},{"floor":42,"key":"Strength Potion"}],"is_trial":false,"path_per_floor":["M","M","$","M","M","R","M","R","T","M","R","?","M","?","R","B",null,"M","$","?","?","$","E","R","E","T","?","R","?","$","E","R","B",null,"M","?","?","M","?","R","E","M","T","M","M","M","E","$","R","B",null,"R","$","E","B",null],"character_chosen":"THE_SILENT","items_purchased":["Noxious Fumes","Master of Strategy"],"campfire_rested":1,"item_purchase_floors":[3,22],"current_hp_per_floor":[63,63,63,63,48,48,36,36,36,35,35,35,33,22,40,21,63,63,63,63,63,63,56,56,42,42,43,43,43,43,43,43,37,63,49,49,49,49,49,49,49,49,49,49,49,49,49,49,49,63,63,63,63,63,42],"gold":152,"neow_bonus":"TWO_FIFTY_GOLD","is_daily":false,"chose_seed":false,"campfire_upgraded":7,"win_rate":0.0,"timestamp":1613663986,"path_taken":["M","M","$","M","M","R","M","R","T","M","R","?","M","?","R","BOSS","M","$","?","?","$","E","R","E","T","?","R","?","?","E","R","BOSS","M","?","?","M","?","R","E","M","T","M","M","M","E","$","R","BOSS","R","$","E","BOSS"],"items_purchased_type":["Card","Card"],"build_version":"2020-12-22","purchased_purges":5,"victory":true,"max_hp_per_floor":[63,63,63,63,63,63,63,63,63,63,63,63,63,63,63,63,63,63,63,63,63,63,63,63,63,63,63,63,63,63,63,63,63,63,63,63,63,63,63,63,63,63,63,63,63,63,63,63,63,63,63,63,63,63,63],"card_choices":[{"not_picked":["Slice","Bane"],"picked":"Dagger Throw","floor":1},{"not_picked":["Wraith Form v2","Slice"],"picked":"Prepared","floor":2},{"not_picked":["Slice","Flying Knee"],"picked":"Tactician","floor":4},{"not_picked":["Acrobatics","Backflip"],"picked":"Reflex","floor":5},{"not_picked":["Bane","Dodge and Roll"],"picked":"Backflip","floor":7},{"not_picked":["Prepared","Storm of Steel"],"picked":"Acrobatics","floor":10},{"not_picked":["Slice","Finisher","Blade Dance"],"picked":"SKIP","floor":13},{"not_picked":["Die Die Die","Adrenaline"],"picked":"After Image","floor":16},{"not_picked":["Backflip","Flying Knee","Predator"],"picked":"SKIP","floor":18},{"not_picked":["Caltrops+1","Outmaneuver","Slice"],"picked":"SKIP","floor":23},{"not_picked":["Predator","Blur"],"picked":"Prepared","floor":25},{"not_picked":["Flechettes","Dagger Spray+1"],"picked":"Noxious Fumes","floor":27},{"not_picked":["All Out Attack","Envenom","Acrobatics+1"],"picked":"SKIP","floor":31},{"not_picked":["All Out Attack","Acrobatics+1"],"picked":"Envenom","floor":31},{"not_picked":["Wraith Form v2","Adrenaline+1"],"picked":"Tools of the Trade","floor":33},{"not_picked":["Cloak And Dagger+1","Riddle With Holes","Dagger Throw+1"],"picked":"SKIP","floor":35},{"not_picked":["Skewer+1","Dodge and Roll+1"],"picked":"Tactician+1","floor":37},{"not_picked":["Deadly Poison+1","Deflect+1","PiercingWail+1"],"picked":"SKIP","floor":38},{"not_picked":["Noxious Fumes","Catalyst+1","Flechettes+1"],"picked":"SKIP","floor":41},{"not_picked":["Escape Plan+1","Expertise+1","Bullet Time+1"],"picked":"SKIP","floor":42},{"not_picked":["Dagger Throw+1","Endless Agony+1","Dodge and Roll+1"],"picked":"SKIP","floor":44},{"not_picked":["Eviscerate","Cloak And Dagger+1","Bane"],"picked":"SKIP","floor":45},{"not_picked":["Deadly Poison+1","Dagger Throw","Outmaneuver+1"],"picked":"SKIP","floor":46},{"not_picked":["Bullet Time+1","Dagger Throw","Escape Plan+1"],"picked":"SKIP","floor":47},{"not_picked":["Dagger Throw+1","Cloak And Dagger+1","Underhanded Strike"],"picked":"SKIP","floor":54}],"player_experience":136561,"relics_obtained":[{"floor":9,"key":"Juzu Bracelet"},{"floor":14,"key":"Ancient Tea Set"},{"floor":23,"key":"Bottled Flame"},{"floor":25,"key":"Toy Ornithopter"},{"floor":27,"key":"Red Mask"},{"floor":31,"key":"Toxic Egg 2"},{"floor":37,"key":"Peace Pipe"},{"floor":41,"key":"Happy Flower"},{"floor":43,"key":"Nunchaku"},{"floor":47,"key":"Pantograph"},{"floor":54,"key":"StrikeDummy"}],"event_choices":[{"damage_healed":0,"gold_gain":0,"player_choice":"Ignored","damage_taken":0,"max_hp_gain":0,"max_hp_loss":0,"event_name":"Liars Game","floor":12,"gold_loss":0},{"damage_healed":0,"gold_gain":30,"player_choice":"Searched \u00272\u0027 times","damage_taken":0,"max_hp_gain":0,"max_hp_loss":0,"event_name":"Dead Adventurer","floor":14,"gold_loss":0},{"damage_healed":0,"gold_gain":0,"player_choice":"Ignored","damage_taken":0,"max_hp_gain":0,"max_hp_loss":0,"event_name":"N\u0027loth","floor":20,"gold_loss":0},{"damage_healed":0,"gold_gain":0,"player_choice":"Read","damage_taken":0,"max_hp_gain":0,"max_hp_loss":0,"event_name":"The Library","floor":21,"gold_loss":0,"cards_obtained":["Well Laid Plans"]},{"damage_healed":0,"gold_gain":0,"player_choice":"Fought Bandits","damage_taken":0,"max_hp_gain":0,"max_hp_loss":0,"event_name":"Masked Bandits","floor":27,"gold_loss":0},{"damage_healed":0,"gold_gain":0,"player_choice":"Ignored","damage_taken":0,"max_hp_gain":0,"max_hp_loss":0,"event_name":"Ghosts","floor":29,"gold_loss":0},{"cards_removed":["Strike_G"],"damage_healed":0,"gold_gain":0,"player_choice":"Removed Attack","damage_taken":0,"max_hp_gain":0,"max_hp_loss":0,"event_name":"Falling","floor":36,"gold_loss":0},{"damage_healed":0,"gold_gain":0,"player_choice":"Fight","damage_taken":0,"max_hp_gain":0,"max_hp_loss":0,"event_name":"MindBloom","floor":37,"gold_loss":0},{"cards_removed":["Defend_G"],"damage_healed":0,"gold_gain":0,"player_choice":"Upgrade and Remove","damage_taken":0,"max_hp_gain":0,"max_hp_loss":0,"event_name":"Designer","floor":39,"gold_loss":90,"cards_upgraded":["Tools of the Trade"]}],"is_beta":false,"boss_relics":[{"not_picked":["WristBlade","Busted Crown"],"picked":"Philosopher\u0027s Stone"},{"not_picked":["Astrolabe","SacredBark"],"picked":"Empty Cage"}],"items_purged_floors":[3,19,22,30,48],"is_endless":false,"potions_floor_spawned":[4,5,10,13,16,18,25,33,38,42,45,47,54],"ascension_level":2}}