{"host":"pc7bizyp7423q6r6","time":1613676362,"event":{"mods":["BaseMod","Better Note","Block Reminder","Emptier Cage","Minty Spire (QoL Compilation)","Rare Cards Sparkle","Relic Stats","StSLib"],"gold_per_floor":[117,267,267,342,342,373,373,45,96,139,164,25,43,77,23,23,114,114,129,147,147,147],"floor_reached":21,"language":"ENG","playtime":709,"items_purged":["Doubt"],"score":490,"play_id":"b46b39e8-ff6e-4e37-820c-c425abc47f78","local_time":"20210218132602","is_ascension_mode":true,"campfire_choices":[{"data":"Battle Trance","floor":7,"key":"SMITH"},{"data":"True Grit","floor":16,"key":"SMITH"}],"circlet_count":0,"master_deck":["AscendersBane","Strike_R","Strike_R","Strike_R","Strike_R","Strike_R","Defend_R","Defend_R","Defend_R","Defend_R","Bash","Perfected Strike+1","Battle Trance+1","Fire Breathing","Shrug It Off","Inflame","Perfected Strike","Inflame","True Grit+1","Immolate","Perfected Strike","True Grit"],"relics":["Burning Blood","NeowsBlessing","Golden Idol","Mercury Hourglass","Lantern","Toy Ornithopter","Dream Catcher","Ornamental Fan","SlaversCollar"],"acts_visited":["Exordium","TheCity"],"potions_floor_usage":[],"damage_taken":[{"damage":0,"enemies":"Small Slimes","floor":1,"turns":1},{"damage":0,"enemies":"Lagavulin","floor":6,"turns":1},{"damage":0,"enemies":"3 Sentries","floor":10,"turns":1},{"damage":2,"enemies":"Jaw Worm","floor":11,"turns":2},{"damage":0,"enemies":"2 Louse","floor":13,"turns":3},{"damage":28,"enemies":"Gremlin Nob","floor":14,"turns":4},{"damage":18,"enemies":"Slime Boss","floor":17,"turns":6},{"damage":11,"enemies":"2 Thieves","floor":19,"turns":3},{"damage":50,"enemies":"Shell Parasite","floor":20,"turns":6},{"damage":22,"enemies":"Shelled Parasite and Fungi","floor":21,"turns":2}],"seed_played":"7934903400336933114","potions_obtained":[{"floor":6,"key":"LiquidBronze"},{"floor":14,"key":"Weak Potion"}],"is_trial":false,"path_per_floor":["M","?","?","?","?","E","R","$","T","E","M","$","M","E","$","R","B",null,"M","M","M"],"character_chosen":"IRONCLAD","items_purchased":["Fire Breathing","Lantern","Inflame","Perfected Strike","True Grit"],"campfire_rested":0,"item_purchase_floors":[8,8,12,12,15],"current_hp_per_floor":[74,74,48,37,37,43,43,43,43,49,53,53,59,37,37,37,25,63,58,14,0,0],"gold":147,"neow_bonus":"THREE_ENEMY_KILL","is_daily":false,"chose_seed":false,"campfire_upgraded":2,"win_rate":0.0,"timestamp":1613676362,"path_taken":["M","?","?","?","?","E","R","$","T","E","M","?","M","E","$","R","BOSS","M","M","M"],"items_purchased_type":["Card","Relic","Card","Card","Card"],"build_version":"2020-12-22","purchased_purges":1,"victory":false,"max_hp_per_floor":[75,75,75,75,75,75,75,75,75,75,75,75,75,75,75,75,75,75,75,75,75,75],"relic_stats":{"Dream Catcher":0,"counters":[10,28],"Golden Idol":56,"Ornamental Fan":[0],"obtain_stats":[{"SlaversCollar":18,"Lantern":8,"Dream Catcher":10,"NeowsBlessing":0,"Golden Idol":3,"Ornamental Fan":14,"Burning Blood":0,"Toy Ornithopter":9,"Mercury Hourglass":6},{"SlaversCollar":7,"Lantern":2,"Dream Catcher":3,"NeowsBlessing":0,"Golden Idol":1,"Ornamental Fan":6,"Burning Blood":0,"Toy Ornithopter":2,"Mercury Hourglass":2},{"SlaversCollar":17,"Lantern":2,"Dream Catcher":3,"NeowsBlessing":0,"Golden Idol":1,"Ornamental Fan":11,"Burning Blood":0,"Toy Ornithopter":2,"Mercury Hourglass":2}],"Burning Blood":54,"Toy Ornithopter":0,"Mercury Hourglass":[76]},"card_choices":[{"not_picked":["Havoc","Cleave"],"picked":"Perfected Strike","floor":1},{"not_picked":["Dropkick","Sword Boomerang"],"picked":"Battle Trance","floor":6},{"not_picked":["Havoc","Entrench"],"picked":"Shrug It Off","floor":10},{"not_picked":["Bludgeon","Blood for Blood","Flex"],"picked":"SKIP","floor":11},{"not_picked":["Heavy Blade","Iron Wave"],"picked":"Inflame","floor":13},{"not_picked":["Sword Boomerang","Heavy Blade","Rampage"],"picked":"SKIP","floor":14},{"not_picked":["Juggernaut","Double Tap"],"picked":"Immolate","floor":17},{"not_picked":["Carnage","Intimidate"],"picked":"Perfected Strike","floor":19},{"not_picked":["Cleave","Seeing Red"],"picked":"True Grit","floor":20}],"player_experience":1683018,"relics_obtained":[{"floor":6,"key":"Mercury Hourglass"},{"floor":9,"key":"Toy Ornithopter"},{"floor":10,"key":"Dream Catcher"},{"floor":14,"key":"Ornamental Fan"}],"event_choices":[{"damage_healed":0,"gold_gain":150,"player_choice":"AGREE","damage_taken":0,"max_hp_gain":0,"max_hp_loss":0,"event_name":"Liars Game","floor":2,"gold_loss":0,"cards_obtained":["Doubt"]},{"damage_healed":0,"gold_gain":0,"player_choice":"Take Damage","damage_taken":26,"relics_obtained":["Golden Idol"],"max_hp_gain":0,"max_hp_loss":0,"event_name":"Golden Idol","floor":3,"gold_loss":0},{"damage_healed":0,"gold_gain":75,"player_choice":"Gather Gold","damage_taken":11,"max_hp_gain":0,"max_hp_loss":0,"event_name":"World of Goop","floor":4,"gold_loss":0},{"damage_healed":0,"gold_gain":0,"player_choice":"Grow","damage_taken":0,"max_hp_gain":0,"max_hp_loss":0,"event_name":"Living Wall","floor":5,"gold_loss":0,"cards_upgraded":["Perfected Strike"]}],"is_beta":false,"boss_relics":[{"not_picked":["Runic Pyramid","Ectoplasm"],"picked":"SlaversCollar"}],"items_purged_floors":[8],"is_endless":false,"potions_floor_spawned":[6,14,17,19],"killed_by":"Shelled Parasite and Fungi","ascension_level":20}}