{"host":"6pietnjer90du4bs","time":1613652541,"event":{"mods":["Aspiration","BaseMod","Bossed Relics","Colored Map","Infinite Spire","Minty Spire (QoL Compilation)","Replay The Spire","StSLib"],"gold_per_floor":[112,112,112,112,124,154,154,184,208,208,258,258,43,60,60,137,137,157,79,79,29,29,29,57,57,104,120,134,134,84,104,104,104,104],"floor_reached":33,"language":"ENG","playtime":894,"items_purged":["Defend_R","Defend_R","Shame","Defend_R"],"score":525,"play_id":"d7d19d1f-fc9c-433f-b170-47ba765782c8","local_time":"20210218134901","is_ascension_mode":true,"campfire_choices":[{"floor":7,"key":"REST"},{"floor":10,"key":"REST"},{"data":"Infernal Blade","floor":12,"key":"SMITH"},{"data":"Bash","floor":15,"key":"SMITH"},{"floor":23,"key":"REST"},{"data":"True Grit","floor":32,"key":"SMITH"}],"circlet_count":0,"master_deck":["AscendersBane","Strike_R+1","Strike_R+1","Strike_R+1","Strike_R","Strike_R","Defend_R","Bash+1","Infernal Blade+1","ReplayTheSpireMod:Strike From Hell","ReplayTheSpireMod:Strike From Hell","ReplayTheSpireMod:Muscle Training","ReplayTheSpireMod:Strike From Hell","True Grit+1","Abandon+1","Havoc"],"relics":["Burning Blood","aspiration:Nostalgia","PureWater","Smiling Mask","aspiration:ChemicalBlood","Strawberry","Happy Flower","infinitespire:Satchel","Mark of Pain","Shuriken","Blue Doll","Pet Ghost"],"acts_visited":["Exordium","TheCity"],"potions_floor_usage":[16,16,16,24,27,28,33,33,33],"damage_taken":[{"damage":7,"enemies":"Jaw Worm","floor":1,"turns":3},{"damage":0,"enemies":"Small Slimes","floor":5,"turns":2},{"damage":11,"enemies":"Gremlin Nob","floor":6,"turns":3},{"damage":35,"enemies":"Lagavulin","floor":8,"turns":6},{"damage":1,"enemies":"Cultist","floor":14,"turns":3},{"damage":81,"enemies":"Slime Boss","floor":16,"turns":10},{"damage":2,"enemies":"Chosen","floor":18,"turns":3},{"damage":43,"enemies":"Book of Stabbing","floor":24,"turns":4},{"damage":7,"enemies":"3 Byrds","floor":27,"turns":4},{"damage":36,"enemies":"Centurion and Healer","floor":28,"turns":5},{"damage":25,"enemies":"Sentry and Sphere","floor":31,"turns":4},{"damage":30,"enemies":"Collector","floor":33,"turns":3}],"seed_played":"5064658520020622565","potions_obtained":[{"floor":6,"key":"FairyPotion"},{"floor":8,"key":"SpeedPotion"},{"floor":16,"key":"Energy Potion"},{"floor":16,"key":"AttackPotion"},{"floor":18,"key":"Elixir"},{"floor":24,"key":"Adrenaline Potion"},{"floor":24,"key":"DistilledChaos"}],"is_trial":false,"path_per_floor":["M","?","?","$","M","E","R","E","T","R","T","R","$","M","R_BF","B",null,"M","$","?","$","?","R","E","?","T","M","M","?","$","M","R_BF","B"],"character_chosen":"IRONCLAD","items_purchased":["infinitespire:Satchel","True Grit"],"campfire_rested":3,"item_purchase_floors":[13,19],"current_hp_per_floor":[67,67,44,44,50,45,67,38,45,69,69,69,69,74,74,15,65,69,69,69,69,45,71,34,34,34,33,32,49,49,30,30,0,0],"gold":104,"neow_bonus":"NOSTALGIA","is_daily":false,"chose_seed":false,"campfire_upgraded":3,"win_rate":0.0,"timestamp":1613652541,"path_taken":["M","?","?","?","?","E","R","E","T","R","?","R","$","M","R_BF","BOSS","M","$","?","$","?","R","E","?","T","M","M","?","?","M","R_BF","BOSS"],"items_purchased_type":["Relic","Card"],"build_version":"2020-12-22","purchased_purges":4,"victory":false,"max_hp_per_floor":[75,75,75,75,75,75,75,75,82,82,82,82,82,82,82,82,82,82,82,82,82,87,87,87,87,87,87,87,87,87,87,87,87,87],"card_choices":[{"not_picked":["Thunderclap","Clothesline"],"picked":"Infernal Blade","floor":1},{"not_picked":["Clash","Rage"],"picked":"ReplayTheSpireMod:Strike From Hell","floor":5},{"not_picked":["Twin Strike","Replay:Undeath\u0027s Touch"],"picked":"ReplayTheSpireMod:Strike From Hell","floor":6},{"not_picked":["Reckless Charge","Armaments"],"picked":"ReplayTheSpireMod:Muscle Training","floor":8},{"not_picked":["Demon Form","Anger"],"picked":"ReplayTheSpireMod:Strike From Hell","floor":14},{"not_picked":["Clothesline","Headbutt","Clash"],"picked":"SKIP","floor":18},{"not_picked":["Rage","Demon Form","Perfected Strike"],"picked":"SKIP","floor":24},{"not_picked":["ReplayTheSpireMod:Strike From Hell","Perfected Strike"],"picked":"Abandon+1","floor":27},{"not_picked":["Cleave","Twin Strike"],"picked":"Havoc","floor":28},{"not_picked":["Spot Weakness","Reaper","ReplayReversal"],"picked":"SKIP","floor":31}],"player_experience":737884,"relics_obtained":[{"floor":6,"key":"Smiling Mask"},{"floor":8,"key":"aspiration:ChemicalBlood"},{"floor":9,"key":"Strawberry"},{"floor":11,"key":"Happy Flower"},{"floor":24,"key":"Blue Doll"},{"floor":26,"key":"Pet Ghost"}],"event_choices":[{"damage_healed":0,"gold_gain":0,"player_choice":"Entered Light","damage_taken":23,"max_hp_gain":0,"max_hp_loss":0,"event_name":"Shining Light","floor":3,"gold_loss":0,"cards_upgraded":["Strike_R","Strike_R"]},{"damage_healed":0,"gold_gain":0,"player_choice":"Stole Relic","damage_taken":0,"relics_obtained":["Shuriken"],"max_hp_gain":0,"max_hp_loss":0,"event_name":"Addict","floor":20,"gold_loss":0,"cards_obtained":["Shame"]},{"damage_healed":0,"gold_gain":0,"player_choice":"Shed Blood","damage_taken":29,"max_hp_gain":5,"max_hp_loss":0,"event_name":"Forgotten Altar","floor":22,"gold_loss":0},{"damage_healed":0,"gold_gain":0,"player_choice":"Ignored","damage_taken":0,"max_hp_gain":0,"max_hp_loss":0,"event_name":"Vampires","floor":25,"gold_loss":0},{"damage_healed":17,"gold_gain":0,"player_choice":"Heal","damage_taken":0,"max_hp_gain":0,"max_hp_loss":0,"event_name":"The Library","floor":29,"gold_loss":0}],"is_beta":false,"boss_relics":[{"not_picked":["ReplayTheSpireMod:DimensionalGlitch","Black Blood"],"picked":"Mark of Pain"}],"items_purged_floors":[13,19,21,30],"is_endless":false,"potions_floor_spawned":[6,8,14,18,24],"killed_by":"Collector","ascension_level":19}}