{"host":"t81nzcd9m7brb0qe","time":1613685002,"event":{"mods":["2.2 Compatiblity","BaseMod","Colored Map","Dark Map","DeckTracker","Highlight Path","Minty Spire (QoL Compilation)","StSLib"],"gold_per_floor":[116,86,103,123,142,171,171,171,183,195,225,253,282,309,321,333,333],"floor_reached":16,"language":"ENG","playtime":641,"items_purged":[],"score":111,"play_id":"8cb2876c-f2ce-44cf-b1ff-3429b6f13b2a","local_time":"20210218135002","is_ascension_mode":true,"campfire_choices":[{"floor":15.0,"key":"REST"}],"circlet_count":0,"master_deck":["Strike_G","Strike_G","Strike_G","Strike_G","Strike_G","Defend_G","Defend_G","Defend_G","Defend_G","Defend_G","Survivor","Neutralize","Corpse Explosion","Dodge and Roll+1","Underhanded Strike","Poisoned Stab+1","Footwork","Calculated Gamble","Bane","Caltrops","Dagger Spray","Poisoned Stab"],"relics":["Ring of the Snake","Bottled Flame","MawBank","Mummified Hand"],"acts_visited":["Exordium"],"potions_floor_usage":[16],"damage_taken":[{"damage":6.0,"enemies":"Cultist","floor":1.0,"turns":4.0},{"damage":0.0,"enemies":"Jaw Worm","floor":3.0,"turns":5.0},{"damage":5.0,"enemies":"Small Slimes","floor":4.0,"turns":3.0},{"damage":0.0,"enemies":"3 Louse","floor":5.0,"turns":2.0},{"damage":28.0,"enemies":"Lagavulin","floor":6.0,"turns":8.0},{"damage":2.0,"enemies":"Blue Slaver","floor":11.0,"turns":4.0},{"damage":0.0,"enemies":"Exordium Wildlife","floor":12.0,"turns":2.0},{"damage":0.0,"enemies":"2 Fungi Beasts","floor":13.0,"turns":4.0},{"damage":2.0,"enemies":"Lots of Slimes","floor":14.0,"turns":3.0},{"damage":33,"enemies":"Hexaghost","floor":16,"turns":14}],"seed_played":"-1380945440476342034","potions_obtained":[{"floor":1.0,"key":"LiquidMemories"},{"floor":2.0,"key":"GamblersBrew"},{"floor":2.0,"key":"SteroidPotion"}],"is_trial":false,"path_per_floor":["M","?","M","M","M","E","?","?","T","?","M","M","M","M","R","B"],"character_chosen":"THE_SILENT","items_purchased":[],"campfire_rested":1,"item_purchase_floors":[],"current_hp_per_floor":[64,64,64,59,59,31,36,29,29,14,12,12,12,10,32,0,0],"gold":333,"neow_bonus":"ONE_RANDOM_RARE_CARD","is_daily":false,"chose_seed":false,"campfire_upgraded":0,"win_rate":0.0,"timestamp":1613685002,"path_taken":["M","?","?","M","?","E","?","?","T","?","M","M","M","M","R","BOSS"],"items_purchased_type":[],"build_version":"2020-12-22","purchased_purges":0,"victory":false,"max_hp_per_floor":[70,70,70,70,70,70,75,75,75,75,75,75,75,75,75,75,75],"card_choices":[{"not_picked":["Blur","Endless Agony"],"picked":"Dodge and Roll","floor":1.0},{"not_picked":["Terror","Outmaneuver"],"picked":"Underhanded Strike","floor":3.0},{"not_picked":["All Out Attack","Infinite Blades"],"picked":"Poisoned Stab","floor":4.0},{"not_picked":["All Out Attack","Distraction"],"picked":"Footwork","floor":5.0},{"not_picked":["Eviscerate","Masterful Stab"],"picked":"Calculated Gamble","floor":6.0},{"not_picked":["Acrobatics","Prepared"],"picked":"Bane","floor":11.0},{"not_picked":["Skewer","Underhanded Strike"],"picked":"Caltrops","floor":12.0},{"not_picked":["Slice","Quick Slash"],"picked":"Dagger Spray","floor":13.0},{"not_picked":["Deflect","Burst"],"picked":"Poisoned Stab","floor":14.0}],"player_experience":130502,"relics_obtained":[{"floor":6.0,"key":"Bottled Flame"},{"floor":9.0,"key":"Mummified Hand"}],"event_choices":[{"damage_healed":0.0,"max_hp_gain":0.0,"max_hp_loss":0.0,"gold_gain":0.0,"event_name":"The Woman in Blue","player_choice":"Bought 2 Potions","floor":2.0,"gold_loss":0.0,"damage_taken":0.0},{"damage_healed":0.0,"max_hp_gain":5.0,"max_hp_loss":0.0,"gold_gain":0.0,"event_name":"Big Fish","player_choice":"Donut","floor":7.0,"gold_loss":0.0,"damage_taken":0.0},{"damage_healed":0.0,"max_hp_gain":0.0,"max_hp_loss":0.0,"gold_gain":0.0,"event_name":"Scrap Ooze","player_choice":"Success","floor":8.0,"gold_loss":0.0,"damage_taken":7.0,"relics_obtained":["MawBank"]},{"damage_healed":0.0,"max_hp_gain":0.0,"max_hp_loss":0.0,"gold_gain":0.0,"event_name":"Shining Light","player_choice":"Entered Light","floor":10.0,"gold_loss":0.0,"damage_taken":15.0,"cards_upgraded":["Poisoned Stab","Dodge and Roll"]}],"is_beta":false,"boss_relics":[],"items_purged_floors":[],"is_endless":false,"potions_floor_spawned":[1,3,14],"killed_by":"Hexaghost","ascension_level":1}}