{"host":"7ap89n2sm7vm35bt","time":1613652888,"event":{"mods":["AchievementEnabler","Aspiration","BaseMod","Minty Spire (QoL Compilation)","StSLib","[IsaacMod]ÒÔÈö¼âËþ"],"gold_per_floor":[114,46,46,66,86,86,106,106,106,106,123,137,62,80,80,183,183,194,214,114,130,130,130,141,159,227,245,120,120,138,138,138,138,138],"floor_reached":33,"language":"ZHS","playtime":1163,"items_purged":["Strike_R","Strike_R","Strike_R"],"score":243,"play_id":"9a224858-ad05-4b32-b9ad-53922cea6180","local_time":"20210218205448","is_ascension_mode":false,"campfire_choices":[{"data":"Entrench","floor":6.0,"key":"SMITH"},{"data":"Flex","floor":8.0,"key":"SMITH"},{"data":"Armaments","floor":15.0,"key":"SMITH"},{"data":"Body Slam","floor":23.0,"key":"SMITH"},{"floor":32.0,"key":"REST"}],"circlet_count":0,"master_deck":["Strike_R","Strike_R","Defend_R","Defend_R","Defend_R","Defend_R","Bash","Thunderclap","Entrench+1","Flex+1","Iron Wave","Pommel Strike","Armaments+1","Body Slam+1","Slice+1","Backstab","Infernal Blade+1"],"relics":["Burning Blood","HushsDoor","Art of War","GuppysHead","PreservedInsect","aspiration:SilentSkillbook","GuppysTail","Enchiridion","Matryoshka"],"acts_visited":["Exordium","TheCity"],"potions_floor_usage":[33],"damage_taken":[{"damage":3.0,"enemies":"Small Slimes","floor":1.0,"turns":3.0},{"damage":1.0,"enemies":"Cultist","floor":4.0,"turns":3.0},{"damage":6.0,"enemies":"Jaw Worm","floor":5.0,"turns":2.0},{"damage":0.0,"enemies":"Exordium Wildlife","floor":7.0,"turns":3.0},{"damage":13.0,"enemies":"Gremlin Gang","floor":11.0,"turns":3.0},{"damage":0.0,"enemies":"2 Fungi Beasts","floor":12.0,"turns":2.0},{"damage":2.0,"enemies":"3 Louse","floor":14.0,"turns":2.0},{"damage":43.0,"enemies":"The Guardian","floor":16.0,"turns":12.0},{"damage":8.0,"enemies":"3 Byrds","floor":18.0,"turns":3.0},{"damage":13.0,"enemies":"Spheric Guardian","floor":19.0,"turns":4.0},{"damage":5.0,"enemies":"Snake Plant","floor":21.0,"turns":5.0},{"damage":30.0,"enemies":"Shelled Parasite and Fungi","floor":24.0,"turns":4.0},{"damage":9.0,"enemies":"Centurion and Healer","floor":25.0,"turns":4.0},{"damage":10.0,"enemies":"Snecko","floor":27.0,"turns":5.0},{"damage":0.0,"enemies":"Chosen and Byrds","floor":30.0,"turns":3.0},{"damage":50,"enemies":"Collector","floor":33,"turns":8}],"seed_played":"-8921152964221618596","potions_obtained":[{"floor":4.0,"key":"Fruit Juice"},{"floor":14.0,"key":"Block Potion"},{"floor":16.0,"key":"Fire Potion"},{"floor":18.0,"key":"ColorlessPotion"},{"floor":19.0,"key":"Energy Potion"},{"floor":27.0,"key":"FearPotion"}],"is_trial":false,"path_per_floor":["M","$","?","M","M","R","M","R","T","?","M","M","$","M","R","B",null,"M","M","$","M","?","R","M","M","T","M","$","?","M","$","R","B"],"character_chosen":"IRONCLAD","items_purchased":["Entrench","GuppysTail"],"campfire_rested":1,"item_purchase_floors":[2,17],"current_hp_per_floor":[80,80,80,85,85,85,85,85,85,78,71,77,77,81,81,44,75,73,66,66,67,51,51,27,24,24,20,20,20,26,26,48,0,0],"gold":138,"neow_bonus":"RANDOM_COMMON_RELIC","is_daily":false,"chose_seed":false,"campfire_upgraded":4,"win_rate":0.0,"timestamp":1613652888,"path_taken":["M","$","?","M","M","R","?","R","T","?","M","M","$","M","R","BOSS","M","M","$","?","?","R","M","M","T","M","$","?","?","?","R","BOSS"],"items_purchased_type":["Card","Relic"],"build_version":"2020-12-22","purchased_purges":3,"victory":false,"max_hp_per_floor":[80,80,80,85,85,85,85,85,85,85,85,85,85,85,85,85,75,75,75,75,75,75,75,75,75,75,75,75,75,75,75,75,75,75],"card_choices":[{"not_picked":["Reckless Charge","Carnage"],"picked":"Thunderclap","floor":1.0},{"not_picked":["Feel No Pain","Havoc","Cleave"],"picked":"SKIP","floor":4.0},{"not_picked":["Headbutt","True Grit"],"picked":"Flex","floor":5.0},{"not_picked":["Dark Embrace","Thunderclap"],"picked":"Iron Wave","floor":7.0},{"not_picked":["Infernal Blade","Anger"],"picked":"Pommel Strike","floor":11.0},{"not_picked":["Flex","Metallicize"],"picked":"Armaments","floor":12.0},{"not_picked":["Inflame","Thunderclap","Uppercut"],"picked":"SKIP","floor":14.0},{"not_picked":["Rampage","All Out Attack+1","Deadly Poison+1"],"picked":"Body Slam","floor":18.0},{"not_picked":["Dagger Spray+1","True Grit","Deflect"],"picked":"Slice+1","floor":19.0},{"not_picked":["Heavy Blade+1","Clash","Backflip","Heel Hook"],"picked":"SKIP","floor":21.0},{"not_picked":["Catalyst","Flex","Pummel+1"],"picked":"Backstab","floor":24.0},{"not_picked":["Deadly Poison","Clash","Iron Wave","Havoc"],"picked":"SKIP","floor":25.0},{"not_picked":["Fiend Fire","Expertise","Prepared"],"picked":"Infernal Blade+1","floor":27.0},{"not_picked":["Dodge and Roll+1","Sever Soul","Bloodletting","Headbutt"],"picked":"SKIP","floor":30.0}],"player_experience":262990,"relics_obtained":[{"floor":22.0,"key":"Enchiridion"},{"floor":26.0,"key":"Matryoshka"}],"event_choices":[{"damage_healed":0.0,"max_hp_gain":0.0,"max_hp_loss":0.0,"gold_gain":0.0,"event_name":"Golden Idol","player_choice":"Ignored","floor":3.0,"gold_loss":0.0,"damage_taken":0.0},{"damage_healed":0.0,"max_hp_gain":0.0,"max_hp_loss":0.0,"gold_gain":0.0,"event_name":"Scrap Ooze","player_choice":"Success","floor":10.0,"gold_loss":0.0,"damage_taken":7.0,"relics_obtained":["PreservedInsect"]},{"damage_healed":0.0,"max_hp_gain":0.0,"max_hp_loss":0.0,"gold_gain":0.0,"event_name":"Cursed Tome","player_choice":"Obtained Book","floor":22.0,"gold_loss":0.0,"damage_taken":16.0},{"damage_healed":0.0,"max_hp_gain":0.0,"max_hp_loss":0.0,"gold_gain":0.0,"event_name":"Ghosts","player_choice":"Ignored","floor":29.0,"gold_loss":0.0,"damage_taken":0.0}],"is_beta":false,"boss_relics":[{"not_picked":["Calling Bell","aspiration:RitualDagger"],"picked":"aspiration:SilentSkillbook"},{"not_picked":[]}],"items_purged_floors":[13,20,28],"is_endless":false,"potions_floor_spawned":[4,14,16,18,19,27],"killed_by":"Collector","ascension_level":0}}