{"host":"q6ff4ns2kep02ti6","time":1613688549,"event":{"mods":["AchievementEnabler","BaseMod","Minty Spire (QoL Compilation)","Relic Stats","StSLib","Unceasing Turn Reminder"],"gold_per_floor":[118,132,132,152,172,172,206,16,39,63,63,147,192,214,214,344,344,367,367,395,106,128,181,200,219,293,335,335,382,404,404,404,537,537,550,605,605,650,705,738,781,844,844,844,897,941,1034,1108,1108,1138,1138,1138,264,295,295],"floor_reached":56,"language":"ENG","playtime":5656,"items_purged":["Strike_P","Strike_P+1"],"score":1870,"play_id":"5cb6a6f5-36f9-4ddb-927f-beaa9a68f280","local_time":"20210218234909","is_ascension_mode":true,"campfire_choices":[{"data":"Eruption","floor":6,"key":"SMITH"},{"data":"LessonLearned","floor":11,"key":"SMITH"},{"data":"Nirvana","floor":15,"key":"SMITH"},{"floor":28,"key":"REST"},{"floor":32,"key":"RECALL"},{"floor":44,"key":"REST"},{"floor":49,"key":"REST"},{"floor":52,"key":"REST"}],"circlet_count":0,"master_deck":["Strike_P+1","Strike_P+1","Defend_P+1","Defend_P+1","Defend_P+1","Defend_P+1","Eruption+1","Vigilance+1","Wallop+1","CutThroughFate+1","DeceiveReality+1","ThirdEye+1","EmptyFist+1","LessonLearned+1","Indignation+1","ReachHeaven+1","Nirvana+1","TalkToTheHand+1","CutThroughFate+1","DeusExMachina+1","CutThroughFate+1","CrushJoints+1","WheelKick+1","Fasting2+1","Wireheading+1","DevaForm+1","Fasting2+1","FearNoEvil+1","Wish+1","ClearTheMind","Transmutation"],"relics":["PureWater","Golden Idol","Vajra","Anchor","CeramicFish","HornCleat","Snecko Eye","Nilry\u0027s Codex","Lantern","Oddly Smooth Stone","Matryoshka","Pear","War Paint","Fusion Hammer","Blue Candle","Regal Pillow","Damaru","StoneCalendar","Strawberry","Yang","TheAbacus","Akabeko","Bronze Scales"],"acts_visited":["Exordium","TheCity","TheBeyond","TheEnding"],"potions_floor_usage":[7,33,55,55,55,55,55],"damage_taken":[{"damage":0,"enemies":"2 Louse","floor":1,"turns":3},{"damage":7,"enemies":"Small Slimes","floor":2,"turns":4},{"damage":0,"enemies":"Cultist","floor":4,"turns":2},{"damage":12,"enemies":"Large Slime","floor":5,"turns":4},{"damage":4,"enemies":"Lagavulin","floor":7,"turns":10},{"damage":7,"enemies":"Lots of Slimes","floor":10,"turns":4},{"damage":0,"enemies":"3 Sentries","floor":12,"turns":4},{"damage":18,"enemies":"Gremlin Nob","floor":13,"turns":4},{"damage":0,"enemies":"3 Louse","floor":14,"turns":3},{"damage":0,"enemies":"Hexaghost","floor":16,"turns":8},{"damage":0,"enemies":"2 Thieves","floor":18,"turns":2},{"damage":12,"enemies":"Chosen","floor":20,"turns":6},{"damage":0,"enemies":"Centurion and Healer","floor":22,"turns":5},{"damage":0,"enemies":"Book of Stabbing","floor":23,"turns":3},{"damage":0,"enemies":"Snecko","floor":24,"turns":3},{"damage":0,"enemies":"3 Cultists","floor":25,"turns":3},{"damage":0,"enemies":"Gremlin Leader","floor":27,"turns":3},{"damage":0,"enemies":"Book of Stabbing","floor":29,"turns":3},{"damage":0,"enemies":"Cultist and Chosen","floor":30,"turns":3},{"damage":5,"enemies":"Champ","floor":33,"turns":6},{"damage":0,"enemies":"Orb Walker","floor":35,"turns":2},{"damage":0,"enemies":"3 Shapes","floor":36,"turns":5},{"damage":0,"enemies":"Maw","floor":38,"turns":6},{"damage":11,"enemies":"4 Shapes","floor":39,"turns":6},{"damage":2,"enemies":"Reptomancer","floor":40,"turns":4},{"damage":0,"enemies":"Sphere and 2 Shapes","floor":41,"turns":4},{"damage":0,"enemies":"Giant Head","floor":42,"turns":6},{"damage":0,"enemies":"Writhing Mass","floor":45,"turns":6},{"damage":0,"enemies":"Jaw Worm Horde","floor":46,"turns":5},{"damage":0,"enemies":"Mind Bloom Boss Battle","floor":47,"turns":4},{"damage":9,"enemies":"Reptomancer","floor":48,"turns":6},{"damage":25,"enemies":"Donu and Deca","floor":50,"turns":6},{"damage":30,"enemies":"Shield and Spear","floor":54,"turns":5},{"damage":14,"enemies":"The Heart","floor":55,"turns":6}],"seed_played":"9066029194950707898","potions_obtained":[{"floor":1,"key":"SpeedPotion"},{"floor":4,"key":"Weak Potion"},{"floor":5,"key":"LiquidBronze"},{"floor":7,"key":"SkillPotion"},{"floor":16,"key":"StancePotion"},{"floor":39,"key":"SpeedPotion"},{"floor":40,"key":"Weak Potion"},{"floor":41,"key":"EntropicBrew"}],"is_trial":false,"path_per_floor":["M","M","?","M","M","R","E","$","T","M","R","?","E","M","R","B",null,"M","?","M","$","M","E","M","M","T","E","R","E","M","?","R","B",null,"M","M","?","M","M","E","M","E","T","R","M","M","?","E","R","B",null,"R","$","E","B",null],"character_chosen":"WATCHER","items_purchased":["LessonLearned","Indignation","Lantern","WheelKick","Yang","ClearTheMind","TheAbacus","Akabeko","Transmutation"],"campfire_rested":4,"item_purchase_floors":[8,8,21,21,53,53,53,53,53],"current_hp_per_floor":[72,65,65,65,53,53,49,49,49,42,42,42,24,24,24,24,61,61,45,33,33,33,33,33,33,33,43,67,67,67,67,67,62,78,78,78,78,78,67,65,65,65,65,83,83,83,83,81,90,65,84,90,90,60,46],"gold":295,"neow_bonus":"TEN_PERCENT_HP_BONUS","is_daily":false,"chose_seed":false,"campfire_upgraded":3,"win_rate":0.0,"timestamp":1613688549,"path_taken":["M","M","?","M","M","R","E","$","T","M","R","?","E","M","R","BOSS","M","?","M","$","M","E","M","M","T","E","R","E","M","?","R","BOSS","M","M","?","M","M","E","M","E","T","R","M","M","?","E","R","BOSS","R","$","E","BOSS"],"items_purchased_type":["Card","Card","Relic","Card","Relic","Card","Relic","Relic","Card"],"build_version":"2020-12-22","purchased_purges":2,"victory":true,"max_hp_per_floor":[79,79,73,73,73,73,73,73,73,73,73,73,73,73,73,73,73,73,73,73,73,73,73,73,73,73,83,83,83,83,83,83,83,83,83,83,83,83,83,83,83,83,83,83,83,83,83,90,90,90,90,90,90,90,90],"relic_stats":{"Regal Pillow":0,"TheAbacus":[12],"counters":[34,154],"Golden Idol":266,"CeramicFish":135,"Blue Candle":[0],"Bronze Scales":[85],"Snecko Eye":[225,189,197,193],"StoneCalendar":[0],"Yang":[34],"War Paint":["Defend_P","DeusExMachina"],"obtain_stats":[{"Lantern":21,"Regal Pillow":42,"Pear":27,"Golden Idol":3,"Nilry\u0027s Codex":19,"CeramicFish":12,"Blue Candle":40,"Vajra":7,"Oddly Smooth Stone":23,"Damaru":43,"StoneCalendar":47,"Yang":53,"War Paint":29,"Akabeko":53,"Anchor":9,"HornCleat":13,"Matryoshka":26,"TheAbacus":53,"Strawberry":48,"Bronze Scales":54,"Snecko Eye":17,"Fusion Hammer":34,"PureWater":0},{"Lantern":12,"Regal Pillow":27,"Pear":17,"Golden Idol":2,"Nilry\u0027s Codex":11,"CeramicFish":7,"Blue Candle":25,"Vajra":5,"Oddly Smooth Stone":14,"Damaru":27,"StoneCalendar":30,"Yang":32,"War Paint":18,"Akabeko":32,"Anchor":5,"HornCleat":8,"Matryoshka":16,"TheAbacus":32,"Strawberry":31,"Bronze Scales":33,"Snecko Eye":10,"Fusion Hammer":20,"PureWater":0},{"Lantern":54,"Regal Pillow":116,"Pear":71,"Golden Idol":7,"Nilry\u0027s Codex":48,"CeramicFish":31,"Blue Candle":106,"Vajra":23,"Oddly Smooth Stone":62,"Damaru":116,"StoneCalendar":131,"Yang":143,"War Paint":74,"Akabeko":143,"Anchor":23,"HornCleat":35,"Matryoshka":68,"TheAbacus":143,"Strawberry":137,"Bronze Scales":148,"Snecko Eye":46,"Fusion Hammer":83,"PureWater":0}]},"card_choices":[{"not_picked":["Worship","CarveReality"],"picked":"Wallop","floor":1},{"not_picked":["Protect","BowlingBash"],"picked":"CutThroughFate","floor":2},{"not_picked":["Swivel","CutThroughFate"],"picked":"DeceiveReality","floor":4},{"not_picked":["PathToVictory","EmptyFist"],"picked":"ThirdEye","floor":5},{"not_picked":["JustLucky","WheelKick"],"picked":"EmptyFist","floor":7},{"not_picked":["FlurryOfBlows","TalkToTheHand"],"picked":"ReachHeaven","floor":10},{"not_picked":["Worship","FollowUp"],"picked":"Nirvana","floor":12},{"not_picked":["Fasting2","Prostrate"],"picked":"TalkToTheHand","floor":13},{"not_picked":["Tantrum","Conclude"],"picked":"CutThroughFate","floor":14},{"not_picked":["ConjureBlade","Devotion"],"picked":"DeusExMachina","floor":16},{"not_picked":["Study","EmptyFist"],"picked":"CutThroughFate","floor":18},{"not_picked":["CutThroughFate","FlyingSleeves"],"picked":"CrushJoints+1","floor":20},{"not_picked":["Perseverance+1","Halt"],"picked":"Fasting2+1","floor":22},{"not_picked":["WreathOfFlame","Meditate"],"picked":"Wireheading","floor":23},{"not_picked":["LikeWater","EmptyFist","MentalFortress+1"],"picked":"SKIP","floor":24},{"not_picked":["WreathOfFlame","Conclude+1","Consecrate"],"picked":"SKIP","floor":25},{"not_picked":["EmptyMind","Worship"],"picked":"DevaForm","floor":27},{"not_picked":["SashWhip","JustLucky"],"picked":"Fasting2+1","floor":29},{"not_picked":["Tantrum","FollowUp"],"picked":"FearNoEvil","floor":30},{"not_picked":["SpiritShield","Judgement"],"picked":"Wish","floor":33},{"not_picked":["EmptyBody+1","Perseverance+1","Fasting2+1"],"picked":"SKIP","floor":35},{"not_picked":["SashWhip+1","FearNoEvil+1","CutThroughFate"],"picked":"SKIP","floor":36},{"not_picked":["PathToVictory","Halt+1","Conclude"],"picked":"SKIP","floor":38},{"not_picked":["EmptyFist","EmptyBody","Consecrate+1"],"picked":"SKIP","floor":39},{"not_picked":["MasterReality","EmptyBody+1","Worship"],"picked":"SKIP","floor":40},{"not_picked":["ForeignInfluence+1","FollowUp","Wallop+1"],"picked":"SKIP","floor":41},{"not_picked":["MasterReality","BowlingBash","JustLucky"],"picked":"SKIP","floor":42},{"not_picked":["EmptyBody","Wireheading","PathToVictory+1"],"picked":"SKIP","floor":45},{"not_picked":["Crescendo","Tantrum","JustLucky+1"],"picked":"SKIP","floor":46},{"not_picked":["FlyingSleeves","Blasphemy","EmptyFist"],"picked":"SKIP","floor":48},{"not_picked":["FlyingSleeves","Halt","ThirdEye"],"picked":"SKIP","floor":54}],"player_experience":1077656,"relics_obtained":[{"floor":7,"key":"Vajra"},{"floor":9,"key":"Anchor"},{"floor":12,"key":"CeramicFish"},{"floor":13,"key":"HornCleat"},{"floor":19,"key":"Nilry\u0027s Codex"},{"floor":23,"key":"Oddly Smooth Stone"},{"floor":26,"key":"Matryoshka"},{"floor":27,"key":"Pear"},{"floor":29,"key":"War Paint"},{"floor":40,"key":"Blue Candle"},{"floor":42,"key":"Regal Pillow"},{"floor":43,"key":"Damaru"},{"floor":47,"key":"StoneCalendar"},{"floor":48,"key":"Strawberry"},{"floor":54,"key":"Bronze Scales"}],"event_choices":[{"damage_healed":0,"gold_gain":0,"player_choice":"Lose Max HP","damage_taken":0,"relics_obtained":["Golden Idol"],"max_hp_gain":0,"max_hp_loss":6,"event_name":"Golden Idol","floor":3,"gold_loss":0},{"damage_healed":0,"gold_gain":0,"player_choice":"Searched \u00271\u0027 times","damage_taken":0,"max_hp_gain":0,"max_hp_loss":0,"event_name":"Dead Adventurer","floor":12,"gold_loss":0},{"damage_healed":0,"gold_gain":0,"player_choice":"Obtained Book","damage_taken":16,"max_hp_gain":0,"max_hp_loss":0,"event_name":"Cursed Tome","floor":19,"gold_loss":0},{"damage_healed":0,"gold_gain":0,"player_choice":"Forge","damage_taken":0,"max_hp_gain":0,"max_hp_loss":0,"event_name":"Accursed Blacksmith","floor":31,"gold_loss":0,"cards_upgraded":["DevaForm"]},{"damage_healed":0,"gold_gain":0,"player_choice":"Ignored","damage_taken":0,"max_hp_gain":0,"max_hp_loss":0,"event_name":"Tomb of Lord Red Mask","floor":37,"gold_loss":0},{"damage_healed":0,"gold_gain":0,"player_choice":"Fight","damage_taken":0,"max_hp_gain":0,"max_hp_loss":0,"event_name":"MindBloom","floor":47,"gold_loss":0}],"is_beta":false,"boss_relics":[{"not_picked":["Tiny House","Runic Dome"],"picked":"Snecko Eye"},{"not_picked":["Pandora\u0027s Box","Coffee Dripper"],"picked":"Fusion Hammer"}],"items_purged_floors":[21,53],"is_endless":false,"potions_floor_spawned":[1,4,5,7,16,18,23,29,30,39,40,41,42,45,48,54],"ascension_level":7}}