{"host":"a3gu5zu37ht99mpa","time":1613613802,"event":{"mods":["100% Spire Juice","Act Like it!","BaseMod","Better Silent Start","Better Third Choice","BetterRewards","Conspire","Downfall","Energized Spire","GifTheSpireLib","Gold Saver","Halation","JesterMod","Lobotomy","LobotomyExtend","Luminous","Minty Spire (QoL Compilation)","Reliquary","StSLib","Stuff the Spire","The Administrix","The Animator","The Bug Knight","The Hayseed","The Necromancer","The Runesmith","The Saiyan","The Showman","Virulent Crown","Wandering Minibosses","yUi","??????REMEMod"],"gold_per_floor":[139,32,107,5,0,28,28,28,28],"floor_reached":8,"language":"ENG","playtime":736,"items_purged":[],"score":52,"play_id":"af841df5-304d-40af-8445-5296fea789e9","local_time":"20210217210322","is_ascension_mode":false,"campfire_choices":[],"circlet_count":0,"master_deck":["theShowman:VanishingStrike","theShowman:VanishingStrike","theShowman:BasicStrike","theShowman:BasicStrike","theShowman:BasicDefend","theShowman:BasicDefend","theShowman:VanishingDefend","theShowman:VanishingDefend","theShowman:CardPickup52","theShowman:StageHook","jesterMod:Leeches","ShyLook","theShowman:Toro","theShowman:BlackJack","theShowman:RazzleDazzle","theShowman:DivertingDisplay","theShowman:StartlingShowmanship","Enlightenment","NakedNest","theShowman:Ventriloquism"],"relics":["theShowman:ThirdTimeCharm","REME_ComplimentaryCards","CogitoBucket","RabbitCall","LetterFromLob","reliquary:Stiletto","Golden Idol"],"acts_visited":["Exordium"],"potions_floor_usage":[],"damage_taken":[{"damage":0,"enemies":"conspire:RoseBush","floor":1,"turns":3},{"damage":35,"enemies":"HollowMod:MossKnight","floor":6,"turns":11},{"damage":43,"enemies":"Gremlin Nob","floor":8,"turns":3}],"seed_played":"3856975828400952325","potions_obtained":[{"floor":6,"key":"Energy Potion"}],"is_trial":false,"path_per_floor":["M","$","?","$","?","E","?","E"],"character_chosen":"THE_SHOWMAN","items_purchased":["theShowman:BlackJack","theShowman:RazzleDazzle","theShowman:DivertingDisplay","theShowman:StartlingShowmanship"],"campfire_rested":0,"item_purchase_floors":[2,2,4,4],"current_hp_per_floor":[75,75,64,64,70,56,36,0,0],"gold":28,"neow_bonus":"","is_daily":false,"chose_seed":false,"campfire_upgraded":0,"win_rate":0.0,"timestamp":1613613802,"path_taken":["M","$","?","$","?","E","?","E"],"items_purchased_type":["Card","Card","Card","Card"],"build_version":"2020-12-22","purchased_purges":0,"victory":false,"max_hp_per_floor":[75,75,75,75,81,81,81,81,81],"card_choices":[{"not_picked":["Wellcheers","BeautyBeast"],"picked":"ShyLook","floor":1},{"not_picked":["theShowman:HypeTheCrowd","theShowman:SybilFlourish"],"picked":"theShowman:Toro","floor":1},{"not_picked":["MHz","WallGazer"],"picked":"NakedNest","floor":6},{"not_picked":["theShowman:StartlingShowmanship","theShowman:PropShow"],"picked":"theShowman:Ventriloquism","floor":6}],"player_experience":112669,"relics_obtained":[{"floor":1,"key":"LetterFromLob"},{"floor":6,"key":"reliquary:Stiletto"}],"event_choices":[{"damage_healed":0,"gold_gain":75,"player_choice":"Gold","damage_taken":11,"max_hp_gain":0,"max_hp_loss":0,"event_name":"betterThird:BetterGoop","floor":3,"gold_loss":0},{"damage_healed":0,"gold_gain":0,"player_choice":"RENOUNCE","damage_taken":5,"max_hp_gain":0,"max_hp_loss":0,"event_name":"betterThird:BetterSerpent","floor":5,"gold_loss":5,"cards_obtained":["Enlightenment"]},{"damage_healed":0,"gold_gain":0,"player_choice":"Take Damage","damage_taken":20,"relics_obtained":["Golden Idol"],"max_hp_gain":0,"max_hp_loss":0,"event_name":"Golden Idol","floor":7,"gold_loss":0}],"is_beta":false,"boss_relics":[],"items_purged_floors":[],"is_endless":false,"potions_floor_spawned":[6],"killed_by":"Gremlin Nob","ascension_level":0}}