{"host":"p9fmk1zxjhqthrxg","time":1613618620,"event":{"mods":["BaseMod","Bestiary","Colored Map","Colored Powertips","Highlight Path","Minty Spire (QoL Compilation)","Random Character Button","Rare Cards Sparkle"],"gold_per_floor":[118,132,132,144,144,144,319,338,338,338,352,352,377,19,19,116,116,116,26,0,0],"floor_reached":20,"language":"ENG","playtime":1504,"items_purged":[],"score":172,"play_id":"c5008bc4-c49c-4f95-b457-d45eaeb55480","local_time":"20210217212340","is_ascension_mode":false,"campfire_choices":[{"floor":6,"key":"REST"},{"data":"Blade Dance","floor":10,"key":"SMITH"},{"data":"Unload","floor":12,"key":"SMITH"},{"floor":15,"key":"REST"}],"circlet_count":0,"master_deck":["Strike_G","Strike_G","Strike_G","Strike_G","Strike_G","Defend_G","Defend_G","Defend_G","Defend_G","Defend_G","Survivor+1","Neutralize","Acrobatics","Prepared+1","Blade Dance+1","Doubt","Expertise","Unload+1","Underhanded Strike","Dagger Throw","A Thousand Cuts","Masterful Stab","Caltrops","Deflect"],"relics":["Snecko Eye","Ancient Tea Set","Shuriken","Du-Vu Doll","Ectoplasm"],"acts_visited":["Exordium","TheCity"],"potions_floor_usage":[],"damage_taken":[{"damage":0,"enemies":"2 Louse","floor":1,"turns":3},{"damage":2,"enemies":"Jaw Worm","floor":2,"turns":6},{"damage":0,"enemies":"Small Slimes","floor":4,"turns":5},{"damage":4,"enemies":"2 Fungi Beasts","floor":8,"turns":4},{"damage":10,"enemies":"Exordium Thugs","floor":11,"turns":5},{"damage":30,"enemies":"3 Sentries","floor":13,"turns":10},{"damage":21,"enemies":"Hexaghost","floor":16,"turns":5},{"damage":33,"enemies":"3 Byrds","floor":18,"turns":5},{"damage":40,"enemies":"2 Thieves","floor":20,"turns":2}],"seed_played":"-4737396227555472645","potions_obtained":[{"floor":8,"key":"Poison Potion"},{"floor":13,"key":"Swift Potion"},{"floor":16,"key":"ColorlessPotion"}],"is_trial":false,"path_per_floor":["M","M","?","M","?","R","?","M","T","R","M","R","E","$","R","B",null,"M","$","M"],"character_chosen":"THE_SILENT","items_purchased":["Dagger Throw","Du-Vu Doll","Caltrops","Deflect"],"campfire_rested":2,"item_purchase_floors":[14,14,19,19],"current_hp_per_floor":[70,68,68,68,54,70,70,66,66,66,56,56,26,26,47,26,70,37,37,0,0],"gold":0,"neow_bonus":"BOSS_RELIC","is_daily":false,"chose_seed":false,"campfire_upgraded":2,"win_rate":0.0,"timestamp":1613618620,"path_taken":["M","M","?","M","?","R","?","M","T","R","M","R","E","?","R","BOSS","M","$","M"],"items_purchased_type":["Card","Relic","Card","Card"],"build_version":"2020-12-22","purchased_purges":0,"victory":false,"max_hp_per_floor":[70,70,70,70,70,70,70,70,70,70,70,70,70,70,70,70,70,70,70,70,70],"card_choices":[{"not_picked":["Underhanded Strike","Infinite Blades"],"picked":"Acrobatics","floor":1},{"not_picked":["Quick Slash","Dagger Spray"],"picked":"Prepared","floor":2},{"not_picked":["Prepared","Predator"],"picked":"Blade Dance","floor":4},{"not_picked":["Deadly Poison","Dash"],"picked":"Expertise","floor":8},{"not_picked":["Acrobatics","Leg Sweep"],"picked":"Unload","floor":11},{"not_picked":["Deflect","PiercingWail"],"picked":"Underhanded Strike","floor":13},{"not_picked":["Burst","Adrenaline"],"picked":"A Thousand Cuts","floor":16},{"not_picked":["PiercingWail","Deadly Poison"],"picked":"Masterful Stab","floor":18}],"player_experience":130325,"relics_obtained":[{"floor":9,"key":"Ancient Tea Set"},{"floor":13,"key":"Shuriken"}],"event_choices":[{"damage_healed":0,"gold_gain":0,"player_choice":"Leave","damage_taken":0,"max_hp_gain":0,"max_hp_loss":0,"event_name":"The Cleric","floor":3,"gold_loss":0},{"damage_healed":0,"gold_gain":0,"player_choice":"Entered Light","damage_taken":14,"max_hp_gain":0,"max_hp_loss":0,"event_name":"Shining Light","floor":5,"gold_loss":0,"cards_upgraded":["Survivor","Prepared"]},{"damage_healed":0,"gold_gain":175,"player_choice":"AGREE","damage_taken":0,"max_hp_gain":0,"max_hp_loss":0,"event_name":"Liars Game","floor":7,"gold_loss":0,"cards_obtained":["Doubt"]}],"is_beta":false,"boss_relics":[{"not_picked":["Velvet Choker","Black Star"],"picked":"Ectoplasm"}],"items_purged_floors":[],"is_endless":false,"potions_floor_spawned":[8,13,16],"killed_by":"2 Thieves","ascension_level":0}}