{"host":"8rgpnls124hwjv5t","time":1613619626,"event":{"mods":["BaseMod","Colored Map","Colored Powertips","DeckTracker","Highlight Path","Minty Spire (QoL Compilation)","Permanent Neow","Quick Restart","Relic Stats","Shop Mod","StSLib"],"gold_per_floor":[119,129,129,146,146,146,16,39,39,39,39,39,72,97,97,193,193,207,207,207,227,245,245,283,302,302,302,20,20,20,20,20,119,119,140,140,159,180,203,203,114,114,191,29,48,48,48,69,69,69,69],"floor_reached":50,"language":"ENG","playtime":2233,"items_purged":[],"score":944,"play_id":"7a14b198-c898-40c2-8f29-8bd72a1882da","local_time":"20210217224026","is_ascension_mode":true,"campfire_choices":[{"data":"Coolheaded","floor":6,"key":"SMITH"},{"data":"Darkness","floor":10,"key":"SMITH"},{"data":"Hologram","floor":12,"key":"SMITH"},{"floor":15,"key":"REST"},{"data":"Multi-Cast","floor":23,"key":"SMITH"},{"data":"Skim","floor":27,"key":"SMITH"},{"floor":30,"key":"REST"},{"floor":32,"key":"REST"},{"data":"Defragment","floor":40,"key":"SMITH"},{"data":"Seek","floor":42,"key":"SMITH"},{"data":"Defragment","floor":46,"key":"SMITH"},{"floor":49,"key":"REST"}],"circlet_count":0,"master_deck":["AscendersBane","Strike_B+1","Strike_B+1","Defend_B+1","Defend_B+1","Defend_B+1","Defend_B+1","Dualcast","Coolheaded+1","Darkness+1","Hologram+1","Loop+1","Doom and Gloom","Doom and Gloom","Loop","Multi-Cast+1","Skim+1","Conserve Battery","Storm","Loop","Tempest+1","Force Field+1","Defragment+1","Multi-Cast+1","Seek+1","Seek","Fusion","Coolheaded+1","Tempest","Defragment+1","Consume+1"],"relics":["Philosopher\u0027s Stone","Du-Vu Doll","Golden Idol","Torii","Art of War","Nuclear Battery","FossilizedHelix","Omamori","DollysMirror","Runic Pyramid","Symbiotic Virus","DataDisk"],"acts_visited":["Exordium","TheCity","TheBeyond"],"potions_floor_usage":[13,16,16,24,33,39,50,50],"damage_taken":[{"damage":2,"enemies":"Small Slimes","floor":1,"turns":3},{"damage":3,"enemies":"Jaw Worm","floor":2,"turns":3},{"damage":8,"enemies":"2 Louse","floor":4,"turns":3},{"damage":5,"enemies":"Looter","floor":8,"turns":3},{"damage":21,"enemies":"Lagavulin","floor":13,"turns":4},{"damage":1,"enemies":"2 Fungi Beasts","floor":14,"turns":3},{"damage":37,"enemies":"The Guardian","floor":16,"turns":9},{"damage":15,"enemies":"Chosen","floor":18,"turns":4},{"damage":1,"enemies":"Spheric Guardian","floor":21,"turns":3},{"damage":1,"enemies":"Snecko","floor":22,"turns":4},{"damage":31,"enemies":"Slavers","floor":24,"turns":4},{"damage":1,"enemies":"Chosen and Byrds","floor":25,"turns":4},{"damage":0,"enemies":"Collector","floor":33,"turns":5},{"damage":0,"enemies":"Orb Walker","floor":35,"turns":2},{"damage":0,"enemies":"3 Shapes","floor":37,"turns":5},{"damage":26,"enemies":"Spire Growth","floor":38,"turns":3},{"damage":0,"enemies":"Writhing Mass","floor":39,"turns":2},{"damage":0,"enemies":"Transient","floor":45,"turns":6},{"damage":18,"enemies":"Jaw Worm Horde","floor":48,"turns":3},{"damage":73,"enemies":"Time Eater","floor":50,"turns":6}],"seed_played":"7300541685548105871","potions_obtained":[{"floor":2,"key":"ColorlessPotion"},{"floor":13,"key":"GamblersBrew"},{"floor":14,"key":"ColorlessPotion"},{"floor":18,"key":"FairyPotion"},{"floor":21,"key":"ColorlessPotion"},{"floor":25,"key":"FocusPotion"},{"floor":33,"key":"SmokeBomb"},{"floor":38,"key":"LiquidMemories"},{"floor":39,"key":"PotionOfCapacity"}],"is_trial":false,"path_per_floor":["M","M","?","M","?","R","$","M","T","R","?","R","E","M","R","B",null,"M","?","?","M","M","R","E","M","T","R","$","?","R","?","R","B",null,"M","?","M","M","M","R","$","R","T","$","M","R","$","M","R","B"],"character_chosen":"DEFECT","items_purchased":["Loop","Doom and Gloom","Defragment","DollysMirror","DuplicationPotion","Tempest","DataDisk"],"campfire_rested":4,"item_purchase_floors":[7,7,28,28,28,41,44],"current_hp_per_floor":[62,59,54,46,46,46,46,41,41,41,41,41,20,19,38,1,48,33,33,33,32,31,31,19,18,18,18,18,18,37,37,56,56,62,62,62,62,36,36,36,36,36,36,36,36,36,36,18,37,0,0],"gold":69,"neow_bonus":"BOSS_RELIC","is_daily":false,"chose_seed":false,"campfire_upgraded":8,"win_rate":0.0,"timestamp":1613619626,"path_taken":["M","M","?","M","?","R","$","M","T","R","?","R","E","M","R","BOSS","M","?","?","M","M","R","E","M","T","R","$","?","R","?","R","BOSS","M","?","?","M","?","R","?","R","T","$","M","R","$","M","R","BOSS"],"items_purchased_type":["Card","Card","Card","Relic","Potion","Card","Relic"],"build_version":"2020-12-22","purchased_purges":0,"victory":false,"max_hp_per_floor":[71,71,71,71,64,64,64,64,64,64,64,64,64,64,64,64,64,64,64,64,64,64,64,64,64,64,64,64,64,64,64,64,64,64,64,64,64,64,64,64,64,64,64,64,64,64,64,64,64,64,64],"relic_stats":{"Torii":16,"counters":[20,78],"Golden Idol":104,"Art of War":[25],"obtain_stats":[{"Torii":9,"Golden Idol":5,"Omamori":26,"Nuclear Battery":17,"Du-Vu Doll":3,"DataDisk":44,"DollysMirror":28,"Philosopher\u0027s Stone":0,"Art of War":13,"Cracked Core":0,"Symbiotic Virus":43,"FossilizedHelix":24,"Runic Pyramid":34},{"Torii":4,"Golden Idol":3,"Omamori":12,"Nuclear Battery":7,"Du-Vu Doll":2,"DataDisk":17,"DollysMirror":12,"Philosopher\u0027s Stone":0,"Art of War":5,"Cracked Core":0,"Symbiotic Virus":17,"FossilizedHelix":11,"Runic Pyramid":13},{"Torii":12,"Golden Idol":9,"Omamori":47,"Nuclear Battery":28,"Du-Vu Doll":6,"DataDisk":63,"DollysMirror":47,"Philosopher\u0027s Stone":0,"Art of War":16,"Cracked Core":0,"Symbiotic Virus":63,"FossilizedHelix":43,"Runic Pyramid":52}]},"card_choices":[{"not_picked":["Cold Snap","Turbo"],"picked":"Coolheaded","floor":1},{"not_picked":["Force Field","Gash"],"picked":"Darkness","floor":2},{"not_picked":["Gash","Barrage"],"picked":"Hologram","floor":4},{"not_picked":["Streamline","Cold Snap"],"picked":"Doom and Gloom","floor":8},{"not_picked":["Creative AI","Chaos"],"picked":"Loop","floor":13},{"not_picked":["Hello World","Aggregate","Go for the Eyes"],"picked":"SKIP","floor":14},{"not_picked":["Buffer","Rainbow"],"picked":"Multi-Cast","floor":16},{"not_picked":["FTL","Beam Cell+1"],"picked":"Skim","floor":18},{"not_picked":["Storm","FTL"],"picked":"Loop","floor":21},{"not_picked":["Rebound+1","Go for the Eyes"],"picked":"Tempest+1","floor":22},{"not_picked":["Stack","Storm","Cold Snap"],"picked":"SKIP","floor":24},{"not_picked":["Leap","Compile Driver"],"picked":"Force Field+1","floor":25},{"not_picked":["Electrodynamics","Buffer"],"picked":"Seek","floor":33},{"not_picked":["Doom and Gloom","Sweeping Beam","Consume"],"picked":"SKIP","floor":35},{"not_picked":["Undo","Conserve Battery"],"picked":"Fusion","floor":37},{"not_picked":["Redo+1","Hologram"],"picked":"Coolheaded+1","floor":38},{"not_picked":["Steam Power+1","Streamline","Redo+1"],"picked":"SKIP","floor":39},{"not_picked":["Ball Lightning+1","Steam"],"picked":"Defragment","floor":45},{"not_picked":["Reinforced Body","Recycle"],"picked":"Consume+1","floor":48}],"player_experience":610100,"relics_obtained":[{"floor":9,"key":"Torii"},{"floor":13,"key":"Art of War"},{"floor":24,"key":"FossilizedHelix"},{"floor":26,"key":"Omamori"},{"floor":43,"key":"Symbiotic Virus"}],"event_choices":[{"damage_healed":0,"gold_gain":0,"player_choice":"Success","damage_taken":5,"relics_obtained":["Du-Vu Doll"],"max_hp_gain":0,"max_hp_loss":0,"event_name":"Scrap Ooze","floor":3,"gold_loss":0},{"damage_healed":0,"gold_gain":0,"player_choice":"Lose Max HP","damage_taken":0,"relics_obtained":["Golden Idol"],"max_hp_gain":0,"max_hp_loss":7,"event_name":"Golden Idol","floor":5,"gold_loss":0},{"damage_healed":0,"gold_gain":0,"player_choice":"Grow","damage_taken":0,"max_hp_gain":0,"max_hp_loss":0,"event_name":"Living Wall","floor":11,"gold_loss":0,"cards_upgraded":["Loop"]},{"damage_healed":0,"gold_gain":0,"cards_transformed":["Strike_B","Strike_B"],"player_choice":"Became Test Subject","damage_taken":0,"max_hp_gain":0,"max_hp_loss":0,"event_name":"Drug Dealer","floor":19,"gold_loss":0,"cards_obtained":["Conserve Battery","Storm"]},{"damage_healed":0,"gold_gain":0,"player_choice":"Simplicity","damage_taken":0,"max_hp_gain":0,"max_hp_loss":0,"event_name":"Back to Basics","floor":20,"gold_loss":0,"cards_upgraded":["Strike_B","Strike_B","Defend_B","Defend_B","Defend_B","Defend_B"]},{"damage_healed":0,"gold_gain":0,"player_choice":"Read","damage_taken":0,"max_hp_gain":0,"max_hp_loss":0,"event_name":"The Library","floor":31,"gold_loss":0,"cards_obtained":["Seek"]},{"cards_removed":["Zap"],"damage_healed":0,"gold_gain":0,"player_choice":"Purged","damage_taken":0,"max_hp_gain":0,"max_hp_loss":0,"event_name":"Purifier","floor":36,"gold_loss":0}],"is_beta":false,"boss_relics":[{"not_picked":["Busted Crown","Tiny House"],"picked":"Nuclear Battery"},{"not_picked":["Empty Cage","Runic Dome"],"picked":"Runic Pyramid"}],"items_purged_floors":[],"is_endless":false,"potions_floor_spawned":[2,13,14,18,21,25,33,38,39,48],"killed_by":"Time Eater","ascension_level":17}}