{"host":"5tir6155jnoxijqh","time":1613663070,"event":{"mods":["BaseMod","Downfall","Hermit","Library of Ruina","Lobotomy","LobotomyExtend","Minty Spire (QoL Compilation)","Shop Mod","Spicy Shops","StSLib","WarShipGirlsR/’ΩΩ¢…Ÿ≈ÆR mod"],"gold_per_floor":[99,110,122,137,137,137,163,181,181,81,108,8,24,40,60,165,165,65,78,28,28,39,39,39,39,39,39,39],"floor_reached":26,"language":"ZHS","playtime":3108,"items_purged":[],"score":233,"play_id":"458f9f3a-811e-43e2-a7dd-10eb747f340a","local_time":"20210218234430","is_ascension_mode":false,"campfire_choices":[{"floor":1.0,"key":"RECALL"},{"data":"champ:ShieldSlam","floor":10,"key":"SMITH"},{"data":"champ:Encircle","floor":12,"key":"SMITH"},{"data":"champ:GladiatorForm","floor":18,"key":"SMITH"}],"circlet_count":0,"master_deck":["champ:Strike","champ:Strike+1","champ:Strike","champ:Strike","champ:Defend","champ:Defend","champ:Defend","champ:Defend","champ:Execute","champ:Taunt+1","champ:GladiatorStyle+1","champ:FaceSlap","champ:Encircle+1","downfall:Malfunctioning","champ:ShieldSlam+1","champ:RapidStrikes","champ:CalledShot","champ:FocusedBerserking","champ:GladiatorForm+1","champ:Lariat","champ:TornadoPunch","champ:SteelEdge","RitualDagger"],"relics":["champ:ChampionCrown","LetterFromLob","downfall:HeartBlessingRed","Regal Pillow","downfall:HeartBlessingGreen","Runic Dome","downfall:HeartBlessingBlue","champ:DefensiveTrainingManual","MealTicket","Gremlin Horn"],"acts_visited":["Exordium","TheCity"],"potions_floor_usage":[11,16,16,20,26],"damage_taken":[{"damage":14.0,"enemies":"2 Louse","floor":2.0,"turns":4.0},{"damage":22.0,"enemies":"Small Slimes","floor":3.0,"turns":4.0},{"damage":18,"enemies":"Jaw Worm","floor":4,"turns":4},{"damage":24,"enemies":"Blue Slaver","floor":8,"turns":4},{"damage":56,"enemies":"3 Sentries","floor":11,"turns":6},{"damage":15,"enemies":"3 Louse","floor":13,"turns":3},{"damage":20,"enemies":"Lots of Slimes","floor":14,"turns":3},{"damage":19,"enemies":"Blue Slaver","floor":15,"turns":3},{"damage":47,"enemies":"IC_STATUS_ARCHETYPE","floor":16,"turns":7},{"damage":43,"enemies":"Spheric Guardian","floor":19,"turns":5},{"damage":25,"enemies":"downfall:FleeingMerchant","floor":20,"turns":4},{"damage":53,"enemies":"Shell Parasite","floor":22,"turns":3},{"damage":79,"enemies":"Shell Parasite","floor":26,"turns":5}],"seed_played":"5480391587452730672","potions_obtained":[{"floor":4,"key":"Dexterity Potion"},{"floor":13,"key":"SteroidPotion"},{"floor":15,"key":"Dexterity Potion"},{"floor":19,"key":"Swift Potion"},{"floor":22,"key":"Explosive Potion"}],"is_trial":false,"path_per_floor":["R","M","M","M","?","?","T","M","M","R","E","R","M","M","M","B",null,"R","M","$","?","M","?","T","?","?"],"character_chosen":"THE_CHAMP","items_purchased":["champ:TornadoPunch"],"campfire_rested":0,"item_purchase_floors":[20],"current_hp_per_floor":[99,95,83,75,75,80,80,66,104,104,73,73,68,58,49,17,104,114,86,76,76,58,58,58,52,0,0,0],"gold":39,"neow_bonus":"TEN_PERCENT_HP_BONUS","is_daily":false,"chose_seed":false,"campfire_upgraded":3,"win_rate":0.0,"timestamp":1613663070,"path_taken":["R","M","M","M","?","?","T","M","M","R","E","R","M","M","M","BOSS","R","M","$","?","M","?","T","?","?"],"items_purchased_type":["Card"],"build_version":"2020-12-22","purchased_purges":0,"victory":false,"max_hp_per_floor":[99,99,99,99,99,104,104,104,104,104,104,104,104,104,104,104,104,114,114,114,114,114,114,114,114,114,114,114],"card_choices":[{"not_picked":["champ:SetATrap","champ:ShieldWall"],"picked":"champ:GladiatorStyle","floor":2.0},{"not_picked":["champ:Haymaker","champ:Circumvent"],"picked":"champ:FaceSlap","floor":3},{"not_picked":["champ:BladeFlurry","champ:CrownThrow"],"picked":"champ:Encircle","floor":4},{"not_picked":["champ:Backstep","champ:BerserkersShout"],"picked":"champ:ShieldSlam","floor":8},{"not_picked":["champ:FaceSlap","champ:Haymaker","champ:SetATrap"],"picked":"SKIP","floor":11},{"not_picked":["champ:SetATrap","champ:BerserkersShout"],"picked":"champ:RapidStrikes","floor":13},{"not_picked":["champ:CrookedStrike","champ:Shatter"],"picked":"champ:CalledShot","floor":14},{"not_picked":["champ:TornadoPunch","champ:BladeFlurry"],"picked":"champ:FocusedBerserking","floor":15},{"not_picked":["champ:Improvising","champ:ShieldThrow"],"picked":"champ:GladiatorForm","floor":16},{"not_picked":["champ:FocusedBerserking","champ:FocusedDefense+1","champ:FlashCut"],"picked":"SKIP","floor":19},{"not_picked":["champ:EnGarde","champ:PreciseThrust+1"],"picked":"champ:Lariat","floor":20},{"not_picked":["champ:Haymaker","champ:Encircle+1"],"picked":"champ:SteelEdge","floor":22}],"player_experience":404856,"relics_obtained":[{"floor":2.0,"key":"LetterFromLob"},{"floor":11,"key":"Regal Pillow"},{"floor":24,"key":"Gremlin Horn"}],"event_choices":[{"damage_healed":0,"gold_gain":0,"player_choice":"Donut","damage_taken":0,"max_hp_gain":5,"max_hp_loss":0,"event_name":"Big Fish","floor":6,"gold_loss":0}],"is_beta":false,"boss_relics":[{"not_picked":["Velvet Choker","Cursed Key"],"picked":"Runic Dome"}],"items_purged_floors":[],"is_endless":false,"potions_floor_spawned":[4,13,15,19,22],"killed_by":"Shell Parasite","ascension_level":0}}