{"host":"vyjryxuuuxkt43k4","time":1613662690,"event":{"mods":["AchievementEnabler","BaseMod","Colored Map","DeckTracker","Keyboard Shortcuts","Minty Spire (QoL Compilation)","Permanent Neow","Quick Restart","StSLib","SuperFastMode","everything is the same but u backflip on backflip"],"gold_per_floor":[115,40,56,56,56,56,67,92,92,38,56,56,120,133,133,212,212,225,239,239,107,123,123,142,174,174,193,193,203,203,234,234,308,308,325,350,28,28,38,38,64,64,64,96,109,109,109,140,140,140,140],"floor_reached":50,"language":"KOR","playtime":7605,"items_purged":["Strike_R","Injury"],"score":1286,"play_id":"12533c2a-efa9-408a-8b4d-ee4b98689dc5","local_time":"20210219003810","is_ascension_mode":true,"campfire_choices":[{"data":"Whirlwind","floor":6.0,"key":"SMITH"},{"data":"Flex","floor":12.0,"key":"SMITH"},{"floor":15.0,"key":"REST"},{"data":"Dual Wield","floor":23.0,"key":"SMITH"},{"data":"Exhume","floor":28.0,"key":"SMITH"},{"floor":32.0,"key":"REST"},{"floor":40.0,"key":"REST"},{"floor":42.0,"key":"REST"},{"floor":46,"key":"REST"},{"floor":49,"key":"RECALL"}],"circlet_count":0,"master_deck":["AscendersBane","Strike_R","Strike_R","Defend_R","Defend_R","Defend_R","Defend_R","Bash","Whirlwind+1","Flex+1","Blood for Blood","Feed","Dual Wield+1","Exhume+1","Shockwave","Offering","Disarm+1","Shrug It Off","Thunderclap+1","Clumsy","Exhume","Pain","Flame Barrier"],"relics":["Burning Blood","Toy Ornithopter","StrikeDummy","Blue Candle","Kunai","Pen Nib","Cursed Key","White Beast Statue","Red Skull","Bottled Flame","Fusion Hammer","Ginger","Ancient Tea Set","Champion Belt","Sundial","WarpedTongs","HornCleat"],"acts_visited":["Exordium","TheCity","TheBeyond"],"potions_floor_usage":[45,50,50],"damage_taken":[{"damage":5.0,"enemies":"Small Slimes","floor":1.0,"turns":5.0},{"damage":0.0,"enemies":"2 Louse","floor":3.0,"turns":1.0},{"damage":4.0,"enemies":"Jaw Worm","floor":7.0,"turns":5.0},{"damage":32.0,"enemies":"Gremlin Nob","floor":8.0,"turns":4.0},{"damage":11.0,"enemies":"Exordium Thugs","floor":11.0,"turns":2.0},{"damage":25.0,"enemies":"3 Sentries","floor":13.0,"turns":5.0},{"damage":7.0,"enemies":"Looter","floor":14.0,"turns":3.0},{"damage":48.0,"enemies":"Hexaghost","floor":16.0,"turns":8.0},{"damage":15.0,"enemies":"Chosen","floor":18.0,"turns":5.0},{"damage":4.0,"enemies":"3 Byrds","floor":19.0,"turns":5.0},{"damage":18.0,"enemies":"Centurion and Healer","floor":22.0,"turns":5.0},{"damage":24.0,"enemies":"Snake Plant","floor":24.0,"turns":3.0},{"damage":0.0,"enemies":"Gremlin Leader","floor":25.0,"turns":8.0},{"damage":26.0,"enemies":"Snecko","floor":27.0,"turns":4.0},{"damage":29.0,"enemies":"3 Cultists","floor":29.0,"turns":5.0},{"damage":10.0,"enemies":"Slavers","floor":31.0,"turns":3.0},{"damage":37.0,"enemies":"Champ","floor":33.0,"turns":6.0},{"damage":26.0,"enemies":"3 Shapes","floor":35.0,"turns":3.0},{"damage":44.0,"enemies":"Mind Bloom Boss Battle","floor":36.0,"turns":4.0},{"damage":6.0,"enemies":"Orb Walker","floor":39.0,"turns":3.0},{"damage":33.0,"enemies":"Reptomancer","floor":41.0,"turns":4.0},{"damage":95.0,"enemies":"Giant Head","floor":44.0,"turns":7.0},{"damage":12,"enemies":"4 Shapes","floor":45,"turns":3},{"damage":18,"enemies":"Reptomancer","floor":48,"turns":2},{"damage":81,"enemies":"Awakened One","floor":50,"turns":5}],"seed_played":"8933705490075654092","potions_obtained":[{"floor":7.0,"key":"Fruit Juice"},{"floor":13.0,"key":"Weak Potion"},{"floor":18.0,"key":"EssenceOfSteel"},{"floor":25.0,"key":"Explosive Potion"},{"floor":27.0,"key":"SkillPotion"},{"floor":29.0,"key":"DistilledChaos"},{"floor":31.0,"key":"SteroidPotion"},{"floor":33.0,"key":"Swift Potion"},{"floor":35.0,"key":"Strength Potion"},{"floor":36.0,"key":"Weak Potion"},{"floor":39.0,"key":"SteroidPotion"},{"floor":41.0,"key":"GamblersBrew"},{"floor":44.0,"key":"Swift Potion"},{"floor":45,"key":"SteroidPotion"},{"floor":48,"key":"SkillPotion"}],"is_trial":false,"path_per_floor":["M","?","M","?","?","R","M","E","T","$","M","R","?","M","R","B",null,"M","M","?","$","M","R","M","E","T","M","R","M","?","E","R","B",null,"M","?","$","?","M","R","E","R","T","E","M","R","?","E","R","B"],"character_chosen":"IRONCLAD","items_purchased":["SkillPotion","PowerPotion","Ancient Tea Set","Shrug It Off"],"campfire_rested":5,"item_purchase_floors":[10,21,37,37],"current_hp_per_floor":[69,69,75,80,62,62,64,38,38,48,43,43,29,28,53,16,68,59,69,69,69,65,65,50,56,56,41,41,29,29,36,67,41,90,84,46,46,46,49,84,62,97,97,18,20,56,56,47,47,0,0],"gold":140,"neow_bonus":"RANDOM_COMMON_RELIC","is_daily":false,"chose_seed":false,"campfire_upgraded":4,"win_rate":0.0,"timestamp":1613662690,"path_taken":["M","?","M","?","?","R","M","E","T","$","M","R","?","M","R","BOSS","M","M","?","?","M","R","M","E","T","M","R","M","?","E","R","BOSS","M","?","$","?","?","R","E","R","T","E","M","R","?","E","R","BOSS"],"items_purchased_type":["Potion","Potion","Relic","Card"],"build_version":"2020-12-22","purchased_purges":2,"victory":false,"max_hp_per_floor":[75,75,75,80,80,80,80,80,80,85,85,85,85,85,85,85,85,85,88,88,88,91,91,94,94,94,94,94,100,100,106,106,106,106,115,115,115,115,118,118,118,118,118,118,121,121,121,124,124,124,124],"card_choices":[{"not_picked":["Wild Strike","Anger"],"picked":"Whirlwind","floor":1.0},{"not_picked":["Wild Strike","Warcry"],"picked":"Flex","floor":3.0},{"not_picked":["Armaments","Cleave"],"picked":"Blood for Blood","floor":7.0},{"not_picked":["True Grit","Sword Boomerang","Warcry"],"picked":"SKIP","floor":8.0},{"not_picked":["Uppercut","Sword Boomerang","True Grit"],"picked":"SKIP","floor":11.0},{"not_picked":["Rupture","Clash","Barricade"],"picked":"SKIP","floor":14.0},{"not_picked":["Impervious","Demon Form"],"picked":"Feed","floor":16.0},{"not_picked":["Havoc","Iron Wave"],"picked":"Dual Wield","floor":18.0},{"not_picked":["Entrench","Cleave","Flex"],"picked":"SKIP","floor":19.0},{"not_picked":["Pummel","Infernal Blade","Cleave"],"picked":"SKIP","floor":22.0},{"not_picked":["Cleave","Blood for Blood","Pommel Strike"],"picked":"SKIP","floor":24.0},{"not_picked":["Headbutt+1","Dual Wield"],"picked":"Exhume","floor":25.0},{"not_picked":["Headbutt+1","Flex+1"],"picked":"Shockwave","floor":27.0},{"not_picked":["Wild Strike","Havoc","Entrench"],"picked":"SKIP","floor":29.0},{"not_picked":["Headbutt","Searing Blow","Infernal Blade"],"picked":"SKIP","floor":31.0},{"not_picked":["Demon Form","Reaper"],"picked":"Offering","floor":33.0},{"not_picked":["Metallicize","Sword Boomerang","Clothesline"],"picked":"SKIP","floor":35.0},{"not_picked":["Rage","Rupture+1"],"picked":"Disarm+1","floor":36.0},{"not_picked":["Twin Strike+1","Flex","Armaments"],"picked":"SKIP","floor":39.0},{"not_picked":["Shrug It Off","Havoc"],"picked":"Thunderclap+1","floor":41.0},{"not_picked":["Hemokinesis+1","Sword Boomerang","Anger"],"picked":"SKIP","floor":44.0},{"not_picked":["Rage","Twin Strike+1"],"picked":"Exhume","floor":45},{"not_picked":["Disarm+1","Searing Blow"],"picked":"Flame Barrier","floor":48}],"player_experience":1028271,"relics_obtained":[{"floor":8.0,"key":"Blue Candle"},{"floor":9.0,"key":"Kunai"},{"floor":13.0,"key":"Pen Nib"},{"floor":25.0,"key":"White Beast Statue"},{"floor":26.0,"key":"Red Skull"},{"floor":31.0,"key":"Bottled Flame"},{"floor":36.0,"key":"Ginger"},{"floor":41.0,"key":"Champion Belt"},{"floor":44.0,"key":"Sundial"},{"floor":48,"key":"HornCleat"}],"event_choices":[{"cards_removed":["Strike_R"],"damage_healed":0.0,"max_hp_gain":0.0,"max_hp_loss":0.0,"gold_gain":0.0,"event_name":"The Cleric","player_choice":"Card Removal","floor":2.0,"gold_loss":75.0,"damage_taken":0.0},{"damage_healed":0.0,"max_hp_gain":5.0,"max_hp_loss":0.0,"gold_gain":0.0,"event_name":"Big Fish","player_choice":"Donut","floor":4.0,"gold_loss":0.0,"damage_taken":0.0},{"damage_healed":0.0,"max_hp_gain":0.0,"max_hp_loss":0.0,"gold_gain":0.0,"event_name":"Scrap Ooze","player_choice":"Success","floor":5.0,"gold_loss":0.0,"damage_taken":18.0,"relics_obtained":["StrikeDummy"]},{"damage_healed":0.0,"max_hp_gain":0.0,"max_hp_loss":0.0,"gold_gain":30.0,"event_name":"Dead Adventurer","player_choice":"Searched \u00272\u0027 times","floor":13.0,"gold_loss":0.0,"damage_taken":0.0},{"cards_removed":["Strike_R"],"damage_healed":0.0,"max_hp_gain":0.0,"max_hp_loss":0.0,"gold_gain":0.0,"event_name":"Purifier","player_choice":"Purged","floor":20.0,"gold_loss":0.0,"damage_taken":0.0},{"damage_healed":0.0,"max_hp_gain":0.0,"max_hp_loss":0.0,"gold_gain":0.0,"event_name":"Cursed Tome","player_choice":"Ignored","floor":30.0,"gold_loss":0.0,"damage_taken":0.0},{"damage_healed":0.0,"max_hp_gain":0.0,"max_hp_loss":0.0,"gold_gain":0.0,"event_name":"MindBloom","player_choice":"Fight","floor":36.0,"gold_loss":0.0,"damage_taken":0.0},{"damage_healed":0.0,"max_hp_gain":0.0,"max_hp_loss":0.0,"gold_gain":0.0,"event_name":"Match and Keep!","player_choice":"0 cards matched","floor":38.0,"gold_loss":0.0,"damage_taken":0.0,"cards_obtained":[]},{"damage_healed":0,"gold_gain":0,"player_choice":"Rummage","damage_taken":0,"relics_obtained":["WarpedTongs"],"max_hp_gain":0,"max_hp_loss":0,"event_name":"Accursed Blacksmith","floor":47,"gold_loss":0,"cards_obtained":["Pain"]}],"is_beta":false,"boss_relics":[{"not_picked":["Empty Cage","Velvet Choker"],"picked":"Cursed Key"},{"not_picked":["Sozu","SlaversCollar"],"picked":"Fusion Hammer"}],"items_purged_floors":[21,37],"is_endless":false,"potions_floor_spawned":[7,13,18,25,27,29,31,33,35,36,39,41,44,45,48],"killed_by":"Awakened One","ascension_level":20}}