{"host":"kh6fvhxn285ncg0o","time":1613687594,"event":{"mods":["Act Like it!","BaseMod","Colored Map","Friendly Minions","Keyboard Shortcuts","Minty Spire (QoL Compilation)","Quick Restart","Relic Stats","StSLib","SuperFastMode","UnlockEverythingMod"],"gold_per_floor":[367,381,381,381,396,396,422,402,402,402,437,201,218,229,229,308,308,323,323,323,323,336,370,370,370,370],"floor_reached":25,"language":"KOR","playtime":700,"items_purged":["Strike_R"],"score":558,"play_id":"3e0537a4-3eb3-4a85-b985-3ec861e000aa","local_time":"20210219073314","is_ascension_mode":true,"campfire_choices":[{"data":"Sever Soul","floor":6,"key":"SMITH"},{"floor":10,"key":"REST"},{"data":"Power Through","floor":15,"key":"SMITH"},{"data":"Rage","floor":24,"key":"SMITH"}],"circlet_count":0,"master_deck":["AscendersBane","Defend_R","Defend_R+1","Defend_R","Defend_R+1","Bash","Power Through+1","Feed","Sever Soul+1","Impervious","Battle Trance","Berserk","Offering","Bloodletting+1","Offering+1","Clash+1","Rage+1","Uppercut+1"],"relics":["Burning Blood","Pantograph","War Paint","Molten Egg 2","White Beast Statue","Frozen Eye","Astrolabe","Bird Faced Urn","Regal Pillow"],"acts_visited":["Exordium","TheCity"],"potions_floor_usage":[11,13,16,18,23,23,25],"damage_taken":[{"damage":1,"enemies":"Cultist","floor":1,"turns":3},{"damage":9,"enemies":"Small Slimes","floor":2,"turns":4},{"damage":6,"enemies":"2 Louse","floor":5,"turns":5},{"damage":35,"enemies":"Lagavulin","floor":7,"turns":5},{"damage":27,"enemies":"3 Sentries","floor":11,"turns":9},{"damage":13,"enemies":"Exordium Thugs","floor":13,"turns":5},{"damage":8,"enemies":"Exordium Wildlife","floor":14,"turns":6},{"damage":0,"enemies":"The Guardian","floor":16,"turns":9},{"damage":9,"enemies":"Shell Parasite","floor":18,"turns":3},{"damage":6,"enemies":"Chosen","floor":22,"turns":3},{"damage":39,"enemies":"Gremlin Leader","floor":23,"turns":8},{"damage":48,"enemies":"Slavers","floor":25,"turns":7}],"seed_played":"8836805637731421492","potions_obtained":[{"floor":7,"key":"Fire Potion"},{"floor":8,"key":"Weak Potion"},{"floor":13,"key":"FearPotion"},{"floor":14,"key":"Energy Potion"},{"floor":16,"key":"BloodPotion"},{"floor":18,"key":"ColorlessPotion"},{"floor":22,"key":"ColorlessPotion"},{"floor":23,"key":"Regen Potion"}],"is_trial":false,"path_per_floor":["M","M","?","?","M","R","E","?","T","R","E","$","M","M","R","B",null,"M","?","?","T","M","E","R","E"],"character_chosen":"IRONCLAD","items_purchased":["Frozen Eye"],"campfire_rested":1,"item_purchase_floors":[12],"current_hp_per_floor":[68,65,60,60,63,63,34,34,34,55,37,37,33,34,34,65,76,83,83,59,59,64,33,33,0,0],"gold":370,"neow_bonus":"TWO_FIFTY_GOLD","is_daily":false,"chose_seed":false,"campfire_upgraded":3,"win_rate":0.0,"timestamp":1613687594,"path_taken":["M","?","?","?","?","R","E","?","T","R","E","$","?","M","R","BOSS","M","?","?","?","?","E","R","E"],"items_purchased_type":["Relic"],"build_version":"2020-12-22","purchased_purges":1,"victory":false,"max_hp_per_floor":[68,68,68,68,71,71,71,71,71,71,74,74,77,80,80,80,80,83,83,88,88,91,91,91,91,91],"relic_stats":{"Regal Pillow":0,"counters":[12,67],"Pantograph":25,"Astrolabe":["Bloodletting","Offering","Clash"],"Bird Faced Urn":[4],"War Paint":["Defend_R","Defend_R"],"obtain_stats":[{"Frozen Eye":12,"Regal Pillow":23,"Pantograph":3,"Astrolabe":17,"Bird Faced Urn":21,"Molten Egg 2":9,"War Paint":7,"Burning Blood":0,"White Beast Statue":11},{"Frozen Eye":5,"Regal Pillow":11,"Pantograph":2,"Astrolabe":8,"Bird Faced Urn":9,"Molten Egg 2":4,"War Paint":4,"Burning Blood":0,"White Beast Statue":5},{"Frozen Eye":26,"Regal Pillow":60,"Pantograph":7,"Astrolabe":46,"Bird Faced Urn":49,"Molten Egg 2":17,"War Paint":17,"Burning Blood":0,"White Beast Statue":26}],"Burning Blood":61},"card_choices":[{"not_picked":["Twin Strike","Pommel Strike","Sword Boomerang"],"picked":"SKIP","floor":1},{"not_picked":["Perfected Strike","Armaments"],"picked":"Power Through","floor":2},{"not_picked":["Iron Wave","Clothesline"],"picked":"Sever Soul","floor":5},{"not_picked":["Metallicize","True Grit"],"picked":"Impervious","floor":7},{"not_picked":["Combust","Armaments","Cleave+1"],"picked":"SKIP","floor":11},{"not_picked":["Perfected Strike+1","Flex"],"picked":"Battle Trance","floor":13},{"not_picked":["Flex","Heavy Blade+1"],"picked":"Berserk","floor":14},{"not_picked":["Bludgeon+1","Juggernaut"],"picked":"Offering","floor":16},{"not_picked":["True Grit","Iron Wave+1"],"picked":"Rage","floor":18},{"not_picked":["True Grit","Havoc"],"picked":"Uppercut+1","floor":22},{"not_picked":["Warcry","Uppercut+1","Flex"],"picked":"SKIP","floor":23}],"player_experience":1449954,"relics_obtained":[{"floor":7,"key":"War Paint"},{"floor":9,"key":"Molten Egg 2"},{"floor":11,"key":"White Beast Statue"},{"floor":21,"key":"Bird Faced Urn"},{"floor":23,"key":"Regal Pillow"}],"event_choices":[{"damage_healed":0,"gold_gain":0,"player_choice":"Success","damage_taken":5,"relics_obtained":["Pantograph"],"max_hp_gain":0,"max_hp_loss":0,"event_name":"Scrap Ooze","floor":3,"gold_loss":0},{"damage_healed":0,"gold_gain":0,"cards_transformed":["Strike_R"],"player_choice":"Transformed","damage_taken":0,"max_hp_gain":0,"max_hp_loss":0,"event_name":"Transmorgrifier","floor":4,"gold_loss":0,"cards_obtained":["Feed"]},{"damage_healed":0,"gold_gain":0,"player_choice":"Bought 1 Potion","damage_taken":0,"max_hp_gain":0,"max_hp_loss":0,"event_name":"The Woman in Blue","floor":8,"gold_loss":0},{"damage_healed":0,"gold_gain":0,"player_choice":"Ignored","damage_taken":0,"max_hp_gain":0,"max_hp_loss":0,"event_name":"Ghosts","floor":19,"gold_loss":0},{"damage_healed":0,"gold_gain":0,"player_choice":"Shed Blood","damage_taken":29,"max_hp_gain":5,"max_hp_loss":0,"event_name":"Forgotten Altar","floor":20,"gold_loss":0}],"is_beta":false,"boss_relics":[{"not_picked":["Runic Pyramid","Black Blood"],"picked":"Astrolabe"}],"items_purged_floors":[12],"is_endless":false,"potions_floor_spawned":[7,13,14,16,18,22,23],"killed_by":"Slavers","ascension_level":20}}