{"host":"81h68oe4mr04pk3r","time":1613625615,"event":{"mods":["Act Like it!","Aspiration","BaseMod","BetterRewards","Colored Map","Colored Powertips","Conspire","Downfall","Gensokyo","Hallownest","Hermit","Hubris","Infinite Spire","Jorbs\u0027s Wanderer Trilogy","Koishi","Lobotomy","LobotomyExtend","Marisa????????","Minty Spire (QoL Compilation)","Quick Restart","Reimu??????","Remilia??????","StSLib","The Bug Knight","The Construct","The Cursed","The Disciple","The Servant 0.9.4"],"gold_per_floor":[112,131,131,151,169,196,213,213,213,28,41,41,60,75,75,175,175,175,175,195,205,205,218,21,21,44,44,44],"floor_reached":27,"language":"ENG","playtime":1284,"items_purged":[],"score":217,"play_id":"97142c2d-3867-476e-b7f6-0561aefd7eef","local_time":"20210217212015","is_ascension_mode":false,"campfire_choices":[{"floor":8,"key":"REST"},{"data":"HollowMod:HowlingWraiths","floor":12,"key":"SMITH"},{"floor":15,"key":"REST"},{"floor":25,"key":"REST"}],"circlet_count":0,"master_deck":["HollowMod:NailStrikeStart","HollowMod:NailStrikeStart","HollowMod:NailStrikeStart","HollowMod:QuickDashStart","HollowMod:QuickDashStart","HollowMod:QuickDashStart","HollowMod:QuickDashStart","HollowMod:FocusHealStart","HollowMod:PogoStrike","HollowMod:SoulShaman","HollowMod:SoulStrike","HollowMod:DashSlash","HollowMod:SoulStrike","HollowMod:HowlingWraiths+1","HollowMod:HeavyBlow","Gensokyo:RedCapeBlueCape","HollowMod:VengefulSpirit","HollowMod:MothsMistake","HollowMod:CycloneSlash","HollowMod:NewInfectedGuardian","HollowMod:GreatSlash+1","HollowMod:ShapeofUnn+1","HollowMod:DashSlash","Gensokyo:GapWoman"],"relics":["HollowMod:VesselMask","LetterFromLob","hubris:GlazedTorus","Incense Burner","Black Star","Gensokyo:ChorusOfJoy","Nunchaku"],"acts_visited":["Gensokyo:Gensokyo","Gensokyo:Gensokyoer"],"potions_floor_usage":[7,11,16,21],"damage_taken":[{"damage":0,"enemies":"Gensokyo:Python","floor":1,"turns":3},{"damage":11,"enemies":"Gensokyo:Gryphon","floor":2,"turns":4},{"damage":5,"enemies":"Gensokyo:2_Kodama","floor":4,"turns":3},{"damage":7,"enemies":"Gensokyo:CorruptedTreant","floor":5,"turns":4},{"damage":21,"enemies":"Gensokyo:Mamizou","floor":6,"turns":9},{"damage":7,"enemies":"Gensokyo:Python_and_Kodama","floor":7,"turns":3},{"damage":10,"enemies":"Gensokyo:Gryphon_and_Rabbit","floor":11,"turns":4},{"damage":0,"enemies":"Gensokyo:VengefulSpirit","floor":13,"turns":4},{"damage":0,"enemies":"Gensokyo:Python_and_Kodama","floor":14,"turns":3},{"damage":74,"enemies":"Gensokyo:Yukari","floor":16,"turns":10},{"damage":26,"enemies":"Gensokyo:3_Dogs","floor":20,"turns":6},{"damage":36,"enemies":"Gensokyo:CosmicMonolith","floor":21,"turns":6},{"damage":15,"enemies":"Gensokyo:Chomper_and_Gloop","floor":23,"turns":5},{"damage":37,"enemies":"Gensokyo:Slime_Group","floor":27,"turns":3}],"seed_played":"-1646498521805939973","potions_obtained":[{"floor":4,"key":"SpeedPotion"},{"floor":5,"key":"Explosive Potion"},{"floor":7,"key":"EssenceOfSteel"},{"floor":13,"key":"FearPotion"},{"floor":21,"key":"CultistPotion"}],"is_trial":false,"path_per_floor":["M","M","?","M","M","E","M","R","T","COS","M","R","M","M","R","B",null,"M","?","M","M","?","M","COS","R","T","M"],"character_chosen":"THE_BUGKNIGHT","items_purchased":[],"campfire_rested":3,"item_purchase_floors":[],"current_hp_per_floor":[75,66,66,61,54,43,42,64,64,64,54,54,54,54,75,1,75,75,75,49,23,23,8,8,30,30,0,0],"gold":44,"neow_bonus":"REMOVE_CARD","is_daily":false,"chose_seed":false,"campfire_upgraded":1,"win_rate":0.0,"timestamp":1613625615,"path_taken":["M","M","?","M","M","E","M","R","T","COS","M","R","M","M","R","BOSS","M","?","?","?","?","M","COS","R","T","M"],"items_purchased_type":[],"build_version":"2020-12-22","purchased_purges":0,"victory":false,"max_hp_per_floor":[75,75,75,75,75,75,75,75,75,75,75,75,75,75,75,75,75,75,75,75,75,75,75,75,75,75,75,75],"card_choices":[{"not_picked":["HollowMod:LifebloodCocoon","HollowMod:SoulVessel"],"picked":"HollowMod:SoulShaman","floor":1},{"not_picked":["HollowMod:InfectedCysts","HollowMod:DoubleDash"],"picked":"HollowMod:SoulStrike","floor":2},{"not_picked":["HollowMod:GoodIntentions","HollowMod:MonarchWings"],"picked":"HollowMod:DashSlash","floor":4},{"not_picked":["HollowMod:VengefulVoid","HollowMod:WraithStrike"],"picked":"HollowMod:SoulStrike","floor":5},{"not_picked":["HollowMod:InfectionAssault","HollowMod:PureNailStrike"],"picked":"HollowMod:HowlingWraiths","floor":6},{"not_picked":["HollowMod:BlackTendrils","HollowMod:ZotesMagnificence"],"picked":"HollowMod:HeavyBlow","floor":7},{"not_picked":["HollowMod:TaintedHusks","HollowMod:DashSlash"],"picked":"HollowMod:VengefulSpirit","floor":11},{"not_picked":["HollowMod:FastStrike","HollowMod:TaintedHusks"],"picked":"HollowMod:MothsMistake","floor":13},{"not_picked":["HollowMod:GrimmsGift","HollowMod:DashSlash"],"picked":"HollowMod:CycloneSlash","floor":14},{"not_picked":["HollowMod:HornetsHelp","HollowMod:VoidDash"],"picked":"HollowMod:NewInfectedGuardian","floor":16},{"not_picked":["HollowMod:TaintedHusks","HollowMod:HowlingWraiths"],"picked":"HollowMod:GreatSlash+1","floor":20},{"not_picked":["HollowMod:AbyssShriek","HollowMod:DescendingDark+1"],"picked":"HollowMod:ShapeofUnn+1","floor":21},{"not_picked":["HollowMod:BlackTendrils+1","HollowMod:QuirrelsAssistance"],"picked":"HollowMod:DashSlash","floor":23}],"player_experience":249455,"relics_obtained":[{"floor":1,"key":"LetterFromLob"},{"floor":6,"key":"hubris:GlazedTorus"},{"floor":9,"key":"Incense Burner"},{"floor":26,"key":"Nunchaku"}],"event_choices":[],"is_beta":false,"boss_relics":[{"not_picked":["Sozu","aspiration:PoetsPen_weak"],"picked":"Black Star"}],"items_purged_floors":[],"is_endless":false,"potions_floor_spawned":[4,5,7,13,21],"killed_by":"Gensokyo:Slime_Group","ascension_level":0}}