{"host":"72n3jwtrlpjobydj","time":1613645254,"event":{"mods":["AchievementEnabler","BaseMod","CapriCore","DeckTracker","Hermit","Koishi","KomeijiMod","Lobotomy","Marisa£¨Ùöéë¡¡Øª×âÞÞ£©","Minty Spire (QoL Compilation)","Permanent Neow","StSLib","SuperFastMode","The Cursed","The Hierophant","The Immortal"],"gold_per_floor":[362,269,286,299,299,72,72,91,114,114,40,115,134,19,19,19,19],"floor_reached":16,"language":"KOR","playtime":594,"items_purged":["Strike_R"],"score":90,"play_id":"da180898-17a1-4c87-b7a2-25836dc6ee76","local_time":"20210218194734","is_ascension_mode":false,"campfire_choices":[{"data":"Armaments","floor":7,"key":"SMITH"},{"floor":10,"key":"REST"},{"data":"Entrench","floor":15,"key":"SMITH"}],"circlet_count":0,"master_deck":["Strike_R","Strike_R","Strike_R","Defend_R","Defend_R","Defend_R","Defend_R","Bash","Iron Wave","Shrug It Off","Armaments+1","Armaments","Armaments","Body Slam","Iron Wave","True Grit","Entrench+1","Ghostly Armor","Entrench"],"relics":["Burning Blood","Orrery","Vajra"],"acts_visited":["Exordium"],"potions_floor_usage":[16,16,16],"damage_taken":[{"damage":6,"enemies":"Jaw Worm","floor":1,"turns":3},{"damage":1,"enemies":"2 Louse","floor":3,"turns":3},{"damage":2,"enemies":"Cultist","floor":4,"turns":4},{"damage":16,"enemies":"Gremlin Gang","floor":8,"turns":8},{"damage":5,"enemies":"Large Slime","floor":13,"turns":6},{"damage":67,"enemies":"Slime Boss","floor":16,"turns":16}],"seed_played":"7008275593752010260","potions_obtained":[{"floor":4,"key":"Ancient Potion"},{"floor":8,"key":"BlessingOfTheForge"},{"floor":13,"key":"EssenceOfSteel"}],"is_trial":false,"path_per_floor":["M","$","M","M","?","$","R","M","T","R","$","?","M","$","R","B"],"character_chosen":"IRONCLAD","items_purchased":["Shrug It Off","Armaments","Armaments","Body Slam","Orrery","Entrench","Entrench"],"campfire_rested":1,"item_purchase_floors":[2,2,6,6,6,11,14],"current_hp_per_floor":[72,72,72,72,65,65,65,55,55,72,72,61,62,62,62,0,0],"gold":19,"neow_bonus":"TWO_FIFTY_GOLD","is_daily":false,"chose_seed":false,"campfire_upgraded":2,"win_rate":0.0,"timestamp":1613645254,"path_taken":["M","$","M","M","?","$","R","M","T","R","$","?","M","?","R","BOSS"],"items_purchased_type":["Card","Card","Card","Card","Relic","Card","Card"],"build_version":"2020-12-22","purchased_purges":1,"victory":false,"max_hp_per_floor":[72,72,72,72,72,72,72,72,72,72,72,72,72,72,72,72,72],"card_choices":[{"not_picked":["True Grit","Anger"],"picked":"Iron Wave","floor":1},{"not_picked":["Heavy Blade","Bloodletting","Cleave"],"picked":"SKIP","floor":3},{"not_picked":["Rage","Intimidate"],"picked":"Armaments","floor":4},{"not_picked":["Heavy Blade","Limit Break"],"picked":"Iron Wave","floor":6},{"not_picked":["Heavy Blade","Clothesline"],"picked":"True Grit","floor":6},{"not_picked":["Cleave","Uppercut","Demon Form"],"picked":"SKIP","floor":8},{"not_picked":["Iron Wave","Reckless Charge"],"picked":"Ghostly Armor","floor":13}],"player_experience":71126,"relics_obtained":[{"floor":9,"key":"Vajra"}],"event_choices":[{"cards_removed":["Strike_R"],"damage_healed":0,"gold_gain":0,"player_choice":"Card Removal","damage_taken":7,"max_hp_gain":0,"max_hp_loss":0,"event_name":"Golden Wing","floor":5,"gold_loss":0},{"damage_healed":0,"gold_gain":75,"player_choice":"Gather Gold","damage_taken":11,"max_hp_gain":0,"max_hp_loss":0,"event_name":"World of Goop","floor":12,"gold_loss":0}],"is_beta":false,"boss_relics":[],"items_purged_floors":[14],"is_endless":false,"potions_floor_spawned":[4,8,13],"killed_by":"Slime Boss","ascension_level":0}}