{"host":"0rn20prxkpuv2e47","time":1613655327,"event":{"mods":["100% Spire Juice","ATMod(阿瑾Mod)","Act Like it!","Arknights","Aspiration","BaseMod","Challenge The Spire","Downfall","Friendly Minions","Gensokyo","Hallownest","Hermit","Koishi","KomeijiMod","Marisa（F雨　魔理沙）","Minty Spire (QoL Compilation)","MostiFishMod","Prisma Mod","Quick Restart","Reimu（博丽灵梦）","Remilia（蕾米莉亚）","Robot Space Explorer","StSLib","The Administrix","The Alterego","The Animator","The Blackbeard","The Bug Knight","The Construct","The Cursed","The Jungle","The Mystic","The Runesmith","The Senshi","The Servant 0.9.4","Warlord Emblem","Wide Potions","[GremlinLeader]The Maniac","[IsaacMod]以撒尖塔","[功能]功能增强和修复MOD","noobMod","【功能Mod】聪明的最终Boss","【遗物卡牌】REMEMod"],"gold_per_floor":[119,81,99,96,196,196,206,206,277,277,296,296,309,309,309,408,408,431,423,441,438,438,450,470,470,470,470,497,511,524,524,524,629,629,647,647,629,789,802,802,789,818,844,859,859,872,872,872,872,872],"floor_reached":51,"language":"ZHS","playtime":2603,"items_purged":["Runesmith:Strike_RS","Runesmith:Defend_RS","Runesmith:Strike_RS","Runesmith:Defend_RS","Runesmith:Defend_RS","Runesmith:Defend_RS","Runesmith:Strike_RS","Runesmith:Strike_RS","Runesmith:UnstableHammer","Runesmith:CraftFirestone+1","Runesmith:CraftProtectio","Runesmith:Firewall+1","Runesmith:CreatorForm+1","Runesmith:Grindstone+1","Runesmith:Fortify","Runesmith:PoweredAnvil+1","Runesmith:HammerAndChisel+1","Runesmith:ReplicatingBarrier","Runesmith:LightningRod"],"score":985,"play_id":"3d546e01-2254-4f93-a2dd-29f29d48d44b","local_time":"20210218213527","is_ascension_mode":false,"campfire_choices":[{"data":"Runesmith:CraftFirestone","floor":6,"key":"SMITH"},{"data":"Runesmith:OneForEveryone","floor":8,"key":"SMITH"},{"data":"Runesmith:RunicBlueprint","floor":10,"key":"SMITH"},{"data":"Runesmith:PoweredAnvil","floor":15,"key":"SMITH"},{"data":"Runesmith:CreatorForm","floor":25,"key":"SMITH"},{"data":"Runesmith:CraftMagma","floor":27,"key":"SMITH"},{"data":"Runesmith:Grindstone","floor":32,"key":"SMITH"},{"data":"Runesmith:Attraction","floor":40,"key":"SMITH"},{"data":"Runesmith:Supernova","floor":47,"key":"SMITH"},{"data":"Jack Of All Trades","floor":49,"key":"SMITH"}],"circlet_count":0,"master_deck":["AT_DarkMatter+1","Runesmith:LithiumIon+1","Runesmith:RunicBlueprint+1","Runesmith:RuneHurl+1","Runesmith:FissionHammer+1","Runesmith:OneForEveryone+1","Jack Of All Trades+1","Runesmith:Attraction+1","Runesmith:CraftFirestone+1","Runesmith:OneForEveryone+1","Runesmith:UnlimitedPower+1","Runesmith:CraftVitae+1","Runesmith:CraftIncendium+1","REME_ShortnessOfBreath+1","Deep Breath+1","Runesmith:CraftMagma+1","Runesmith:CraftSpiculum","AT_DarkMatter+1","Runesmith:Supernova+1","Runesmith:CraftObretio+1","Enlightenment+1","Hallownest:curseDreamersLament","Runesmith:ChaoticBlast+1"],"relics":["Runesmith:BrokenRuby","ice","AT_ATBox","REME_ComplimentaryCards","HushsDoor","DaveBox","Civilization","SteamSale","aspiration:Nostalgia","ats:Sanity","SynthV:TestCard","YumHeart","HowToJump","BFFS","HollowMod:StagPassRelic","Akabeko","Technique","ImprovedEquipment","REME_HourglassOfDeath","WarlordEmblem:SmileMask","Toolbox","AT_EbonyIvory","WarlordEmblem:MantleWalana","HandDrill","WarlordEmblem:Scar","KyoryuNoHagoromo","Runesmith:Nanobots","ClockworkSouvenir","BirthdayGift-Tetrahedron","Boot","AT_SpeedBoots","Question Card","Potion Belt","Leech","DollysMirror","MagicMushroom","Art of War","construct:RocketBooster","TakeMeEscape","Hallownest:GodTamersBeastRelic","Molten Egg 2","FossilizedHelix","Dodecahedron","Whetstone","Bag of Marbles","Hallownest:BeastSealRelic","WarlordEmblem:BadgeProtect"],"acts_visited":["Gensokyo:Gensokyo","theJungle:Jungle","Hallownest:KingdomsEdge"],"potions_floor_usage":[38],"damage_taken":[{"damage":6,"enemies":"Gensokyo:Python","floor":1,"turns":3},{"damage":2,"enemies":"Gensokyo:2_Kodama","floor":3,"turns":2},{"damage":4,"enemies":"Gensokyo:Gryphon","floor":7,"turns":2},{"damage":0,"enemies":"Gensokyo:3_Kodama","floor":11,"turns":1},{"damage":0,"enemies":"Gensokyo:LivingMonolith","floor":13,"turns":1},{"damage":0,"enemies":"Gensokyo:Reimu","floor":16,"turns":5},{"damage":2,"enemies":"theJungle:5_Spyders","floor":18,"turns":4},{"damage":1,"enemies":"Shell Parasite","floor":20,"turns":2},{"damage":4,"enemies":"theJungle:JungleHuntersEncounter","floor":23,"turns":2},{"damage":1,"enemies":"theJungle:Snecko_Cultist_And_Trap","floor":24,"turns":2},{"damage":1,"enemies":"theJungle:Cassacara","floor":28,"turns":3},{"damage":1,"enemies":"Snake Plant","floor":29,"turns":1},{"damage":1,"enemies":"theJungle:2_Snecko_Cultists","floor":30,"turns":1},{"damage":2,"enemies":"theJungle:TotemBoss","floor":33,"turns":3},{"damage":1,"enemies":"Hallownest:2_Littles","floor":35,"turns":1},{"damage":1,"enemies":"Hallownest:2_Littles","floor":38,"turns":1},{"damage":1,"enemies":"Hallownest:2_Littles","floor":38,"turns":1},{"damage":1,"enemies":"Hallownest:2_Littles","floor":38,"turns":1},{"damage":1,"enemies":"Hallownest:2_Littles","floor":38,"turns":2},{"damage":1,"enemies":"Hallownest:3_Siblings","floor":39,"turns":1},{"damage":0,"enemies":"Hallownest:StalkingDevout","floor":42,"turns":1},{"damage":0,"enemies":"Hallownest:2_Great","floor":44,"turns":1},{"damage":1,"enemies":"Hallownest:2_Soldiers_and_1_Guardian","floor":46,"turns":1},{"damage":4,"enemies":"Hallownest:BossGreyPrinceZote","floor":50,"turns":3}],"seed_played":"2110643915096360803","potions_obtained":[{"floor":3,"key":"Fire Potion"},{"floor":42,"key":"Fire Potion"},{"floor":44,"key":"RedTea"}],"is_trial":false,"path_per_floor":["M","$","M","$","?","R","M","R","T","R","M","$","M","$","R","B",null,"M","$","M","$","?","M","M","R","T","R","E","M","M","$","R","B",null,"M","?","$","?","M","R","$","E","T","M","?","M","R","?","R","B",null],"character_chosen":"RUNESMITH_CLASS","items_purchased":["YumHeart","HowToJump","BFFS","Runesmith:LithiumIon","Runesmith:RunicBlueprint","HollowMod:StagPassRelic","Akabeko","Technique","Runesmith:FissionHammer","Runesmith:OneForEveryone","Jack Of All Trades","Runesmith:Attraction","REME_HourglassOfDeath","WarlordEmblem:SmileMask","Toolbox","Runesmith:OneForEveryone","Runesmith:Firewall","AT_EbonyIvory","WarlordEmblem:MantleWalana","HandDrill","Runesmith:UnlimitedPower","Runesmith:CraftVitae","Runesmith:ReplicatingBarrier","KyoryuNoHagoromo","Runesmith:Nanobots","ClockworkSouvenir","Runesmith:CraftIncendium","REME_ShortnessOfBreath","BirthdayGift-Tetrahedron","Boot","AT_SpeedBoots","Deep Breath","Potion Belt","Leech","DollysMirror","Art of War","construct:RocketBooster","TakeMeEscape","Molten Egg 2","FossilizedHelix","Dodecahedron","GrandPatriotsElixir:ReiMu","Fruit Juice","PowerPotion","Enlightenment"],"campfire_rested":0,"item_purchase_floors":[2,2,2,2,2,4,4,4,4,4,4,4,12,12,12,12,12,14,14,14,14,14,17,19,19,19,19,19,21,21,21,21,31,31,31,37,37,37,41,41,41,41,41,41,41],"current_hp_per_floor":[65,65,66,66,66,66,66,66,66,66,71,71,76,76,76,81,89,92,92,96,96,96,97,101,101,101,101,105,109,113,113,113,129,136,141,141,141,159,163,163,163,168,168,173,173,177,177,169,169,173],"gold":872,"neow_bonus":"NOSTALGIA","is_daily":false,"chose_seed":false,"campfire_upgraded":10,"win_rate":0.0,"timestamp":1613655327,"path_taken":["M","$","M","$","?","R","M","R","T","R","?","$","?","$","R","BOSS","M","$","M","$","?","M","M","R","T","R","E","?","M","$","R","BOSS","M","?","$","?","M","R","$","E","T","M","?","?","R","?","R","BOSS"],"items_purchased_type":["Relic","Relic","Relic","Card","Card","Relic","Relic","Relic","Card","Card","Card","Card","Relic","Relic","Relic","Card","Card","Relic","Relic","Relic","Card","Card","Card","Relic","Relic","Relic","Card","Card","Relic","Relic","Relic","Card","Relic","Relic","Relic","Relic","Relic","Relic","Relic","Relic","Relic","Potion","Potion","Potion","Card"],"build_version":"2020-12-22","purchased_purges":19,"victory":true,"max_hp_per_floor":[71,71,74,74,74,74,78,78,78,78,83,83,88,88,88,93,89,94,94,99,99,99,104,109,109,109,109,114,119,124,124,124,129,136,141,141,141,161,166,166,166,171,171,176,176,181,181,181,181,186],"card_choices":[{"not_picked":["Runesmith:Discharge","Runesmith:Superposition"],"picked":"Runesmith:UnstableHammer","floor":1},{"not_picked":["aspiration:UnbridledHammer","Runesmith:UnstableHammer","Runesmith:MakeshiftArmor","Runesmith:Repurpose"],"picked":"Runesmith:RuneHurl","floor":3},{"not_picked":["Runesmith:Firewall","Runesmith:GoWithTheFlow","Runesmith:HammerThrow","Runesmith:StaticCage","Runesmith:Grindstone"],"picked":"SKIP","floor":7},{"not_picked":["Runesmith:Overpower","Runesmith:EarthShield","Runesmith:Repurpose","Runesmith:Grindstone"],"picked":"Runesmith:PoweredAnvil","floor":11},{"not_picked":["Runesmith:Overpower","Runesmith:Electrocute","Runesmith:RuneHurl","aspiration:UnbridledHammer"],"picked":"Runesmith:CraftProtectio","floor":13},{"not_picked":["Runesmith:UnlimitedPower","Runesmith:MetallurgicalResearch","Runesmith:ArcReactor","Runesmith:FissionHammer"],"picked":"Runesmith:CreatorForm","floor":16},{"not_picked":["Runesmith:MakeshiftArmor","Runesmith:CraftProtectio","Runesmith:OneForEveryone","Runesmith:LithiumIon"],"picked":"Runesmith:Grindstone","floor":18},{"not_picked":["Runesmith:Repurpose","Runesmith:Firestorm","Runesmith:LithiumIon+1","Runesmith:StaticCage"],"picked":"Runesmith:HammerAndChisel+1","floor":20},{"not_picked":["Runesmith:HeatedChisel","Runesmith:MetallurgicalResearch","Runesmith:RuneHurl","Runesmith:HammerThrow"],"picked":"Runesmith:CraftMagma","floor":23},{"not_picked":["Runesmith:Overpower","Runesmith:Repurpose","Runesmith:CraftMagma","Runesmith:EnergizedChisel"],"picked":"Runesmith:CraftSpiculum","floor":24},{"not_picked":["Runesmith:Permafrost+1","Runesmith:Electrocute+1","Runesmith:NegativeSpace+1","Runesmith:BackupBattery","Runesmith:UnlimitedPower"],"picked":"SKIP","floor":28},{"not_picked":["Runesmith:ChiselStab","Runesmith:HammerThrow","Runesmith:CraftProtectio","Runesmith:HeatedChisel","Runesmith:StaticCage+1","Runesmith:EnergizedChisel"],"picked":"SKIP","floor":29},{"not_picked":["Runesmith:BackupBattery","Runesmith:Prism+1","Runesmith:UnstableHammer","Runesmith:Grindstone+1","Runesmith:ShiftingStrike+1","Runesmith:MakeshiftArmor+1"],"picked":"SKIP","floor":30},{"not_picked":["Runesmith:ArcReactor","Runesmith:CreatorForm","Runesmith:CraftPrismatica","Runesmith:GenerateForcefield","Runesmith:DuctTape"],"picked":"Runesmith:Supernova","floor":33},{"not_picked":["Runesmith:FieryHammer","Runesmith:EarthShield","Runesmith:StaticCage+1","Runesmith:HammerThrow+1","Runesmith:Discharge+1","Runesmith:HeatedChisel"],"picked":"SKIP","floor":35},{"not_picked":["Runesmith:EnergizedChisel","Runesmith:Discharge+1","Runesmith:StaticCage+1","Runesmith:Accelerate","Runesmith:DuctTape"],"picked":"Runesmith:CraftObretio+1","floor":39},{"not_picked":["Runesmith:Duplicate","Runesmith:NegativeSpace+1","Runesmith:EnergizedChisel+1","Runesmith:DuctTape","Runesmith:MakeshiftArmor+1","Runesmith:Grindstone+1"],"picked":"SKIP","floor":42},{"not_picked":["Runesmith:Electrocute+1","Runesmith:StaticCage","Runesmith:MakeshiftArmor+1","Runesmith:ArcReactor","Runesmith:CraftMagma","Runesmith:UnstableHammer+1"],"picked":"SKIP","floor":44},{"not_picked":["Runesmith:HammerThrow+1","Runesmith:RuneHurl+1","Runesmith:EarthShield+1","Runesmith:Repurpose","Runesmith:MetallurgicalResearch"],"picked":"Runesmith:ChaoticBlast+1","floor":46}],"player_experience":194173,"relics_obtained":[{"floor":1,"key":"SynthV:TestCard"},{"floor":9,"key":"ImprovedEquipment"},{"floor":28,"key":"Question Card"},{"floor":42,"key":"Whetstone"},{"floor":43,"key":"Bag of Marbles"}],"event_choices":[{"damage_healed":0,"gold_gain":0,"player_choice":"1 cards matched","damage_taken":0,"max_hp_gain":0,"max_hp_loss":0,"event_name":"Match and Keep!","floor":22,"gold_loss":0,"cards_obtained":["Runesmith:LightningRod"]},{"damage_healed":0,"gold_gain":0,"player_choice":"1 cards matched","damage_taken":0,"max_hp_gain":0,"max_hp_loss":0,"event_name":"Match and Keep!","floor":22,"gold_loss":0,"cards_obtained":["Runesmith:LightningRod"]}],"is_beta":false,"boss_relics":[{"not_picked":["aspiration:RitualDagger","aspiration:WatcherSkillbook"],"picked":"WarlordEmblem:Scar"},{"not_picked":[]},{"not_picked":["SacredBark","Philosopher\u0027s Stone"],"picked":"MagicMushroom"},{"not_picked":[]}],"items_purged_floors":[2,2,2,2,2,2,2,2,4,19,19,21,37,37,37,37,41,41,41],"is_endless":false,"potions_floor_spawned":[1,1,3,7,13,16,16,18,18,20,23,24,28,29,29,30,33,33,33,35,38,38,39,42,44,46,46],"ascension_level":0}}