{"host":"Ringo","time":1613665666,"event":{"mods":["BaseMod","Colored Map","Conspire","Dota2Spire","Hubris","Minty Spire (QoL Compilation)","Replay The Spire","StSLib","The Construct","[IsaacMod]ÒÔÈö¼âËþ","¡¾ÒÅÎï¿¨ÅÆ¡¿REMEMod"],"gold_per_floor":[117,117,142,142,142,180,219,250,250,294,329,342,380,413,413,503,503,528,528,224,139,170,201,237,273,273,287,54,93,129,169,169,260,260,278,278,339,420,225,290,363,431,431,470,546,613,683,738,759,806,873],"floor_reached":52,"language":"ZHS","playtime":1485,"items_purged":["Dark Embrace"],"score":4227,"play_id":"169a5046-e33a-45bc-bd8b-3808d86f111d","local_time":"20210219002746","daily_mods":["SealedDeck","Vintage","Red Cards","Colorless Cards","Heirloom","Time Dilation","Flight","DeadlyEvents","Elite Swarm","Lethality","Binary"],"is_ascension_mode":true,"campfire_choices":[{"data":"Armaments","floor":15,"key":"SMITH"},{"data":"RitualDagger","floor":32,"key":"SMITH"},{"data":"Metallicize","floor":49,"key":"SMITH"}],"circlet_count":0,"master_deck":["AscendersBane","Finesse","Panacea","ReplayTheSpireMod:Stacked","Blind","Thunderclap","Pommel Strike","Rampage","Twin Strike","Shrug It Off","Armaments+1","construct:QuickAttack","Sword Boomerang","Metallicize+1","Dramatic Entrance","RitualDagger+1","Feel No Pain","Flex","Limit Break+1","Anger","hubris:ReadiedAction+1"],"relics":["Burning Blood","Busted Crown","HushsDoor","REME_ComplimentaryCards","replay:Trail_Library","GuppysPaw","DeadEye","HowToJump","Golden Idol","Replay:Mystery Machine","hubris:MysteriousPyramids","Happy Flower","Dota2Spire:EchoSabre","Dota2Spire:AghanimScepter","ReplayFunnel","BelialBook","GuppysTail","hubris:CuriousFeather","hubris:ToyBattleship","hubris:Backtick","Dota2Spire:AssaultCuirass","GuppysCollar","GuppysHairball","Dota2Spire:BlackKingBar","conspire:TreasureMap","Toy Ornithopter","REME_LimitBreaker","Dota2Spire:Satanic","Oddly Smooth Stone","construct:BoolHorns","Replay:Wax Seal","Dota2Spire:ArmletOfMordiggian","Replay:Baseball","Strawberry","PreservedInsect","Toxic Egg 2","Black Star","SatanicBible","Replay:Bandana","Boot","Pet Ghost","Bronze Scales","Dota2Spire:UrnOfShadows","Sling","Dota2Spire:BattleFury","The Courier","CeramicFish","BloodDonationMachine","Golden Egg","Dota2Spire:OctarineCore","Onion Ring","hubris:Reverence","hubris:SphereOfDissonance","MawBank","Dota2Spire:HeartOfTarrasque","Magic Flower","hubris:GlazedTorus","Torii","Dota2Spire:LinkenSphere"],"acts_visited":["Exordium","TheCity","TheBeyond"],"potions_floor_usage":[6,13,13,16,22,33,51,51],"damage_taken":[{"damage":0,"enemies":"Small Slimes","floor":1,"turns":1},{"damage":0,"enemies":"2 Louse","floor":3,"turns":1},{"damage":0,"enemies":"Replay:BlueRogue","floor":6,"turns":1},{"damage":0,"enemies":"Lagavulin","floor":7,"turns":3},{"damage":0,"enemies":"Gremlin Nob","floor":8,"turns":3},{"damage":0,"enemies":"Replay:BlueRogue","floor":10,"turns":1},{"damage":0,"enemies":"Lagavulin","floor":11,"turns":3},{"damage":0,"enemies":"Cultist","floor":12,"turns":2},{"damage":0,"enemies":"3 Sentries","floor":13,"turns":3},{"damage":0,"enemies":"Lagavulin","floor":14,"turns":2},{"damage":0,"enemies":"Hexaghost","floor":16,"turns":2},{"damage":0,"enemies":"Spheric Guardian","floor":18,"turns":1},{"damage":0,"enemies":"Replay:Snechameleon","floor":22,"turns":3},{"damage":0,"enemies":"Book of Stabbing","floor":23,"turns":3},{"damage":0,"enemies":"Replay:Snechameleon","floor":24,"turns":2},{"damage":0,"enemies":"conspire:SneckoGhost","floor":25,"turns":3},{"damage":0,"enemies":"3 Byrds","floor":27,"turns":1},{"damage":0,"enemies":"Replay:Snechameleon","floor":29,"turns":1},{"damage":0,"enemies":"Gremlin Leader","floor":30,"turns":1},{"damage":0,"enemies":"conspire:Head Lice","floor":31,"turns":1},{"damage":0,"enemies":"Collector","floor":33,"turns":2},{"damage":0,"enemies":"3 Darklings","floor":35,"turns":1},{"damage":0,"enemies":"Reptomancer","floor":37,"turns":2},{"damage":0,"enemies":"Giant Head","floor":38,"turns":2},{"damage":0,"enemies":"R_Hoarder","floor":40,"turns":1},{"damage":0,"enemies":"Giant Head","floor":41,"turns":3},{"damage":0,"enemies":"Nemesis","floor":42,"turns":1},{"damage":0,"enemies":"3 Shapes","floor":44,"turns":1},{"damage":0,"enemies":"R_Hoarder","floor":45,"turns":1},{"damage":0,"enemies":"Nemesis","floor":46,"turns":1},{"damage":0,"enemies":"Reptomancer","floor":47,"turns":1},{"damage":0,"enemies":"Writhing Mass","floor":48,"turns":1},{"damage":0,"enemies":"Time Eater","floor":50,"turns":2},{"damage":0,"enemies":"Donu and Deca","floor":51,"turns":1}],"seed_played":"-633182208074206866","potions_obtained":[{"floor":1,"key":"Adrenaline Potion"},{"floor":3,"key":"ColorlessPotion"},{"floor":8,"key":"ColorlessPotion"},{"floor":14,"key":"SkillPotion"},{"floor":16,"key":"FairyPotion"},{"floor":18,"key":"Explosive Potion"},{"floor":23,"key":"ElixirPotion"},{"floor":24,"key":"ElixirPotion"},{"floor":31,"key":"AttackPotion"},{"floor":33,"key":"LifebloodPotion"},{"floor":35,"key":"EssenceOfSteel"}],"is_trial":true,"path_per_floor":["M","?","M","?","?","E","E","E","T","E","E","M","E","E","R","B",null,"M","?","$","?","E","E","E","E","T","M","$","E","E","E","R","B",null,"M","?","E","E","$","E","E","E","T","M","E","E","E","M","R","B","B",null],"character_chosen":"IRONCLAD","items_purchased":["Metallicize","GuppysCollar","GuppysHairball","Dramatic Entrance","conspire:TreasureMap","Feel No Pain","Flex","Replay:Baseball","Limit Break+1","SatanicBible","Sling","Anger"],"campfire_rested":0,"item_purchase_floors":[17,17,17,17,20,20,20,28,34,34,39,39],"current_hp_per_floor":[60,39,45,30,30,36,42,48,48,54,60,60,60,60,60,60,32,32,26,26,26,32,32,32,32,32,32,32,39,39,39,39,39,25,25,25,25,25,25,25,25,25,25,25,25,33,33,33,33,33,1],"gold":885,"neow_bonus":"","is_daily":false,"chose_seed":false,"campfire_upgraded":3,"win_rate":0.0,"timestamp":1613665666,"path_taken":["M","?","M","?","?","E","E","E","T","E","E","?","E","E","R","BOSS","M","?","$","?","?","E","E","E","T","?","?","E","E","E","R","BOSS","M","?","?","?","$","E","E","E","T","M","E","E","E","?","R","BOSS","BOSS"],"items_purchased_type":["Card","Relic","Relic","Card","Relic","Card","Card","Relic","Card","Relic","Relic","Card"],"build_version":"2020-12-18","purchased_purges":1,"victory":true,"max_hp_per_floor":[60,60,60,60,60,60,60,60,60,60,60,60,60,60,60,60,32,32,32,32,32,32,32,32,32,32,32,32,39,39,39,39,39,25,25,25,25,25,25,25,25,25,25,25,25,33,33,33,33,33,1],"card_choices":[],"player_experience":716895,"relics_obtained":[{"floor":1,"key":"HowToJump"},{"floor":3,"key":"Replay:Mystery Machine"},{"floor":6,"key":"hubris:MysteriousPyramids"},{"floor":7,"key":"Happy Flower"},{"floor":8,"key":"Dota2Spire:EchoSabre"},{"floor":9,"key":"Dota2Spire:AghanimScepter"},{"floor":10,"key":"ReplayFunnel"},{"floor":11,"key":"BelialBook"},{"floor":12,"key":"GuppysTail"},{"floor":13,"key":"hubris:CuriousFeather"},{"floor":14,"key":"hubris:ToyBattleship"},{"floor":18,"key":"Dota2Spire:BlackKingBar"},{"floor":22,"key":"REME_LimitBreaker"},{"floor":23,"key":"Dota2Spire:Satanic"},{"floor":24,"key":"Oddly Smooth Stone"},{"floor":25,"key":"construct:BoolHorns"},{"floor":26,"key":"Replay:Wax Seal"},{"floor":27,"key":"Dota2Spire:ArmletOfMordiggian"},{"floor":29,"key":"Strawberry"},{"floor":30,"key":"PreservedInsect"},{"floor":31,"key":"Toxic Egg 2"},{"floor":35,"key":"Replay:Bandana"},{"floor":37,"key":"Boot"},{"floor":37,"key":"Pet Ghost"},{"floor":38,"key":"Bronze Scales"},{"floor":38,"key":"Dota2Spire:UrnOfShadows"},{"floor":40,"key":"Dota2Spire:BattleFury"},{"floor":40,"key":"The Courier"},{"floor":41,"key":"CeramicFish"},{"floor":41,"key":"BloodDonationMachine"},{"floor":42,"key":"Golden Egg"},{"floor":42,"key":"Dota2Spire:OctarineCore"},{"floor":43,"key":"Onion Ring"},{"floor":44,"key":"hubris:Reverence"},{"floor":45,"key":"hubris:SphereOfDissonance"},{"floor":45,"key":"MawBank"},{"floor":46,"key":"Dota2Spire:HeartOfTarrasque"},{"floor":46,"key":"Magic Flower"},{"floor":47,"key":"hubris:GlazedTorus"},{"floor":47,"key":"Torii"},{"floor":48,"key":"Dota2Spire:LinkenSphere"}],"event_choices":[{"damage_healed":0,"gold_gain":0,"player_choice":"Take Damage","damage_taken":21,"relics_obtained":["Golden Idol"],"max_hp_gain":0,"max_hp_loss":0,"event_name":"Golden Idol","floor":2,"gold_loss":0},{"damage_healed":0,"gold_gain":0,"player_choice":"Ignored","damage_taken":0,"max_hp_gain":0,"max_hp_loss":0,"event_name":"Purifier","floor":5,"gold_loss":0},{"damage_healed":0,"gold_gain":0,"player_choice":"Joined the Cult","damage_taken":6,"max_hp_gain":0,"max_hp_loss":0,"event_name":"Nest","floor":19,"gold_loss":0,"cards_obtained":["RitualDagger"]},{"damage_healed":0,"gold_gain":0,"player_choice":"Obtained Relic","damage_taken":0,"relics_obtained":["Toy Ornithopter"],"max_hp_gain":0,"max_hp_loss":0,"event_name":"Addict","floor":21,"gold_loss":85},{"damage_healed":0,"gold_gain":0,"player_choice":"Ignored","damage_taken":0,"max_hp_gain":0,"max_hp_loss":0,"event_name":"Duplicator","floor":36,"gold_loss":0}],"is_beta":true,"boss_relics":[{"not_picked":["Runic Pyramid","Ring of Chaos"],"picked":"hubris:Backtick"},{"not_picked":[]},{"not_picked":["ReplayTheSpireMod:DimensionalGlitch","Velvet Choker"],"picked":"Black Star"},{"not_picked":[]}],"items_purged_floors":[28],"is_endless":false,"potions_floor_spawned":[1,3,8,12,14,16,18,23,24,31,33,35,41,44,45,46,47],"ascension_level":20}}