{"host":"acw864156wjp8gcv","time":1613672296,"event":{"mods":["2.2 Compatiblity","AchievementEnabler","Ascension Reborn","Aspiration","BaseMod","Beaked The Cultist","Better Altar","Better Match","Better Note","Better Sensory Stone","Better Silent Start","Better Skull","Better Third Choice","Better Vampires","BetterRewards","Challenge The Spire","Colored Map","Colored Powertips","Conspire","Curses Come First","Downfall","Energized Spire","GifTheSpireLib","Halation","Hubris","Infinite Spire","Ironclad Rager","Jedi Mod","Mimic Mod","Minty Spire (QoL Compilation)","Permanent Neow","Relic Sorter","Replay The Spire","Robot Space Explorer","Shop Mod","Spicy Shops","Spikes Relics","StSLib","Stuff the Spire","The Blue Laboratory","The Construct","The Jungle","The Marked","Wandering Minibosses","everything is the same but u backflip on backflip"],"gold_per_floor":[118,141,158,158,158,158,49,49,101,143,143,88,118,170,170,319,319,338,367,367,385,86,134,134,18,67,113,135,164,164,164,164,318,318,347,347,347,347,105,105,136,193,225,225,284,329,382,96,96,96,96,96,7,47,47],"floor_reached":56,"language":"ENG","playtime":1560,"items_purged":["Strike_G+1","Defend_G+1","Strike_G+1","Strike_G+1","Defend_G+1"],"score":1651,"play_id":"41dd71f3-a7e4-4e7e-bdc5-22ef05f04a8d","local_time":"20210218121816","is_ascension_mode":true,"campfire_choices":[{"data":"Bouncing Flask","floor":6.0,"key":"SMITH"},{"floor":8.0,"key":"RECALL"},{"data":"jedi:collectorvenom","floor":15.0,"key":"SMITH"},{"data":"Deadly Poison","floor":24.0,"key":"SMITH"},{"data":"infinitespire:Gouge","floor":32.0,"key":"SMITH"},{"data":"Blade Dance","floor":40.0,"key":"SMITH"},{"data":"infinitespire:Collect","floor":44.0,"key":"SMITH"},{"data":"Bouncing Flask+1","floor":49.0,"key":"SMITH"},{"data":"Bouncing Flask+2","floor":52.0,"key":"SMITH"}],"circlet_count":0,"master_deck":["Strike_G+1","Defend_G+1","Survivor+1","Neutralize+1","Bouncing Flask+3","Slice+1","Deadly Poison+1","Blade Dance+1","infinitespire:Gouge+1","Catalyst+1","jedi:collectorvenom+1","infinitespire:Collect+1","Finesse","Master of Strategy","Defend_G+1"],"relics":["Ring of the Serpent","infinitespire:Eraser","infinitespire:Joker Card","hubris:CrystalStatue","Golden Idol","Omamori","Anchor","Potion Belt","Cauldron","Vampiric Spirits","infinitespire:Lychee Nut","RollingBoulder","Membership Card","conspire:DecoderRing","hubris:Zylophone","halation:BottledLove","Pen Nib","Tingsha","WristBlade","Juzu Bracelet","StuffTheSpire:Tea","infinitespire:EvilPickle","wanderingMiniBosses:AbyssPearl","jedi:arcanewood","Ancient Tea Set","hubris:SlimyHat","conspire:Boomerang","conspire:InfiniteJournal","ToxicTincture","Counterbalance","StuffTheSpire:Mouthbags"],"acts_visited":["Exordium","TheCity","TheBeyond","TheEnding"],"potions_floor_usage":[],"damage_taken":[{"damage":0.0,"enemies":"Jaw Worm","floor":1.0,"turns":2.0},{"damage":1.0,"enemies":"2 Louse","floor":2.0,"turns":3.0},{"damage":0.0,"enemies":"Small Slimes","floor":3.0,"turns":2.0},{"damage":8.0,"enemies":"2 Fungi Beasts","floor":9.0,"turns":6.0},{"damage":0.0,"enemies":"Lagavulin","floor":10.0,"turns":4.0},{"damage":0.0,"enemies":"2 Fungi Beasts","floor":13.0,"turns":2.0},{"damage":0.0,"enemies":"3 Sentries","floor":14.0,"turns":4.0},{"damage":3.0,"enemies":"The Guardian","floor":16.0,"turns":6.0},{"damage":0.0,"enemies":"Spheric Guardian","floor":18.0,"turns":3.0},{"damage":0.0,"enemies":"conspire:FuzzyDice","floor":19.0,"turns":4.0},{"damage":0.0,"enemies":"3 Cultists","floor":21.0,"turns":4.0},{"damage":0.0,"enemies":"Replay:Snechameleon","floor":23.0,"turns":2.0},{"damage":0.0,"enemies":"Snake Plant","floor":26.0,"turns":2.0},{"damage":0.0,"enemies":"Slavers","floor":27.0,"turns":3.0},{"damage":0.0,"enemies":"Snake Plant","floor":28.0,"turns":2.0},{"damage":0.0,"enemies":"Centurion and Healer","floor":29.0,"turns":2.0},{"damage":13.0,"enemies":"Pondfish","floor":33.0,"turns":3.0},{"damage":0.0,"enemies":"Orb Walker","floor":35.0,"turns":2.0},{"damage":18.0,"enemies":"3 Darklings","floor":41.0,"turns":4.0},{"damage":0.0,"enemies":"Nemesis","floor":42.0,"turns":3.0},{"damage":0.0,"enemies":"Giant Head","floor":45.0,"turns":3.0},{"damage":0.0,"enemies":"Writhing Mass","floor":46.0,"turns":2.0},{"damage":0.0,"enemies":"4 Shapes","floor":47.0,"turns":2.0},{"damage":0.0,"enemies":"hubris:GrandSnecko","floor":50.0,"turns":2.0},{"damage":0,"enemies":"Shield and Spear","floor":54,"turns":3},{"damage":2,"enemies":"The Heart","floor":55,"turns":2}],"seed_played":"256782072182538238","potions_obtained":[{"floor":1.0,"key":"Elixir"},{"floor":2.0,"key":"blueLaboratory:BubblePotion"},{"floor":3.0,"key":"blueLaboratory:BubblePotion"},{"floor":10.0,"key":"blueLaboratory:PhilterOfMotion"},{"floor":12.0,"key":"jedi:holywater"},{"floor":13.0,"key":"Energy Potion"},{"floor":13.0,"key":"GhostInAJar"},{"floor":42.0,"key":"DistilledChaos"}],"is_trial":false,"path_per_floor":["M","M","M","?","?","R","$","R","MIM","E","?","$","M","E","R","B",null,"M","M","?","M","$","E","R","$","MIM","E","M","M","AVR","?","R","B",null,"M","?","?","?","$","R","M","E","T","R","E","M","M","$","R","B",null,"R","$","E","B",null],"character_chosen":"THE_SILENT","items_purchased":["Omamori","Cauldron","Membership Card","hubris:CrystalStatue","hubris:Zylophone","Juzu Bracelet","StuffTheSpire:Tea","ToxicTincture","Counterbalance","infinitespire:Eraser"],"campfire_rested":0,"item_purchase_floors":[7,12,22,22,25,39,39,48,48,53],"current_hp_per_floor":[74,73,73,73,55,55,55,55,47,47,47,47,47,47,47,54,58,58,58,58,58,58,58,58,58,58,58,58,58,58,38,38,46,62,62,62,62,62,62,62,45,61,61,61,62,62,62,62,62,66,66,66,66,66,70],"gold":47,"neow_bonus":"THREE_CARDS","is_daily":false,"chose_seed":false,"campfire_upgraded":8,"win_rate":0.0,"timestamp":1613672296,"path_taken":["M","M","M","?","?","R","$","R","MIM","E","?","$","M","E","R","BOSS","M","M","?","M","$","E","R","$","MIM","E","?","M","AVR","?","R","BOSS","M","?","?","?","?","R","M","E","T","R","E","M","M","$","R","BOSS","R","$","E","BOSS"],"items_purchased_type":["Relic","Relic","Relic","Relic","Relic","Relic","Relic","Relic","Relic","Relic"],"build_version":"2020-12-22","purchased_purges":5,"victory":true,"max_hp_per_floor":[74,74,74,74,74,74,74,74,74,74,74,74,74,74,74,58,58,58,58,58,58,58,58,58,58,58,58,58,58,58,58,58,62,62,62,62,62,62,62,62,62,62,62,62,62,62,62,62,62,66,66,66,66,66,70],"card_choices":[{"not_picked":["PiercingWail","StuffTheSpire:Injection"],"picked":"Bouncing Flask","floor":1.0},{"not_picked":["ReplayTheSpireMod:Exploit Weakness","Backflip","StuffTheSpire:BumpUp"],"picked":"SKIP","floor":2.0},{"not_picked":["Backflip","Draining Mist"],"picked":"Slice+1","floor":3.0},{"not_picked":["Prepared","Riddle With Holes"],"picked":"Deadly Poison","floor":9.0},{"not_picked":["Malaise","Wraith Form v2"],"picked":"Blade Dance","floor":10.0},{"not_picked":["All Out Attack","Hidden Blade","Tools of the Trade"],"picked":"SKIP","floor":10.0},{"not_picked":["ReplayTheSpireMod:??????????????????????","infinitespire:SevenWalls"],"picked":"infinitespire:Gouge","floor":11.0},{"not_picked":["Prepared+1","Dagger Throw"],"picked":"Catalyst+1","floor":13.0},{"not_picked":["Venomology","Outmaneuver"],"picked":"jedi:collectorvenom","floor":14.0},{"not_picked":["Crippling Poison+1","Toxin Wave","StuffTheSpire:BumpUp"],"picked":"SKIP","floor":14.0},{"not_picked":["Deadly Poison","StuffTheSpire:Injection"],"picked":"jedi:collectorvenom+1","floor":18.0},{"not_picked":["Underhanded Strike+1","Dagger Spray+1"],"picked":"jedi:collectorvenom+1","floor":19.0},{"not_picked":["Dagger Throw","StuffTheSpire:Repulse"],"picked":"jedi:collectorvenom+1","floor":21.0},{"not_picked":["StuffTheSpire:BrimstoneBlast+1","Outmaneuver+1"],"picked":"jedi:collectorvenom+1","floor":23.0},{"not_picked":["After Image","Prepared"],"picked":"jedi:collectorvenom+1","floor":26.0},{"not_picked":["StuffTheSpire:Python+1","ReplayTheSpireMod:Exploit Weakness"],"picked":"jedi:collectorvenom+1","floor":27.0},{"not_picked":["Deflect+1","conspire:DoublingDagger+1"],"picked":"jedi:collectorvenom+1","floor":28.0},{"not_picked":["Expertise+1","Deadly Poison","Footwork"],"picked":"SKIP","floor":29.0},{"not_picked":["Blade Dance","Skewer+1"],"picked":"jedi:collectorvenom+1","floor":35.0},{"not_picked":["Enlightenment","ReplayUltimateDefense"],"picked":"Finesse","floor":37.0},{"not_picked":["Apotheosis","Bandage Up"],"picked":"Master of Strategy","floor":37.0},{"not_picked":["Eviscerate+1","Flying Knee+1","hubris:SlightOfHand"],"picked":"SKIP","floor":41.0},{"not_picked":["StuffTheSpire:BumpUp","ReplayTheSpireMod:Tripwire"],"picked":"jedi:collectorvenom+1","floor":42.0},{"not_picked":["StuffTheSpire:BumpUp+1","StuffTheSpire:ClusterCrunch"],"picked":"jedi:collectorvenom+1","floor":45.0},{"not_picked":["Concentrate+1","Masterful Stab+1"],"picked":"jedi:collectorvenom+1","floor":46.0},{"not_picked":["Dagger Throw+1","Masterful Stab+1"],"picked":"jedi:collectorvenom+1","floor":47.0},{"not_picked":["StuffTheSpire:Python","Flying Knee+1","hubris:Sniper+1"],"picked":"SKIP","floor":54}],"player_experience":191964,"relics_obtained":[{"floor":9.0,"key":"Anchor"},{"floor":10.0,"key":"Potion Belt"},{"floor":14.0,"key":"Vampiric Spirits"},{"floor":16.0,"key":"infinitespire:Lychee Nut"},{"floor":19.0,"key":"RollingBoulder"},{"floor":23.0,"key":"conspire:DecoderRing"},{"floor":26.0,"key":"halation:BottledLove"},{"floor":27.0,"key":"Pen Nib"},{"floor":33.0,"key":"Tingsha"},{"floor":35.0,"key":"infinitespire:Joker Card"},{"floor":41.0,"key":"wanderingMiniBosses:AbyssPearl"},{"floor":42.0,"key":"jedi:arcanewood"},{"floor":43.0,"key":"Ancient Tea Set"},{"floor":43.0,"key":"hubris:SlimyHat"},{"floor":45.0,"key":"conspire:Boomerang"},{"floor":47.0,"key":"conspire:InfiniteJournal"},{"floor":54,"key":"StuffTheSpire:Mouthbags"}],"event_choices":[{"damage_healed":0.0,"max_hp_gain":0.0,"max_hp_loss":0.0,"gold_gain":0.0,"event_name":"conspire:LoneGhost","player_choice":"Disagree","floor":4.0,"gold_loss":0.0,"damage_taken":0.0},{"damage_healed":0.0,"max_hp_gain":0.0,"max_hp_loss":0.0,"gold_gain":0.0,"event_name":"Golden Idol","player_choice":"Take Damage","floor":5.0,"gold_loss":0.0,"damage_taken":18.0,"relics_obtained":["Golden Idol"]},{"damage_healed":0.0,"max_hp_gain":0.0,"max_hp_loss":0.0,"gold_gain":0.0,"event_name":"betterNote:BetterNote","player_choice":"Ignored","floor":20.0,"gold_loss":0.0,"damage_taken":0.0,"cards_obtained":["construct:SweepLaser"]},{"damage_healed":0.0,"max_hp_gain":0.0,"max_hp_loss":0.0,"gold_gain":3.0,"event_name":"betterStone:BetterStone","player_choice":"1","floor":37.0,"gold_loss":0.0,"damage_taken":0.0},{"damage_healed":0.0,"max_hp_gain":0.0,"max_hp_loss":0.0,"gold_gain":0.0,"event_name":"Tomb of Lord Red Mask","player_choice":"Ignored","floor":38.0,"gold_loss":0.0,"damage_taken":0.0}],"is_beta":false,"boss_relics":[{"not_picked":["hubris:VirtuousBlindfold","SacredBark"],"picked":"Ring of the Serpent"},{"not_picked":["ChewingGum","halation:PinkAlligatorPlush"],"picked":"WristBlade"}],"items_purged_floors":[22,22,30,39,48],"is_endless":false,"potions_floor_spawned":[3,13,18,27,28,41],"ascension_level":0}}