{"host":"ffqn1azj9urswy62","time":1613663067,"event":{"mods":["BaseMod","Better Third Choice","Conspire","Googly Eyes","Hubris","Minty Spire (QoL Compilation)","Replay The Spire","StSLib","Wandering Minibosses","slay the spire mod where everything is the same but ironclad has a cowboy hat"],"gold_per_floor":[15,15,15,35,84,84,84,84],"floor_reached":7,"language":"ENG","playtime":265,"items_purged":[],"score":47,"play_id":"064dfda3-d713-42f8-8ab3-eb7a771ae8f0","local_time":"20210218104427","is_ascension_mode":true,"campfire_choices":[{"data":"Berserk","floor":6,"key":"SMITH"}],"circlet_count":0,"master_deck":["Strike_R","Strike_R","Strike_R","Strike_R","Defend_R","Defend_R","Defend_R","Defend_R","Bash","Berserk+1","Disarm","Replay:Undeath\u0027s Touch","Pommel Strike"],"relics":["Burning Blood","hubris:GlazedTorus"],"acts_visited":["Exordium"],"potions_floor_usage":[],"damage_taken":[{"damage":7,"enemies":"2 Louse","floor":1,"turns":3},{"damage":2,"enemies":"Jaw Worm","floor":4,"turns":4},{"damage":61,"enemies":"conspire:MimicChest","floor":5,"turns":8},{"damage":25,"enemies":"3 Sentries","floor":7,"turns":2}],"seed_played":"-7541663943164601115","potions_obtained":[{"floor":5,"key":"GamblersBrew"}],"is_trial":false,"path_per_floor":["M","$","?","M","?","R","E"],"character_chosen":"IRONCLAD","items_purchased":[],"campfire_rested":0,"item_purchase_floors":[],"current_hp_per_floor":[79,79,72,76,21,21,0,0],"gold":84,"neow_bonus":"THREE_RARE_CARDS","is_daily":false,"chose_seed":false,"campfire_upgraded":1,"win_rate":0.0,"timestamp":1613663067,"path_taken":["M","$","?","M","?","R","E"],"items_purchased_type":[],"build_version":"2020-12-22","purchased_purges":0,"victory":false,"max_hp_per_floor":[80,80,80,80,80,80,80,80],"card_choices":[{"not_picked":["Fiend Fire","Reaper"],"picked":"Berserk","floor":0},{"not_picked":["Pommel Strike","Anger"],"picked":"Disarm","floor":1},{"not_picked":["Body Slam","Flex"],"picked":"Replay:Undeath\u0027s Touch","floor":4},{"not_picked":["True Grit","Cleave"],"picked":"Pommel Strike","floor":5}],"player_experience":694207,"relics_obtained":[{"floor":5,"key":"hubris:GlazedTorus"}],"event_choices":[{"cards_removed":["Strike_R"],"damage_healed":0,"gold_gain":0,"player_choice":"Card Removal","damage_taken":7,"max_hp_gain":0,"max_hp_loss":0,"event_name":"Golden Wing","floor":3,"gold_loss":0}],"is_beta":false,"boss_relics":[],"items_purged_floors":[],"is_endless":false,"potions_floor_spawned":[5],"killed_by":"3 Sentries","ascension_level":4}}