{"host":"Doisman","time":1613627586,"event":{"mods":["AchievementEnabler","BaseMod","Better Note","Curses Come First","Minty Spire (QoL Compilation)","Permanent Neow","Quick Restart","Relic Stats","Replay The Spire","StSLib","slay the spire mod where everything is the same but ironclad has a cowboy hat"],"gold_per_floor":[114,127,127,52,52,80,80,109,136,155,0,33,52,52,52,154,154,164,164,164,164,263,263,289,289,289,289,80,146,146,78,78,178,178,189,64,82,100,113,113,124,124,151,179,197,197,0,25,25,25],"floor_reached":51,"language":"ENG","playtime":2299,"items_purged":["Strike_B","Strike_B","Strike_B"],"score":798,"play_id":"44eee50c-4415-49d8-ba29-7eb1491c0a37","local_time":"20210217235306","is_ascension_mode":true,"campfire_choices":[{"data":"Hologram","floor":7,"key":"SMITH"},{"data":"Conserve Battery","floor":15,"key":"SMITH"},{"data":"Zap","floor":23,"key":"SMITH"},{"data":"Cold Snap","floor":25,"key":"SMITH"},{"data":"Cold Snap","floor":27,"key":"SMITH"},{"data":"Hologram","floor":30,"key":"SMITH"},{"data":"White Noise","floor":32,"key":"SMITH"},{"data":"Echo Form","floor":40,"key":"SMITH"},{"data":"Sweeping Beam","floor":42,"key":"SMITH"},{"data":"Gash","floor":46,"key":"SMITH"},{"floor":49,"key":"DIG"}],"circlet_count":0,"master_deck":["Strike_B","Defend_B","Defend_B","Defend_B","Zap+1","Dualcast","Cold Snap+1","Hologram+1","Skim+1","Gash","Conserve Battery+1","Gash+1","Cold Snap+1","Self Repair","Hologram+1","Sweeping Beam+1","White Noise+1","Echo Form+1","Capacitor+1","Tempest+1","Coolheaded+1"],"relics":["Coffee Dripper","ReplayTheSpireMod:TigerMarble","Replay:Antivirus Software","MealTicket","Replay:Rubber Ducky","Omamori","ReplayFunnel","Ring of Chaos","Torii","Nilry\u0027s Codex","Regal Pillow","Symbiotic Virus","BargainBundle","Potion Belt","Velvet Choker","Vajra","White Beast Statue","Red Mask","Juzu Bracelet","Pocketwatch"],"acts_visited":["Exordium","TheCity","TheBeyond"],"potions_floor_usage":[10,24,33,33,41,45,45,48,50,50,50],"damage_taken":[{"damage":0,"enemies":"Cultist","floor":1,"turns":3},{"damage":1,"enemies":"Jaw Worm","floor":2,"turns":4},{"damage":5,"enemies":"3 Sentries","floor":6,"turns":6},{"damage":0,"enemies":"Lagavulin","floor":8,"turns":7},{"damage":0,"enemies":"Small Slimes","floor":10,"turns":1},{"damage":6,"enemies":"3 Sentries","floor":12,"turns":7},{"damage":6,"enemies":"Exordium Thugs","floor":13,"turns":4},{"damage":10,"enemies":"The Guardian","floor":16,"turns":8},{"damage":0,"enemies":"Shell Parasite","floor":18,"turns":4},{"damage":1,"enemies":"Slavers","floor":24,"turns":6},{"damage":9,"enemies":"Collector","floor":33,"turns":9},{"damage":0,"enemies":"3 Shapes","floor":35,"turns":6},{"damage":8,"enemies":"3 Darklings","floor":37,"turns":6},{"damage":1,"enemies":"4 Shapes","floor":38,"turns":8},{"damage":0,"enemies":"Spire Growth","floor":39,"turns":6},{"damage":2,"enemies":"Writhing Mass","floor":41,"turns":9},{"damage":3,"enemies":"R_Hoarder","floor":44,"turns":9},{"damage":0,"enemies":"Transient","floor":45,"turns":5},{"damage":7,"enemies":"Reptomancer","floor":48,"turns":9},{"damage":9,"enemies":"Donu and Deca","floor":50,"turns":10}],"seed_played":"7615751126667901361","potions_obtained":[{"floor":2,"key":"Milkshake"},{"floor":6,"key":"DistilledChaos"},{"floor":10,"key":"Dexterity Potion"},{"floor":18,"key":"Fire Potion"},{"floor":29,"key":"Explosive Potion"},{"floor":29,"key":"Languid Potion"},{"floor":35,"key":"SteroidPotion"},{"floor":38,"key":"ColorlessPotion"},{"floor":44,"key":"Dexterity Potion"},{"floor":45,"key":"Strength Potion"},{"floor":48,"key":"Adrenaline Potion"}],"is_trial":false,"path_per_floor":["M","M","?","$","?","E","R","E","T","M","$","E","M","$","R","B",null,"M","?","?","?","?","R","E","R","T","R","$","?","R","$","R","B",null,"M","$","M","M","M","R","M","R","T","E","M","R","?","E","R","B",null],"character_chosen":"DEFECT","items_purchased":["Omamori","BargainBundle","Self Repair","Hologram","SkillPotion","FocusPotion","White Noise"],"campfire_rested":0,"item_purchase_floors":[11,28,28,28,28,28,31],"current_hp_per_floor":[75,74,67,67,67,62,62,62,62,62,75,69,63,75,75,65,75,75,75,75,59,59,59,58,58,58,58,73,73,73,75,75,73,75,75,75,74,75,75,75,75,75,75,75,75,75,75,75,75,66],"gold":25,"neow_bonus":"BOSS_RELIC","is_daily":false,"chose_seed":false,"campfire_upgraded":10,"win_rate":0.0,"timestamp":1613627586,"path_taken":["M","?","?","$","?","E","R","E","T","M","?","E","M","$","R","BOSS","M","?","?","?","?","R","E","R","T","R","$","?","R","$","R","BOSS","M","$","M","M","M","R","M","R","T","E","M","R","?","E","R","BOSS"],"items_purchased_type":["Relic","Relic","Card","Card","Potion","Potion","Card"],"build_version":"2020-12-18","purchased_purges":3,"victory":true,"max_hp_per_floor":[75,75,75,75,75,75,75,75,75,75,75,75,75,75,75,75,75,75,75,75,75,75,75,75,75,75,75,75,75,75,75,75,75,75,75,75,75,75,75,75,75,75,75,75,75,75,75,75,75,75],"relic_stats":{"Regal Pillow":0,"Torii":16,"counters":[20,127],"MealTicket":42,"Juzu Bracelet":0,"obtain_stats":[{"ReplayFunnel":12,"Potion Belt":29,"Regal Pillow":24,"BargainBundle":28,"Torii":20,"Nilry\u0027s Codex":21,"Velvet Choker":34,"Vajra":43,"Ring of Chaos":17,"Omamori":11,"Juzu Bracelet":48,"White Beast Statue":44,"Replay:Rubber Ducky":9,"MealTicket":8,"Coffee Dripper":0,"ReplayTheSpireMod:TigerMarble":3,"Red Mask":47,"Replay:Antivirus Software":6,"Cracked Core":0,"Symbiotic Virus":26,"Pocketwatch":49},{"ReplayFunnel":6,"Potion Belt":10,"Regal Pillow":10,"BargainBundle":10,"Torii":9,"Nilry\u0027s Codex":9,"Velvet Choker":11,"Vajra":16,"Ring of Chaos":8,"Omamori":5,"Juzu Bracelet":19,"White Beast Statue":17,"Replay:Rubber Ducky":4,"MealTicket":4,"Coffee Dripper":0,"ReplayTheSpireMod:TigerMarble":2,"Red Mask":18,"Replay:Antivirus Software":3,"Cracked Core":0,"Symbiotic Virus":10,"Pocketwatch":19},{"ReplayFunnel":28,"Potion Belt":50,"Regal Pillow":50,"BargainBundle":50,"Torii":44,"Nilry\u0027s Codex":44,"Velvet Choker":59,"Vajra":94,"Ring of Chaos":40,"Omamori":21,"Juzu Bracelet":117,"White Beast Statue":103,"Replay:Rubber Ducky":20,"MealTicket":20,"Coffee Dripper":0,"ReplayTheSpireMod:TigerMarble":7,"Red Mask":108,"Replay:Antivirus Software":13,"Cracked Core":0,"Symbiotic Virus":50,"Pocketwatch":117}],"Pocketwatch":[3]},"card_choices":[{"not_picked":["Leap","Barrage"],"picked":"Cold Snap","floor":1},{"not_picked":["Barrage","Steam"],"picked":"Hologram","floor":2},{"not_picked":["Reinforced Body","Stack"],"picked":"Gash","floor":6},{"not_picked":["Beam Cell","Seek","ReplayTheSpireMod:Repulse"],"picked":"SKIP","floor":8},{"not_picked":["Hologram","Go for the Eyes"],"picked":"Conserve Battery","floor":10},{"not_picked":["Turbo","Darkness","Redo"],"picked":"SKIP","floor":12},{"not_picked":["Static Discharge","Fusion"],"picked":"Gash","floor":13},{"not_picked":["Force Field","Crystallizer"],"picked":"Cold Snap","floor":18},{"not_picked":["Sweeping Beam","Barrage","Undo"],"picked":"SKIP","floor":24},{"not_picked":["Go for the Eyes","Cold Snap"],"picked":"Sweeping Beam","floor":29},{"not_picked":["Buffer","Rainbow"],"picked":"Echo Form","floor":33},{"not_picked":["Go for the Eyes+1","Panic Button"],"picked":"Capacitor+1","floor":35},{"not_picked":["Coolheaded","Cold Snap","Conserve Battery"],"picked":"SKIP","floor":37},{"not_picked":["Coolheaded","Cold Snap","Conserve Battery"],"picked":"SKIP","floor":37},{"not_picked":["Beam Cell+1","Ball Lightning","Hello World"],"picked":"SKIP","floor":38},{"not_picked":["Gash","BootSequence","BasicCrystalCard"],"picked":"SKIP","floor":39},{"not_picked":["Barrage","Crystallizer","Self Repair+1"],"picked":"SKIP","floor":41},{"not_picked":["Reinforced Body","Rebound+1"],"picked":"Tempest+1","floor":44},{"not_picked":["BootSequence+1","Barrage"],"picked":"Coolheaded+1","floor":45},{"not_picked":["Barrage+1","Lockon+1","Reprogram+1"],"picked":"SKIP","floor":48},{"not_picked":["Barrage+1","Lockon+1","Reprogram+1"],"picked":"SKIP","floor":48}],"player_experience":761185,"relics_obtained":[{"floor":6,"key":"Replay:Antivirus Software"},{"floor":8,"key":"MealTicket"},{"floor":9,"key":"Replay:Rubber Ducky"},{"floor":12,"key":"ReplayFunnel"},{"floor":21,"key":"Nilry\u0027s Codex"},{"floor":24,"key":"Regal Pillow"},{"floor":26,"key":"Symbiotic Virus"},{"floor":29,"key":"Potion Belt"},{"floor":43,"key":"Vajra"},{"floor":44,"key":"White Beast Statue"},{"floor":48,"key":"Juzu Bracelet"},{"floor":49,"key":"Pocketwatch"}],"event_choices":[{"damage_healed":0,"gold_gain":0,"player_choice":"Success","damage_taken":7,"relics_obtained":["ReplayTheSpireMod:TigerMarble"],"max_hp_gain":0,"max_hp_loss":0,"event_name":"Scrap Ooze","floor":3,"gold_loss":0},{"damage_healed":0,"gold_gain":0,"player_choice":"Ignored","damage_taken":0,"max_hp_gain":0,"max_hp_loss":0,"event_name":"betterNote:BetterNote","floor":19,"gold_loss":0,"cards_obtained":["Die Die Die"]},{"damage_healed":0,"gold_gain":0,"player_choice":"Stole Relic","damage_taken":0,"relics_obtained":["Torii"],"max_hp_gain":0,"max_hp_loss":0,"event_name":"Addict","floor":20,"gold_loss":0,"cards_obtained":["Shame"]},{"damage_healed":0,"gold_gain":0,"player_choice":"Obtained Book","damage_taken":16,"max_hp_gain":0,"max_hp_loss":0,"event_name":"Cursed Tome","floor":21,"gold_loss":0},{"damage_healed":0,"gold_gain":99,"player_choice":"Stole From Cult","damage_taken":0,"max_hp_gain":0,"max_hp_loss":0,"event_name":"Nest","floor":22,"gold_loss":0},{"damage_healed":0,"gold_gain":0,"player_choice":"Paid","damage_taken":0,"relics_obtained":["Red Mask"],"max_hp_gain":0,"max_hp_loss":0,"event_name":"Tomb of Lord Red Mask","floor":47,"gold_loss":197}],"is_beta":true,"boss_relics":[{"not_picked":["SacredBark","Fusion Hammer"],"picked":"Ring of Chaos"},{"not_picked":["Replay:Drink Me","Calling Bell"],"picked":"Velvet Choker"}],"items_purged_floors":[4,28,36],"is_endless":false,"potions_floor_spawned":[2,6,10,18,35,38,44,45,48],"ascension_level":1}}