{"host":"ueur771it0nnharr","time":1613636291,"event":{"mods":["AchievementEnabler","BaseMod","Colored Map","Colored Powertips","Highlight Path","Hubris","Minty Spire (QoL Compilation)","StSLib"],"gold_per_floor":[114,114,64,11,11,11,30,41,64,64,64,75,75,105,105,105,105],"floor_reached":16,"language":"ENG","playtime":755,"items_purged":[],"score":113,"play_id":"984a745a-ad74-4c20-8a8e-03f00315a7b6","local_time":"20210218031811","is_ascension_mode":true,"campfire_choices":[{"data":"CrushJoints","floor":6.0,"key":"SMITH"},{"data":"Vigilance","floor":10.0,"key":"SMITH"},{"floor":13.0,"key":"REST"},{"data":"Eruption","floor":15,"key":"SMITH"}],"circlet_count":0,"master_deck":["Strike_P","Strike_P","Defend_P","Defend_P","Defend_P","Defend_P","Eruption+1","Vigilance+1","CutThroughFate","CrushJoints+1","Indignation","FollowUp","Prostrate"],"relics":["hubris:Stopwatch","Happy Flower","Blood Vial","Strawberry"],"acts_visited":["Exordium"],"potions_floor_usage":[],"damage_taken":[{"damage":0.0,"enemies":"Small Slimes","floor":1.0,"turns":3.0},{"damage":7.0,"enemies":"2 Louse","floor":7.0,"turns":3.0},{"damage":3.0,"enemies":"Jaw Worm","floor":8.0,"turns":2.0},{"damage":14.0,"enemies":"3 Louse","floor":12.0,"turns":2.0},{"damage":8.0,"enemies":"Gremlin Nob","floor":14.0,"turns":3.0},{"damage":74,"enemies":"The Guardian","floor":16,"turns":8}],"seed_played":"5395441605028379141","potions_obtained":[{"floor":1.0,"key":"AttackPotion"},{"floor":8.0,"key":"Ambrosia"}],"is_trial":false,"path_per_floor":["M","?","?","$","$","R","M","M","T","R","?","M","R","E","R","B"],"character_chosen":"WATCHER","items_purchased":["CrushJoints"],"campfire_rested":1,"item_purchase_floors":[4],"current_hp_per_floor":[72,65,65,65,65,65,58,55,55,55,55,43,64,65,65,0,0],"gold":105,"neow_bonus":"BOSS_RELIC","is_daily":false,"chose_seed":false,"campfire_upgraded":3,"win_rate":0.0,"timestamp":1613636291,"path_taken":["M","?","?","?","$","R","M","M","T","R","?","?","R","E","R","BOSS"],"items_purchased_type":["Card"],"build_version":"2020-12-22","purchased_purges":0,"victory":false,"max_hp_per_floor":[72,72,72,72,72,72,72,72,72,72,72,72,72,79,79,79,79],"card_choices":[{"not_picked":["Sanctity","Weave"],"picked":"CutThroughFate","floor":1.0},{"not_picked":["DeceiveReality","BowlingBash"],"picked":"Indignation","floor":7.0},{"not_picked":["EmptyFist","FlurryOfBlows","Crescendo"],"picked":"SKIP","floor":8.0},{"not_picked":["MentalFortress","PathToVictory"],"picked":"FollowUp","floor":12.0},{"not_picked":["Halt","ThirdEye"],"picked":"Prostrate","floor":14.0}],"player_experience":797373,"relics_obtained":[{"floor":9.0,"key":"Happy Flower"},{"floor":11.0,"key":"Blood Vial"},{"floor":14.0,"key":"Strawberry"}],"event_choices":[{"cards_removed":["Strike_P"],"damage_healed":0.0,"max_hp_gain":0.0,"max_hp_loss":0.0,"gold_gain":0.0,"event_name":"Golden Wing","player_choice":"Card Removal","floor":2.0,"gold_loss":0.0,"damage_taken":7.0},{"cards_removed":["Strike_P"],"damage_healed":0.0,"max_hp_gain":0.0,"max_hp_loss":0.0,"gold_gain":0.0,"event_name":"The Cleric","player_choice":"Card Removal","floor":3.0,"gold_loss":50.0,"damage_taken":0.0},{"damage_healed":0.0,"max_hp_gain":0.0,"max_hp_loss":0.0,"gold_gain":0.0,"event_name":"Wheel of Change","player_choice":"Relic","floor":11.0,"gold_loss":0.0,"damage_taken":0.0}],"is_beta":false,"boss_relics":[],"items_purged_floors":[],"is_endless":false,"potions_floor_spawned":[1,8],"killed_by":"The Guardian","ascension_level":3}}