{"host":"21o28mgl9u9ntir2","time":1613626719,"event":{"mods":["BaseMod","BetterRewards","Colored Powertips","Minty Spire (QoL Compilation)","Quick Restart","Remove Card Discount Mod","SOS（斯巴达之子）","Spicy Shops","StSLib","SuperFastMode","[IsaacMod]以撒尖塔","【遗物卡牌】REMEMod","残留之物"],"gold_per_floor":[117,43,63,63,63,63,63,63,63,82,31,42,62,72,72,167,167,185,205,218,228,228,228,240,270,270,270,288,305,11,42,42,147,147,160,460,507,518,536,571,571,604,604,604,621,631,314,324,324,324],"floor_reached":51,"language":"ZHS","playtime":1593,"items_purged":["PlaceholderMod:BaseStrike","Seek","PlaceholderMod:PoisonWhip","PlaceholderMod:BaseStrike","PlaceholderMod:BaseDefend","Regret"],"score":848,"play_id":"50598992-d789-4639-b1bb-0a5912900bab","local_time":"20210218133839","is_ascension_mode":false,"campfire_choices":[{"data":"PlaceholderMod:GrowthForm","floor":6.0,"key":"SMITH"},{"floor":8.0,"key":"REST"},{"data":"PlaceholderMod:SeverePoisonStrike","floor":15.0,"key":"SMITH"},{"floor":23.0,"key":"REST"},{"data":"PlaceholderMod:Crystallization","floor":27.0,"key":"SMITH"},{"floor":32.0,"key":"REST"},{"data":"PlaceholderMod:StressReaction","floor":41,"key":"SMITH"},{"floor":44,"key":"REST"},{"data":"PlaceholderMod:PericyclicReaction","floor":49,"key":"SMITH"}],"circlet_count":0,"master_deck":["PlaceholderMod:BaseStrike","PlaceholderMod:BaseDefend","PlaceholderMod:BaseDefend","PlaceholderMod:BaseDefend","PlaceholderMod:BaseDefend","PlaceholderMod:Crystal","PlaceholderMod:PericyclicReaction+1","PlaceholderMod:GrowthForm+1","PlaceholderMod:StressReaction+1","PlaceholderMod:TriggerStrike","PlaceholderMod:SeverePoisonStrike+1","PlaceholderMod:Crystallization+1","PlaceholderMod:HardStrike+1","PlaceholderMod:SeverePoisonStrike+1"],"relics":["PlaceholderMod:Tancle","HushsDoor","REME_ComplimentaryCards","BookofShadows","REME_CardOfGreed","Regal Pillow","MealTicket","Busted Crown","GuppysPaw","Red Mask","Meat on the Bone","Blood Vial","Bronze Scales","Pantograph","Cursed Key","GuppysHead","Orichalcum","Pen Nib","Ginger","SteamSale","CaptainsWheel"],"acts_visited":["Exordium","TheCity","TheBeyond"],"potions_floor_usage":[50,50,50],"damage_taken":[{"damage":2.0,"enemies":"2 Louse","floor":1.0,"turns":4.0},{"damage":0.0,"enemies":"Cultist","floor":3.0,"turns":3.0},{"damage":0.0,"enemies":"Small Slimes","floor":10.0,"turns":3.0},{"damage":0.0,"enemies":"3 Louse","floor":12.0,"turns":5.0},{"damage":0.0,"enemies":"Exordium Thugs","floor":13.0,"turns":4.0},{"damage":2.0,"enemies":"2 Fungi Beasts","floor":14.0,"turns":3.0},{"damage":0.0,"enemies":"The Guardian","floor":16.0,"turns":5.0},{"damage":7.0,"enemies":"2 Thieves","floor":18.0,"turns":4.0},{"damage":13.0,"enemies":"Shell Parasite","floor":19.0,"turns":4.0},{"damage":12.0,"enemies":"Centurion and Healer","floor":20.0,"turns":4.0},{"damage":14.0,"enemies":"Snake Plant","floor":21.0,"turns":4.0},{"damage":5.0,"enemies":"Shelled Parasite and Fungi","floor":24.0,"turns":4.0},{"damage":10.0,"enemies":"Masked Bandits","floor":25.0,"turns":5.0},{"damage":6.0,"enemies":"Chosen and Byrds","floor":28.0,"turns":4.0},{"damage":7.0,"enemies":"Snake Plant","floor":29.0,"turns":4.0},{"damage":26.0,"enemies":"Slavers","floor":31.0,"turns":5.0},{"damage":4.0,"enemies":"Automaton","floor":33.0,"turns":8.0},{"damage":0,"enemies":"Orb Walker","floor":35,"turns":3},{"damage":16,"enemies":"2 Orb Walkers","floor":37,"turns":4},{"damage":6,"enemies":"3 Shapes","floor":38,"turns":4},{"damage":0,"enemies":"Maw","floor":39,"turns":5},{"damage":0,"enemies":"Nemesis","floor":40,"turns":5},{"damage":23,"enemies":"Reptomancer","floor":42,"turns":6},{"damage":5,"enemies":"Spire Growth","floor":45,"turns":5},{"damage":9,"enemies":"4 Shapes","floor":46,"turns":5},{"damage":6,"enemies":"Jaw Worm Horde","floor":48,"turns":3},{"damage":10,"enemies":"Donu and Deca","floor":50,"turns":4}],"seed_played":"3654794117176114702","potions_obtained":[{"floor":1.0,"key":"DuplicationPotion"},{"floor":12.0,"key":"Energy Potion"},{"floor":16.0,"key":"Ancient Potion"},{"floor":19.0,"key":"BlessingOfTheForge"},{"floor":20.0,"key":"SteroidPotion"},{"floor":31.0,"key":"PlaceholderMod:PlaceholderPotion"},{"floor":42,"key":"Strength Potion"}],"is_trial":false,"path_per_floor":["M","$","M","?","$","R","?","R","T","M","$","M","M","M","R","B",null,"M","M","M","M","?","R","M","?","T","R","M","M","$","E","R","B",null,"M","?","?","M","M","E","R","E","T","R","M","M","$","M","R","B",null],"character_chosen":"THE_PLACEHOLDER","items_purchased":["REME_CardOfGreed","PlaceholderMod:SeverePoisonStrike","GuppysPaw","Blood Vial","Bronze Scales","SteamSale","CaptainsWheel"],"campfire_rested":4,"item_purchase_floors":[2,11,17,30,30,47,47],"current_hp_per_floor":[55,55,55,55,55,55,37,75,75,75,78,78,78,76,76,76,68,61,48,36,22,22,57,52,42,42,42,36,41,56,44,68,64,68,68,68,52,48,50,52,52,43,43,68,63,56,68,62,62,58],"gold":324,"neow_bonus":"TRANSFORM_TWO_CARDS","is_daily":false,"chose_seed":false,"campfire_upgraded":5,"win_rate":0.0,"timestamp":1613626719,"path_taken":["M","$","M","?","$","R","?","R","T","M","$","M","M","M","R","BOSS","M","M","M","M","?","R","M","?","T","R","?","M","$","E","R","BOSS","M","?","?","M","M","E","R","E","T","R","M","M","$","?","R","BOSS"],"items_purchased_type":["Relic","Card","Relic","Relic","Relic","Relic","Relic"],"build_version":"2020-12-22","purchased_purges":6,"victory":true,"max_hp_per_floor":[78,78,78,78,78,78,78,78,78,78,78,78,78,78,78,78,68,68,68,68,68,68,68,68,68,68,68,68,68,68,68,68,68,68,68,68,68,68,68,68,68,68,68,68,68,68,68,68,68,68],"card_choices":[{"not_picked":["PlaceholderMod:CycleAttack","PlaceholderMod:FastReaction"],"picked":"PlaceholderMod:StressReaction","floor":1.0},{"not_picked":["PlaceholderMod:SpinBlade","PlaceholderMod:Internalization"],"picked":"PlaceholderMod:TriggerStrike","floor":3.0},{"not_picked":["PlaceholderMod:UnpureUse","PlaceholderMod:NearChange","PlaceholderMod:StrongAcid"],"picked":"SKIP","floor":10.0},{"not_picked":["PlaceholderMod:Internalization","PlaceholderMod:NutritionAbsorb","PlaceholderMod:HardStrike"],"picked":"SKIP","floor":12.0},{"not_picked":["PlaceholderMod:HornyBlast","PlaceholderMod:CrystallizationStrike","PlaceholderMod:AngryAttack"],"picked":"SKIP","floor":13.0},{"not_picked":["PlaceholderMod:ConsolidateHit","PlaceholderMod:Corrosion","PlaceholderMod:BlastSpray"],"picked":"SKIP","floor":14.0},{"not_picked":["PlaceholderMod:SeverePoisonStrike"],"picked":"SKIP","floor":18.0},{"not_picked":["PlaceholderMod:ParasiteChange"],"picked":"SKIP","floor":19.0},{"not_picked":["PlaceholderMod:StrongAcid"],"picked":"SKIP","floor":20.0},{"not_picked":[],"picked":"PlaceholderMod:Crystallization","floor":21.0},{"not_picked":["PlaceholderMod:UnpureUse+1"],"picked":"SKIP","floor":24.0},{"not_picked":["PlaceholderMod:SprayAttack"],"picked":"SKIP","floor":28.0},{"not_picked":["PlaceholderMod:SeverePoisonStrike"],"picked":"SKIP","floor":29.0},{"not_picked":["PlaceholderMod:StrongAcid"],"picked":"SKIP","floor":31.0},{"not_picked":[],"picked":"PlaceholderMod:HardStrike+1","floor":35},{"not_picked":["PlaceholderMod:Internalization"],"picked":"SKIP","floor":38},{"not_picked":[],"picked":"PlaceholderMod:SeverePoisonStrike+1","floor":39},{"not_picked":["PlaceholderMod:StressReaction"],"picked":"SKIP","floor":40},{"not_picked":["PlaceholderMod:DoublePoint"],"picked":"SKIP","floor":42},{"not_picked":["PlaceholderMod:TriggerStrike+1"],"picked":"SKIP","floor":45},{"not_picked":["PlaceholderMod:TriggerStrike"],"picked":"SKIP","floor":46},{"not_picked":["PlaceholderMod:HornyBlast+1"],"picked":"SKIP","floor":48}],"player_experience":734904,"relics_obtained":[{"floor":9.0,"key":"MealTicket"},{"floor":25.0,"key":"Red Mask"},{"floor":26.0,"key":"Meat on the Bone"},{"floor":31.0,"key":"Pantograph"},{"floor":37,"key":"GuppysHead"},{"floor":40,"key":"Orichalcum"},{"floor":42,"key":"Pen Nib"},{"floor":43,"key":"Ginger"}],"event_choices":[{"damage_healed":0.0,"max_hp_gain":0.0,"max_hp_loss":0.0,"gold_gain":0.0,"event_name":"Scrap Ooze","player_choice":"Success","floor":7.0,"gold_loss":0.0,"damage_taken":18.0,"relics_obtained":["Regal Pillow"]},{"damage_healed":0.0,"max_hp_gain":0.0,"max_hp_loss":0.0,"gold_gain":0.0,"event_name":"Masked Bandits","player_choice":"Fought Bandits","floor":25.0,"gold_loss":0.0,"damage_taken":0.0},{"damage_healed":0,"gold_gain":300,"player_choice":"Gold","damage_taken":0,"max_hp_gain":0,"max_hp_loss":0,"event_name":"Wheel of Change","floor":36,"gold_loss":0},{"damage_healed":0,"gold_gain":0,"player_choice":"Fight","damage_taken":0,"max_hp_gain":0,"max_hp_loss":0,"event_name":"Mysterious Sphere","floor":37,"gold_loss":0}],"is_beta":false,"boss_relics":[{"not_picked":["Runic Dome","Pandora\u0027s Box"],"picked":"Busted Crown"},{"not_picked":[]},{"not_picked":["Velvet Choker","Runic Pyramid"],"picked":"Cursed Key"},{"not_picked":[]}],"items_purged_floors":[11,11,30,47,47,47],"is_endless":false,"potions_floor_spawned":[1,12,16,19,20,21,31,33,37,38,42,48],"ascension_level":0}}