{"host":"tf5skwcwe0vlu2md","time":1613652977,"event":{"mods":["BaseMod","Downfall","Highlight Path","Minty Spire (QoL Compilation)","Quick Restart","StSLib","The Hierophant"],"gold_per_floor":[11,29,46,121,135,169,169,181,181,181,181,181],"floor_reached":11,"playtime":339,"items_purged":[],"score":86,"play_id":"fe5b10c9-ecdc-494e-b54e-b7a0fb2953dc","local_time":"20210218235617","is_ascension_mode":true,"campfire_choices":[{"floor":7,"key":"REST"}],"circlet_count":0,"master_deck":["Strike_B","Strike_B","Strike_B","Strike_B","Defend_B","Defend_B","Defend_B","Defend_B","Zap","Dualcast","Ball Lightning","Electrodynamics","Rebound","Defragment","Sunder+1","Coolheaded"],"relics":["Cracked Core","Du-Vu Doll","Molten Egg 2","FossilizedHelix"],"acts_visited":["Exordium"],"potions_floor_usage":[8],"damage_taken":[{"damage":10,"enemies":"Small Slimes","floor":1,"turns":3},{"damage":1,"enemies":"Cultist","floor":2,"turns":3},{"damage":7,"enemies":"Jaw Worm","floor":3,"turns":2},{"damage":11,"enemies":"Blue Slaver","floor":5,"turns":3},{"damage":20,"enemies":"3 Sentries","floor":6,"turns":5},{"damage":24,"enemies":"Exordium Thugs","floor":8,"turns":4},{"damage":15,"enemies":"Gremlin Nob","floor":11,"turns":3}],"seed_played":"259997989169269523","potions_obtained":[{"floor":5,"key":"AttackPotion"}],"is_trial":false,"path_per_floor":["M","M","M","?","M","E","R","M","T","?","E"],"character_chosen":"DEFECT","items_purchased":[],"campfire_rested":1,"item_purchase_floors":[],"current_hp_per_floor":[65,64,57,46,35,15,37,13,13,13,0,0],"gold":181,"neow_bonus":"ONE_RARE_RELIC","is_daily":false,"chose_seed":false,"campfire_upgraded":0,"win_rate":0.0,"timestamp":1613652977,"path_taken":["M","M","M","?","M","E","R","M","T","?","E"],"items_purchased_type":[],"build_version":"2020-12-13","purchased_purges":0,"victory":false,"max_hp_per_floor":[75,75,75,75,75,75,75,75,75,75,75,75],"card_choices":[{"not_picked":["Go for the Eyes","BootSequence"],"picked":"Ball Lightning","floor":1},{"not_picked":["Cold Snap","Stack"],"picked":"Streamline","floor":2},{"not_picked":["Rip and Tear","Gash"],"picked":"Electrodynamics","floor":3},{"not_picked":["Gash","Stack"],"picked":"Rebound","floor":5},{"not_picked":["Conserve Battery","Compile Driver+1"],"picked":"Defragment","floor":6},{"not_picked":["Turbo","Heatsinks"],"picked":"Sunder+1","floor":8}],"player_experience":272529,"relics_obtained":[{"floor":6,"key":"Molten Egg 2"},{"floor":9,"key":"FossilizedHelix"}],"event_choices":[{"damage_healed":0,"gold_gain":75,"player_choice":"Gather Gold","damage_taken":11,"max_hp_gain":0,"max_hp_loss":0,"event_name":"World of Goop","floor":4,"gold_loss":0},{"damage_healed":0,"gold_gain":0,"cards_transformed":["Streamline"],"player_choice":"Transformed","damage_taken":0,"max_hp_gain":0,"max_hp_loss":0,"event_name":"Transmorgrifier","floor":10,"gold_loss":0,"cards_obtained":["Coolheaded"]}],"is_beta":false,"boss_relics":[],"items_purged_floors":[],"is_endless":false,"potions_floor_spawned":[5],"killed_by":"Gremlin Nob","ascension_level":3}}