{"host":"xsuxkwaivmtd234a","time":1613677131,"event":{"mods":["BaseMod","Bestiary","Colored Map","Filter the Spire","Minty Spire (QoL Compilation)","Relic Stats","StSLib"],"gold_per_floor":[159,159,183,196,209,209,227,263,289,330,355,355,355,376,376,495,495,509,509,509,608,608,608,631,631,682,682,696,720,720,741,741,862,862,885,885,885,956,972,972,1016,1016,1016,1032,1052,809,809,809],"floor_reached":47,"language":"ENG","playtime":1630,"items_purged":["Perfected Strike"],"score":584,"play_id":"26cd0598-28bd-43a7-9fe8-0aeb977db4ad","local_time":"20210218143851","is_ascension_mode":true,"campfire_choices":[{"floor":6,"key":"REST"},{"floor":12,"key":"REST"},{"data":"Demon Form","floor":15,"key":"SMITH"},{"floor":23,"key":"REST"},{"data":"Whirlwind","floor":25,"key":"SMITH"},{"data":"Immolate","floor":27,"key":"SMITH"},{"floor":30,"key":"REST"},{"floor":32,"key":"REST"},{"floor":40,"key":"REST"},{"floor":42,"key":"REST"}],"circlet_count":0,"master_deck":["Bash","Spot Weakness+1","Seeing Red","Clothesline","Carnage","Shrug It Off","Flex","Demon Form+1","Fiend Fire","Ghostly Armor","Reaper","Infernal Blade","Immolate+1","Carnage","Whirlwind+1","Sword Boomerang","Bloodletting+1","Sever Soul","Necronomicurse","Body Slam","Power Through","Blood for Blood","Warcry+1","Feed","Havoc+1","Flame Barrier+1","Dark Embrace","True Grit","Flame Barrier","Discovery"],"relics":["Tiny House","Golden Idol","Oddly Smooth Stone","Potion Belt","Pandora\u0027s Box","Toy Ornithopter","Necronomicon","Red Skull","Tiny Chest","Fusion Hammer","InkBottle","War Paint","Question Card"],"acts_visited":["Exordium","TheCity","TheBeyond"],"potions_floor_usage":[7,8,8,33,33,41,41,47,47],"damage_taken":[{"damage":1,"enemies":"Cultist","floor":1,"turns":3},{"damage":7,"enemies":"Small Slimes","floor":3,"turns":3},{"damage":0,"enemies":"2 Louse","floor":4,"turns":2},{"damage":20,"enemies":"Large Slime","floor":5,"turns":5},{"damage":8,"enemies":"Exordium Thugs","floor":7,"turns":5},{"damage":30,"enemies":"Lagavulin","floor":8,"turns":5},{"damage":9,"enemies":"3 Sentries","floor":10,"turns":7},{"damage":6,"enemies":"Blue Slaver","floor":11,"turns":3},{"damage":0,"enemies":"3 Louse","floor":14,"turns":3},{"damage":46,"enemies":"Hexaghost","floor":16,"turns":7},{"damage":12,"enemies":"Chosen","floor":18,"turns":5},{"damage":0,"enemies":"Spheric Guardian","floor":24,"turns":2},{"damage":24,"enemies":"Snake Plant","floor":28,"turns":2},{"damage":25,"enemies":"Chosen and Byrds","floor":29,"turns":5},{"damage":9,"enemies":"Centurion and Healer","floor":31,"turns":2},{"damage":63,"enemies":"Champ","floor":33,"turns":8},{"damage":11,"enemies":"Orb Walker","floor":35,"turns":2},{"damage":0,"enemies":"3 Darklings","floor":39,"turns":1},{"damage":21,"enemies":"Reptomancer","floor":41,"turns":3},{"damage":20,"enemies":"Spire Growth","floor":44,"turns":4},{"damage":29,"enemies":"Jaw Worm Horde","floor":45,"turns":2},{"damage":60,"enemies":"Sphere and 2 Shapes","floor":47,"turns":2}],"seed_played":"6615803625057654694","potions_obtained":[{"floor":0,"key":"FearPotion"},{"floor":4,"key":"SneckoOil"},{"floor":5,"key":"Strength Potion"},{"floor":8,"key":"SteroidPotion"},{"floor":11,"key":"DuplicationPotion"},{"floor":14,"key":"Fire Potion"},{"floor":24,"key":"SneckoOil"},{"floor":29,"key":"GamblersBrew"},{"floor":33,"key":"GamblersBrew"},{"floor":39,"key":"Swift Potion"},{"floor":41,"key":"GamblersBrew"},{"floor":44,"key":"BloodPotion"},{"floor":45,"key":"Dexterity Potion"}],"is_trial":false,"path_per_floor":["M","?","M","M","M","R","M","E","T","E","M","R","?","M","R","B",null,"M","T","?","?","?","R","M","R","T","R","M","M","R","M","R","B",null,"M","?","?","T","M","R","E","R","T","M","M","$","M"],"character_chosen":"IRONCLAD","items_purchased":["Flame Barrier","Discovery"],"campfire_rested":7,"item_purchase_floors":[46,46],"current_hp_per_floor":[84,63,56,56,36,61,53,23,23,14,8,33,85,85,85,39,74,62,62,46,46,46,71,71,71,71,71,47,41,66,57,82,27,71,60,60,60,60,60,85,67,85,85,73,44,44,0,0],"gold":809,"neow_bonus":"BOSS_RELIC","is_daily":false,"chose_seed":false,"campfire_upgraded":3,"win_rate":0.0,"timestamp":1613677131,"path_taken":["M","?","M","M","M","R","M","E","T","E","M","R","?","M","R","BOSS","M","?","?","?","?","R","M","R","T","R","M","M","R","?","R","BOSS","M","?","?","?","?","R","E","R","T","?","M","$","M"],"items_purchased_type":["Card","Card"],"build_version":"2020-12-22","purchased_purges":1,"victory":false,"max_hp_per_floor":[85,85,85,85,85,85,85,85,85,85,85,85,85,85,85,85,85,85,85,85,85,85,85,85,85,85,85,85,85,85,85,85,85,85,85,85,85,85,85,85,85,85,85,85,85,85,88,88],"relic_stats":{"counters":[22,81],"Golden Idol":131,"Pandora\u0027s Box":["Ghostly Armor","Reaper","Infernal Blade","Immolate","Carnage","Twin Strike","Whirlwind","Sword Boomerang","Bloodletting"],"Tiny Chest":1,"Necronomicon":[29],"War Paint":["Spot Weakness","Bloodletting"],"Question Card":2,"obtain_stats":[{"Potion Belt":10,"Tiny House":0,"Golden Idol":2,"Oddly Smooth Stone":8,"War Paint":41,"Question Card":43,"Burning Blood":0,"Pandora\u0027s Box":17,"Tiny Chest":26,"Fusion Hammer":34,"Necronomicon":20,"Toy Ornithopter":19,"Red Skull":22,"InkBottle":38},{"Potion Belt":7,"Tiny House":0,"Golden Idol":1,"Oddly Smooth Stone":6,"War Paint":19,"Question Card":19,"Burning Blood":0,"Pandora\u0027s Box":10,"Tiny Chest":12,"Fusion Hammer":16,"Necronomicon":11,"Toy Ornithopter":11,"Red Skull":11,"InkBottle":17},{"Potion Belt":30,"Tiny House":0,"Golden Idol":3,"Oddly Smooth Stone":23,"War Paint":73,"Question Card":73,"Burning Blood":0,"Pandora\u0027s Box":43,"Tiny Chest":50,"Fusion Hammer":67,"Necronomicon":48,"Toy Ornithopter":48,"Red Skull":48,"InkBottle":69}],"Toy Ornithopter":21,"InkBottle":[4]},"card_choices":[{"not_picked":["Iron Wave","Dual Wield"],"picked":"Perfected Strike","floor":0},{"not_picked":["Bloodletting","Dropkick"],"picked":"Spot Weakness","floor":1},{"not_picked":["Pommel Strike","Second Wind"],"picked":"Seeing Red","floor":3},{"not_picked":["Havoc","Armaments"],"picked":"Fire Breathing","floor":4},{"not_picked":["Wild Strike","Berserk"],"picked":"Clothesline","floor":5},{"not_picked":["Dual Wield","True Grit"],"picked":"Carnage","floor":7},{"not_picked":["Warcry","Perfected Strike"],"picked":"Shrug It Off","floor":8},{"not_picked":["Sword Boomerang","Intimidate"],"picked":"Flex","floor":10},{"not_picked":["Headbutt","Anger"],"picked":"Evolve","floor":11},{"not_picked":["Spot Weakness","Armaments"],"picked":"Demon Form","floor":14},{"not_picked":["Demon Form","Immolate"],"picked":"Fiend Fire","floor":16},{"not_picked":["Clash","Iron Wave"],"picked":"Sever Soul","floor":18},{"not_picked":["Perfected Strike+1","Twin Strike+1"],"picked":"Body Slam","floor":24},{"not_picked":["Iron Wave","Reckless Charge"],"picked":"Power Through","floor":28},{"not_picked":["Warcry+1","Havoc"],"picked":"Blood for Blood","floor":29},{"not_picked":["Twin Strike","Clash+1"],"picked":"Warcry+1","floor":31},{"not_picked":["Exhume","Berserk"],"picked":"Feed","floor":33},{"not_picked":["Iron Wave+1","Twin Strike"],"picked":"Havoc+1","floor":35},{"not_picked":["Warcry","Clash+1","Twin Strike"],"picked":"SKIP","floor":39},{"not_picked":["Infernal Blade+1","Spot Weakness+1"],"picked":"Flame Barrier+1","floor":41},{"not_picked":["Juggernaut","Spot Weakness","Twin Strike+1"],"picked":"Dark Embrace","floor":44},{"not_picked":["Combust+1","Twin Strike","Wild Strike+1"],"picked":"True Grit","floor":45}],"player_experience":1297672,"relics_obtained":[{"floor":8,"key":"Oddly Smooth Stone"},{"floor":10,"key":"Potion Belt"},{"floor":19,"key":"Toy Ornithopter"},{"floor":20,"key":"Necronomicon"},{"floor":26,"key":"Tiny Chest"},{"floor":38,"key":"InkBottle"},{"floor":41,"key":"War Paint"},{"floor":43,"key":"Question Card"}],"event_choices":[{"damage_healed":0,"gold_gain":0,"player_choice":"Take Damage","damage_taken":21,"relics_obtained":["Golden Idol"],"max_hp_gain":0,"max_hp_loss":0,"event_name":"Golden Idol","floor":2,"gold_loss":0},{"cards_removed":["Evolve"],"damage_healed":52,"gold_gain":0,"player_choice":"Offered Uncommon","damage_taken":0,"max_hp_gain":0,"max_hp_loss":0,"event_name":"Bonfire Elementals","floor":13,"gold_loss":0},{"damage_healed":0,"gold_gain":0,"player_choice":"Obtained Book","damage_taken":16,"max_hp_gain":0,"max_hp_loss":0,"event_name":"Cursed Tome","floor":20,"gold_loss":0},{"damage_healed":0,"gold_gain":99,"player_choice":"Stole From Cult","damage_taken":0,"max_hp_gain":0,"max_hp_loss":0,"event_name":"Nest","floor":21,"gold_loss":0},{"cards_removed":["Fire Breathing"],"damage_healed":0,"gold_gain":0,"player_choice":"Gave Card","damage_taken":0,"relics_obtained":["Red Skull"],"max_hp_gain":0,"max_hp_loss":0,"event_name":"WeMeetAgain","floor":22,"gold_loss":0},{"damage_healed":0,"gold_gain":0,"player_choice":"Ignored","damage_taken":0,"max_hp_gain":0,"max_hp_loss":0,"event_name":"Tomb of Lord Red Mask","floor":36,"gold_loss":0},{"cards_removed":["Twin Strike"],"damage_healed":0,"gold_gain":0,"player_choice":"Removed Attack","damage_taken":0,"max_hp_gain":0,"max_hp_loss":0,"event_name":"Falling","floor":37,"gold_loss":0}],"is_beta":false,"boss_relics":[{"not_picked":["Runic Pyramid","SacredBark"],"picked":"Pandora\u0027s Box"},{"not_picked":["SlaversCollar","Cursed Key"],"picked":"Fusion Hammer"}],"items_purged_floors":[46],"is_endless":false,"potions_floor_spawned":[4,5,8,11,14,24,29,33,39,41,44,45],"killed_by":"Sphere and 2 Shapes","ascension_level":5}}