{"host":"Jitters","time":1613662865,"event":{"mods":["BaseMod","Colored Powertips","Curses Come First","Downfall","Minty Spire (QoL Compilation)","Relic Stats","Reliquary","Shop Mod","Spicy Shops","StSLib"],"gold_per_floor":[99,111,125,125,144,158,181,191,224,224,15,15,45,59,71,172,172,72,85,96,110,210,223,248,260,260,210,44,44,44,73,73,73,73],"floor_reached":32,"language":"ENG","playtime":2522,"items_purged":["champ:Haymaker"],"score":274,"play_id":"7fd1e2f4-1e49-42f9-a42a-ac31e6992df2","local_time":"20210218104105","is_ascension_mode":false,"campfire_choices":[{"data":"champ:Taunt","floor":1,"key":"SMITH"},{"floor":10,"key":"REST"},{"floor":12,"key":"REST"},{"data":"champ:MurderStrike","floor":18,"key":"SMITH"},{"floor":30,"key":"REST"}],"circlet_count":0,"master_deck":["champ:Defend","champ:Defend","champ:Defend","champ:Defend","champ:Execute","champ:Taunt+1","champ:EnragedBash","champ:GutPunch","champ:GladiatorStyle","champ:BerserkersShout","champ:FanOfKnives","champ:BringItOn","champ:PreciseThrust","champ:Haymaker","champ:StanceDance","champ:FanOfKnives","champ:AdrenalArmor","champ:Backstep","champ:MurderStrike+1","champ:ShieldSlam","champ:EndlessRage","J.A.X.","champ:HeartStrike","champ:TornadoPunch","Slimebound:Tackle+1","Slimebound:Tackle+1","Slimebound:Tackle+1","champ:FocusedBerserking","champ:RecklessLeap"],"relics":["champ:ChampionCrown","Dream Catcher","Orichalcum","reliquary:PartyBalloon","reliquary:RosewoodLute","Busted Crown","downfall:HeartBlessingGreen","MutagenicStrength","reliquary:FerryPass","Nunchaku","champ:DefensiveTrainingManual","reliquary:ExpiredCoupon"],"acts_visited":["Exordium","TheCity"],"potions_floor_usage":[5,8,11,13,16,16,28],"damage_taken":[{"damage":11,"enemies":"Jaw Worm","floor":2,"turns":5},{"damage":17,"enemies":"Small Slimes","floor":3,"turns":4},{"damage":23,"enemies":"2 Louse","floor":5,"turns":2},{"damage":59,"enemies":"Large Slime","floor":6,"turns":6},{"damage":28,"enemies":"Lots of Slimes","floor":8,"turns":5},{"damage":39,"enemies":"Gremlin Nob","floor":9,"turns":4},{"damage":24,"enemies":"downfall:FleeingMerchant","floor":11,"turns":4},{"damage":42,"enemies":"3 Sentries","floor":13,"turns":6},{"damage":17,"enemies":"2 Fungi Beasts","floor":14,"turns":3},{"damage":16,"enemies":"Blue Slaver","floor":15,"turns":2},{"damage":77,"enemies":"DF_ARCHETYPE_STREAMLINE","floor":16,"turns":8},{"damage":35,"enemies":"Spheric Guardian","floor":19,"turns":5},{"damage":33,"enemies":"Snake Plant","floor":20,"turns":4},{"damage":47,"enemies":"Sentry and Sphere","floor":21,"turns":5},{"damage":56,"enemies":"downfall:Augmenter","floor":22,"turns":7},{"damage":15,"enemies":"Snecko","floor":23,"turns":6},{"damage":33,"enemies":"Shelled Parasite and Fungi","floor":25,"turns":5},{"damage":37,"enemies":"downfall:FleeingMerchant","floor":28,"turns":4},{"damage":63,"enemies":"Book of Stabbing","floor":31,"turns":5},{"damage":62,"enemies":"Cultist and Chosen","floor":32,"turns":6}],"seed_played":"3046695709744629892","potions_obtained":[{"floor":2,"key":"DistilledChaos"},{"floor":5,"key":"PowerPotion"},{"floor":6,"key":"AttackPotion"},{"floor":9,"key":"hexamod:SoulburnPotion"},{"floor":14,"key":"CultistPotion"},{"floor":15,"key":"sneckomod:MuddlingPotion"},{"floor":16,"key":"FearPotion"},{"floor":19,"key":"Ancient Potion"},{"floor":23,"key":"CultistPotion"}],"is_trial":false,"path_per_floor":["R","M","M","?","M","M","T","M","E","R","$","R","E","M","M","B",null,"R","M","M","M","?","M","T","M","?","?","$","?","R","E","M"],"character_chosen":"THE_CHAMP","items_purchased":["reliquary:PartyBalloon","champ:Haymaker","Nunchaku"],"campfire_rested":3,"item_purchase_floors":[11,11,28],"current_hp_per_floor":[90,89,87,87,84,60,60,52,33,60,56,83,66,59,53,29,90,90,90,87,70,49,39,39,26,26,59,47,47,74,36,0,0,0],"gold":73,"neow_bonus":"TRANSFORM_CARD","is_daily":false,"chose_seed":false,"campfire_upgraded":2,"win_rate":0.0,"timestamp":1613662865,"path_taken":["R","M","M","?","M","M","T","M","E","R","$","R","E","M","M","BOSS","R","M","M","M","?","M","T","M","?","?","$","?","R","E","M"],"items_purchased_type":["Relic","Card","Relic"],"build_version":"2020-11-17","purchased_purges":1,"victory":false,"max_hp_per_floor":[90,90,90,90,90,90,90,90,90,90,90,90,90,90,90,90,90,90,90,90,90,90,90,90,90,90,90,90,90,90,90,90,90,90],"relic_stats":{"Dream Catcher":3,"Nunchaku":[1],"Busted Crown":24,"counters":[20,96],"Orichalcum":[108],"obtain_stats":[{"reliquary:ExpiredCoupon":31,"Dream Catcher":7,"Nunchaku":28,"Busted Crown":17,"reliquary:PartyBalloon":11,"champ:DefensiveTrainingManual":29,"MutagenicStrength":22,"champ:ChampionCrown":0,"downfall:HeartBlessingGreen":18,"Orichalcum":9,"reliquary:RosewoodLute":13,"reliquary:FerryPass":24},{"reliquary:ExpiredCoupon":19,"Dream Catcher":4,"Nunchaku":18,"Busted Crown":11,"reliquary:PartyBalloon":7,"champ:DefensiveTrainingManual":18,"MutagenicStrength":15,"champ:ChampionCrown":0,"downfall:HeartBlessingGreen":11,"Orichalcum":6,"reliquary:RosewoodLute":8,"reliquary:FerryPass":16},{"reliquary:ExpiredCoupon":90,"Dream Catcher":17,"Nunchaku":85,"Busted Crown":49,"reliquary:PartyBalloon":30,"champ:DefensiveTrainingManual":85,"MutagenicStrength":70,"champ:ChampionCrown":0,"downfall:HeartBlessingGreen":49,"Orichalcum":26,"reliquary:RosewoodLute":36,"reliquary:FerryPass":76}]},"card_choices":[{"not_picked":["champ:Lariat","champ:CrownThrow"],"picked":"champ:GutPunch","floor":2},{"not_picked":["champ:RisingSlash","champ:TornadoPunch"],"picked":"champ:GladiatorStyle","floor":3},{"not_picked":["champ:FlashCut","champ:SkillfulDodge"],"picked":"champ:BerserkersShout","floor":5},{"not_picked":["champ:Parry","champ:GladiatorStyle"],"picked":"champ:FanOfKnives","floor":6},{"not_picked":["champ:Shatter","champ:Backstep"],"picked":"champ:BringItOn","floor":8},{"not_picked":["champ:GutPunch","champ:SkillfulDodge","champ:RapidStrikes"],"picked":"SKIP","floor":9},{"not_picked":["champ:BringItOn","champ:CrownThrow"],"picked":"champ:PreciseThrust","floor":10},{"not_picked":["champ:BladeFlurry","champ:FocusedDefense","champ:DancingMaster"],"picked":"SKIP","floor":11},{"not_picked":["champ:DefensiveShout","champ:GutPunch"],"picked":"champ:StanceDance","floor":12},{"not_picked":["champ:Endure","champ:PreciseThrust"],"picked":"champ:FanOfKnives","floor":13},{"not_picked":["champ:BerserkersShout","champ:PreciseThrust"],"picked":"champ:AdrenalArmor","floor":14},{"not_picked":["champ:DeathBlow","champ:Haymaker"],"picked":"champ:Backstep","floor":15},{"not_picked":["champ:HoldFirm","champ:HeavySlash"],"picked":"champ:MurderStrike","floor":16},{"not_picked":[],"picked":"champ:ShieldSlam","floor":19},{"not_picked":[],"picked":"champ:EndlessRage","floor":20},{"not_picked":[],"picked":"champ:Haymaker","floor":21},{"not_picked":[],"picked":"J.A.X.","floor":22},{"not_picked":["champ:Haymaker+1"],"picked":"SKIP","floor":23},{"not_picked":[],"picked":"champ:TornadoPunch","floor":25},{"not_picked":[],"picked":"champ:FocusedBerserking","floor":28},{"not_picked":[],"picked":"champ:RecklessLeap","floor":31}],"player_experience":221511,"relics_obtained":[{"floor":7,"key":"Dream Catcher"},{"floor":9,"key":"Orichalcum"},{"floor":13,"key":"reliquary:RosewoodLute"},{"floor":22,"key":"MutagenicStrength"},{"floor":24,"key":"reliquary:FerryPass"},{"floor":31,"key":"reliquary:ExpiredCoupon"}],"event_choices":[],"is_beta":true,"boss_relics":[{"not_picked":["Sozu","Astrolabe"],"picked":"Busted Crown"}],"items_purged_floors":[28],"is_endless":false,"potions_floor_spawned":[2,5,6,9,14,15,16,19,23],"killed_by":"Cultist and Chosen","ascension_level":0}}