{"host":"njb27ds59h4j3ikk","time":1613677389,"event":{"mods":["AchievementEnabler","BaseMod","Better Altar","Better Match","Better Note","Better Sensory Stone","Better Skull","Better Third Choice","BetterRewards","Downfall","Hermit","Hubris","Minty Spire (QoL Compilation)","Permanent Neow","Quarter Circle Forward PUNCH!","Quick Restart","Rare Cards Sparkle","Replay The Spire","Shop Mod","StSLib","Trackpad","Transform Curses"],"gold_per_floor":[109,128,143,143,157,193,57,57,108,119,394,429,233,233,233,338,338,351,351,351,351,351],"floor_reached":21,"language":"ENG","playtime":1040,"items_purged":[],"score":571,"play_id":"2516688c-db7c-495f-bb0d-b1f61e49c97f","local_time":"20210218144309","is_ascension_mode":true,"campfire_choices":[{"floor":8.0,"key":"REST"},{"data":"hermit:Maintenance","floor":15.0,"key":"SMITH"}],"circlet_count":0,"master_deck":["hermit:Strike_Hermit","hermit:Strike_Hermit","hermit:Strike_Hermit+1","hermit:Strike_Hermit","hermit:Defend_Hermit","hermit:Defend_Hermit","hermit:Defend_Hermit","hermit:Defend_Hermit","hermit:Snapshot","hermit:Covet","hermit:Determination","hermit:TrackingShot+1","hubris:Ssssneak+1","CrushJoints+1","hermit:Virtue","CarveReality","hermit:Glare","Stack","hermit:FlashPowder","hermit:FinalCanter","Conserve Battery+1","hermit:Scavenge","Rip and Tear+1","hermit:Magnum","hermit:Gambit","Specialist","hermit:Misfire","hermit:SprayPray","ReplayUltimateDefense","hermit:Cheat","hermit:Showdown","hermit:Snipe","Regret","hermit:Maintenance+1","hermit:Maintenance","hermit:Maintenance","Parasite","hermit:DeadOrAlive","Injury","Clumsy","Decay","Bandage Up","hermit:Coalescence","hermit:FromBeyond+1"],"relics":["hermit:Momento","hubris:TenFootPole","trackpad:SneckoScepter","qcfpunch:School_Backpack","champ:Barbells","Replay:PocketPolymizer","Unceasing Top","ClockworkSouvenir","Replay:Bottled Flurry","Mango","hubris:ToyBattleship","Vajra","trackpad:Compendium","MerchantsRug","Replay:Ancient Bell","Replay:Wax Seal","StrikeDummy","qcfpunch:Duffel_Bag","FaceOfCleric"],"acts_visited":["Exordium","TheCity"],"potions_floor_usage":[],"damage_taken":[{"damage":16.0,"enemies":"2 Louse","floor":1.0,"turns":2.0},{"damage":1.0,"enemies":"Cultist","floor":2.0,"turns":4.0},{"damage":0.0,"enemies":"Small Slimes","floor":3.0,"turns":2.0},{"damage":26.0,"enemies":"Exordium Thugs","floor":5.0,"turns":3.0},{"damage":14.0,"enemies":"Replay:BlueRogue","floor":6.0,"turns":4.0},{"damage":0.0,"enemies":"Exordium Wildlife","floor":10.0,"turns":4.0},{"damage":0.0,"enemies":"Lagavulin","floor":12.0,"turns":4.0},{"damage":5.0,"enemies":"Hexaghost","floor":16.0,"turns":8.0},{"damage":69.0,"enemies":"3 Byrds","floor":18.0,"turns":5.0},{"damage":22,"enemies":"Spheric Guardian","floor":21,"turns":3}],"seed_played":"-491652615054320133","potions_obtained":[{"floor":2.0,"key":"Elixir"},{"floor":3.0,"key":"SteroidPotion"},{"floor":6.0,"key":"Explosive Potion"}],"is_trial":false,"path_per_floor":["M","M","M","?","M","E","$","R","T","M","?","E","$","?","R","B",null,"M","?","?","M"],"character_chosen":"HERMIT","items_purchased":["hubris:TenFootPole","Fruit Juice","qcfpunch:School_Backpack","champ:Barbells","hermit:Determination","hermit:TrackingShot+1","ClockworkSouvenir","hubris:Ssssneak","BargainBundle","Mango","hubris:ToyBattleship","hermit:Gambit","hermit:Combo","Specialist","hermit:Misfire","hermit:SprayPray","ReplayUltimateDefense","hermit:Cheat","PowerPotion","MerchantsRug","hermit:Maintenance"],"campfire_rested":1,"item_purchase_floors":[0,0,0,0,0,0,0,0,7,7,7,7,7,7,7,7,7,7,7,13,13],"current_hp_per_floor":[52,51,51,51,25,16,30,58,58,58,58,58,58,81,81,76,90,21,21,21,0,0],"gold":351,"neow_bonus":"","is_daily":false,"chose_seed":false,"campfire_upgraded":1,"win_rate":0.0,"timestamp":1613677389,"path_taken":["M","M","M","?","?","E","$","R","T","M","?","E","?","?","R","BOSS","M","?","?","M"],"items_purchased_type":["Relic","Potion","Relic","Relic","Card","Card","Relic","Card","Relic","Relic","Relic","Card","Card","Card","Card","Card","Card","Card","Potion","Relic","Card"],"build_version":"2020-12-22","purchased_purges":0,"victory":false,"max_hp_per_floor":[75,75,75,75,75,80,94,94,94,94,94,94,94,94,94,94,94,94,94,94,94,94],"card_choices":[{"not_picked":["Replay:BluntJabs","Protect"],"picked":"CrushJoints+1","floor":1.0},{"not_picked":["hermit:Desperado","hermit:Roulette"],"picked":"hermit:Virtue","floor":1.0},{"not_picked":["Crescendo","WheelKick"],"picked":"CarveReality","floor":2.0},{"not_picked":["hermit:HoleUp","hermit:LowProfile"],"picked":"hermit:Glare","floor":2.0},{"not_picked":["Streamline","Go for the Eyes"],"picked":"Stack","floor":3.0},{"not_picked":["hermit:Midnight","hermit:ShadowCloak"],"picked":"hermit:FlashPowder","floor":3.0},{"not_picked":["Hologram","Coolheaded"],"picked":"Conserve Battery+1","floor":5.0},{"not_picked":["hermit:Snipe","hermit:Roulette"],"picked":"hermit:Scavenge","floor":5.0},{"not_picked":["Tempest","hubris:Ukulele"],"picked":"Rip and Tear+1","floor":6.0},{"not_picked":["hermit:Determination","hermit:Glare"],"picked":"hermit:Magnum","floor":6.0},{"not_picked":["hermit:Headshot","hermit:Quickdraw"],"picked":"hermit:Snipe","floor":10.0},{"not_picked":["hermit:HighCaliber","hermit:GoldenBullet"],"picked":"hermit:Maintenance","floor":12.0},{"not_picked":["hermit:FinalCanter","hermit:Magnum"],"picked":"hermit:DeadOrAlive","floor":16.0},{"not_picked":["Shame","Delirium"],"picked":"Injury","floor":17.0},{"not_picked":["downfall:Aged","Normality"],"picked":"Clumsy","floor":17.0},{"not_picked":["hubris:Gluttony","Normality"],"picked":"Decay","floor":17.0},{"not_picked":[],"picked":"Bandage Up","floor":18.0},{"not_picked":["hermit:Showdown","hermit:LowProfile+1"],"picked":"hermit:Coalescence","floor":18.0}],"player_experience":1374219,"relics_obtained":[{"floor":6.0,"key":"Replay:Bottled Flurry"},{"floor":9.0,"key":"Vajra"},{"floor":12.0,"key":"trackpad:Compendium"}],"event_choices":[{"damage_healed":0.0,"max_hp_gain":0.0,"max_hp_loss":0.0,"gold_gain":0.0,"cards_transformed":["hermit:Determination"],"event_name":"Transmorgrifier","player_choice":"Transformed","floor":4.0,"gold_loss":0.0,"damage_taken":0.0,"cards_obtained":["hermit:FinalCanter"]},{"damage_healed":0.0,"max_hp_gain":0.0,"max_hp_loss":0.0,"gold_gain":275.0,"event_name":"Golden Shrine","player_choice":"Desecrate","floor":11.0,"gold_loss":0.0,"damage_taken":0.0,"cards_obtained":["Regret"]},{"damage_healed":23.0,"max_hp_gain":0.0,"max_hp_loss":0.0,"gold_gain":0.0,"event_name":"Mushrooms","player_choice":"Healed and dodged fight","floor":14.0,"gold_loss":0.0,"damage_taken":0.0,"cards_obtained":["Parasite"]},{"damage_healed":0.0,"max_hp_gain":0.0,"max_hp_loss":0.0,"gold_gain":0.0,"event_name":"FaceTrader","player_choice":"Trade","floor":19.0,"gold_loss":0.0,"damage_taken":0.0,"relics_obtained":["FaceOfCleric"]},{"cards_removed":["hermit:Maintenance"],"damage_healed":0.0,"max_hp_gain":0.0,"max_hp_loss":0.0,"gold_gain":0.0,"event_name":"betterNote:BetterNote","player_choice":"Take \u0026 Give","floor":20.0,"gold_loss":0.0,"damage_taken":0.0,"cards_obtained":["hermit:FromBeyond"]}],"is_beta":false,"boss_relics":[{"not_picked":["Pandora\u0027s Box","SlaversCollar"],"picked":"Replay:Ancient Bell"},{"not_picked":["Bronze Scales","trackpad:WritersBlock"],"picked":"Replay:Wax Seal"},{"not_picked":["qcfpunch:White_Boots","ReplayTheSpireMod:Ninjato"],"picked":"StrikeDummy"},{"not_picked":["Pondfish Scales","Replay:Multitool"],"picked":"qcfpunch:Duffel_Bag"}],"items_purged_floors":[],"is_endless":false,"potions_floor_spawned":[2,3,6],"killed_by":"Spheric Guardian","ascension_level":7}}