{"host":"eawh33iyj6swubhn","time":1613639058,"event":{"mods":["Act Like it!","Arknights","BaseMod","Best Route Mod","Better Third Choice","Downfall","GifTheSpireLib","HololiveMod","Mari Mod (Legacy)","Mari\u0027s V1 Patch","Marisa????????","Minty Spire (QoL Compilation)","Permanent Neow","Reliquary","Remilia??????","Replay The Spire","StSLib","Stuff the Spire","The Alterego","The Animator","The Bladedancer","The Exalted","The Servant 0.9.4","egg"],"gold_per_floor":[109,73,83,83,131,156,156,156,183,197,211,211,241,260,260,361,361,379,6,24,24,43,43,43,71,157,179,191,203,215,237,249,359,371,403,415,427,455,487,499,242,255,255,34,51,51,68,88,88,88],"floor_reached":51,"language":"ENG","playtime":5798,"items_purged":["Doubt"],"score":504,"play_id":"198d2046-ab6e-40ab-98d3-40bae62b5dc1","local_time":"20210218060418","is_ascension_mode":false,"campfire_choices":[{"data":"Regret","floor":8,"key":"PURGE"},{"floor":12,"key":"REST"},{"data":"FlawlessForm","floor":15,"key":"SMITH"},{"floor":24,"key":"REST"},{"data":"MurderousAura","floor":29,"key":"SMITH"},{"floor":32,"key":"REST"},{"floor":40,"key":"REST"},{"floor":46,"key":"REST"},{"floor":49,"key":"REST"}],"circlet_count":0,"master_deck":["Strike_S","Strike_S","Strike_S","Strike_S","Defend_S","Defend_S","Defend_S","KidneyShot","Exchange","Rearm","BestPractice+1","SurpressingFire","Rearm","FanOfKnives","ShatteredReality","FlawlessForm+1","ReturningBlade","DoubleEdge","MurderousAura+1","Reset+1","PendulumOfEternity","Snipe","RealityMarble","Luminosity+1","TimeWarp+1","TheWorld","Rearm+1","Poisoned Strike","FastForward","GearUp","Parasite","FanOfKnives","SpecialFormula"],"relics":["Uniform","NeowsBlessing","Mirror","Peace Pipe","reliquary:HotPoker","Replay:Mystery Machine","Replay:Bottled Steam","SacredBark","Lantern","Membership Card","Ring of Hypnosis","reliquary:Spinner","MawBank","reliquary:TridentHead","Busted Crown","Bromod:ArcaneNullifier","reliquary:RoseTintedGlasses","HandDrill","reliquary:Sod","StuffTheSpire:PointBlank","OrangePellets"],"acts_visited":["TheCity","TheBeyond"],"potions_floor_usage":[16,16,16,33,33,47,50,50],"damage_taken":[{"damage":0,"enemies":"2 Louse","floor":1,"turns":1},{"damage":0,"enemies":"Small Slimes","floor":3,"turns":1},{"damage":0,"enemies":"Gremlin Nob","floor":6,"turns":1},{"damage":5,"enemies":"ats:Genji","floor":10,"turns":4},{"damage":8,"enemies":"Large Slime","floor":11,"turns":6},{"damage":15,"enemies":"Replay:BlueRogue","floor":13,"turns":6},{"damage":0,"enemies":"Blue Slaver","floor":14,"turns":5},{"damage":9,"enemies":"Fading Forest","floor":16,"turns":11},{"damage":16,"enemies":"3 Byrds","floor":18,"turns":5},{"damage":5,"enemies":"Chosen","floor":20,"turns":5},{"damage":12,"enemies":"Snake Plant","floor":22,"turns":5},{"damage":14,"enemies":"Replay:Snechameleon","floor":25,"turns":9},{"damage":5,"enemies":"Snecko","floor":27,"turns":6},{"damage":12,"enemies":"Centurion and Healer","floor":31,"turns":5},{"damage":38,"enemies":"Collector","floor":33,"turns":10},{"damage":17,"enemies":"3 Shapes","floor":35,"turns":4},{"damage":10,"enemies":"Orb Walker","floor":38,"turns":4},{"damage":37,"enemies":"Sphere and 2 Shapes","floor":39,"turns":5},{"damage":2,"enemies":"Writhing Mass","floor":42,"turns":5},{"damage":0,"enemies":"Maw","floor":45,"turns":7},{"damage":5,"enemies":"Sphere and 2 Shapes","floor":47,"turns":3},{"damage":0,"enemies":"3 Darklings","floor":48,"turns":5},{"damage":28,"enemies":"Replay:Hell Engine","floor":50,"turns":10}],"seed_played":"-8999363126513818817","potions_obtained":[{"floor":5,"key":"Explosive Potion"},{"floor":10,"key":"champ:CounterPotion"},{"floor":11,"key":"Energy Potion"},{"floor":13,"key":"BlessingOfTheForge"},{"floor":16,"key":"SteroidPotion"},{"floor":18,"key":"FairyPotion"},{"floor":20,"key":"FearPotion"},{"floor":35,"key":"PowerPotion"},{"floor":38,"key":"Explosive Potion"},{"floor":47,"key":"LifebloodPotion"}],"is_trial":false,"path_per_floor":["M","$","M","?","?","E","?","R","T","M","M","R","E","M","R","B",null,"M","$","M","?","M","?","R","E","T","M","?","R","?","M","R","B",null,"M","?","?","M","M","R","$","M","T","$","M","R","M","M","R","B",null],"character_chosen":"THE_SERVANT","items_purchased":["BestPractice","Lantern","Membership Card","PendulumOfEternity","Bromod:ArcaneNullifier","reliquary:RoseTintedGlasses","HandDrill","StuffTheSpire:PointBlank","OrangePellets","FanOfKnives"],"campfire_rested":6,"item_purchase_floors":[2,19,19,19,41,41,41,44,44,44],"current_hp_per_floor":[65,65,65,65,49,49,49,49,49,44,36,55,40,40,40,41,65,49,49,44,44,32,32,51,37,37,32,32,32,32,20,39,1,65,48,48,48,38,1,20,20,18,18,18,18,37,32,45,64,41],"gold":88,"neow_bonus":"THREE_ENEMY_KILL","is_daily":false,"chose_seed":false,"campfire_upgraded":2,"win_rate":0.0,"timestamp":1613639058,"path_taken":["M","$","M","?","?","E","?","R","T","M","M","R","E","M","R","BOSS","M","$","M","?","M","?","R","E","T","?","?","R","?","M","R","BOSS","M","?","?","M","M","R","?","M","T","$","?","R","M","M","R","BOSS"],"items_purchased_type":["Card","Relic","Relic","Card","Relic","Relic","Relic","Relic","Relic","Card"],"build_version":"2020-12-13","purchased_purges":1,"victory":true,"max_hp_per_floor":[65,65,65,65,65,65,65,65,65,65,65,65,65,65,65,65,65,65,65,65,65,65,65,65,65,65,65,65,65,65,65,65,65,65,65,65,65,65,65,65,65,65,65,65,65,65,65,65,65,65],"card_choices":[{"not_picked":["Alleviate","RealityMarble"],"picked":"Rearm","floor":1},{"not_picked":["DualDimension","Desolation"],"picked":"SurpressingFire","floor":3},{"not_picked":["Unruled","Misdirection"],"picked":"Rearm","floor":5},{"not_picked":["ReturningBlade","Replace"],"picked":"FanOfKnives","floor":6},{"not_picked":["DoubleEdge","Rewind"],"picked":"ShatteredReality","floor":10},{"not_picked":["Potential","GearUp"],"picked":"FlawlessForm","floor":11},{"not_picked":["ForgedInTime","InstantArmor"],"picked":"ReturningBlade","floor":13},{"not_picked":["ReturningBlade","Rewind"],"picked":"DoubleEdge","floor":14},{"not_picked":["Dilation","LightFlow"],"picked":"MurderousAura","floor":16},{"not_picked":["Spin","WasteNot"],"picked":"Reset+1","floor":18},{"not_picked":["DoubleEdge","Foresight"],"picked":"Snipe","floor":20},{"not_picked":["Misdirection","Potential"],"picked":"RealityMarble","floor":22},{"not_picked":["Reset","Rearm+1"],"picked":"Luminosity+1","floor":25},{"not_picked":["Rewind","Alleviate","Foresight"],"picked":"SKIP","floor":27},{"not_picked":["Replace+1","Snipe"],"picked":"TimeWarp+1","floor":31},{"not_picked":["Dilation","Deny"],"picked":"TheWorld","floor":33},{"not_picked":[],"picked":"Rearm+1","floor":35},{"not_picked":[],"picked":"Poisoned Strike","floor":37},{"not_picked":[],"picked":"FastForward","floor":38},{"not_picked":[],"picked":"GearUp","floor":39},{"not_picked":["Starlight"],"picked":"SKIP","floor":42},{"not_picked":["DoubleEdge"],"picked":"SKIP","floor":45},{"not_picked":[],"picked":"SpecialFormula","floor":47},{"not_picked":["Foresight+1"],"picked":"SKIP","floor":48}],"player_experience":41215,"relics_obtained":[{"floor":5,"key":"Mirror"},{"floor":6,"key":"Peace Pipe"},{"floor":9,"key":"Replay:Mystery Machine"},{"floor":13,"key":"Replay:Bottled Steam"},{"floor":21,"key":"Ring of Hypnosis"},{"floor":25,"key":"MawBank"},{"floor":26,"key":"reliquary:TridentHead"},{"floor":43,"key":"reliquary:Sod"}],"event_choices":[{"damage_healed":0,"gold_gain":0,"player_choice":"Grow","damage_taken":0,"max_hp_gain":0,"max_hp_loss":0,"event_name":"Living Wall","floor":4,"gold_loss":0,"cards_upgraded":["BestPractice"]},{"damage_healed":0,"gold_gain":0,"player_choice":"Box","damage_taken":0,"relics_obtained":["reliquary:HotPoker"],"max_hp_gain":0,"max_hp_loss":0,"event_name":"Big Fish","floor":7,"gold_loss":0,"cards_obtained":["Regret"]},{"damage_healed":0,"gold_gain":0,"player_choice":"Opened","damage_taken":0,"relics_obtained":["reliquary:Spinner"],"max_hp_gain":0,"max_hp_loss":0,"event_name":"The Mausoleum","floor":23,"gold_loss":0},{"damage_healed":0,"gold_gain":0,"player_choice":"Ignored","damage_taken":0,"max_hp_gain":0,"max_hp_loss":0,"event_name":"Ghosts","floor":30,"gold_loss":0},{"cards_removed":["Defend_S"],"damage_healed":0,"gold_gain":0,"player_choice":"Removed Skill","damage_taken":0,"max_hp_gain":0,"max_hp_loss":0,"event_name":"Falling","floor":36,"gold_loss":0},{"damage_healed":0,"gold_gain":0,"player_choice":"Memory 1","damage_taken":0,"max_hp_gain":0,"max_hp_loss":0,"event_name":"SensoryStone","floor":37,"gold_loss":0}],"is_beta":false,"boss_relics":[{"not_picked":["Replay:Grab Bag","Kintsugi"],"picked":"SacredBark"},{"not_picked":["Ring of Chaos","Snecko Eye"],"picked":"Busted Crown"}],"items_purged_floors":[41],"is_endless":false,"potions_floor_spawned":[10,11,13,16,18,20,27,31,35,38,47,48],"ascension_level":0}}