{"host":"3j2m8n0ywf988fwb","time":1613635390,"event":{"mods":["2.2 Compatiblity","AchievementEnabler","Act Like it!","BaseMod","Better Altar","Better Match","Better Note","Better Sensory Stone","Better Skull","Better Third Choice","Colored Map","Colored Powertips","Dark Map","Hallownest","HexUI Lib","Highlight Path","Marked Mod","Mimic Mod","Minty Spire (QoL Compilation)","Random Character Button","Relic Stats","Robot Space Explorer","Ruina","Shapeshifter Mod","Shop Mod","Somnambulant","StSLib","The Bug Knight","The Servant 0.9.4","Unceasing Turn Reminder","Weighted Paths","everything is the same but u backflip on backflip"],"gold_per_floor":[115,130,130,130,143,175,125,125,125,143,143,169,169,195,195,295,295,308,328,228,153,153,153,153],"floor_reached":23,"language":"ENG","playtime":1273,"items_purged":[],"score":228,"play_id":"4546b898-4b88-4090-971d-f93f6f19e0cb","local_time":"20210218020310","is_ascension_mode":true,"campfire_choices":[{"floor":8,"key":"REST"},{"floor":11,"key":"REST"},{"floor":13,"key":"REST"},{"floor":15,"key":"REST"}],"circlet_count":0,"master_deck":["somnambulantmod: SomnambulantStrike","somnambulantmod: SomnambulantStrike","somnambulantmod: SomnambulantStrike+1","somnambulantmod: SomnambulantStrike","somnambulantmod: Defend_Somnambulant","somnambulantmod: Defend_Somnambulant+1","somnambulantmod: Defend_Somnambulant+1","somnambulantmod: Defend_Somnambulant+1","somnambulantmod: Defend_Somnambulant+1","somnambulantmod: QuickNap","somnambulantmod: PrimingPunch","somnambulantmod: Bruise","somnambulantmod: SleepingBody+1","somnambulantmod: Sleepyhead+1","somnambulantmod: ShimmeringVeil","somnambulantmod: Narcolepsy","CurseOfTheBell","somnambulantmod: TrepanningBlow+1","somnambulantmod: Lucidity","somnambulantmod: AllForNothing+1"],"relics":["somnambulantmod: DreamJournal","NeowsBlessing","Unceasing Top","Kunai","TungstenRod","Shuriken","Calling Bell","Anchor","White Beast Statue","Peace Pipe"],"acts_visited":["Exordium","ruina:Briah"],"potions_floor_usage":[18,23,23],"damage_taken":[{"damage":0,"enemies":"Small Slimes","floor":1,"turns":1},{"damage":0,"enemies":"Cultist","floor":2,"turns":1},{"damage":0,"enemies":"2 Louse","floor":5,"turns":1},{"damage":44,"enemies":"Gremlin Nob","floor":6,"turns":6},{"damage":10,"enemies":"Large Slime","floor":10,"turns":5},{"damage":3,"enemies":"HollowMod:MossKnight","floor":12,"turns":11},{"damage":11,"enemies":"Lagavulin","floor":14,"turns":12},{"damage":20,"enemies":"Hexaghost","floor":16,"turns":15},{"damage":11,"enemies":"ruina:2_Scarecrows","floor":18,"turns":10},{"damage":3,"enemies":"ruina:Nosferatu","floor":19,"turns":9},{"damage":80,"enemies":"ruina:RoadHome","floor":23,"turns":9}],"seed_played":"-5403474921721657603","potions_obtained":[{"floor":1,"key":"Dexterity Potion"},{"floor":12,"key":"SkillPotion"},{"floor":16,"key":"ColorlessPotion"},{"floor":18,"key":"Energy Potion"}],"is_trial":false,"path_per_floor":["M","M","?","?","M","E","?","R","T","M","R","E","R","E","R","B",null,"M","M","?","?","?","E"],"character_chosen":"THE_SOMNAMBULANT","items_purchased":[],"campfire_rested":4,"item_purchase_floors":[],"current_hp_per_floor":[70,70,56,56,56,12,12,35,35,25,48,45,69,58,78,58,78,67,64,64,64,64,0,0],"gold":153,"neow_bonus":"THREE_ENEMY_KILL","is_daily":false,"chose_seed":false,"campfire_upgraded":0,"win_rate":0.0,"timestamp":1613635390,"path_taken":["M","M","?","?","?","E","?","R","T","M","R","E","R","E","R","BOSS","M","M","?","?","?","E"],"items_purchased_type":[],"build_version":"2020-12-22","purchased_purges":0,"victory":false,"max_hp_per_floor":[70,70,70,70,70,70,70,72,72,72,74,74,76,76,78,78,78,78,78,78,78,78,78,78],"relic_stats":{"Peace Pipe":0,"counters":[11,80],"Shuriken":[7],"Kunai":[17],"obtain_stats":[{"Calling Bell":17,"Peace Pipe":17,"Frozen Eye":18,"Anchor":17,"NeowsBlessing":0,"Shuriken":14,"somnambulantmod: DreamJournal":0,"Kunai":9,"Unceasing Top":6,"TungstenRod":12,"White Beast Statue":17},{"Calling Bell":8,"Peace Pipe":8,"Frozen Eye":8,"Anchor":8,"NeowsBlessing":0,"Shuriken":7,"somnambulantmod: DreamJournal":0,"Kunai":4,"Unceasing Top":4,"TungstenRod":6,"White Beast Statue":8},{"Calling Bell":52,"Peace Pipe":52,"Frozen Eye":52,"Anchor":52,"NeowsBlessing":0,"Shuriken":37,"somnambulantmod: DreamJournal":0,"Kunai":9,"Unceasing Top":9,"TungstenRod":25,"White Beast Statue":52}],"Unceasing Top":[1],"TungstenRod":15},"card_choices":[{"not_picked":["somnambulantmod: Repression","somnambulantmod: TimeCompression"],"picked":"somnambulantmod: Bruise","floor":1},{"not_picked":["somnambulantmod: Blink","somnambulantmod: TimeCompression"],"picked":"somnambulantmod: SleepingBody","floor":2},{"not_picked":["somnambulantmod: Blink","somnambulantmod: Bruise"],"picked":"somnambulantmod: Sleepyhead","floor":5},{"not_picked":["somnambulantmod: Repression","somnambulantmod: Sleepyhead"],"picked":"somnambulantmod: ShimmeringVeil","floor":6},{"not_picked":["somnambulantmod: Overshare","somnambulantmod: Unmake","somnambulantmod: Nosebleed"],"picked":"SKIP","floor":10},{"not_picked":["somnambulantmod: Bruise","somnambulantmod: Sleepyhead","somnambulantmod: BrainFeeder"],"picked":"SKIP","floor":12},{"not_picked":["somnambulantmod: Trauma","somnambulantmod: Harden","somnambulantmod: Stimulus"],"picked":"SKIP","floor":14},{"not_picked":["somnambulantmod: Amnausea","somnambulantmod: Unburden"],"picked":"somnambulantmod: Narcolepsy","floor":16},{"not_picked":["somnambulantmod: Pinch","somnambulantmod: RecurringDream"],"picked":"somnambulantmod: TrepanningBlow+1","floor":18},{"not_picked":["somnambulantmod: NightmareFuel","somnambulantmod: InLimbo","somnambulantmod: Stimulus"],"picked":"SKIP","floor":19},{"not_picked":["somnambulantmod: Amnausea","somnambulantmod: Damping"],"picked":"somnambulantmod: Lucidity","floor":20},{"not_picked":["somnambulantmod: Stimulus+1","somnambulantmod: NightmareFuel+1"],"picked":"somnambulantmod: AllForNothing+1","floor":21}],"player_experience":989040,"relics_obtained":[{"floor":6,"key":"Unceasing Top"},{"floor":9,"key":"Kunai"},{"floor":12,"key":"TungstenRod"},{"floor":14,"key":"Shuriken"},{"floor":17,"key":"Anchor"},{"floor":17,"key":"White Beast Statue"},{"floor":17,"key":"Peace Pipe"}],"event_choices":[{"damage_healed":70,"gold_gain":0,"player_choice":"Upgrade","damage_taken":14,"max_hp_gain":0,"max_hp_loss":70,"event_name":"betterThird:BetterShining","floor":3,"gold_loss":0,"cards_upgraded":["somnambulantmod: Defend_Somnambulant","somnambulantmod: Defend_Somnambulant"]},{"damage_healed":0,"gold_gain":0,"player_choice":"Forge","damage_taken":0,"max_hp_gain":0,"max_hp_loss":0,"event_name":"Accursed Blacksmith","floor":4,"gold_loss":0,"cards_upgraded":["somnambulantmod: SleepingBody"]},{"cards_removed":["somnambulantmod: SomnambulantStrike"],"damage_healed":0,"gold_gain":0,"player_choice":"Card Removal","damage_taken":0,"max_hp_gain":0,"max_hp_loss":0,"event_name":"The Cleric","floor":7,"gold_loss":50},{"damage_healed":0,"gold_gain":0,"player_choice":"2","damage_taken":0,"max_hp_gain":0,"max_hp_loss":0,"event_name":"betterMatch:BetterMatch","floor":21,"gold_loss":0,"cards_obtained":["betterMatch:UncommonCard"]}],"is_beta":false,"boss_relics":[{"not_picked":["Fusion Hammer","Astrolabe"],"picked":"Calling Bell"}],"items_purged_floors":[],"is_endless":false,"potions_floor_spawned":[1,12,16,18,19],"killed_by":"ruina:RoadHome","ascension_level":2}}