{"host":"m6rwrrl4vtok99e8","time":1613630156,"event":{"mods":["ATMod(??Mod)","Act Like it!","Aspiration","BaseMod","Colored Powertips","Downfall","Energized Spire","GungeonMod","Jedi Mod","Koishi","KomeijiMod","Lobotomy","Marisa????????","Minty Spire (QoL Compilation)","Quick Restart","Reliquary","Remilia??????","Replay The Spire","Spicy Shops","StSLib","TestMod","The Bug Knight","The Hierophant","The Servant 0.9.4","Waifu the Spire","WarShipGirlsR/????R mod"],"gold_per_floor":[110,110,125,225,225,258,290,290,290,169,183,183,183,206,206,310,310,328,328,328,328],"floor_reached":20,"language":"ZHS","playtime":814,"items_purged":["Shame"],"score":180,"play_id":"6cd1e927-cf30-4556-ad12-0e021369fb8b","local_time":"20210218143556","is_ascension_mode":false,"campfire_choices":[{"floor":8.0,"key":"REST"},{"data":"KillingDoll","floor":15.0,"key":"SMITH"}],"circlet_count":0,"master_deck":["Strike_S","Strike_S","Strike_S","Defend_S","Defend_S","Defend_S","Defend_S","KidneyShot","Exchange","Contraction","BestPractice","SilverBlades","SilverBlades","KillingDoll+1","Hightail+1"],"relics":["Uniform","AT_ATBox","testmod-TestBox","testmod-BlackFramedGlasses","testmod-Motorcycle","WingedGreaves","MealTicket","DemoMod:GnawedKey","jedi:arcanewood"],"acts_visited":["Exordium","TheCity"],"potions_floor_usage":[],"damage_taken":[{"damage":3.0,"enemies":"Small Slimes","floor":1.0,"turns":3.0},{"damage":0.0,"enemies":"Cultist","floor":3.0,"turns":5.0},{"damage":0.0,"enemies":"2 Louse","floor":5.0,"turns":1.0},{"damage":41.0,"enemies":"Gremlin Nob","floor":6.0,"turns":7.0},{"damage":16.0,"enemies":"Lagavulin","floor":7.0,"turns":10.0},{"damage":5.0,"enemies":"Looter","floor":11.0,"turns":3.0},{"damage":7.0,"enemies":"Hexaghost","floor":16.0,"turns":6.0},{"damage":57.0,"enemies":"2 Thieves","floor":18.0,"turns":4.0},{"damage":2,"enemies":"3 Cultists","floor":20,"turns":3}],"seed_played":"1387751351899175919","potions_obtained":[{"floor":1.0,"key":"Weak Potion"},{"floor":16.0,"key":"AttackPotion"}],"is_trial":false,"path_per_floor":["M","?","M","?","M","E","E","R","T","$","M","?","R","T","R","B",null,"M","?","M"],"character_chosen":"THE_SERVANT","items_purchased":["DemoMod:GnawedKey"],"campfire_rested":1,"item_purchase_floors":[10],"current_hp_per_floor":[58,58,59,59,59,23,17,34,34,49,47,47,47,47,47,46,59,5,5,6,6],"gold":328,"neow_bonus":"ONE_RARE_RELIC","is_daily":false,"chose_seed":false,"campfire_upgraded":1,"win_rate":0.0,"timestamp":1613630156,"path_taken":["M","?","?","?","M","E","E","R","T","$","?","?","R","?","R","BOSS","M","?","M"],"items_purchased_type":["Relic"],"build_version":"2020-12-22","purchased_purges":1,"victory":false,"max_hp_per_floor":[59,59,59,59,59,59,59,59,59,59,59,59,59,59,59,59,59,59,59,59,59],"card_choices":[{"not_picked":["Advance","Spin"],"picked":"Contraction","floor":1.0},{"not_picked":["Spin","Replace"],"picked":"BestPractice","floor":3.0},{"not_picked":["Revamp","Manipulate"],"picked":"SilverBlades","floor":6.0},{"not_picked":["Revamp","Alleviate"],"picked":"SilverBlades","floor":7.0},{"not_picked":["Rewind","Spin"],"picked":"KillingDoll","floor":11.0},{"not_picked":["SpecialFormula+1","Moondial"],"picked":"Hightail+1","floor":18.0}],"player_experience":34940,"relics_obtained":[{"floor":6.0,"key":"WingedGreaves"},{"floor":7.0,"key":"MealTicket"},{"floor":14.0,"key":"jedi:arcanewood"}],"event_choices":[{"cards_removed":["Strike_S"],"damage_healed":0.0,"max_hp_gain":0.0,"max_hp_loss":0.0,"gold_gain":0.0,"event_name":"Bonfire Elementals","player_choice":"Offered Basic","floor":2.0,"gold_loss":0.0,"damage_taken":0.0},{"damage_healed":0.0,"max_hp_gain":0.0,"max_hp_loss":0.0,"gold_gain":100.0,"event_name":"Golden Shrine","player_choice":"Pray","floor":4.0,"gold_loss":0.0,"damage_taken":0.0}],"is_beta":false,"boss_relics":[{"not_picked":["energizedSpire:EnergizedDie","energizedSpire:OgreHead","ReplayTheSpireMod:DimensionalGlitch"]}],"items_purged_floors":[10],"is_endless":false,"potions_floor_spawned":[1,5,16],"killed_by":"3 Cultists","ascension_level":0}}