{"host":"wxm9nhpxzwflah6x","time":1613620922,"event":{"mods":["2.2 Compatiblity","AchievementEnabler","Bartender","BaseMod","Bestiary","Better Third Choice","Curses Come First","Minty Spire (QoL Compilation)","Quick Restart","Rare Cards Sparkle","StSLib"],"gold_per_floor":[13,13,31,0,0,0,0,38,88,107,107,130,130,154,154,283,346,346,346],"floor_reached":18,"language":"ENG","playtime":876,"items_purged":[],"score":168,"play_id":"be851eea-f5b1-4f4e-83ca-5445da6f452a","local_time":"20210217200202","is_ascension_mode":true,"campfire_choices":[{"floor":7,"key":"REST"},{"floor":11,"key":"REST"},{"data":"Raptor_Form","floor":15,"key":"SMITH"}],"circlet_count":0,"master_deck":["Strike_Bartender","Strike_Bartender","Strike_Bartender","Strike_Bartender+1","Defend_Bartender","Defend_Bartender","Defend_Bartender","Defend_Bartender","Somersault","RockBreaker","Injury","Glare","Enlightenment+1","Echo Form+1","Step_Of_The_Wind","Raptor_Form+1","Ball_Of_Ice","Foot_Thrust+1","Top_Shelf","Greased_Lightning"],"relics":["Sneakers","Choco_Feather","Golden Idol","Oddly Smooth Stone","Boot","Bag of Marbles","Tiny House"],"acts_visited":["Exordium","TheCity"],"potions_floor_usage":[3,14,16,16],"damage_taken":[{"damage":1,"enemies":"Cultist","floor":1,"turns":3},{"damage":0,"enemies":"2 Louse","floor":3,"turns":1},{"damage":30,"enemies":"Gremlin Nob","floor":8,"turns":4},{"damage":0,"enemies":"Small Slimes","floor":10,"turns":2},{"damage":0,"enemies":"Looter","floor":12,"turns":2},{"damage":11,"enemies":"Large Slime","floor":14,"turns":7},{"damage":54,"enemies":"Hexaghost","floor":16,"turns":12},{"damage":0,"enemies":"Chosen","floor":18,"turns":1}],"seed_played":"5291390750658996056","potions_obtained":[{"floor":1,"key":"LiquidMemories"},{"floor":3,"key":"Dexterity Potion"},{"floor":10,"key":"Dexterity Potion"},{"floor":12,"key":"SpeedPotion"},{"floor":17,"key":"AttackPotion"}],"is_trial":false,"path_per_floor":["M","?","M","?","?","?","R","E","T","M","R","M","?","M","R","B",null,"M"],"character_chosen":"BARTENDER","items_purchased":[],"campfire_rested":2,"item_purchase_floors":[],"current_hp_per_floor":[69,69,69,75,60,37,59,29,29,29,51,51,76,65,65,11,81,81,81],"gold":346,"neow_bonus":"ONE_RARE_RELIC","is_daily":false,"chose_seed":false,"campfire_upgraded":1,"win_rate":0.0,"timestamp":1613620922,"path_taken":["M","?","M","?","?","?","R","E","T","M","R","M","?","M","R","BOSS","M"],"items_purchased_type":[],"build_version":"2020-12-22","purchased_purges":0,"victory":false,"max_hp_per_floor":[70,70,70,76,76,76,76,76,76,76,76,76,76,76,76,76,81,81,81],"card_choices":[{"not_picked":["Coeurl_Form","Meteodrive"],"picked":"RockBreaker","floor":1},{"not_picked":["Scoop","Fading_Blow"],"picked":"Glare","floor":3},{"not_picked":["Sucker_Punch","Cross"],"picked":"Step_Of_The_Wind","floor":8},{"not_picked":["Pony_Shot","Center_Self"],"picked":"Raptor_Form","floor":10},{"not_picked":["Hook","Press_Forward"],"picked":"Ball_Of_Ice","floor":12},{"not_picked":["Fading_Blow","Bloodbath_Bartender"],"picked":"Foot_Thrust","floor":14},{"not_picked":["Spirits_Within","Breathe_Deep"],"picked":"Top_Shelf","floor":16},{"not_picked":["Pony_Shot","ThreeSidedStar"],"picked":"Greased_Lightning","floor":17}],"player_experience":285571,"relics_obtained":[{"floor":8,"key":"Boot"},{"floor":9,"key":"Bag of Marbles"}],"event_choices":[{"damage_healed":0,"gold_gain":0,"player_choice":"Take Wound","damage_taken":0,"relics_obtained":["Golden Idol"],"max_hp_gain":0,"max_hp_loss":0,"event_name":"Golden Idol","floor":2,"gold_loss":0,"cards_obtained":["Injury"]},{"damage_healed":0,"gold_gain":0,"player_choice":"RENOUNCE","damage_taken":31,"max_hp_gain":0,"max_hp_loss":0,"event_name":"betterThird:BetterSerpent","floor":4,"gold_loss":31,"cards_obtained":["Enlightenment"]},{"damage_healed":75,"gold_gain":0,"player_choice":"Upgrade","damage_taken":15,"max_hp_gain":0,"max_hp_loss":76,"event_name":"betterThird:BetterShining","floor":5,"gold_loss":0,"cards_upgraded":["Strike_Bartender","Enlightenment"]},{"damage_healed":25,"gold_gain":0,"player_choice":"Banana","damage_taken":0,"max_hp_gain":0,"max_hp_loss":0,"event_name":"Big Fish","floor":13,"gold_loss":0}],"is_beta":false,"boss_relics":[{"not_picked":["Coffee Dripper","SacredBark"],"picked":"Tiny House"}],"items_purged_floors":[],"is_endless":false,"potions_floor_spawned":[1,3,10,12],"killed_by":"Chosen","ascension_level":1}}