{"host":"Kdaddybrian","time":1613627980,"event":{"mods":["AchievementEnabler","BaseMod","Bestiary","Colored Map","Colored Powertips","Minty Spire (QoL Compilation)","Potion Indicator Mod","Quick Restart","Rare Cards Sparkle","Relic Stats","StSLib","Uncapped","Weighted Paths"],"gold_per_floor":[109,184,200,216,391,391,426,439,439,439,22,22,22,56,56,158,158,173,173,123,31,50,50,68,68,68,80,93,107,9,9,9],"floor_reached":31,"language":"ENG","playtime":1543,"items_purged":["Doubt"],"score":380,"play_id":"57480675-6070-47aa-aa60-023accebd075","local_time":"20210218005940","is_ascension_mode":true,"campfire_choices":[{"data":"Eruption","floor":6.0,"key":"SMITH"},{"floor":13.0,"key":"REST"},{"data":"TalkToTheHand","floor":15.0,"key":"SMITH"},{"floor":23.0,"key":"REST"},{"floor":25.0,"key":"REST"}],"circlet_count":0,"master_deck":["AscendersBane","Strike_P","Strike_P","Strike_P","Strike_P","Defend_P","Defend_P","Defend_P","Defend_P","Eruption+1","Vigilance","FlyingSleeves","FollowUp","TalkToTheHand+1","CrushJoints","Tantrum","Adaptation","Halt","Blasphemy","EmptyMind","Adaptation","EmptyBody","EmptyBody","Consecrate+1","Wireheading+1","ClearTheMind+1"],"relics":["PureWater","Pen Nib","Torii","Kunai","Oddly Smooth Stone","Bottled Flame","VioletLotus","Nilry\u0027s Codex","TeardropLocket"],"acts_visited":["Exordium","TheCity"],"potions_floor_usage":[31],"damage_taken":[{"damage":7.0,"enemies":"Jaw Worm","floor":1.0,"turns":3.0},{"damage":2.0,"enemies":"2 Louse","floor":3.0,"turns":3.0},{"damage":10.0,"enemies":"Small Slimes","floor":4.0,"turns":4.0},{"damage":31.0,"enemies":"3 Sentries","floor":7.0,"turns":12.0},{"damage":0.0,"enemies":"3 Louse","floor":8.0,"turns":3.0},{"damage":10.0,"enemies":"Gremlin Nob","floor":14.0,"turns":4.0},{"damage":19.0,"enemies":"The Guardian","floor":16.0,"turns":11.0},{"damage":19.0,"enemies":"Chosen","floor":18.0,"turns":5.0},{"damage":0.0,"enemies":"Spheric Guardian","floor":22.0,"turns":2.0},{"damage":0.0,"enemies":"Centurion and Healer","floor":24.0,"turns":6.0},{"damage":9.0,"enemies":"Chosen and Byrds","floor":27.0,"turns":4.0},{"damage":38.0,"enemies":"Snecko","floor":28.0,"turns":5.0},{"damage":18.0,"enemies":"Snake Plant","floor":29.0,"turns":5.0},{"damage":18,"enemies":"Cultist and Chosen","floor":31,"turns":4}],"seed_played":"7997349232642542089","potions_obtained":[{"floor":3.0,"key":"LiquidMemories"},{"floor":16.0,"key":"BlessingOfTheForge"}],"is_trial":false,"path_per_floor":["M","?","M","M","?","R","E","M","T","?","$","?","R","E","R","B",null,"M","?","?","$","M","R","M","R","T","M","M","M","$","M"],"character_chosen":"WATCHER","items_purchased":["Adaptation","Oddly Smooth Stone","Regen Potion","PowerPotion","Adaptation","EmptyBody","Fruit Juice"],"campfire_rested":3,"item_purchase_floors":[11,11,11,11,21,21,30],"current_hp_per_floor":[58,47,45,35,35,35,4,4,4,28,28,28,49,39,39,35,63,44,28,28,28,28,49,49,70,70,61,23,5,5,0,0],"gold":9,"neow_bonus":"RANDOM_COMMON_RELIC","is_daily":false,"chose_seed":false,"campfire_upgraded":2,"win_rate":0.0,"timestamp":1613627980,"path_taken":["M","?","M","M","?","R","E","M","T","?","$","?","R","E","R","BOSS","M","?","?","$","M","R","M","R","T","M","?","M","?","M"],"items_purchased_type":["Card","Relic","Potion","Potion","Card","Card","Potion"],"build_version":"2020-12-18","purchased_purges":1,"victory":false,"max_hp_per_floor":[72,72,72,72,72,72,72,72,72,72,72,72,72,72,72,72,72,72,72,72,72,72,72,72,72,72,72,72,72,72,77,77],"relic_stats":{"Torii":7,"counters":[14,71],"Pen Nib":[14],"VioletLotus":[7],"Kunai":[18],"obtain_stats":[{"Bottled Flame":14,"Torii":7,"Nilry\u0027s Codex":19,"Oddly Smooth Stone":11,"Pen Nib":0,"VioletLotus":17,"Kunai":9,"TeardropLocket":26,"PureWater":0},{"Bottled Flame":6,"Torii":4,"Nilry\u0027s Codex":8,"Oddly Smooth Stone":5,"Pen Nib":0,"VioletLotus":7,"Kunai":5,"TeardropLocket":10,"PureWater":0},{"Bottled Flame":29,"Torii":22,"Nilry\u0027s Codex":45,"Oddly Smooth Stone":25,"Pen Nib":0,"VioletLotus":40,"Kunai":25,"TeardropLocket":53,"PureWater":0}]},"card_choices":[{"not_picked":["CutThroughFate","PathToVictory"],"picked":"FlyingSleeves","floor":1.0},{"not_picked":["EmptyBody","Halt"],"picked":"FollowUp","floor":3.0},{"not_picked":["Sanctity","JustLucky"],"picked":"TalkToTheHand","floor":4.0},{"not_picked":["Weave","Alpha"],"picked":"CrushJoints","floor":7.0},{"not_picked":["EmptyBody","FollowUp"],"picked":"Tantrum","floor":8.0},{"not_picked":["WheelKick","MentalFortress"],"picked":"Halt","floor":14.0},{"not_picked":["SpiritShield","Devotion"],"picked":"Blasphemy","floor":16.0},{"not_picked":["JustLucky","SashWhip"],"picked":"EmptyMind","floor":18.0},{"not_picked":["CutThroughFate+1","Crescendo"],"picked":"EmptyBody","floor":22.0},{"not_picked":["FlurryOfBlows","SignatureMove"],"picked":"Consecrate+1","floor":24.0},{"not_picked":["Pray","ConjureBlade"],"picked":"Wireheading+1","floor":27.0},{"not_picked":["Consecrate","FollowUp","ThirdEye"],"picked":"SKIP","floor":28.0},{"not_picked":["FlyingSleeves+1","Crescendo"],"picked":"ClearTheMind+1","floor":29.0}],"player_experience":3045947,"relics_obtained":[{"floor":7.0,"key":"Torii"},{"floor":9.0,"key":"Kunai"},{"floor":14.0,"key":"Bottled Flame"},{"floor":19.0,"key":"Nilry\u0027s Codex"},{"floor":26.0,"key":"TeardropLocket"}],"event_choices":[{"damage_healed":0.0,"max_hp_gain":0.0,"max_hp_loss":0.0,"gold_gain":75.0,"event_name":"World of Goop","player_choice":"Gather Gold","floor":2.0,"gold_loss":0.0,"damage_taken":11.0},{"damage_healed":0.0,"max_hp_gain":0.0,"max_hp_loss":0.0,"gold_gain":175.0,"event_name":"Liars Game","player_choice":"AGREE","floor":5.0,"gold_loss":0.0,"damage_taken":0.0,"cards_obtained":["Doubt"]},{"damage_healed":24.0,"max_hp_gain":0.0,"max_hp_loss":0.0,"gold_gain":0.0,"event_name":"Big Fish","player_choice":"Banana","floor":10.0,"gold_loss":0.0,"damage_taken":0.0},{"damage_healed":0.0,"max_hp_gain":0.0,"max_hp_loss":0.0,"gold_gain":0.0,"event_name":"Scrap Ooze","player_choice":"Fled","floor":12.0,"gold_loss":0.0,"damage_taken":0.0},{"damage_healed":0.0,"max_hp_gain":0.0,"max_hp_loss":0.0,"gold_gain":0.0,"event_name":"Cursed Tome","player_choice":"Obtained Book","floor":19.0,"gold_loss":0.0,"damage_taken":16.0},{"damage_healed":0.0,"max_hp_gain":0.0,"max_hp_loss":0.0,"gold_gain":0.0,"event_name":"The Joust","player_choice":"Bet on Owner","floor":20.0,"gold_loss":50.0,"damage_taken":0.0}],"is_beta":true,"boss_relics":[{"not_picked":["Black Star","Velvet Choker"],"picked":"VioletLotus"}],"items_purged_floors":[11],"is_endless":false,"potions_floor_spawned":[3,16,24,27],"killed_by":"Cultist and Chosen","ascension_level":11}}