{"host":"3hzk4hwwdropes3d","time":1613615746,"event":{"mods":["BaseMod","Colored Map","Downfall","Hermit","Minty Spire (QoL Compilation)","Permanent Neow","Relic Stats","StSLib"],"gold_per_floor":[212,287,287,462,462,462,492,508,508,84,84,111,126,126,126,224,224,240,240,255,3,18,18,18,18],"floor_reached":24,"language":"ENG","playtime":949,"items_purged":["Strike_P","Strike_P"],"score":278,"play_id":"12a8e992-72ac-40f5-bea9-a451dd5029ea","local_time":"20210217183546","is_ascension_mode":true,"campfire_choices":[{"data":"Eruption","floor":6,"key":"SMITH"},{"floor":11,"key":"REST"},{"data":"TalkToTheHand","floor":15,"key":"SMITH"},{"floor":23,"key":"REST"}],"circlet_count":0,"master_deck":["Strike_P+1","Strike_P","Defend_P","Defend_P+1","Defend_P","Eruption+1","Vigilance","CrushJoints","BowlingBash","EmptyFist","FlurryOfBlows","TalkToTheHand+1","EmptyFist","DevaForm","Ragnarok","Adaptation+1","JustLucky","ThirdEye+1","Halt+1"],"relics":["PureWater","Meat on the Bone","Dream Catcher","Strawberry","bronze:DonusWashers","Pear","Black Star","Toolbox"],"acts_visited":["Exordium","TheCity"],"potions_floor_usage":[16],"damage_taken":[{"damage":2,"enemies":"Jaw Worm","floor":1,"turns":3},{"damage":27,"enemies":"Lagavulin","floor":7,"turns":4},{"damage":0,"enemies":"Small Slimes","floor":8,"turns":2},{"damage":12,"enemies":"3 Sentries","floor":12,"turns":4},{"damage":0,"enemies":"Cultist","floor":13,"turns":2},{"damage":13,"enemies":"Hexaghost","floor":16,"turns":9},{"damage":0,"enemies":"Chosen","floor":18,"turns":4},{"damage":24,"enemies":"Spheric Guardian","floor":20,"turns":4},{"damage":44,"enemies":"Snecko","floor":22,"turns":5},{"damage":37,"enemies":"Gremlin Leader","floor":24,"turns":4}],"seed_played":"-2851360129341103091","potions_obtained":[{"floor":12,"key":"SkillPotion"},{"floor":13,"key":"Block Potion"},{"floor":18,"key":"BlessingOfTheForge"}],"is_trial":false,"path_per_floor":["M","?","?","?","?","R","E","M","T","$","R","E","M","?","R","B",null,"M","?","M","$","M","R","E"],"character_chosen":"WATCHER","items_purchased":["FlurryOfBlows","Strawberry","bronze:DonusWashers","Toolbox"],"campfire_rested":2,"item_purchase_floors":[10,10,10,21],"current_hp_per_floor":[70,59,45,45,45,45,18,30,30,37,60,58,58,58,58,45,78,78,78,54,54,22,48,11,11],"gold":18,"neow_bonus":"HUNDRED_GOLD","is_daily":false,"chose_seed":false,"campfire_upgraded":2,"win_rate":0.0,"timestamp":1613615746,"path_taken":["M","?","?","?","?","R","E","M","T","$","R","E","?","?","R","BOSS","M","?","M","$","?","R","E"],"items_purchased_type":["Card","Relic","Relic","Relic"],"build_version":"2020-12-22","purchased_purges":2,"victory":false,"max_hp_per_floor":[72,72,72,72,72,72,72,72,72,79,79,89,89,89,89,89,89,89,89,89,89,89,89,89,89],"relic_stats":{"Dream Catcher":2,"counters":[10,41],"Black Star":0,"obtain_stats":[{"Dream Catcher":9,"bronze:DonusWashers":10,"Pear":12,"Strawberry":10,"Toolbox":21,"Black Star":17,"PureWater":0,"Meat on the Bone":7},{"Dream Catcher":3,"bronze:DonusWashers":3,"Pear":4,"Strawberry":3,"Toolbox":8,"Black Star":6,"PureWater":0,"Meat on the Bone":2},{"Dream Catcher":9,"bronze:DonusWashers":9,"Pear":13,"Strawberry":9,"Toolbox":32,"Black Star":24,"PureWater":0,"Meat on the Bone":7}],"Meat on the Bone":24},"card_choices":[{"not_picked":["SashWhip","Prostrate"],"picked":"CrushJoints","floor":1},{"not_picked":["Halt","WaveOfTheHand"],"picked":"BowlingBash","floor":7},{"not_picked":["Pray","WindmillStrike"],"picked":"EmptyFist","floor":8},{"not_picked":["PathToVictory","Wireheading"],"picked":"TalkToTheHand","floor":11},{"not_picked":["SashWhip","Consecrate"],"picked":"EmptyFist","floor":12},{"not_picked":["Weave","CrushJoints"],"picked":"DevaForm","floor":13},{"not_picked":["Establishment","Brilliance"],"picked":"Ragnarok","floor":16},{"not_picked":["SashWhip+1","Prostrate"],"picked":"Adaptation+1","floor":18},{"not_picked":["JustLucky+1","Protect"],"picked":"ThirdEye+1","floor":20},{"not_picked":["EmptyMind","ThirdEye"],"picked":"Halt+1","floor":22}],"player_experience":430192,"relics_obtained":[{"floor":7,"key":"Meat on the Bone"},{"floor":9,"key":"Dream Catcher"},{"floor":12,"key":"Pear"}],"event_choices":[{"damage_healed":0,"gold_gain":75,"player_choice":"Gather Gold","damage_taken":11,"max_hp_gain":0,"max_hp_loss":0,"event_name":"World of Goop","floor":2,"gold_loss":0},{"damage_healed":0,"gold_gain":0,"player_choice":"Entered Light","damage_taken":14,"max_hp_gain":0,"max_hp_loss":0,"event_name":"Shining Light","floor":3,"gold_loss":0,"cards_upgraded":["Strike_P","Defend_P"]},{"damage_healed":0,"gold_gain":175,"player_choice":"AGREE","damage_taken":0,"max_hp_gain":0,"max_hp_loss":0,"event_name":"Liars Game","floor":4,"gold_loss":0,"cards_obtained":["Doubt"]},{"cards_removed":["Doubt"],"damage_healed":0,"gold_gain":0,"player_choice":"Purged","damage_taken":0,"max_hp_gain":0,"max_hp_loss":0,"event_name":"Purifier","floor":5,"gold_loss":0},{"damage_healed":0,"gold_gain":0,"player_choice":"Ignored","damage_taken":0,"max_hp_gain":0,"max_hp_loss":0,"event_name":"Golden Wing","floor":14,"gold_loss":0},{"damage_healed":0,"gold_gain":0,"cards_transformed":["Defend_P"],"player_choice":"Transformed","damage_taken":0,"max_hp_gain":0,"max_hp_loss":0,"event_name":"Transmorgrifier","floor":19,"gold_loss":0,"cards_obtained":["JustLucky"]}],"is_beta":false,"boss_relics":[{"not_picked":["Snecko Eye","Runic Dome"],"picked":"Black Star"}],"items_purged_floors":[10,21],"is_endless":false,"potions_floor_spawned":[12,13,18,20],"killed_by":"Gremlin Leader","ascension_level":5}}