{"host":"dw8ij7emqco3quom","time":1613674569,"event":{"mods":["BaseMod","Minty Spire (QoL Compilation)"],"gold_per_floor":[112,37,37,5,25,65,65,133,133,133,149,149,114,129,129,248,248,272,285,285,285,309,350,350,27,27,27,42,80,80,80,80,80,80],"floor_reached":33,"language":"FRA","playtime":1821,"items_purged":["Defend_R"],"score":379,"play_id":"90b5e301-078e-4eb9-8998-f2a2cee32c73","local_time":"20210218195609","is_ascension_mode":true,"campfire_choices":[{"floor":7.0,"key":"REST"},{"data":"Uppercut","floor":15.0,"key":"SMITH"},{"floor":24.0,"key":"REST"},{"data":"Sadistic Nature","floor":27.0,"key":"SMITH"},{"data":"Double Tap","floor":30.0,"key":"SMITH"},{"floor":32.0,"key":"REST"}],"circlet_count":0,"master_deck":["Strike_R","Strike_R","Strike_R","Defend_R","Defend_R","Defend_R","Bash","Shrug It Off","Headbutt","Injury","Cleave","Twin Strike","Shockwave","Uppercut+1","Disarm","Limit Break","Pommel Strike+1","Wild Strike+1","Disarm","Carnage","Shrug It Off","Dropkick","Sadistic Nature+1","Disarm+1","Double Tap+1"],"relics":["Burning Blood","Bloody Idol","Turnip","Incense Burner","Sozu","WingedGreaves","Lee\u0027s Waffle","Bag of Marbles","HornCleat"],"acts_visited":["Exordium","TheCity"],"potions_floor_usage":[],"damage_taken":[{"damage":12.0,"enemies":"Small Slimes","floor":1.0,"turns":3.0},{"damage":10.0,"enemies":"Jaw Worm","floor":5.0,"turns":4.0},{"damage":32.0,"enemies":"Gremlin Nob","floor":6.0,"turns":4.0},{"damage":16.0,"enemies":"Gremlin Nob","floor":8.0,"turns":3.0},{"damage":4.0,"enemies":"2 Louse","floor":11.0,"turns":2.0},{"damage":16.0,"enemies":"2 Fungi Beasts","floor":14.0,"turns":4.0},{"damage":44.0,"enemies":"Hexaghost","floor":16.0,"turns":13.0},{"damage":20.0,"enemies":"3 Byrds","floor":18.0,"turns":5.0},{"damage":23.0,"enemies":"Spheric Guardian","floor":19.0,"turns":4.0},{"damage":21.0,"enemies":"Shelled Parasite and Fungi","floor":22.0,"turns":6.0},{"damage":41.0,"enemies":"Slavers","floor":23.0,"turns":7.0},{"damage":5.0,"enemies":"Snake Plant","floor":28.0,"turns":3.0},{"damage":36.0,"enemies":"Gremlin Leader","floor":29.0,"turns":6.0},{"damage":85,"enemies":"Collector","floor":33,"turns":7}],"seed_played":"-2940649360594201929","potions_obtained":[{"floor":6.0,"key":"SteroidPotion"},{"floor":11.0,"key":"Block Potion"},{"floor":16.0,"key":"ElixirPotion"}],"is_trial":false,"path_per_floor":["M","$","?","?","M","E","R","?","T","?","M","?","?","M","R","B",null,"M","M","?","?","M","E","R","$","T","R","M","E","R","?","R","B"],"character_chosen":"IRONCLAD","items_purchased":["Sadistic Nature","Lee\u0027s Waffle"],"campfire_rested":3,"item_purchase_floors":[25,25],"current_hp_per_floor":[66,66,66,66,62,36,60,50,50,50,52,52,72,62,62,24,66,52,35,35,61,46,11,35,87,87,87,87,57,57,57,83,0,0],"gold":80,"neow_bonus":"THREE_CARDS","is_daily":false,"chose_seed":false,"campfire_upgraded":3,"win_rate":0.0,"timestamp":1613674569,"path_taken":["M","$","?","?","M","E","R","?","T","?","?","?","?","M","R","BOSS","M","M","?","?","M","E","R","$","T","R","M","E","R","?","R","BOSS"],"items_purchased_type":["Card","Relic"],"build_version":"2020-12-22","purchased_purges":1,"victory":false,"max_hp_per_floor":[80,80,80,80,80,80,80,80,80,80,80,80,80,80,80,80,80,80,80,80,80,80,80,80,87,87,87,87,87,87,87,87,87,87],"card_choices":[{"not_picked":["Wild Strike","Clothesline"],"picked":"Shrug It Off","floor":0.0},{"not_picked":["Entrench","Pommel Strike"],"picked":"Headbutt","floor":1.0},{"not_picked":["Clothesline","Sword Boomerang"],"picked":"Cleave","floor":5.0},{"not_picked":["Immolate","Havoc"],"picked":"Twin Strike","floor":6.0},{"not_picked":["Thunderclap","Warcry"],"picked":"Shockwave","floor":8.0},{"not_picked":["Entrench","Cleave"],"picked":"Uppercut","floor":11.0},{"not_picked":["Twin Strike","Warcry"],"picked":"Disarm","floor":14.0},{"not_picked":["Brutality","Demon Form"],"picked":"Limit Break","floor":16.0},{"not_picked":["Iron Wave","Rampage"],"picked":"Pommel Strike+1","floor":18.0},{"not_picked":["Cleave","Flex"],"picked":"Wild Strike+1","floor":19.0},{"not_picked":["Dark Embrace+1","Battle Trance"],"picked":"Shrug It Off","floor":22.0},{"not_picked":["Whirlwind","Body Slam"],"picked":"Dropkick","floor":23.0},{"not_picked":["Sever Soul","Sentinel"],"picked":"Disarm+1","floor":28.0},{"not_picked":["Sword Boomerang","Clothesline+1"],"picked":"Double Tap","floor":29.0}],"player_experience":740063,"relics_obtained":[{"floor":6.0,"key":"Turnip"},{"floor":8.0,"key":"Incense Burner"},{"floor":23.0,"key":"WingedGreaves"},{"floor":26.0,"key":"Bag of Marbles"},{"floor":29.0,"key":"HornCleat"}],"event_choices":[{"damage_healed":0.0,"max_hp_gain":0.0,"max_hp_loss":0.0,"gold_gain":0.0,"event_name":"Golden Idol","player_choice":"Take Wound","floor":3.0,"gold_loss":0.0,"damage_taken":0.0,"relics_obtained":["Golden Idol"],"cards_obtained":["Injury"]},{"damage_healed":0.0,"max_hp_gain":0.0,"max_hp_loss":0.0,"gold_gain":0.0,"event_name":"World of Goop","player_choice":"Left Gold","floor":4.0,"gold_loss":32.0,"damage_taken":0.0},{"damage_healed":0.0,"max_hp_gain":0.0,"max_hp_loss":0.0,"gold_gain":30.0,"event_name":"Dead Adventurer","player_choice":"Searched \u00272\u0027 times","floor":8.0,"gold_loss":0.0,"damage_taken":0.0},{"damage_healed":0.0,"max_hp_gain":0.0,"max_hp_loss":0.0,"gold_gain":0.0,"event_name":"Scrap Ooze","player_choice":"Fled","floor":10.0,"gold_loss":0.0,"damage_taken":0.0},{"damage_healed":0.0,"max_hp_gain":0.0,"max_hp_loss":0.0,"gold_gain":0.0,"event_name":"Shining Light","player_choice":"Ignored","floor":12.0,"gold_loss":0.0,"damage_taken":0.0},{"damage_healed":20.0,"max_hp_gain":0.0,"max_hp_loss":0.0,"gold_gain":0.0,"event_name":"The Cleric","player_choice":"Healed","floor":13.0,"gold_loss":35.0,"damage_taken":0.0},{"damage_healed":0.0,"max_hp_gain":0.0,"max_hp_loss":0.0,"gold_gain":0.0,"cards_transformed":["Strike_R","Strike_R"],"event_name":"Drug Dealer","player_choice":"Became Test Subject","floor":20.0,"gold_loss":0.0,"damage_taken":0.0,"cards_obtained":["Disarm","Carnage"]},{"damage_healed":26.0,"max_hp_gain":0.0,"max_hp_loss":0.0,"gold_gain":0.0,"event_name":"The Library","player_choice":"Heal","floor":21.0,"gold_loss":0.0,"damage_taken":0.0},{"damage_healed":0.0,"max_hp_gain":0.0,"max_hp_loss":0.0,"gold_gain":0.0,"event_name":"Forgotten Altar","player_choice":"Gave Idol","floor":31.0,"relics_lost":["Golden Idol"],"gold_loss":0.0,"damage_taken":0.0,"relics_obtained":["Bloody Idol"]}],"is_beta":false,"boss_relics":[{"not_picked":["Ectoplasm","Cursed Key"],"picked":"Sozu"}],"items_purged_floors":[2],"is_endless":false,"potions_floor_spawned":[6,11,16,19,23,28,29],"killed_by":"Collector","ascension_level":7}}