{"host":"phniwng9zo19jwdb","time":1613682745,"event":{"mods":["AchievementEnabler","BaseMod","Colored Powertips","Dark Map","Displayed Cursed Tome","Faster Ascension Climbing","Filter the Spire","GifTheSpireLib","Minty Spire (QoL Compilation)","Permanent Neow","Rare Cards Sparkle","Relic Filter Mod","StSLib","Weighted Paths"],"gold_per_floor":[114,175,175,194,213,213,242,259,313,339,121,132,161,161,161,234,234,249,266,284,23,43,78,78,113,191,216,230,265,265,297,297,371,371,390,406,419,694,714,714,745,745,772,308,308,342,356,372,372,372,372,372,372,6,37,37],"floor_reached":57,"language":"ENG","playtime":2944,"items_purged":["Regret"],"score":3424,"play_id":"ef5db1f7-9959-4b96-81d7-7d851b365428","local_time":"20210218221225","is_ascension_mode":true,"campfire_choices":[{"data":"Glass Knife","floor":6.0,"key":"SMITH"},{"data":"Burst","floor":15.0,"key":"SMITH"},{"data":"Envenom","floor":24.0,"key":"SMITH"},{"data":"Bullet Time","floor":32.0,"key":"SMITH"},{"data":"Tools of the Trade","floor":40.0,"key":"SMITH"},{"floor":42.0,"key":"RECALL"},{"data":"Tools of the Trade","floor":45,"key":"SMITH"},{"data":"Well Laid Plans","floor":49,"key":"SMITH"},{"data":"Well Laid Plans","floor":53,"key":"SMITH"}],"circlet_count":0,"master_deck":["AscendersBane","Survivor","Neutralize","Footwork+1","Corpse Explosion","Slice","Blade Dance","Grand Finale","Burst+1","Glass Knife+1","Slice","Adrenaline+1","Expertise","Backflip","Blur","Endless Agony","Cloak And Dagger","Die Die Die","Adrenaline+1","Backflip","Acrobatics","Envenom+1","Well Laid Plans+1","Bandage Up","Corpse Explosion","Backflip+1","Blade Dance","Dash","Bullet Time+1","Writhe","Tools of the Trade+1","Backflip","Backstab","Backflip","Footwork","Tools of the Trade+1","PiercingWail","PiercingWail","Well Laid Plans+1","Footwork"],"relics":["Pandora\u0027s Box","Pear","Happy Flower","Anchor","DollysMirror","Question Card","Coffee Dripper","Sling","Tough Bandages","Bronze Scales","Ninja Scroll","Sundial","Orichalcum","Kunai","Red Mask","SlaversCollar","InkBottle","Calipers","Centennial Puzzle","Mummified Hand","Vajra"],"acts_visited":["Exordium","TheCity","TheBeyond","TheEnding"],"potions_floor_usage":[55,56],"damage_taken":[{"damage":0.0,"enemies":"2 Louse","floor":1.0,"turns":1.0},{"damage":0.0,"enemies":"Cultist","floor":4.0,"turns":2.0},{"damage":0.0,"enemies":"Jaw Worm","floor":5.0,"turns":3.0},{"damage":8.0,"enemies":"Gremlin Nob","floor":7.0,"turns":3.0},{"damage":0.0,"enemies":"Gremlin Gang","floor":8.0,"turns":3.0},{"damage":0.0,"enemies":"3 Sentries","floor":10.0,"turns":1.0},{"damage":0.0,"enemies":"Looter","floor":12.0,"turns":1.0},{"damage":2.0,"enemies":"Gremlin Nob","floor":13.0,"turns":3.0},{"damage":0.0,"enemies":"Hexaghost","floor":16.0,"turns":8.0},{"damage":0.0,"enemies":"Spheric Guardian","floor":18.0,"turns":1.0},{"damage":0.0,"enemies":"2 Thieves","floor":19.0,"turns":2.0},{"damage":0.0,"enemies":"3 Cultists","floor":20.0,"turns":2.0},{"damage":3.0,"enemies":"Shelled Parasite and Fungi","floor":22.0,"turns":4.0},{"damage":0.0,"enemies":"Slavers","floor":23.0,"turns":2.0},{"damage":0.0,"enemies":"Book of Stabbing","floor":25.0,"turns":4.0},{"damage":16.0,"enemies":"Slavers","floor":27.0,"turns":2.0},{"damage":4.0,"enemies":"Centurion and Healer","floor":28.0,"turns":2.0},{"damage":0.0,"enemies":"Gremlin Leader","floor":29.0,"turns":4.0},{"damage":0.0,"enemies":"Masked Bandits","floor":31.0,"turns":3.0},{"damage":0.0,"enemies":"Collector","floor":33.0,"turns":6.0},{"damage":0.0,"enemies":"Orb Walker","floor":35.0,"turns":3.0},{"damage":0.0,"enemies":"3 Darklings","floor":36.0,"turns":3.0},{"damage":0.0,"enemies":"Jaw Worm Horde","floor":37.0,"turns":1.0},{"damage":10.0,"enemies":"Writhing Mass","floor":39.0,"turns":6.0},{"damage":1.0,"enemies":"Giant Head","floor":41.0,"turns":6.0},{"damage":0,"enemies":"Reptomancer","floor":46,"turns":5},{"damage":16,"enemies":"Spire Growth","floor":47,"turns":5},{"damage":0,"enemies":"Maw","floor":48,"turns":7},{"damage":1,"enemies":"Awakened One","floor":50,"turns":18},{"damage":13,"enemies":"Donu and Deca","floor":51,"turns":6},{"damage":9,"enemies":"Shield and Spear","floor":55,"turns":5},{"damage":32,"enemies":"The Heart","floor":56,"turns":9}],"seed_played":"-4137720389021660507","potions_obtained":[{"floor":4.0,"key":"ColorlessPotion"},{"floor":8.0,"key":"EssenceOfSteel"},{"floor":10.0,"key":"LiquidBronze"},{"floor":16.0,"key":"Regen Potion"},{"floor":19.0,"key":"Energy Potion"},{"floor":27.0,"key":"BlessingOfTheForge"},{"floor":29.0,"key":"Swift Potion"},{"floor":37.0,"key":"SmokeBomb"},{"floor":48,"key":"Poison Potion"},{"floor":55,"key":"CunningPotion"}],"is_trial":false,"path_per_floor":["M","?","?","M","M","R","E","M","T","E","$","M","E","?","R","B",null,"M","M","M","$","M","E","R","E","T","E","M","E","?","?","R","B",null,"M","M","M","?","M","R","E","R","T","$","R","E","M","M","R","B","B",null,"R","$","E","B",null],"character_chosen":"THE_SILENT","items_purchased":["DollysMirror","Backflip","Sling","Bandage Up","Calipers","PiercingWail","Mummified Hand","Footwork"],"campfire_rested":0,"item_purchase_floors":[11,11,21,21,44,44,54,54],"current_hp_per_floor":[59,59,59,59,59,59,61,61,61,61,61,61,59,59,59,59,72,72,72,72,72,73,76,76,76,76,68,72,76,76,76,76,76,76,76,76,76,76,70,70,73,73,73,73,73,76,68,72,72,75,63,73,73,73,72,44],"gold":37,"neow_bonus":"BOSS_RELIC","is_daily":false,"chose_seed":false,"campfire_upgraded":8,"win_rate":0.0,"timestamp":1613682745,"path_taken":["M","?","?","M","M","R","E","M","T","E","$","?","E","?","R","BOSS","M","?","M","$","M","E","R","E","T","E","M","E","?","?","R","BOSS","M","M","M","?","M","R","E","R","T","$","R","E","M","?","R","BOSS","BOSS","R","$","E","BOSS"],"items_purchased_type":["Relic","Card","Relic","Card","Relic","Card","Relic","Card"],"build_version":"2020-12-22","purchased_purges":1,"victory":true,"max_hp_per_floor":[66,66,66,66,66,66,76,76,76,76,76,76,76,76,76,76,76,76,76,76,76,76,76,76,76,76,76,76,76,76,76,76,76,76,76,76,76,76,76,76,76,76,76,76,76,76,76,76,76,76,76,76,76,76,76,76],"card_choices":[{"not_picked":["Flying Knee","Blade Dance"],"picked":"Backflip","floor":1.0},{"not_picked":["Well Laid Plans","Slice"],"picked":"Blur","floor":4.0},{"not_picked":["Acrobatics","Quick Slash"],"picked":"Endless Agony","floor":5.0},{"not_picked":["Prepared","Blur","Deadly Poison"],"picked":"SKIP","floor":7.0},{"not_picked":["Acrobatics","Choke"],"picked":"Cloak And Dagger","floor":8.0},{"not_picked":["Deflect","Outmaneuver"],"picked":"Die Die Die","floor":10.0},{"not_picked":["Deflect","Acrobatics","Expertise"],"picked":"SKIP","floor":12.0},{"not_picked":["Deadly Poison","Unload"],"picked":"Acrobatics","floor":13.0},{"not_picked":["Venomology","Doppelganger","Die Die Die"],"picked":"Envenom","floor":16.0},{"not_picked":["Dagger Spray","Crippling Poison","Outmaneuver","Bane"],"picked":"SKIP","floor":18.0},{"not_picked":["Quick Slash","Outmaneuver","Dagger Throw"],"picked":"Well Laid Plans","floor":19.0},{"not_picked":["Dash","Deadly Poison","Heel Hook","Deflect"],"picked":"SKIP","floor":20.0},{"not_picked":["Slice","Dodge and Roll","Dagger Throw"],"picked":"Corpse Explosion","floor":22.0},{"not_picked":["Bane","Cloak And Dagger","Prepared"],"picked":"Backflip+1","floor":23.0},{"not_picked":["Phantasmal Killer","Dagger Spray","Catalyst"],"picked":"Blade Dance","floor":25.0},{"not_picked":["Setup","Masterful Stab","Deadly Poison","Sucker Punch"],"picked":"SKIP","floor":27.0},{"not_picked":["Flying Knee","Crippling Poison","Well Laid Plans"],"picked":"Dash","floor":28.0},{"not_picked":["Poisoned Stab","Leg Sweep","Predator"],"picked":"Bullet Time","floor":29.0},{"not_picked":["Unload","Night Terror","Doppelganger"],"picked":"Tools of the Trade","floor":33.0},{"not_picked":["Prepared+1","Poisoned Stab+1","Flying Knee"],"picked":"Backflip","floor":35.0},{"not_picked":["Bane+1","Quick Slash","Slice"],"picked":"Backstab","floor":36.0},{"not_picked":["Slice","Prepared+1","Dash"],"picked":"Backflip","floor":37.0},{"not_picked":["Outmaneuver+1","Distraction+1","Crippling Poison"],"picked":"Footwork","floor":39.0},{"not_picked":["Flying Knee","Tactician","Masterful Stab"],"picked":"Tools of the Trade","floor":41.0},{"not_picked":["Prepared+1","Eviscerate","A Thousand Cuts"],"picked":"PiercingWail","floor":46},{"not_picked":["Riddle With Holes","Dodge and Roll","Outmaneuver+1","Poisoned Stab+1"],"picked":"SKIP","floor":47},{"not_picked":["Cloak And Dagger+1","Noxious Fumes","Dash"],"picked":"Well Laid Plans","floor":48},{"not_picked":["Doppelganger","Dodge and Roll","Eviscerate","Sucker Punch"],"picked":"SKIP","floor":55}],"player_experience":168060,"relics_obtained":[{"floor":7.0,"key":"Pear"},{"floor":9.0,"key":"Happy Flower"},{"floor":10.0,"key":"Anchor"},{"floor":13.0,"key":"Question Card"},{"floor":23.0,"key":"Tough Bandages"},{"floor":25.0,"key":"Bronze Scales"},{"floor":26.0,"key":"Ninja Scroll"},{"floor":27.0,"key":"Sundial"},{"floor":29.0,"key":"Orichalcum"},{"floor":31.0,"key":"Red Mask"},{"floor":41.0,"key":"InkBottle"},{"floor":46,"key":"Centennial Puzzle"},{"floor":55,"key":"Vajra"}],"event_choices":[{"damage_healed":0.0,"max_hp_gain":0.0,"max_hp_loss":0.0,"gold_gain":61.0,"event_name":"Golden Wing","player_choice":"Gained Gold","floor":2.0,"gold_loss":0.0,"damage_taken":0.0},{"damage_healed":0.0,"max_hp_gain":0.0,"max_hp_loss":0.0,"gold_gain":0.0,"event_name":"Accursed Blacksmith","player_choice":"Forge","floor":3.0,"gold_loss":0.0,"damage_taken":0.0,"cards_upgraded":["Adrenaline"]},{"damage_healed":0.0,"max_hp_gain":0.0,"max_hp_loss":0.0,"gold_gain":0.0,"event_name":"Upgrade Shrine","player_choice":"Upgraded","floor":14.0,"gold_loss":0.0,"damage_taken":0.0,"cards_upgraded":["Footwork"]},{"damage_healed":0.0,"max_hp_gain":0.0,"max_hp_loss":0.0,"gold_gain":0.0,"event_name":"The Mausoleum","player_choice":"Opened","floor":30.0,"gold_loss":0.0,"damage_taken":0.0,"relics_obtained":["Kunai"],"cards_obtained":["Writhe"]},{"damage_healed":0.0,"max_hp_gain":0.0,"max_hp_loss":0.0,"gold_gain":0.0,"event_name":"Masked Bandits","player_choice":"Fought Bandits","floor":31.0,"gold_loss":0.0,"damage_taken":0.0},{"damage_healed":0.0,"max_hp_gain":0.0,"max_hp_loss":0.0,"gold_gain":275.0,"event_name":"Golden Shrine","player_choice":"Desecrate","floor":38.0,"gold_loss":0.0,"damage_taken":0.0,"cards_obtained":["Regret"]}],"is_beta":false,"boss_relics":[{"not_picked":["SacredBark","Ectoplasm"],"picked":"Coffee Dripper"},{"not_picked":["Philosopher\u0027s Stone","WristBlade"],"picked":"SlaversCollar"}],"items_purged_floors":[44],"is_endless":false,"potions_floor_spawned":[4,8,10,12,16,19,22,23,25,27,29,35,37,48,55],"ascension_level":20}}