{"host":"m0a8wxl9o3yrknox","time":1613686312,"event":{"mods":["BaseMod","Bossed Relics","Energized Spire","Minty Spire (QoL Compilation)","Relic Filter Mod","Relic Stats","Reliquary","Spicy Shops","StSLib","The Dragon Tamer","¡¾ÒÅÎï¿¨ÅÆ¡¿REMEMod"],"gold_per_floor":[116,116,116,136,136,136,168,186,186,204,49,49,83,102,102,200,200,216,233,251,33,47,63,63,94,94,94,114,125,125,138,138,233,233,246,246,297,307,307,307,321,321,371,371,371,421,32,0,0,0,0],"floor_reached":50,"language":"ZHS","playtime":3109,"items_purged":["Strike_B"],"score":472,"play_id":"8c63a3ed-26cc-4c67-bdff-4dfbc078f0b8","local_time":"20210218171152","is_ascension_mode":false,"campfire_choices":[{"data":"Dualcast","floor":6,"key":"SMITH"},{"data":"Coolheaded","floor":12,"key":"SMITH"},{"data":"Beam Cell","floor":15,"key":"SMITH"},{"data":"Static Discharge","floor":24,"key":"SMITH"},{"data":"Zap","floor":27,"key":"SMITH"},{"data":"Self Repair","floor":30,"key":"SMITH"},{"data":"Defragment","floor":32,"key":"SMITH"},{"data":"Creative AI","floor":40,"key":"SMITH"},{"data":"White Noise","floor":42,"key":"SMITH"},{"data":"Madness","floor":45,"key":"SMITH"},{"data":"Capacitor","floor":49,"key":"SMITH"}],"circlet_count":0,"master_deck":["Strike_B+1","Strike_B+1","Defend_B","Defend_B","Zap+1","Dualcast+1","Ball Lightning","Compile Driver","Cold Snap","Coolheaded+1","Beam Cell+1","Static Discharge+1","Self Repair+1","Darkness","Skim","Lockon+1","Reboot","Capacitor+1","Chill","Conserve Battery+1","Defragment+1","Creative AI+1","White Noise+1","REME_DataAnalysis","Madness+1","Madness","Barrage+1","Aggregate+1","Jack Of All Trades","Panacea","Enlightenment","REME_DataAnalysis+1","REME_SelfUpgrade+1","Capacitor+1"],"relics":["Cracked Core","REME_ComplimentaryCards","Bag of Preparation","REME_LimitBreaker","Lee\u0027s Waffle","HornCleat","energizedSpire:OgreHead","Prayer Wheel","REME_CardOfGreed","reliquary:PartyBalloon","Symbiotic Virus","energizedSpire:RedRose","FossilizedHelix","Juzu Bracelet","Gambling Chip","reliquary:GummyVitamins","Toolbox","Red Mask"],"acts_visited":["Exordium","TheCity","TheBeyond"],"potions_floor_usage":[7,14,25,33,34,41,41,50],"damage_taken":[{"damage":5,"enemies":"Small Slimes","floor":1,"turns":2},{"damage":6,"enemies":"Jaw Worm","floor":4,"turns":2},{"damage":36,"enemies":"Lagavulin","floor":7,"turns":4},{"damage":0,"enemies":"2 Louse","floor":8,"turns":1},{"damage":3,"enemies":"Blue Slaver","floor":10,"turns":3},{"damage":8,"enemies":"3 Sentries","floor":13,"turns":6},{"damage":0,"enemies":"Exordium Thugs","floor":14,"turns":2},{"damage":49,"enemies":"The Guardian","floor":16,"turns":8},{"damage":0,"enemies":"Spheric Guardian","floor":18,"turns":3},{"damage":7,"enemies":"Shell Parasite","floor":19,"turns":3},{"damage":18,"enemies":"Shelled Parasite and Fungi","floor":20,"turns":3},{"damage":7,"enemies":"Snake Plant","floor":22,"turns":2},{"damage":13,"enemies":"3 Cultists","floor":23,"turns":4},{"damage":18,"enemies":"Gremlin Leader","floor":25,"turns":3},{"damage":13,"enemies":"Shelled Parasite and Fungi","floor":28,"turns":3},{"damage":8,"enemies":"Cultist and Chosen","floor":29,"turns":4},{"damage":6,"enemies":"Sentry and Sphere","floor":31,"turns":4},{"damage":21,"enemies":"Collector","floor":33,"turns":7},{"damage":10,"enemies":"Orb Walker","floor":35,"turns":3},{"damage":38,"enemies":"2 Orb Walkers","floor":37,"turns":3},{"damage":13,"enemies":"3 Shapes","floor":38,"turns":4},{"damage":8,"enemies":"Sphere and 2 Shapes","floor":41,"turns":4},{"damage":28,"enemies":"Mind Bloom Boss Battle","floor":46,"turns":4},{"damage":68,"enemies":"Awakened One","floor":50,"turns":4}],"seed_played":"-4907321679777569203","potions_obtained":[{"floor":4,"key":"Regen Potion"},{"floor":7,"key":"Energy Potion"},{"floor":20,"key":"AttackPotion"},{"floor":25,"key":"SpeedPotion"},{"floor":31,"key":"DuplicationPotion"},{"floor":33,"key":"Fruit Juice"},{"floor":38,"key":"Energy Potion"},{"floor":41,"key":"Fire Potion"}],"is_trial":false,"path_per_floor":["M","?","?","M","?","R","E","M","T","M","$","R","E","M","R","B",null,"M","M","M","$","M","M","R","E","T","R","M","M","R","M","R","B",null,"M","?","?","M","?","R","M","R","T","?","R","?","$","?","R","B"],"character_chosen":"DEFECT","items_purchased":["Lee\u0027s Waffle","Prayer Wheel","REME_CardOfGreed","reliquary:GummyVitamins","Capacitor","Toolbox"],"campfire_rested":0,"item_purchase_floors":[11,21,21,47,47,47],"current_hp_per_floor":[63,49,49,43,43,43,12,12,12,9,75,75,67,67,67,18,75,75,68,50,50,43,37,37,26,26,26,20,19,19,23,23,12,80,80,70,32,19,9,9,11,11,11,80,80,52,52,52,52,0,0],"gold":0,"neow_bonus":"REMOVE_TWO","is_daily":false,"chose_seed":false,"campfire_upgraded":11,"win_rate":0.0,"timestamp":1613686312,"path_taken":["M","?","?","M","?","R","E","M","T","M","?","R","E","M","R","BOSS","M","M","M","$","M","M","R","E","T","R","M","M","R","M","R","BOSS","M","?","?","?","?","R","M","R","T","?","R","?","$","?","R","BOSS"],"items_purchased_type":["Relic","Relic","Relic","Relic","Card","Relic"],"build_version":"2020-12-22","purchased_purges":1,"victory":false,"max_hp_per_floor":[68,68,68,68,68,68,68,68,68,68,75,75,75,75,75,75,75,75,75,75,75,75,75,75,75,75,75,75,75,75,75,75,75,80,80,80,80,80,80,80,80,80,80,80,80,80,80,80,80,80,80],"relic_stats":{"Lee\u0027s Waffle":66,"counters":[24,86],"Gambling Chip":[4],"Prayer Wheel":8,"Bag of Preparation":[42],"Juzu Bracelet":1,"obtain_stats":[{"energizedSpire:RedRose":34,"Lee\u0027s Waffle":11,"reliquary:PartyBalloon":25,"Bag of Preparation":7,"energizedSpire:OgreHead":17,"Juzu Bracelet":43,"REME_LimitBreaker":9,"HornCleat":13,"Gambling Chip":46,"Toolbox":47,"Prayer Wheel":21,"reliquary:GummyVitamins":47,"Red Mask":48,"REME_CardOfGreed":21,"Cracked Core":0,"Symbiotic Virus":26,"FossilizedHelix":37,"REME_ComplimentaryCards":0},{"energizedSpire:RedRose":18,"Lee\u0027s Waffle":5,"reliquary:PartyBalloon":14,"Bag of Preparation":3,"energizedSpire:OgreHead":8,"Juzu Bracelet":22,"REME_LimitBreaker":4,"HornCleat":6,"Gambling Chip":23,"Toolbox":23,"Prayer Wheel":11,"reliquary:GummyVitamins":23,"Red Mask":23,"REME_CardOfGreed":11,"Cracked Core":0,"Symbiotic Virus":14,"FossilizedHelix":20,"REME_ComplimentaryCards":0},{"energizedSpire:RedRose":64,"Lee\u0027s Waffle":12,"reliquary:PartyBalloon":46,"Bag of Preparation":8,"energizedSpire:OgreHead":28,"Juzu Bracelet":78,"REME_LimitBreaker":9,"HornCleat":18,"Gambling Chip":82,"Toolbox":82,"Prayer Wheel":37,"reliquary:GummyVitamins":82,"Red Mask":82,"REME_CardOfGreed":37,"Cracked Core":0,"Symbiotic Virus":46,"FossilizedHelix":70,"REME_ComplimentaryCards":0}]},"card_choices":[{"not_picked":["Steam","Compile Driver"],"picked":"Ball Lightning","floor":1},{"not_picked":["Sunder","Streamline"],"picked":"Compile Driver","floor":4},{"not_picked":["Sweeping Beam","Ball Lightning"],"picked":"Cold Snap","floor":7},{"not_picked":["Leap","Tempest"],"picked":"Coolheaded","floor":8},{"not_picked":["Recycle","Fusion"],"picked":"Beam Cell","floor":10},{"not_picked":["Scrape","Consume","Barrage"],"picked":"SKIP","floor":13},{"not_picked":["Beam Cell","Coolheaded","Sweeping Beam"],"picked":"SKIP","floor":14},{"not_picked":["Hologram+1","Beam Cell","Barrage"],"picked":"SKIP","floor":18},{"not_picked":["Cold Snap","Steam"],"picked":"Static Discharge","floor":19},{"not_picked":["BootSequence","Doom and Gloom","All For One"],"picked":"SKIP","floor":20},{"not_picked":["Rebound+1","Conserve Battery"],"picked":"Self Repair","floor":22},{"not_picked":["Go for the Eyes","Ball Lightning"],"picked":"Darkness","floor":22},{"not_picked":["Barrage","Ball Lightning+1"],"picked":"Skim","floor":23},{"not_picked":["Ball Lightning+1","Coolheaded"],"picked":"Lockon+1","floor":23},{"not_picked":["Rip and Tear","Rebound+1"],"picked":"Reboot","floor":25},{"not_picked":["Turbo","Gash"],"picked":"Capacitor+1","floor":28},{"not_picked":["Rip and Tear+1","Hologram","Stack"],"picked":"SKIP","floor":28},{"not_picked":["REME_SelfUpgrade","Sweeping Beam"],"picked":"Chill","floor":29},{"not_picked":["Fusion","Beam Cell"],"picked":"Conserve Battery+1","floor":29},{"not_picked":["REME_DataAnalysis+1","Aggregate"],"picked":"Defragment","floor":31},{"not_picked":["Sweeping Beam","Conserve Battery+1","Self Repair"],"picked":"SKIP","floor":31},{"not_picked":["Buffer","Reboot"],"picked":"Creative AI","floor":33},{"not_picked":["Ball Lightning","Stack+1"],"picked":"White Noise","floor":35},{"not_picked":["Beam Cell","Ball Lightning"],"picked":"REME_DataAnalysis","floor":35},{"not_picked":["Melter+1","Heatsinks+1"],"picked":"Barrage+1","floor":37},{"not_picked":["Leap","Coolheaded","Turbo"],"picked":"Storm","floor":38},{"not_picked":["Streamline","Conserve Battery+1","Biased Cognition"],"picked":"Aggregate+1","floor":38},{"not_picked":["REME_WheelOfFate","Dramatic Entrance"],"picked":"Jack Of All Trades","floor":39},{"not_picked":["PanicButton","REME_MagicPocketWatch"],"picked":"Panacea","floor":39},{"not_picked":["Forethought","PanicButton"],"picked":"Enlightenment","floor":39},{"not_picked":["Leap+1","REME_SelfUpgrade+1"],"picked":"REME_DataAnalysis+1","floor":41},{"not_picked":["Gash+1","Go for the Eyes+1","Compile Driver+1"],"picked":"SKIP","floor":41},{"not_picked":["Glacier","Turbo"],"picked":"REME_SelfUpgrade+1","floor":46}],"player_experience":769100,"relics_obtained":[{"floor":7,"key":"Bag of Preparation"},{"floor":9,"key":"REME_LimitBreaker"},{"floor":13,"key":"HornCleat"},{"floor":25,"key":"reliquary:PartyBalloon"},{"floor":26,"key":"Symbiotic Virus"},{"floor":37,"key":"FossilizedHelix"},{"floor":43,"key":"Juzu Bracelet"},{"floor":46,"key":"Gambling Chip"}],"event_choices":[{"damage_healed":0,"gold_gain":0,"player_choice":"Entered Light","damage_taken":14,"max_hp_gain":0,"max_hp_loss":0,"event_name":"Shining Light","floor":2,"gold_loss":0,"cards_upgraded":["Strike_B","Strike_B"]},{"damage_healed":0,"gold_gain":0,"player_choice":"Ignored","damage_taken":0,"max_hp_gain":0,"max_hp_loss":0,"event_name":"Liars Game","floor":3,"gold_loss":0},{"cards_removed":["Defend_B"],"damage_healed":0,"gold_gain":0,"player_choice":"Forget","damage_taken":0,"max_hp_gain":0,"max_hp_loss":0,"event_name":"Living Wall","floor":5,"gold_loss":0},{"damage_healed":0,"gold_gain":0,"player_choice":"Embrace Madness","damage_taken":10,"max_hp_gain":0,"max_hp_loss":0,"event_name":"Winding Halls","floor":36,"gold_loss":0,"cards_obtained":["Madness","Madness"]},{"damage_healed":0,"gold_gain":0,"player_choice":"Fight","damage_taken":0,"max_hp_gain":0,"max_hp_loss":0,"event_name":"Mysterious Sphere","floor":37,"gold_loss":0},{"damage_healed":0,"gold_gain":0,"player_choice":"Memory 3","damage_taken":10,"max_hp_gain":0,"max_hp_loss":0,"event_name":"SensoryStone","floor":39,"gold_loss":0},{"cards_removed":["Storm"],"damage_healed":69,"gold_gain":0,"player_choice":"Offered Uncommon","damage_taken":0,"max_hp_gain":0,"max_hp_loss":0,"event_name":"Bonfire Elementals","floor":44,"gold_loss":0},{"damage_healed":0,"gold_gain":0,"player_choice":"Fight","damage_taken":0,"max_hp_gain":0,"max_hp_loss":0,"event_name":"MindBloom","floor":46,"gold_loss":0},{"damage_healed":0,"gold_gain":0,"player_choice":"Paid","damage_taken":0,"relics_obtained":["Red Mask"],"max_hp_gain":0,"max_hp_loss":0,"event_name":"Tomb of Lord Red Mask","floor":48,"gold_loss":32}],"is_beta":false,"boss_relics":[{"not_picked":["FrozenCore","energizedSpire:SpiderWeb"],"picked":"energizedSpire:OgreHead"},{"not_picked":["reliquary:WritOfMandamus","Cursed Key"],"picked":"energizedSpire:RedRose"}],"items_purged_floors":[47],"is_endless":false,"potions_floor_spawned":[4,7,20,25,31,33,38,41],"killed_by":"Awakened One","ascension_level":0}}