{"host":"kv1pnk0cldlr55ks","time":1613611612,"event":{"mods":["AchievementEnabler","Aspiration","Bard","BaseMod","Beaked The Cultist","Better Match","Better Third Choice","BetterRewards","Colored Map","Colored Powertips","Conspire","Downfall","Friendly Minions","Gremlin Mod","Hermit","Hubris","Infinite Spire","Marisa????????","Minty Spire (QoL Compilation)","Quick Restart","Random Character Button","Rare Cards Sparkle","Relic Sorter","Remove Card Discount Mod","Replay The Spire","Robot Space Explorer","Spicy Shops","StSLib","The Blackbeard","The Cursed","The Disciple","The Necromancer","The Runesmith","The Servant 0.9.4","The Wild Card"],"gold_per_floor":[114,131,143,163,176,176,188,205,205,205,170,26,26,44,44,148,148,161,11,11,11,11,11,25,44,116,40,40,40,51,65,65,65,65,163,163,182,2,20,37,49,49,49,49,103,16,16,49,66,66,66,164,164,159,159],"floor_reached":54,"language":"ENG","playtime":3980,"items_purged":[],"score":663,"play_id":"463f2d59-db5f-4493-9b86-46178dd8fe18","local_time":"20210217202652","is_ascension_mode":false,"campfire_choices":[{"floor":6,"key":"REST"},{"floor":15,"key":"REST"},{"floor":23,"key":"REST"},{"data":"infinitespire:FinalStrike","floor":29,"key":"SMITH"},{"floor":34,"key":"REST"}],"circlet_count":0,"master_deck":["Gremlin:Strike","Gremlin:Strike","Gremlin:Strike","Gremlin:Strike","Gremlin:Defend","Gremlin:Defend","Gremlin:Defend","Gremlin:Defend","Gremlin:TagTeam","Gremlin:GremlinDance","Gremlin:Tricksy","Gremlin:Revel","Gremlin:Glimmer","Gremlin:Glimmer","Gremlin:BubbleBarrier","Gremlin:Kablamo","Gremlin:Patsy","Apotheosis+1","Gremlin:TwistTheKnife","Gremlin:Nob","Gremlin:GremlinOffensive","infinitespire:FinalStrike+1","Gremlin:ShankStone","Gremlin:PartyStick+1","Gremlin:BulkUp","Gremlin:CatScratch","Gremlin:PourSalt","Gremlin:PourSalt","Gremlin:Fury","Gremlin:Jeer+1","Gremlin:GremlinArms","Gremlin:FanOfKnives","Gremlin:InfiniteBlocks+1","Gremlin:ShankStone","PanicButton","Gremlin:MakeshiftArmor+1","Gremlin:TwistTheKnife+1","Gremlin:FairyDust"],"relics":["Gremlin:GremlinKnob","InkBottle","Honey Jar","aspiration:Nostalgia","RobotSpaceExplorer:RoboCore","aspiration:ChemicalBlood","infinitespire:FocusingShard","conspire:SlowCooker","Potion Belt","hubris:HollowSoul","Gremlin Food","Gremlin:WizardStaff","aspiration:SecretTechniqueScroll"],"acts_visited":["Exordium","TheCity","TheBeyond","Exordium"],"potions_floor_usage":[5,7,8,14,24,24,25,25,28,30,30,31,31,31,31,31,35,35,37,39,39,39,39,39,40,40,41,41,41,41,41,41,41,41,48,48,48,48,49,49,49,52,52,52,52,52,52,52,52,52,52,54],"damage_taken":[{"damage":0,"enemies":"infinitespire:Voidling","floor":1,"turns":7},{"damage":1,"enemies":"2 Louse","floor":2,"turns":3},{"damage":8,"enemies":"conspire:RoseBush","floor":3,"turns":3},{"damage":6,"enemies":"2 Fungi Beasts","floor":4,"turns":4},{"damage":6,"enemies":"3 Louse","floor":5,"turns":2},{"damage":4,"enemies":"Large Slime","floor":7,"turns":7},{"damage":1,"enemies":"Exordium Wildlife","floor":8,"turns":3},{"damage":0,"enemies":"Blue Slaver","floor":14,"turns":3},{"damage":37,"enemies":"The Guardian","floor":16,"turns":13},{"damage":14,"enemies":"Spheric Guardian","floor":18,"turns":4},{"damage":8,"enemies":"2 Thieves","floor":24,"turns":4},{"damage":12,"enemies":"Centurion and Healer","floor":25,"turns":3},{"damage":0,"enemies":"Snecko","floor":28,"turns":2},{"damage":12,"enemies":"Snake Plant","floor":30,"turns":2},{"damage":13,"enemies":"Shelled Parasite and Fungi","floor":31,"turns":3},{"damage":10,"enemies":"hubris:MusketHawk","floor":35,"turns":8},{"damage":39,"enemies":"3 Shapes","floor":37,"turns":4},{"damage":4,"enemies":"3 Darklings","floor":39,"turns":5},{"damage":14,"enemies":"Jaw Worm Horde","floor":40,"turns":3},{"damage":25,"enemies":"4 Shapes","floor":41,"turns":3},{"damage":28,"enemies":"Nightmare","floor":48,"turns":8},{"damage":0,"enemies":"Maw","floor":49,"turns":6},{"damage":53,"enemies":"Donu and Deca","floor":52,"turns":8},{"damage":0,"enemies":"Cultist","floor":54,"turns":2}],"seed_played":"2096886447947414365","potions_obtained":[{"floor":4,"key":"sneckomod:MuddlingPotion"},{"floor":5,"key":"SpeedPotion"},{"floor":7,"key":"LiquidBronze"},{"floor":8,"key":"Fire Potion"},{"floor":18,"key":"CultistPotion"},{"floor":30,"key":"infinitespire:BlackPotion"},{"floor":39,"key":"Strength Potion"},{"floor":40,"key":"Reflective Coating"},{"floor":41,"key":"Doom Potion"},{"floor":41,"key":"Languid Potion"},{"floor":48,"key":"Regen Potion"},{"floor":51,"key":"SneckoOil"},{"floor":51,"key":"LiquidMemories"},{"floor":52,"key":"Swift Potion"}],"is_trial":false,"path_per_floor":["M","M","M","M","M","R","M","M","T","?","?","$","?","M","R","B",null,"M","$","?","?","$","R","M","M","T","$","M","R","M","M","PTL","PTL","R","B",null,"M","$","M","M","M","R","AVR","R","T","$","R","NM","M","?","R_BF","B",null,"M"],"character_chosen":"GREMLIN","items_purchased":["Anchor","aspiration:Nostalgia","Gremlin:BulkUp","Gremlin:CatScratch","Potion Belt","Gremlin:GremlinArms","PanicButton"],"campfire_rested":4,"item_purchase_floors":[12,19,27,27,38,38,46],"current_hp_per_floor":[21,21,15,15,19,21,17,21,21,21,21,21,21,16,21,21,21,7,7,7,2,2,8,13,21,21,21,21,21,9,9,9,9,15,21,21,21,21,9,17,21,20,20,19,19,19,18,18,18,18,18,5,19,19,19],"gold":159,"neow_bonus":"TEN_PERCENT_HP_BONUS","is_daily":false,"chose_seed":false,"campfire_upgraded":1,"win_rate":0.0,"timestamp":1613611612,"path_taken":["M","M","M","M","M","R","M","?","T","?","?","$","?","M","R","BOSS","M","$","?","?","?","R","M","?","T","$","M","R","M","M","PTL","PTL","R","BOSS","M","$","M","M","M","R","AVR","R","T","$","R","NM","?","?","R_BF","BOSS","M"],"items_purchased_type":["Relic","Relic","Card","Card","Relic","Card","Card"],"build_version":"2020-12-22","purchased_purges":0,"victory":false,"max_hp_per_floor":[21,21,21,21,21,21,21,21,21,21,21,21,21,21,21,21,21,21,21,21,21,21,21,21,21,21,21,21,21,21,21,21,21,21,21,21,21,21,21,21,21,20,20,19,19,19,18,18,18,18,18,19,19,19,19],"card_choices":[{"not_picked":["Gremlin:Pretaliation","Gremlin:Mockery"],"picked":"Gremlin:Tricksy","floor":1},{"not_picked":["Gremlin:DaggerDance","Gremlin:Glimmer"],"picked":"Gremlin:Revel","floor":2},{"not_picked":["Gremlin:GremlinArms","Gremlin:BurlyBlow"],"picked":"Gremlin:Glimmer","floor":3},{"not_picked":["Gremlin:Pretaliation","Gremlin:ToeStub"],"picked":"Gremlin:Glimmer","floor":4},{"not_picked":["Gremlin:Irritability","Gremlin:CatScratch"],"picked":"Gremlin:BubbleBarrier","floor":5},{"not_picked":["Gremlin:ToeStub","Gremlin:BurlyBlow"],"picked":"Gremlin:Kablamo","floor":7},{"not_picked":["Gremlin:InfiniteBlocks","Gremlin:Jeer"],"picked":"Gremlin:Patsy","floor":8},{"not_picked":["Gremlin:Unforgiving","Gremlin:GremlinArms"],"picked":"Gremlin:TwistTheKnife","floor":14},{"not_picked":["Gremlin:Unforgiving","Gremlin:FlipOut"],"picked":"Gremlin:Nob","floor":16},{"not_picked":["Gremlin:TwistTheKnife+1","Gremlin:GremlinArms","Gremlin:GremlinMeal"],"picked":"Gremlin:GremlinOffensive","floor":18},{"not_picked":["infinitespire:SevenWalls","infinitespire:Starlight"],"picked":"infinitespire:FinalStrike","floor":21},{"not_picked":["Gremlin:BubbleBarrier","Gremlin:Tadah","Gremlin:Presto+1"],"picked":"Gremlin:ShankStone","floor":24},{"not_picked":["Gremlin:Mockery","Gremlin:MakeshiftArmor","Gremlin:CatScratch"],"picked":"Gremlin:PartyStick+1","floor":25},{"not_picked":["Gremlin:Dazzle","Gremlin:GlitterGuard","Gremlin:GremlinToss+1"],"picked":"Gremlin:PourSalt","floor":30},{"not_picked":["Gremlin:InfiniteBlocks","Gremlin:Jeer+1","Gremlin:Raid+1"],"picked":"Gremlin:PourSalt","floor":31},{"not_picked":["Gremlin:ShadowShiv","Gremlin:FairyDust","Gremlin:Duplicate"],"picked":"Gremlin:Fury","floor":35},{"not_picked":["Gremlin:ToeStub","Gremlin:Glimmer","Gremlin:ShowOfHands"],"picked":"Gremlin:Jeer+1","floor":37},{"not_picked":["Gremlin:Stupend+1","Gremlin:Patsy","Gremlin:BulkUp"],"picked":"Gremlin:FanOfKnives","floor":39},{"not_picked":["Gremlin:Stupend+1","Gremlin:GremlinMeal","Gremlin:Tricksy"],"picked":"Gremlin:InfiniteBlocks+1","floor":40},{"not_picked":["Gremlin:BrokenShin","Gremlin:GlitterGuard","Gremlin:BubbleBarrier"],"picked":"Gremlin:ShankStone","floor":41},{"not_picked":["Gremlin:PartyStick","Gremlin:ToeStub","Gremlin:CounterStrike"],"picked":"Gremlin:MakeshiftArmor+1","floor":48},{"not_picked":["Gremlin:ToeStub+1","Gremlin:Flurry","Gremlin:Scatter"],"picked":"Gremlin:TwistTheKnife+1","floor":49},{"not_picked":["Gremlin:Encore","Gremlin:Unforgiving","Gremlin:Duplicate"],"picked":"Gremlin:FairyDust","floor":52}],"player_experience":357234,"relics_obtained":[{"floor":9,"key":"InkBottle"},{"floor":26,"key":"infinitespire:FocusingShard"},{"floor":45,"key":"Gremlin Food"},{"floor":48,"key":"Gremlin:WizardStaff"}],"event_choices":[{"damage_healed":21,"gold_gain":0,"player_choice":"Embrace","damage_taken":0,"max_hp_gain":0,"max_hp_loss":21,"event_name":"betterThird:BetterShining","floor":10,"gold_loss":0},{"damage_healed":5,"gold_gain":0,"player_choice":"Healed","damage_taken":0,"max_hp_gain":0,"max_hp_loss":0,"event_name":"The Cleric","floor":11,"gold_loss":35},{"damage_healed":0,"gold_gain":0,"player_choice":"Opened","damage_taken":0,"relics_obtained":["aspiration:ChemicalBlood"],"max_hp_gain":0,"max_hp_loss":0,"event_name":"The Mausoleum","floor":20,"gold_loss":0}],"is_beta":false,"boss_relics":[{"not_picked":["conspire:RunicOctahedron","hubris:TerracottaHorce"],"picked":"Honey Jar"},{"not_picked":["conspire:SeveredTorchhead","Runic Dome"],"picked":"conspire:SlowCooker"},{"not_picked":["hubris:RunicObelisk","Snecko Eye"],"picked":"aspiration:SecretTechniqueScroll"}],"items_purged_floors":[],"is_endless":true,"potions_floor_spawned":[4,5,7,8,18,30,39,40,48,52],"killed_by":"Cultist","ascension_level":0}}