{"host":"z439itq93uucuvou","time":1613682472,"event":{"mods":["BaseMod","Colored Powertips","Jorbs\u0027s Wanderer Trilogy","Minty Spire (QoL Compilation)","StSLib"],"gold_per_floor":[116,116,116,48,71,114,114,8,8,90,140,149,171,171,171,271,271,295,329,329,108,88,88,88,88],"floor_reached":24,"language":"ENG","playtime":650,"items_purged":["Strike_R","Body Slam"],"score":450,"play_id":"135823fa-a90e-40cc-a6ec-1e68e2f4260f","local_time":"20210218130752","is_ascension_mode":true,"campfire_choices":[{"data":"Bash","floor":7.0,"key":"SMITH"},{"data":"Spot Weakness","floor":15,"key":"SMITH"},{"data":"Fire Breathing","floor":23,"key":"SMITH"}],"circlet_count":0,"master_deck":["AscendersBane","Strike_R","Strike_R","Strike_R","Strike_R","Defend_R","Defend_R","Defend_R","Bash+1","Fire Breathing+1","Spot Weakness+1","Twin Strike","Reaper","Power Through","Perfected Strike","Inflame+1","Sword Boomerang","Fiend Fire","True Grit","Shrug It Off","Battle Trance","Uppercut","True Grit"],"relics":["Burning Blood","NeowsBlessing","Golden Idol","CeramicFish","Lantern","StrikeDummy","Smiling Mask","Torii","Mark of Pain"],"acts_visited":["Exordium","TheCity"],"potions_floor_usage":[16,19,24],"damage_taken":[{"damage":0.0,"enemies":"2 Louse","floor":1.0,"turns":1.0},{"damage":0.0,"enemies":"Jaw Worm","floor":5.0,"turns":1.0},{"damage":0.0,"enemies":"Lagavulin","floor":6.0,"turns":1.0},{"damage":50.0,"enemies":"Gremlin Nob","floor":10.0,"turns":5.0},{"damage":32.0,"enemies":"Gremlin Nob","floor":11.0,"turns":4.0},{"damage":1.0,"enemies":"Cultist","floor":13.0,"turns":3.0},{"damage":12,"enemies":"Hexaghost","floor":16,"turns":7},{"damage":24,"enemies":"3 Byrds","floor":18,"turns":4},{"damage":36,"enemies":"2 Thieves","floor":19,"turns":5},{"damage":28,"enemies":"Gremlin Leader","floor":24,"turns":4}],"seed_played":"3545515889548441179","potions_obtained":[{"floor":1.0,"key":"SkillPotion"},{"floor":5.0,"key":"FairyPotion"},{"floor":13,"key":"SpeedPotion"},{"floor":16,"key":"EssenceOfSteel"},{"floor":18,"key":"Dexterity Potion"},{"floor":19,"key":"Block Potion"},{"floor":22,"key":"AttackPotion"}],"is_trial":false,"path_per_floor":["M","?","?","$","M","E","R","$","T","?","E","?","M","?","R","B",null,"M","M","?","$","?","R","E"],"character_chosen":"IRONCLAD","items_purchased":["Spot Weakness","Power Through","Battle Trance","Uppercut","True Grit"],"campfire_rested":0,"item_purchase_floors":[4,8,21,21,21],"current_hp_per_floor":[74,48,48,48,54,60,60,60,60,16,28,28,33,33,33,27,63,50,28,28,28,28,28,0,0],"gold":88,"neow_bonus":"THREE_ENEMY_KILL","is_daily":false,"chose_seed":false,"campfire_upgraded":3,"win_rate":0.0,"timestamp":1613682472,"path_taken":["M","?","?","$","?","E","R","?","T","?","E","?","?","?","R","BOSS","M","M","?","$","?","R","E"],"items_purchased_type":["Card","Card","Card","Card","Card"],"build_version":"2020-12-22","purchased_purges":2,"victory":false,"max_hp_per_floor":[75,75,75,75,75,75,75,75,75,75,75,75,75,75,75,75,75,75,75,75,75,75,75,75,75],"card_choices":[{"not_picked":["Evolve","Flex"],"picked":"Fire Breathing","floor":1.0},{"not_picked":["Perfected Strike","Clothesline"],"picked":"Twin Strike","floor":5.0},{"not_picked":["Pommel Strike","True Grit"],"picked":"Reaper","floor":6.0},{"not_picked":["Body Slam","Entrench"],"picked":"Perfected Strike","floor":10.0},{"not_picked":["Offering","Impervious"],"picked":"Inflame","floor":11.0},{"not_picked":["Carnage","Hemokinesis"],"picked":"Sword Boomerang","floor":13},{"not_picked":["Berserk","Brutality"],"picked":"Fiend Fire","floor":16},{"not_picked":["Cleave","Hemokinesis"],"picked":"True Grit","floor":18},{"not_picked":["Warcry","Thunderclap"],"picked":"Shrug It Off","floor":19}],"player_experience":1505377,"relics_obtained":[{"floor":6.0,"key":"Lantern"},{"floor":9.0,"key":"StrikeDummy"},{"floor":10.0,"key":"Smiling Mask"},{"floor":11.0,"key":"Torii"}],"event_choices":[{"damage_healed":0.0,"max_hp_gain":0.0,"max_hp_loss":0.0,"gold_gain":0.0,"event_name":"Golden Idol","player_choice":"Take Damage","floor":2.0,"gold_loss":0.0,"damage_taken":26.0,"relics_obtained":["Golden Idol"]},{"damage_healed":0.0,"max_hp_gain":0.0,"max_hp_loss":0.0,"gold_gain":0.0,"event_name":"WeMeetAgain","player_choice":"Gave Potion","floor":3.0,"gold_loss":0.0,"damage_taken":0.0,"relics_obtained":["CeramicFish"]},{"damage_healed":0.0,"max_hp_gain":0.0,"max_hp_loss":0.0,"gold_gain":0.0,"event_name":"Dead Adventurer","player_choice":"Searched \u00271\u0027 times","floor":10.0,"gold_loss":0.0,"damage_taken":0.0},{"damage_healed":0.0,"max_hp_gain":0.0,"max_hp_loss":0.0,"gold_gain":0.0,"cards_transformed":["Defend_R"],"event_name":"Transmorgrifier","player_choice":"Transformed","floor":12.0,"gold_loss":0.0,"damage_taken":0.0,"cards_obtained":["Body Slam"]},{"damage_healed":0,"gold_gain":0,"player_choice":"Upgraded","damage_taken":0,"max_hp_gain":0,"max_hp_loss":0,"event_name":"Upgrade Shrine","floor":14,"gold_loss":0,"cards_upgraded":["Inflame"]},{"damage_healed":0,"gold_gain":0,"player_choice":"Ignored","damage_taken":0,"max_hp_gain":0,"max_hp_loss":0,"event_name":"Vampires","floor":20,"gold_loss":0},{"damage_healed":0,"gold_gain":0,"player_choice":"Bought 1 Potion","damage_taken":0,"max_hp_gain":0,"max_hp_loss":0,"event_name":"The Woman in Blue","floor":22,"gold_loss":0}],"is_beta":false,"boss_relics":[{"not_picked":["Astrolabe","Velvet Choker"],"picked":"Mark of Pain"}],"items_purged_floors":[8,21],"is_endless":false,"potions_floor_spawned":[1,5,13,16,18,19],"killed_by":"Gremlin Leader","ascension_level":20}}