{"host":"roto7j7840a50pxh","time":1613627046,"event":{"mods":["Act Like it!","BaseMod","Better Altar","Better Note","Better Sensory Stone","Better Skull","Better Third Choice","BetterRewards","Colored Map","Colored Powertips","Downfall","Hermit","Highlight Path","Hubris","Infinite Spire","Minty Spire (QoL Compilation)","Replay The Spire","Robot Space Explorer","Shade Mod","Spicy Shops","StSLib","The Construct","The Cursed","The Dragon Tamer","The Hierophant","The Necromancer","The Runesmith","The Servant 0.9.4","TheVacant"],"gold_per_floor":[18,35,35,54,70,98,98,14,14,45,45,45,45,45,45,149,149,159,159,177,137,43,43,43,43,43,43,95,95,130,171,171,274,274,312,312,332,332,344,344,373,373,373,383,408,408,428,30,30,30],"floor_reached":51,"language":"ENG","playtime":4856,"items_purged":["Normality","TheCursedMod:Dregs","Strike_S","Strike_S"],"score":1546,"play_id":"b1ea9cd7-18ef-468c-a03c-d59f09203173","local_time":"20210218004406","is_ascension_mode":true,"campfire_choices":[{"floor":7.0,"key":"REST"},{"data":"RealityMarble","floor":11.0,"key":"SMITH"},{"data":"Manipulate","floor":23,"key":"SMITH"},{"data":"SilverBlades","floor":25,"key":"SMITH"},{"data":"ShatteredReality","floor":27,"key":"SMITH"},{"data":"Potential","floor":40,"key":"SMITH"},{"floor":46,"key":"REST"},{"data":"ReplayUltimateDefense","floor":49,"key":"SMITH"}],"circlet_count":0,"master_deck":["Strike_S","Defend_S","Defend_S","Defend_S","KidneyShot","Exchange","SilverBlades+1","BottledTime","Hightail+1","RealityMarble+1","BestPractice+1","Rearm","FlawlessForm","Sunlight","Ricochet","ShiftingGears","ShatteredReality+1","Moondial","TimeWarp+1","Manipulate+1","Potential+1","Contraction","Foresight","ShatteredReality+1","Potential+1","SoulSculpture+1","FanOfKnives+1","CurseOfTheBell","CurseOfTheBell","PendulumOfEternity+1","Dilation","Ricochet+1","BottledTime+1","Potential+1","HandOfGreed+1","Rewind","hubris:Insight","Snipe+1","Alleviate+1","DoubleEdge+1","Moondial+1","TheWorld","downfall:Icky","hubris:MerchantsHand+1","Sunlight+1","Mind Blast+1","infinitespire:Fortify","ShatteredReality+1","Potential+1","Revamp","SoulSculpture+1","Reset","BottledTime+1","Parasite","Replace+1","Luminosity","Snipe+1","Moonlight+1","ReplayUltimateDefense+1"],"relics":["Uniform","Membership Card","hubris:TinFlute","Potion Belt","Cauldron","Orrery","Molten Egg 2","Ornamental Fan","Shuriken","downfall:ExtraCursedBell","Broom","Lizard Tail","Replay:Bottled Flurry","hubris:BottledRain","Busted Crown","BargainBundle","hubris:DeckOfHolding","hubris:Spice","Question Card","Anchor","hubris:Backtick","hubris:Potato","hexamod:BolsterEngine","ReplayTheSpireMod:SealedPack","hubris:Towel","Replay:Rubber Ducky","Pear","hubris:CuriousFeather","Thread and Needle"],"acts_visited":["Exordium","TheCity","TheBeyond"],"potions_floor_usage":[28,31,33,45,45,45,50,50,50],"damage_taken":[{"damage":0.0,"enemies":"Jaw Worm","floor":1.0,"turns":4.0},{"damage":0.0,"enemies":"Cultist","floor":2.0,"turns":4.0},{"damage":0.0,"enemies":"Small Slimes","floor":4.0,"turns":5.0},{"damage":1.0,"enemies":"2 Fungi Beasts","floor":5.0,"turns":2.0},{"damage":3.0,"enemies":"Replay:BlueRogue","floor":6.0,"turns":6.0},{"damage":0.0,"enemies":"Lagavulin","floor":10.0,"turns":7.0},{"damage":0.0,"enemies":"Fading Forest","floor":16.0,"turns":11.0},{"damage":7.0,"enemies":"Chosen","floor":18.0,"turns":4.0},{"damage":17,"enemies":"2 Thieves","floor":20,"turns":3},{"damage":9,"enemies":"Slavers","floor":28,"turns":3},{"damage":0,"enemies":"Replay:Snechameleon","floor":30,"turns":5},{"damage":0,"enemies":"Shelled Parasite and Fungi","floor":31,"turns":2},{"damage":0,"enemies":"Champ","floor":33,"turns":7},{"damage":0,"enemies":"3 Shapes","floor":35,"turns":3},{"damage":0,"enemies":"3 Darklings","floor":37,"turns":2},{"damage":0,"enemies":"Transient","floor":39,"turns":5},{"damage":0,"enemies":"Giant Head","floor":41,"turns":6},{"damage":0,"enemies":"Maw","floor":44,"turns":6},{"damage":32,"enemies":"Reptomancer","floor":45,"turns":5},{"damage":0,"enemies":"Writhing Mass","floor":47,"turns":3},{"damage":15,"enemies":"Donu and Deca","floor":50,"turns":10}],"seed_played":"5529686053506826388","potions_obtained":[{"floor":0.0,"key":"PowerPotion"},{"floor":0.0,"key":"Weak Potion"},{"floor":0.0,"key":"ColorlessPotion"},{"floor":0.0,"key":"Venom Potion"},{"floor":0.0,"key":"Toxic Potion"},{"floor":0.0,"key":"PowerPotion"},{"floor":4.0,"key":"Energy Potion"},{"floor":5.0,"key":"LifebloodPotion"},{"floor":10.0,"key":"Dexterity Potion"},{"floor":18.0,"key":"Milkshake"},{"floor":30,"key":"Dexterity Potion"},{"floor":33,"key":"FearPotion"},{"floor":37,"key":"SpeedPotion"}],"is_trial":false,"path_per_floor":["M","M","?","M","M","E","R","$","T","E","R","?","?","?","R_BF","B",null,"M","?","M","?","$","R","?","R","T","R","E","AVR","E","M","R_BF","B",null,"M","?","M","?","M","R","E","?","T","M","E","R","M","$","R","B",null],"character_chosen":"THE_SERVANT","items_purchased":["Membership Card","hubris:TinFlute","Potion Belt","Cauldron","SilverBlades","BottledTime","Hightail","RealityMarble","BestPractice","Rearm","Orrery","FlawlessForm","Sunlight","Ricochet","SoulSculpture+1","Potential+1","BargainBundle","Replace","HandOfGreed+1","Rewind","hubris:Insight","Snipe+1","EntropicBrew","PowerPotion","Luminosity","Snipe+1","Moonlight+1","hubris:Spice","Thread and Needle","ReplayUltimateDefense","Adrenaline Potion"],"campfire_rested":2,"item_purchase_floors":[0,0,0,0,0,0,0,0,0,0,0,0,0,0,8,22,22,22,22,22,22,22,22,22,48,48,48,48,48,48,48],"current_hp_per_floor":[22,22,22,22,21,18,37,37,37,37,37,37,37,37,37,45,60,53,53,36,36,36,36,36,36,44,44,35,35,35,35,56,56,69,69,69,69,69,69,69,69,69,79,79,47,71,71,79,79,64],"gold":30,"neow_bonus":"","is_daily":false,"chose_seed":false,"campfire_upgraded":6,"win_rate":0.0,"timestamp":1613627046,"path_taken":["M","M","?","?","M","E","R","$","T","E","R","?","?","?","R_BF","BOSS","M","?","M","?","$","R","?","R","T","R","E","AVR","E","M","R_BF","BOSS","M","?","M","?","M","R","E","?","T","M","E","R","?","$","R","BOSS"],"items_purchased_type":["Relic","Relic","Relic","Relic","Card","Card","Card","Card","Card","Card","Relic","Card","Card","Card","Card","Card","Relic","Card","Card","Card","Card","Card","Potion","Potion","Card","Card","Card","Relic","Relic","Card","Potion"],"build_version":"2020-12-22","purchased_purges":4,"victory":true,"max_hp_per_floor":[65,65,65,65,65,65,65,65,65,65,65,65,65,65,65,65,65,65,65,65,65,65,65,65,65,73,73,73,73,73,73,73,73,73,73,73,73,73,73,73,73,73,83,83,83,83,83,91,91,91],"card_choices":[{"not_picked":["Replace","DualDimension"],"picked":"ShiftingGears","floor":0.0},{"not_picked":["DoubleEdge","Barrier"],"picked":"ShatteredReality","floor":0.0},{"not_picked":["ReturningBlade","DualDimension"],"picked":"Moondial","floor":0.0},{"not_picked":["BestPractice","Unruled"],"picked":"TimeWarp","floor":0.0},{"not_picked":["Duplication","Moonlight"],"picked":"Manipulate","floor":0.0},{"not_picked":["Ricochet","BottledTime"],"picked":"Potential","floor":1.0},{"not_picked":["SurpressingFire","Alleviate"],"picked":"Contraction","floor":2.0},{"not_picked":["Read","Comet"],"picked":"Foresight","floor":4.0},{"not_picked":["ReturningBlade","Revamp"],"picked":"ShatteredReality","floor":5.0},{"not_picked":["TimeWarp+1","Defy"],"picked":"Potential+1","floor":6.0},{"not_picked":["Hightail","Starlight+1"],"picked":"FanOfKnives+1","floor":10.0},{"not_picked":["PendulumOfEternity+1","MurderousAura"],"picked":"Dilation","floor":16.0},{"not_picked":[],"picked":"Ricochet+1","floor":18.0},{"not_picked":[],"picked":"BottledTime+1","floor":20},{"not_picked":[],"picked":"Alleviate+1","floor":28},{"not_picked":["Misdirection"],"picked":"DoubleEdge+1","floor":30},{"not_picked":["BottledTime+1"],"picked":"Moondial+1","floor":31},{"not_picked":["SilverMatrix"],"picked":"TheWorld","floor":33},{"not_picked":["sneckomod:Unknown"],"picked":"hubris:MerchantsHand","floor":34},{"not_picked":["SilverMatrix"],"picked":"Sunlight","floor":34},{"not_picked":["hubris:Ssssneak"],"picked":"Mind Blast","floor":34},{"not_picked":["infinitespire:FinalStrike"],"picked":"infinitespire:Fortify","floor":34},{"not_picked":["TimeWarp+1"],"picked":"ShatteredReality+1","floor":35},{"not_picked":["FanOfKnives+1"],"picked":"Potential+1","floor":37},{"not_picked":["KillingDoll+1","FastForward+1"],"picked":"SKIP","floor":39},{"not_picked":["RealityMarble+1"],"picked":"Revamp","floor":41},{"not_picked":["Snipe+1"],"picked":"Reset","floor":44},{"not_picked":["Starlight+1"],"picked":"BottledTime+1","floor":45},{"not_picked":["Rearm+1"],"picked":"Replace+1","floor":47}],"player_experience":1977288,"relics_obtained":[{"floor":6.0,"key":"Molten Egg 2"},{"floor":9.0,"key":"Ornamental Fan"},{"floor":10.0,"key":"Shuriken"},{"floor":12.0,"key":"Broom"},{"floor":12.0,"key":"Lizard Tail"},{"floor":12.0,"key":"Replay:Bottled Flurry"},{"floor":26,"key":"hubris:Spice"},{"floor":28,"key":"Question Card"},{"floor":30,"key":"hexamod:BolsterEngine"},{"floor":41,"key":"Replay:Rubber Ducky"},{"floor":43,"key":"Pear"},{"floor":45,"key":"hubris:CuriousFeather"}],"event_choices":[{"damage_healed":0.0,"max_hp_gain":0.0,"max_hp_loss":0.0,"gold_gain":0.0,"event_name":"Accursed Blacksmith","player_choice":"Forge","floor":3.0,"gold_loss":0.0,"damage_taken":0.0,"cards_upgraded":["BestPractice"]},{"damage_healed":0.0,"max_hp_gain":0.0,"max_hp_loss":0.0,"gold_gain":0.0,"event_name":"Dead Adventurer","player_choice":"Searched \u00271\u0027 times","floor":13.0,"gold_loss":0.0,"damage_taken":0.0,"relics_obtained":["hubris:BottledRain"]},{"damage_healed":0.0,"max_hp_gain":0.0,"max_hp_loss":0.0,"gold_gain":0.0,"event_name":"N\u0027loth","player_choice":"Ignored","floor":19.0,"gold_loss":0.0,"damage_taken":0.0},{"damage_healed":0,"gold_gain":0,"player_choice":"Upgrade","damage_taken":0,"max_hp_gain":0,"max_hp_loss":0,"event_name":"Designer","floor":21,"gold_loss":40,"cards_upgraded":["ShatteredReality"]},{"cards_removed":["Replace"],"damage_healed":0,"gold_gain":0,"player_choice":"Gave Card","damage_taken":0,"relics_obtained":["hubris:DeckOfHolding"],"max_hp_gain":0,"max_hp_loss":0,"event_name":"WeMeetAgain","floor":24,"gold_loss":0},{"cards_removed":["Defend_S"],"damage_healed":0,"gold_gain":0,"player_choice":"Removed Skill","damage_taken":0,"max_hp_gain":0,"max_hp_loss":0,"event_name":"Falling","floor":38,"gold_loss":0},{"damage_healed":0,"gold_gain":0,"player_choice":"Copied","damage_taken":0,"max_hp_gain":0,"max_hp_loss":0,"event_name":"Duplicator","floor":42,"gold_loss":0,"cards_obtained":["SoulSculpture"]}],"is_beta":false,"boss_relics":[{"not_picked":["Honey Jar","Coffee Dripper"],"picked":"Busted Crown"},{"not_picked":["Replay:Wanted Poster","SlaversCollar"],"picked":"ReplayTheSpireMod:SealedPack"}],"items_purged_floors":[0,8,22,29],"is_endless":false,"potions_floor_spawned":[4,5,10,18,30,33,37,44],"ascension_level":6}}