{"host":"4ojbxe11utoi7geq","time":1613623115,"event":{"mods":["2.2 Compatiblity","Act Like it!","Aspiration","Astrologer","Bard","BaseMod","Challenge The Spire","ChefMod","Colored Map","Colored Powertips","Conspire","Elementarium","Energized Spire","Gensokyo","GifTheSpireLib","Halation","Hallownest","Hermit","Hubris","Infinite Spire","Jedi Mod","Jorbs\u0027s Wanderer Trilogy","Marisa（霧雨　魔理沙）","Marked Mod","Menagerie","Minty Spire (QoL Compilation)","Permanent Neow","Reliquary","Replay The Spire","Robot Space Explorer","Ruina","Spicy Shops","Spire Arcade","StSLib","Stuff the Spire","The Blue Laboratory","The Bug Knight","The Construct","The Disciple","The Hayseed","The Hierophant","The Marked","The Runesmith","The Sage","TheFirefly"],"gold_per_floor":[18,37,47,47,47,47,76,76,76,76,103,103,28,28,57,72,72,170,170,184,7,7,21,31,63,63,93,93,93,125,141,154,154,154,262,262,289,348,348,348,382,425,486,486,486,82,82,82,82,98,98,98,98,98,15,50,50],"floor_reached":58,"language":"ENG","playtime":5287,"items_purged":["Strike_R","Strike_R","Strike_R+1"],"score":1695,"play_id":"7d23a63e-2294-41f0-ad27-e6f499a59bf3","local_time":"20210217233835","is_ascension_mode":true,"campfire_choices":[{"data":"hubris:StunningStrike","floor":6,"key":"SMITH"},{"data":"Bash","floor":8,"key":"SMITH"},{"data":"Clothesline","floor":12,"key":"SMITH"},{"data":"Iron Wave","floor":14,"key":"SMITH"},{"data":"Clothesline","floor":17,"key":"SMITH"},{"data":"Shockwave","floor":26,"key":"SMITH"},{"data":"jedi:harder","floor":29,"key":"SMITH"},{"data":"Disarm","floor":34,"key":"SMITH"},{"data":"infinitespire:UltimateForm","floor":44,"key":"SMITH"},{"data":"True Grit","floor":47,"key":"SMITH"},{"floor":51,"key":"RECALL"},{"data":"Heavy Blade","floor":54,"key":"SMITH"}],"circlet_count":0,"master_deck":["Strike_R+1","Defend_R","Defend_R","Defend_R","Defend_R","Bash+1","Shrug It Off","Clothesline+1","Shrug It Off","hubris:StunningStrike+1","Iron Wave+1","Heavy Blade+1","Clothesline+1","Limit Break","Shockwave+1","Thunderclap","Cleave+1","jedi:harder+1","jedi:unlimitedpower","Disarm+1","Impervious","Headbutt+1","infinitespire:UltimateForm+1","True Grit+1","Iron Wave+1","Impervious","Good Instincts"],"relics":["Burning Blood","Replay:Towering Pillar of Hats","hubris:Towel","StuffTheSpire:Mouthbags","Whetstone","Vajra","energizedSpire:RedRose","jedi:matchstick","Runesmith:AutoHammer","FossilizedHelix","Pen Nib","conspire:Dentures","infinitespire:EvilPickle","Coffee Dripper","reliquary:SilkGlove","Bottled Tornado","StoneCalendar"],"acts_visited":["Exordium","TheCity","TheBeyond","TheEnding"],"potions_floor_usage":[7,7,23,25,40,43,57,57,57],"damage_taken":[{"damage":3,"enemies":"2 Louse","floor":1,"turns":3},{"damage":6,"enemies":"Cultist","floor":2,"turns":4},{"damage":3,"enemies":"Jaw Worm","floor":3,"turns":4},{"damage":12,"enemies":"3 Sentries","floor":7,"turns":6},{"damage":0,"enemies":"HollowMod:MossKnight","floor":15,"turns":7},{"damage":0,"enemies":"Gremlin Gang","floor":16,"turns":4},{"damage":41,"enemies":"Hexaghost","floor":18,"turns":9},{"damage":8,"enemies":"Shell Parasite","floor":20,"turns":5},{"damage":14,"enemies":"conspire:FuzzyDice","floor":23,"turns":6},{"damage":2,"enemies":"Cultist and Chosen","floor":24,"turns":7},{"damage":19,"enemies":"HollowMod:Nosk","floor":25,"turns":8},{"damage":0,"enemies":"Replay:Snechameleon","floor":27,"turns":5},{"damage":0,"enemies":"conspire:SneckoGhost","floor":30,"turns":5},{"damage":0,"enemies":"Centurion and Healer","floor":31,"turns":5},{"damage":0,"enemies":"Snake Plant","floor":32,"turns":4},{"damage":55,"enemies":"Pondfish","floor":35,"turns":8},{"damage":2,"enemies":"3 Darklings","floor":37,"turns":3},{"damage":1,"enemies":"Orb Walker","floor":41,"turns":4},{"damage":0,"enemies":"Spire Growth","floor":42,"turns":5},{"damage":18,"enemies":"Reptomancer","floor":43,"turns":8},{"damage":0,"enemies":"Maw","floor":50,"turns":5},{"damage":0,"enemies":"hubris:GrandSnecko","floor":52,"turns":8},{"damage":37,"enemies":"Shield and Spear","floor":56,"turns":5},{"damage":0,"enemies":"The Heart","floor":57,"turns":6}],"seed_played":"-8733550254008751531","potions_obtained":[{"floor":1,"key":"AttackPotion"},{"floor":2,"key":"LiquidMemories"},{"floor":16,"key":"LiquidBronze"},{"floor":20,"key":"BlessingOfTheForge"},{"floor":22,"key":"Adrenaline Potion"},{"floor":22,"key":"SkillPotion"},{"floor":22,"key":"ColorlessPotion"},{"floor":23,"key":"blueLaboratory:CorrosionFlask"},{"floor":32,"key":"BloodPotion"},{"floor":38,"key":"LifebloodPotion"},{"floor":42,"key":"blueLaboratory:SmithPotion"},{"floor":43,"key":"blueLaboratory:ForbiddenFruitJuice"},{"floor":50,"key":"Elixir"}],"is_trial":false,"path_per_floor":["M","M","M","?","?","R","E","R","PTL","PTL","T","R","$","R","E","M","R","B",null,"M","$","?","M","M","E","R","E","T","R","E","M","M","AVR","R","B",null,"M","?","?","?","M","M","E","R","T","$","R","AVR","?","M","R","B",null,"R","$","E","B",null],"character_chosen":"IRONCLAD","items_purchased":["Shockwave","Bottled Tornado","blueLaboratory:EntrenchedPotion","Good Instincts"],"campfire_rested":0,"item_purchase_floors":[21,46,46,55],"current_hp_per_floor":[80,80,80,80,80,80,74,74,74,74,74,74,74,74,80,80,80,45,80,78,78,78,70,74,61,61,67,67,67,73,79,80,80,80,31,80,80,60,60,57,62,68,56,56,56,56,56,56,56,62,62,68,80,80,80,49,55],"gold":50,"neow_bonus":"ONE_RARE_RELIC","is_daily":false,"chose_seed":false,"campfire_upgraded":11,"win_rate":0.0,"timestamp":1613623115,"path_taken":["M","M","M","?","?","R","E","R","PTL","PTL","T","R","$","R","E","M","R","BOSS","M","?","?","M","?","E","R","E","T","R","E","M","M","AVR","R","BOSS","M","?","?","?","M","M","E","R","T","$","R","AVR","?","M","R","BOSS","R","$","E","BOSS"],"items_purchased_type":["Card","Relic","Potion","Card"],"build_version":"2020-12-22","purchased_purges":3,"victory":true,"max_hp_per_floor":[80,80,80,80,80,80,80,80,80,80,80,80,80,80,80,80,80,80,80,80,80,80,80,80,80,80,80,80,80,80,80,80,80,80,80,80,80,80,80,80,80,80,80,80,80,80,80,80,80,80,80,80,80,80,80,80,80],"card_choices":[{"not_picked":["Twin Strike","Battle Trance"],"picked":"Shrug It Off","floor":1},{"not_picked":["Iron Wave","Flex"],"picked":"Clothesline","floor":2},{"not_picked":["Entrench","Hemokinesis"],"picked":"Shrug It Off","floor":3},{"not_picked":["Armaments","Abandon"],"picked":"Iron Wave","floor":7},{"not_picked":["Run Through","Clothesline"],"picked":"Heavy Blade","floor":15},{"not_picked":["Replay:Undeath\u0027s Touch","Shrug It Off"],"picked":"Clothesline","floor":16},{"not_picked":["Reaper","Barricade"],"picked":"Limit Break","floor":18},{"not_picked":["Pommel Strike","Sword Boomerang","Bloodletting"],"picked":"SKIP","floor":20},{"not_picked":["StuffTheSpire:RockThrow","Rupture"],"picked":"Thunderclap","floor":23},{"not_picked":["Body Slam","ReplayTheSpireMod:Corrosion Curse"],"picked":"Cleave+1","floor":24},{"not_picked":["ReplayTheSpireMod:Strike From Hell","Heavy Blade","Rage"],"picked":"SKIP","floor":25},{"not_picked":["ReplayTheSpireMod:Stacked+1","Power Through+1"],"picked":"jedi:harder","floor":27},{"not_picked":["Sever Soul+1","jedi:collectorstrike"],"picked":"jedi:unlimitedpower","floor":30},{"not_picked":["jedi:hate+1","Run Through","StuffTheSpire:Incineration"],"picked":"SKIP","floor":31},{"not_picked":["Anger+1","Pommel Strike"],"picked":"Disarm","floor":32},{"not_picked":["Berserk","jedi:unlimitedpower"],"picked":"Impervious","floor":35},{"not_picked":["Thunderclap+1","Life Link+1"],"picked":"Headbutt+1","floor":37},{"not_picked":["infinitespire:Punishment","infinitespire:Starlight"],"picked":"infinitespire:UltimateForm","floor":40},{"not_picked":["Body Slam","Heavy Blade+1"],"picked":"True Grit","floor":41},{"not_picked":["jedi:fear","jedi:collectorstrike"],"picked":"Iron Wave+1","floor":42},{"not_picked":["Armaments+1","StuffTheSpire:Resist"],"picked":"Impervious","floor":43},{"not_picked":["Twin Strike","Life Link","Sword Boomerang"],"picked":"SKIP","floor":50},{"not_picked":["Combust","Anger+1","Cleave+1"],"picked":"SKIP","floor":56}],"player_experience":17079,"relics_obtained":[{"floor":7,"key":"StuffTheSpire:Mouthbags"},{"floor":11,"key":"Whetstone"},{"floor":15,"key":"Vajra"},{"floor":25,"key":"jedi:matchstick"},{"floor":27,"key":"Runesmith:AutoHammer"},{"floor":28,"key":"FossilizedHelix"},{"floor":30,"key":"Pen Nib"},{"floor":43,"key":"reliquary:SilkGlove"},{"floor":56,"key":"StoneCalendar"}],"event_choices":[{"damage_healed":0,"gold_gain":0,"cards_transformed":["Strike_R"],"player_choice":"Transformed","damage_taken":0,"max_hp_gain":0,"max_hp_loss":0,"event_name":"Transmorgrifier","floor":5,"gold_loss":0,"cards_obtained":["hubris:StunningStrike"]},{"damage_healed":0,"gold_gain":0,"player_choice":"Got Potions","damage_taken":0,"max_hp_gain":0,"max_hp_loss":0,"event_name":"Lab","floor":22,"gold_loss":0}],"is_beta":false,"boss_relics":[{"not_picked":["halation:PinkAlligatorPlush","Astrolabe"],"picked":"energizedSpire:RedRose"},{"not_picked":["energizedSpire:SpiderWeb","Replay:Wanted Poster"],"picked":"Coffee Dripper"}],"items_purged_floors":[13,21,33],"is_endless":false,"potions_floor_spawned":[1,2,16,20,23,32,42,43,50],"ascension_level":1}}