{"host":"bnbc66jny2i0hx0x","time":1613628548,"event":{"mods":["AchievementEnabler","BaseMod","Minty Spire (QoL Compilation)","Relic Sorter","StSLib"],"gold_per_floor":[114,132,151,164,179,179,207,219,242,262,262,2,2,29,29,106,106,122,48,60,71,85,111,111,137,137,137,137,150,200,229,229,229,229],"floor_reached":33,"language":"ENG","playtime":1375,"items_purged":["Strike_G"],"score":558,"play_id":"1bab0651-ffa2-41b1-ae31-d573f987453b","local_time":"20210217220908","is_ascension_mode":true,"campfire_choices":[{"data":"Glass Knife","floor":6.0,"key":"SMITH"},{"floor":11.0,"key":"REST"},{"data":"Envenom","floor":15.0,"key":"SMITH"},{"floor":24,"key":"REST"},{"data":"Blade Dance","floor":27,"key":"SMITH"},{"floor":32,"key":"REST"}],"circlet_count":0,"master_deck":["AscendersBane","Strike_G+1","Strike_G+1","Strike_G+1","Strike_G+1","Defend_G+1","Defend_G+1","Defend_G+1","Defend_G+1","Defend_G+1","Survivor","Neutralize","Finisher","Riddle With Holes","Skewer","Glass Knife+1","Crippling Poison","Envenom+1","Infinite Blades","Glass Knife","Blade Dance","Slice","Blade Dance+1","Acrobatics","PiercingWail","A Thousand Cuts","Calculated Gamble","Backflip"],"relics":["Ring of the Snake","Mummified Hand","Bronze Scales","PreservedInsect","Potion Belt","WristBlade","Lantern","Juzu Bracelet","Bottled Lightning","Tiny Chest"],"acts_visited":["Exordium","TheCity"],"potions_floor_usage":[25,25,33],"damage_taken":[{"damage":2.0,"enemies":"2 Louse","floor":1.0,"turns":4.0},{"damage":0.0,"enemies":"Cultist","floor":2.0,"turns":3.0},{"damage":4.0,"enemies":"Small Slimes","floor":3.0,"turns":3.0},{"damage":0.0,"enemies":"2 Fungi Beasts","floor":4.0,"turns":3.0},{"damage":16.0,"enemies":"Exordium Thugs","floor":5.0,"turns":6.0},{"damage":29.0,"enemies":"Gremlin Nob","floor":7.0,"turns":4.0},{"damage":1.0,"enemies":"Large Slime","floor":8.0,"turns":5.0},{"damage":1.0,"enemies":"Exordium Wildlife","floor":10.0,"turns":3.0},{"damage":7.0,"enemies":"3 Sentries","floor":14.0,"turns":4.0},{"damage":10.0,"enemies":"The Guardian","floor":16.0,"turns":9.0},{"damage":0.0,"enemies":"Spheric Guardian","floor":18.0,"turns":3.0},{"damage":6.0,"enemies":"Shell Parasite","floor":20.0,"turns":2.0},{"damage":6.0,"enemies":"Centurion and Healer","floor":21.0,"turns":4.0},{"damage":14.0,"enemies":"Shelled Parasite and Fungi","floor":22.0,"turns":4.0},{"damage":15,"enemies":"Gremlin Leader","floor":23,"turns":4},{"damage":6,"enemies":"Book of Stabbing","floor":25,"turns":3},{"damage":0,"enemies":"Chosen and Byrds","floor":29,"turns":3},{"damage":10,"enemies":"Gremlin Leader","floor":31,"turns":3},{"damage":43,"enemies":"Automaton","floor":33,"turns":6}],"seed_played":"-8581743542786664595","potions_obtained":[{"floor":1.0,"key":"DistilledChaos"},{"floor":2.0,"key":"SkillPotion"},{"floor":8.0,"key":"LiquidMemories"},{"floor":13.0,"key":"CunningPotion"},{"floor":18.0,"key":"SteroidPotion"},{"floor":23,"key":"LiquidBronze"},{"floor":25,"key":"Fire Potion"}],"is_trial":false,"path_per_floor":["M","M","M","M","M","R","E","M","T","M","R","$","?","E","R","B",null,"M","$","M","M","M","E","R","E","T","R","?","M","?","E","R","B"],"character_chosen":"THE_SILENT","items_purchased":["PreservedInsect","Infinite Blades","Blade Dance","Slice"],"campfire_rested":3,"item_purchase_floors":[12,12,19,19],"current_hp_per_floor":[63,63,59,59,43,43,14,13,13,12,33,33,33,26,26,16,58,58,58,52,46,32,17,38,32,32,32,32,32,32,22,43,0,0],"gold":229,"neow_bonus":"TEN_PERCENT_HP_BONUS","is_daily":false,"chose_seed":false,"campfire_upgraded":3,"win_rate":0.0,"timestamp":1613628548,"path_taken":["M","M","M","M","M","R","E","M","T","M","R","$","?","E","R","BOSS","M","$","?","M","M","E","R","E","T","R","?","M","?","E","R","BOSS"],"items_purchased_type":["Relic","Card","Card","Card"],"build_version":"2020-12-22","purchased_purges":1,"victory":false,"max_hp_per_floor":[72,72,72,72,72,72,72,72,72,72,72,72,72,72,72,72,72,72,72,72,72,72,72,72,72,72,72,72,72,72,72,72,72,72],"card_choices":[{"not_picked":["Setup","PiercingWail"],"picked":"Finisher","floor":1.0},{"not_picked":["Flying Knee","Leg Sweep"],"picked":"Riddle With Holes","floor":2.0},{"not_picked":["Flying Knee","Well Laid Plans"],"picked":"Skewer","floor":3.0},{"not_picked":["Dodge and Roll","Acrobatics","Sucker Punch"],"picked":"SKIP","floor":4.0},{"not_picked":["Deflect","Infinite Blades"],"picked":"Glass Knife","floor":5.0},{"not_picked":["Dodge and Roll","Noxious Fumes"],"picked":"Crippling Poison","floor":7.0},{"not_picked":["Predator","Flying Knee","Backflip"],"picked":"SKIP","floor":8.0},{"not_picked":["Deflect","Dodge and Roll"],"picked":"Envenom","floor":10.0},{"not_picked":["Reflex","Flying Knee","Acrobatics"],"picked":"SKIP","floor":14.0},{"not_picked":["Grand Finale","Tools of the Trade"],"picked":"Glass Knife","floor":16.0},{"not_picked":["Outmaneuver","Distraction","Well Laid Plans"],"picked":"SKIP","floor":18.0},{"not_picked":["Acrobatics","Cloak And Dagger"],"picked":"Blade Dance","floor":20.0},{"not_picked":["Riddle With Holes","Finisher"],"picked":"Acrobatics","floor":21.0},{"not_picked":["Deflect+1","Expertise"],"picked":"PiercingWail","floor":22},{"not_picked":["Finisher","Bane"],"picked":"A Thousand Cuts","floor":23},{"not_picked":["All Out Attack","Slice","Acrobatics"],"picked":"SKIP","floor":25},{"not_picked":["Acrobatics","Deflect"],"picked":"Calculated Gamble","floor":29},{"not_picked":["Sucker Punch","Outmaneuver"],"picked":"Backflip","floor":31}],"player_experience":1273546,"relics_obtained":[{"floor":7.0,"key":"Mummified Hand"},{"floor":9.0,"key":"Bronze Scales"},{"floor":14.0,"key":"Potion Belt"},{"floor":23,"key":"Lantern"},{"floor":25,"key":"Juzu Bracelet"},{"floor":26,"key":"Bottled Lightning"},{"floor":31,"key":"Tiny Chest"}],"event_choices":[{"damage_healed":0.0,"max_hp_gain":0.0,"max_hp_loss":0.0,"gold_gain":0.0,"event_name":"Lab","player_choice":"Got Potions","floor":13.0,"gold_loss":0.0,"damage_taken":0.0},{"damage_healed":0,"gold_gain":0,"player_choice":"Simplicity","damage_taken":0,"max_hp_gain":0,"max_hp_loss":0,"event_name":"Back to Basics","floor":28,"gold_loss":0,"cards_upgraded":["Strike_G","Strike_G","Strike_G","Strike_G","Defend_G","Defend_G","Defend_G","Defend_G","Defend_G"]},{"damage_healed":0,"gold_gain":50,"player_choice":"Stole From Cult","damage_taken":0,"max_hp_gain":0,"max_hp_loss":0,"event_name":"Nest","floor":30,"gold_loss":0}],"is_beta":false,"boss_relics":[{"not_picked":["Fusion Hammer","Sozu"],"picked":"WristBlade"}],"items_purged_floors":[12],"is_endless":false,"potions_floor_spawned":[1,2,3,8,18,23,25],"killed_by":"Automaton","ascension_level":15}}