{"host":"qy1e0kd24tpj3i2m","time":1613642182,"event":{"mods":["Act Like it!","BaseMod","Better Skull","Better Vampires","Colored Map","Colored Powertips","Curses Come First","Custom Start","Displayed Cursed Tome","Extra Virgin Snecko Oil","Faster Ascension Climbing","Friendly Minions","GifTheSpireLib","Gremlin Skip","Highlight Path","Minty Spire (QoL Compilation)","Permanent Neow","Poor People Problems","Quick Restart","Red Circlet Mod","Relic Filter Mod","Relic Sorter","Reorder Act Four","SacredBarkPlus","Shop Mod","StSLib","SuperFastMode","Transform Curses","没有小屋子和绿帽子啦"],"gold_per_floor":[118,118,133,42,89,89,123,123,123,148,73,73,73],"floor_reached":12,"language":"ZHS","playtime":4909,"items_purged":["Bash"],"score":218,"play_id":"961b47d2-e2b7-42ff-b2ab-f945729ce4d1","local_time":"20210218185622","is_ascension_mode":true,"campfire_choices":[{"data":"Panacea","floor":6.0,"key":"SMITH"},{"data":"Dark Embrace","floor":8.0,"key":"SMITH"}],"circlet_count":0,"master_deck":["AscendersBane","Strike_R","Strike_R","Strike_R","Strike_R","Strike_R","Defend_R","Defend_R","Defend_R","Defend_R","Burning Pact","Panacea+1","Dark Embrace+1","Second Wind"],"relics":["Burning Blood","NeowsBlessing","Ancient Tea Set","Art of War","Shuriken","Mummified Hand"],"acts_visited":["Exordium"],"potions_floor_usage":[12],"damage_taken":[{"damage":0.0,"enemies":"2 Louse","floor":1.0,"turns":1.0},{"damage":0.0,"enemies":"Cultist","floor":3.0,"turns":1.0},{"damage":0.0,"enemies":"3 Sentries","floor":7.0,"turns":2.0},{"damage":50.0,"enemies":"Lagavulin","floor":10.0,"turns":8.0},{"damage":8,"enemies":"Gremlin Nob","floor":12,"turns":3}],"seed_played":"-1116206116956831576","potions_obtained":[{"floor":10.0,"key":"SteroidPotion"}],"is_trial":false,"path_per_floor":["M","?","M","$","T","R","E","R","T","E","$","E"],"character_chosen":"IRONCLAD","items_purchased":["Panacea"],"campfire_rested":0,"item_purchase_floors":[4],"current_hp_per_floor":[74,74,75,75,75,75,75,75,75,31,31,23,23],"gold":73,"neow_bonus":"THREE_ENEMY_KILL","is_daily":false,"chose_seed":false,"campfire_upgraded":2,"win_rate":0.0,"timestamp":1613642182,"path_taken":["M","?","?","$","?","R","E","R","T","E","$","E"],"items_purchased_type":["Card"],"build_version":"2020-12-22","purchased_purges":1,"victory":false,"max_hp_per_floor":[75,75,75,75,75,75,75,75,75,75,75,75,75],"card_choices":[{"not_picked":["Clash","Cleave"],"picked":"Flex","floor":1.0},{"not_picked":["Pummel","Clash"],"picked":"Burning Pact","floor":3.0},{"not_picked":["Flex","Sword Boomerang"],"picked":"Dark Embrace","floor":7.0},{"not_picked":["Warcry","Pommel Strike"],"picked":"Second Wind","floor":10.0}],"player_experience":896495,"relics_obtained":[{"floor":5.0,"key":"Art of War"},{"floor":7.0,"key":"Shuriken"},{"floor":10.0,"key":"Mummified Hand"}],"event_choices":[{"cards_removed":["Flex"],"damage_healed":0.0,"max_hp_gain":0.0,"max_hp_loss":0.0,"gold_gain":0.0,"event_name":"WeMeetAgain","player_choice":"Gave Card","floor":2.0,"gold_loss":0.0,"damage_taken":0.0,"relics_obtained":["Ancient Tea Set"]}],"is_beta":false,"boss_relics":[],"items_purged_floors":[11],"is_endless":false,"potions_floor_spawned":[10],"killed_by":"Gremlin Nob","ascension_level":20}}