{"host":"1y3caoxlf2txzqg0","time":1613671167,"event":{"mods":["Alarm Clock","BaseMod","Colored Map","DeckTracker","Downfall","GifTheSpireLib","Minty Spire (QoL Compilation)","Rare Cards Sparkle","Relic Stats","Spire Birthday Party","StSLib"],"gold_per_floor":[99,116,128,148,167,196,196,207,221,221,221,221],"floor_reached":10,"language":"DEU","playtime":1374,"items_purged":[],"score":79,"play_id":"746b5db9-c46c-4038-b25c-fa6f2dafd148","local_time":"20210218185927","is_ascension_mode":true,"campfire_choices":[{"floor":1,"key":"RECALL"}],"circlet_count":0,"master_deck":["Guardian:Strike_Guardian","Guardian:Strike_Guardian","Guardian:Strike_Guardian","Guardian:Strike_Guardian","Guardian:Defend_Guardian","Guardian:Defend_Guardian","Guardian:Defend_Guardian","Guardian:Defend_Guardian","Guardian:CurlUp","Guardian:TwinSlam","Guardian:Gem_Cyan","Guardian:Gem_Red","Guardian:ChargeCore","Guardian:CompilePackage","Guardian:PrismaticBeam","Guardian:Recover","Guardian:PrimingBeam"],"relics":["Guardian:ModeShifter","Vajra"],"acts_visited":["Exordium"],"potions_floor_usage":[6,10,10],"damage_taken":[{"damage":0,"enemies":"Small Slimes","floor":2,"turns":3},{"damage":20,"enemies":"Jaw Worm","floor":3,"turns":5},{"damage":2,"enemies":"2 Louse","floor":4,"turns":3},{"damage":7,"enemies":"Large Slime","floor":5,"turns":5},{"damage":17,"enemies":"3 Sentries","floor":6,"turns":8},{"damage":0,"enemies":"Exordium Wildlife","floor":8,"turns":1},{"damage":8,"enemies":"Blue Slaver","floor":9,"turns":3},{"damage":39,"enemies":"Gremlin Nob","floor":10,"turns":4}],"seed_played":"2915284958196156332","potions_obtained":[{"floor":2,"key":"Guardian:DefensiveModePotion"},{"floor":6,"key":"Guardian:AcceleratePotion"},{"floor":8,"key":"hexamod:SoulburnPotion"},{"floor":9,"key":"LiquidBronze"}],"is_trial":false,"path_per_floor":["R","M","M","M","M","E","T","M","M","E"],"character_chosen":"GUARDIAN","items_purchased":[],"campfire_rested":0,"item_purchase_floors":[],"current_hp_per_floor":[88,88,68,66,59,42,42,42,34,0,0,0],"gold":221,"neow_bonus":"TEN_PERCENT_HP_BONUS","is_daily":false,"chose_seed":false,"campfire_upgraded":0,"win_rate":0.0,"timestamp":1613671167,"path_taken":["R","M","M","M","M","E","T","M","M","E"],"items_purchased_type":[],"build_version":"2020-12-22","purchased_purges":0,"victory":false,"max_hp_per_floor":[88,88,88,88,88,88,88,88,88,88,88,88],"relic_stats":{"counters":[8,32],"obtain_stats":[{"Guardian:ModeShifter":0,"Vajra":6},{"Guardian:ModeShifter":0,"Vajra":5},{"Guardian:ModeShifter":0,"Vajra":24}]},"card_choices":[{"not_picked":["Guardian:TemporalShield","Guardian:PrimingBeam"],"picked":"Guardian:Gem_Cyan","floor":2},{"not_picked":["Guardian:TemporalShield","Guardian:TimeCapacitor"],"picked":"Guardian:Gem_Red","floor":3},{"not_picked":["Guardian:Gem_Yellow","Guardian:BronzeArmor"],"picked":"Guardian:ChargeCore","floor":4},{"not_picked":["Guardian:Gem_Cyan","Guardian:RollAttack"],"picked":"Guardian:CompilePackage","floor":5},{"not_picked":["Guardian:TemporalStrike","Guardian:PrismaticBarrier"],"picked":"Guardian:PrismaticBeam","floor":6},{"not_picked":["Guardian:Suspension","Guardian:Reroute"],"picked":"Guardian:Recover","floor":8},{"not_picked":["Guardian:WalkerClaw","Guardian:Planning"],"picked":"Guardian:PrimingBeam","floor":9}],"player_experience":1020259,"relics_obtained":[{"floor":6,"key":"Vajra"}],"event_choices":[],"is_beta":false,"boss_relics":[],"items_purged_floors":[],"is_endless":false,"potions_floor_spawned":[2,6,8,9],"killed_by":"Gremlin Nob","ascension_level":2}}