{"host":"xrdu44lqyrrw1kvr","time":1613610804,"event":{"mods":["Aspiration","BaseMod","Colored Powertips","Minty Spire (QoL Compilation)","Relic Stats","Reliquary","Replay The Spire","StSLib"],"gold_per_floor":[113,128,128,145,163,190,190,203,253,223,234,289,320,74,74,178,178,189,207,257,271,17,17,31,56,79,92,122,138,154,187,187,290,290,302,318,2,20,75,75,75,86,86,86,86,86,86,99,99,99,99,99,49,79,79,79],"floor_reached":55,"language":"RUS","playtime":4380,"items_purged":["Strike_G","Strike_G","Strike_G"],"score":1135,"play_id":"cdb15275-5a76-4829-886f-7648de1568fb","local_time":"20210218041324","is_ascension_mode":true,"campfire_choices":[{"floor":7,"key":"REST"},{"data":"A Thousand Cuts","floor":15,"key":"SMITH"},{"data":"Predator","floor":23,"key":"SMITH"},{"floor":32,"key":"RECALL"},{"data":"Dash","floor":40,"key":"SMITH"},{"data":"Dash","floor":44,"key":"SMITH"},{"data":"Leg Sweep","floor":47,"key":"SMITH"},{"floor":49,"key":"REST"},{"data":"Caltrops","floor":52,"key":"SMITH"}],"circlet_count":0,"master_deck":["Strike_G+1","Strike_G+1","Defend_G","Defend_G","Defend_G","Survivor","Neutralize","Dash+1","Leg Sweep+1","Predator+1","Dash+1","A Thousand Cuts+1","Backflip","Blade Dance","ReplayTheSpireMod:Brewmster","Hologram+1","Caltrops+1","Echo Form","Creative AI","Panache"],"relics":["Snecko Eye","Kunai","reliquary:Stiletto","MawBank","aspiration:DefectSkillbook","Replay:Rubber Ducky","Snack Pack","Whetstone","Replay:Accelerometer","Mirror","reliquary:RustamsPendant","reliquary:RosewoodLute"],"acts_visited":["Exordium","TheCity","TheBeyond","TheEnding"],"potions_floor_usage":[4,16,16,16,16,18,19,21,24,24,25,25,27,28,28,28,28,30,30,30,30,30,31,31,31,33,33,33,33,36,36,36,38,38,38,38,39,39,39,39,39,42,50,54,55,55,55],"damage_taken":[{"damage":2,"enemies":"Jaw Worm","floor":1,"turns":5},{"damage":0,"enemies":"Cultist","floor":2,"turns":3},{"damage":0,"enemies":"2 Louse","floor":4,"turns":2},{"damage":0,"enemies":"Gremlin Gang","floor":5,"turns":5},{"damage":27,"enemies":"Gremlin Nob","floor":6,"turns":6},{"damage":0,"enemies":"2 Fungi Beasts","floor":8,"turns":3},{"damage":1,"enemies":"Looter","floor":10,"turns":4},{"damage":0,"enemies":"3 Louse","floor":11,"turns":3},{"damage":0,"enemies":"3 Sentries","floor":12,"turns":4},{"damage":0,"enemies":"Exordium Wildlife","floor":13,"turns":3},{"damage":1,"enemies":"Slime Boss","floor":16,"turns":7},{"damage":0,"enemies":"Spheric Guardian","floor":18,"turns":2},{"damage":11,"enemies":"2 Thieves","floor":19,"turns":2},{"damage":0,"enemies":"Centurion and Healer","floor":21,"turns":5},{"damage":0,"enemies":"Snake Plant","floor":24,"turns":4},{"damage":9,"enemies":"Slavers","floor":25,"turns":6},{"damage":0,"enemies":"Snecko","floor":27,"turns":4},{"damage":0,"enemies":"Book of Stabbing","floor":28,"turns":3},{"damage":0,"enemies":"Cultist and Chosen","floor":29,"turns":5},{"damage":5,"enemies":"Centurion and Healer","floor":30,"turns":10},{"damage":0,"enemies":"Gremlin Leader","floor":31,"turns":5},{"damage":0,"enemies":"Champ","floor":33,"turns":8},{"damage":0,"enemies":"3 Shapes","floor":35,"turns":3},{"damage":0,"enemies":"3 Darklings","floor":36,"turns":5},{"damage":0,"enemies":"Transient","floor":38,"turns":5},{"damage":32,"enemies":"2 Orb Walkers","floor":39,"turns":5},{"damage":0,"enemies":"Writhing Mass","floor":42,"turns":3},{"damage":0,"enemies":"Maw","floor":48,"turns":6},{"damage":15,"enemies":"Time Eater","floor":50,"turns":11},{"damage":92,"enemies":"Shield and Spear","floor":54,"turns":9},{"damage":60,"enemies":"The Heart","floor":55,"turns":6}],"seed_played":"6164583064197151279","potions_obtained":[{"floor":1,"key":"Explosive Potion"},{"floor":8,"key":"Languid Potion"},{"floor":11,"key":"Poison Potion"},{"floor":12,"key":"Fire Potion"},{"floor":13,"key":"Elixir"},{"floor":24,"key":"LiquidBronze"},{"floor":28,"key":"Fruit Juice"}],"is_trial":false,"path_per_floor":["M","M","?","M","M","E","R","M","T","M","M","?","M","$","R","B",null,"M","M","?","M","$","R","M","E","T","M","E","M","M","E","R","B",null,"M","M","$","M","?","R","?","M","T","R","?","$","R","M","R","B",null,"R","$","E","B"],"character_chosen":"THE_SILENT","items_purchased":["ReplayTheSpireMod:Brewmster","Replay:Rubber Ducky","Panache","PowerPotion"],"campfire_rested":2,"item_purchase_floors":[14,22,37,53],"current_hp_per_floor":[61,61,61,61,61,34,55,55,55,54,54,54,54,54,54,53,66,66,55,55,55,55,55,55,46,46,50,61,65,62,68,68,75,75,75,75,75,75,47,47,47,51,51,51,51,51,51,57,75,65,73,73,73,14,0,0],"gold":79,"neow_bonus":"BOSS_RELIC","is_daily":false,"chose_seed":false,"campfire_upgraded":6,"win_rate":0.0,"timestamp":1613610804,"path_taken":["M","M","?","M","M","E","R","M","T","?","M","?","M","$","R","BOSS","M","M","?","M","$","R","M","E","T","M","E","M","M","E","R","BOSS","M","M","$","?","?","R","?","M","T","R","?","$","R","M","R","BOSS","R","$","E","BOSS"],"items_purchased_type":["Card","Relic","Card","Potion"],"build_version":"2020-12-22","purchased_purges":3,"victory":false,"max_hp_per_floor":[70,70,70,70,70,70,70,70,70,70,70,70,70,70,70,70,70,70,70,70,70,70,70,70,70,70,70,75,75,75,75,75,75,75,75,75,75,75,75,75,75,75,75,75,75,75,75,75,75,75,75,75,75,75,75,75],"relic_stats":{"counters":[31,150],"Snecko Eye":[293,254,285,281],"Kunai":[52],"Whetstone":["Strike_G","Strike_G"],"MawBank":24,"obtain_stats":[{"Replay:Accelerometer":28,"Whetstone":26,"reliquary:RosewoodLute":54,"MawBank":12,"Replay:Rubber Ducky":22,"reliquary:RustamsPendant":34,"aspiration:DefectSkillbook":17,"Snecko Eye":0,"reliquary:Stiletto":9,"Snack Pack":25,"Kunai":6,"Mirror":31,"Ring of the Snake":0},{"Replay:Accelerometer":18,"Whetstone":16,"reliquary:RosewoodLute":30,"MawBank":9,"Replay:Rubber Ducky":14,"reliquary:RustamsPendant":22,"aspiration:DefectSkillbook":11,"Snecko Eye":0,"reliquary:Stiletto":6,"Snack Pack":16,"Kunai":5,"Mirror":21,"Ring of the Snake":0},{"Replay:Accelerometer":70,"Whetstone":63,"reliquary:RosewoodLute":144,"MawBank":35,"Replay:Rubber Ducky":54,"reliquary:RustamsPendant":98,"aspiration:DefectSkillbook":45,"Snecko Eye":0,"reliquary:Stiletto":24,"Snack Pack":63,"Kunai":21,"Mirror":90,"Ring of the Snake":0}]},"card_choices":[{"not_picked":["Calculated Gamble","Dodge and Roll"],"picked":"Dash","floor":1},{"not_picked":["Deadly Poison","Bane","Deflect"],"picked":"SKIP","floor":2},{"not_picked":["Skewer","All Out Attack","Flying Knee"],"picked":"SKIP","floor":4},{"not_picked":["Distraction","Setup"],"picked":"Leg Sweep","floor":5},{"not_picked":["Catalyst","ReplayTheSpireMod:Speed Training"],"picked":"Predator","floor":6},{"not_picked":["Sucker Punch","Bane","Endless Agony"],"picked":"SKIP","floor":8},{"not_picked":["Noxious Fumes","Flying Knee"],"picked":"Dash","floor":10},{"not_picked":["Flying Knee","Replay:Poison Smokescreen"],"picked":"A Thousand Cuts","floor":11},{"not_picked":["Noxious Fumes","Deadly Poison"],"picked":"Backflip","floor":12},{"not_picked":["Poisoned Stab","ReplayTheSpireMod:Shiv Toss"],"picked":"Blade Dance","floor":13},{"not_picked":["Quick Slash+1","Slice","Deadly Poison"],"picked":"Hologram+1","floor":18},{"not_picked":["Outmaneuver","Crystallizer","FTL","ReplayTheSpireMod:Exploit Weakness"],"picked":"SKIP","floor":19},{"not_picked":["Accuracy","ReplayTheSpireMod:Speed Training","Double Energy","Sucker Punch"],"picked":"SKIP","floor":21},{"not_picked":["ReplayTheSpireMod:System Scan","Deflect","Cloak And Dagger"],"picked":"Caltrops","floor":24},{"not_picked":["Malaise","Genetic Algorithm","Redo+1","Bane"],"picked":"SKIP","floor":25},{"not_picked":["Underhanded Strike","Time Bomb+1","Streamline"],"picked":"Echo Form","floor":27},{"not_picked":["Prepared","BasicCrystalCard","FTL","Acrobatics"],"picked":"SKIP","floor":28},{"not_picked":["Hello World","Auto Shields","Concentrate+1","Beam Cell"],"picked":"SKIP","floor":29},{"not_picked":["Loop+1","Sweeping Beam","aspiration:Polymerization","Lockon"],"picked":"SKIP","floor":30},{"not_picked":["Coolheaded","Loop","Hidden Blade+1","Lockon"],"picked":"SKIP","floor":31},{"not_picked":["aspiration:Lunge","Envenom","Electrodynamics"],"picked":"Creative AI","floor":33},{"not_picked":["Deadly Poison+1","Turbo+1","Ball Lightning+1","Lockon+1"],"picked":"SKIP","floor":35},{"not_picked":["ReplayTheSpireMod:Scrap Shanks","Reprogram","Go for the Eyes","ReplayTheSpireMod:Calculation Training"],"picked":"SKIP","floor":36},{"not_picked":["ReplayTheSpireMod:System Scan","ReplayTheSpireMod:Scrap Shanks+1","Deadly Poison+1","Hologram+1"],"picked":"SKIP","floor":38},{"not_picked":["Deflect+1","Bane+1","Deadly Poison","Ball Lightning"],"picked":"SKIP","floor":42},{"not_picked":["Steam","Slice+1","ReplayTheSpireMod:Scrap Shanks","Sweeping Beam"],"picked":"SKIP","floor":48},{"not_picked":["Poison Darts","Calculated Gamble","Gash","aspiration:Polymerization+1"],"picked":"SKIP","floor":54}],"player_experience":1995419,"relics_obtained":[{"floor":6,"key":"Kunai"},{"floor":9,"key":"reliquary:Stiletto"},{"floor":12,"key":"MawBank"},{"floor":25,"key":"Snack Pack"},{"floor":26,"key":"Whetstone"},{"floor":28,"key":"Replay:Accelerometer"},{"floor":31,"key":"Mirror"},{"floor":54,"key":"reliquary:RosewoodLute"}],"event_choices":[{"cards_removed":["Defend_G"],"damage_healed":0,"gold_gain":0,"player_choice":"Purged","damage_taken":0,"max_hp_gain":0,"max_hp_loss":0,"event_name":"Purifier","floor":3,"gold_loss":0},{"damage_healed":0,"gold_gain":0,"player_choice":"Searched \u00272\u0027 times","damage_taken":0,"max_hp_gain":0,"max_hp_loss":0,"event_name":"Dead Adventurer","floor":12,"gold_loss":0},{"damage_healed":0,"gold_gain":100,"player_choice":"Bet on Murderer","damage_taken":0,"max_hp_gain":0,"max_hp_loss":0,"event_name":"The Joust","floor":20,"gold_loss":50},{"damage_healed":0,"gold_gain":0,"player_choice":"Fight","damage_taken":0,"max_hp_gain":0,"max_hp_loss":0,"event_name":"Mysterious Sphere","floor":39,"gold_loss":0},{"damage_healed":0,"gold_gain":0,"player_choice":"Memory 1","damage_taken":0,"max_hp_gain":0,"max_hp_loss":0,"event_name":"SensoryStone","floor":41,"gold_loss":0},{"cards_removed":["Defend_G"],"damage_healed":0,"gold_gain":0,"player_choice":"Removed Skill","damage_taken":0,"max_hp_gain":0,"max_hp_loss":0,"event_name":"Falling","floor":45,"gold_loss":0}],"is_beta":false,"boss_relics":[{"not_picked":["aspiration:WatcherSkillbook","Runic Pyramid"],"picked":"aspiration:DefectSkillbook"},{"not_picked":["aspiration:RitualDagger","Philosopher\u0027s Stone"],"picked":"reliquary:RustamsPendant"}],"items_purged_floors":[14,22,37],"is_endless":false,"potions_floor_spawned":[1,8,11,12,13,16,21,24,28,29,33,35,39],"killed_by":"The Heart","ascension_level":9}}