{"host":"v4pe0ixo3k7iwzp0","time":1613684947,"event":{"mods":["100% Spire Juice","BaseMod","Bestiary","Highlight Path","Minty Spire (QoL Compilation)","StSLib","Td1madao Mod","The Senshi"],"gold_per_floor":[113,127,139,96,28,28,28,56,81,81,81,81,100,118,118,213,213,224,236,151,30,30,30,30],"floor_reached":23,"language":"ENG","playtime":2760,"items_purged":["theSenshi:SailorKick"],"score":189,"play_id":"671a4888-1052-4651-91c7-76396f8d2fa2","local_time":"20210218134907","is_ascension_mode":false,"campfire_choices":[{"data":"theSenshi:MoonPrismPowerMakeUp","floor":6.0,"key":"SMITH"},{"data":"theSenshi:MoonPrincessHalation","floor":10.0,"key":"SMITH"},{"floor":15.0,"key":"REST"}],"circlet_count":0,"master_deck":["theSenshi:SailorKick","theSenshi:SailorKick","theSenshi:SailorKick","theSenshi:SailorBlock","theSenshi:SailorBlock","theSenshi:SailorBlock","theSenshi:SailorBlock","theSenshi:RoseThrow","theSenshi:MoonPrismPowerMakeUp+1","theSenshi:InTheNickOfTime","theSenshi:SailorMercuryAssists","theSenshi:MoonCosmicPowerMakeUp","theSenshi:MoonPrincessHalation+1","theSenshi:MoonTiaraMagic","theSenshi:TallSilhouette","theSenshi:MoonPunch","theSenshi:MoonKick","theSenshi:MoonsReflection","theSenshi:MoonPunch","Writhe"],"relics":["theSenshi:TransformationBroochRelic","Bag of Marbles","theSenshi:CosmicHeartCompactRelic","Philosopher\u0027s Stone","Mercury Hourglass","Tiny Chest"],"acts_visited":["Exordium","TheCity"],"potions_floor_usage":[],"damage_taken":[{"damage":0.0,"enemies":"Cultist","floor":1.0,"turns":6.0},{"damage":4.0,"enemies":"Small Slimes","floor":2.0,"turns":4.0},{"damage":0.0,"enemies":"2 Louse","floor":3.0,"turns":4.0},{"damage":16.0,"enemies":"Lagavulin","floor":8.0,"turns":12.0},{"damage":0.0,"enemies":"Lots of Slimes","floor":13.0,"turns":5.0},{"damage":2.0,"enemies":"Looter","floor":14.0,"turns":3.0},{"damage":26.0,"enemies":"The Guardian","floor":16.0,"turns":11.0},{"damage":16.0,"enemies":"Spheric Guardian","floor":18.0,"turns":5.0},{"damage":2.0,"enemies":"Chosen","floor":19.0,"turns":3.0},{"damage":0,"enemies":"Gremlin Leader","floor":23,"turns":1}],"seed_played":"-6557549166142632732","potions_obtained":[{"floor":1.0,"key":"SkillPotion"},{"floor":3.0,"key":"Dexterity Potion"},{"floor":14.0,"key":"Energy Potion"},{"floor":18.0,"key":"BlessingOfTheForge"}],"is_trial":false,"path_per_floor":["M","M","M","?","$","R","?","E","T","R","?","?","M","M","R","B",null,"M","M","?","$","?","E"],"character_chosen":"THE_SENSHI","items_purchased":["theSenshi:MoonCosmicPowerMakeUp","theSenshi:MoonPunch"],"campfire_rested":1,"item_purchase_floors":[5,21],"current_hp_per_floor":[82,78,78,78,78,78,83,67,67,67,60,60,60,58,84,58,87,71,69,69,69,69,69,69],"gold":30,"neow_bonus":"TEN_PERCENT_HP_BONUS","is_daily":false,"chose_seed":false,"campfire_upgraded":2,"win_rate":0.0,"timestamp":1613684947,"path_taken":["M","M","M","?","$","R","?","E","T","R","?","?","?","M","R","BOSS","M","M","?","$","?","E"],"items_purchased_type":["Card","Card"],"build_version":"2020-12-22","purchased_purges":1,"victory":false,"max_hp_per_floor":[82,82,82,82,82,82,87,87,87,87,87,87,87,87,87,87,87,87,87,87,87,87,87,87],"card_choices":[{"not_picked":["theSenshi:GatheringStrength","theSenshi:MoonsReflection"],"picked":"theSenshi:InTheNickOfTime","floor":1.0},{"not_picked":["theSenshi:SailorVenusAssists","theSenshi:SchoolBag"],"picked":"theSenshi:SailorMercuryAssists","floor":2.0},{"not_picked":["theSenshi:SchoolBag","theSenshi:SteeledNerves","theSenshi:MoonPower"],"picked":"SKIP","floor":3.0},{"not_picked":["theSenshi:VenusGlamour","theSenshi:LateForSchool"],"picked":"theSenshi:MoonPrincessHalation","floor":8.0},{"not_picked":["theSenshi:ChibiMoonsLove","theSenshi:SailorMarsAssists"],"picked":"theSenshi:TallSilhouette","floor":13.0},{"not_picked":["theSenshi:DramaticEntrance","theSenshi:MoonTiaraMagic"],"picked":"theSenshi:MoonPunch","floor":14.0},{"not_picked":["theSenshi:SteeledNerves","theSenshi:EncouragingSpeech"],"picked":"theSenshi:MoonKick","floor":18.0},{"not_picked":["theSenshi:MoonlightKnight+1","theSenshi:SailorPlanetPower+1"],"picked":"theSenshi:MoonsReflection","floor":19.0}],"player_experience":150335,"relics_obtained":[{"floor":8.0,"key":"Bag of Marbles"},{"floor":9.0,"key":"theSenshi:CosmicHeartCompactRelic"}],"event_choices":[{"damage_healed":0.0,"max_hp_gain":0.0,"max_hp_loss":0.0,"gold_gain":0.0,"event_name":"World of Goop","player_choice":"Left Gold","floor":4.0,"gold_loss":43.0,"damage_taken":0.0},{"damage_healed":0.0,"max_hp_gain":5.0,"max_hp_loss":0.0,"gold_gain":0.0,"event_name":"Big Fish","player_choice":"Donut","floor":7.0,"gold_loss":0.0,"damage_taken":0.0},{"damage_healed":0.0,"max_hp_gain":0.0,"max_hp_loss":0.0,"gold_gain":0.0,"event_name":"Scrap Ooze","player_choice":"Fled","floor":11.0,"gold_loss":0.0,"damage_taken":7.0},{"damage_healed":0.0,"max_hp_gain":0.0,"max_hp_loss":0.0,"gold_gain":0.0,"event_name":"Match and Keep!","player_choice":"1 cards matched","floor":12.0,"gold_loss":0.0,"damage_taken":0.0,"cards_obtained":["theSenshi:MoonTiaraMagic"]},{"damage_healed":0.0,"max_hp_gain":0.0,"max_hp_loss":0.0,"gold_gain":0.0,"event_name":"Addict","player_choice":"Obtained Relic","floor":20.0,"gold_loss":85.0,"damage_taken":0.0,"relics_obtained":["Mercury Hourglass"]},{"damage_healed":0.0,"max_hp_gain":0.0,"max_hp_loss":0.0,"gold_gain":0.0,"event_name":"The Mausoleum","player_choice":"Opened","floor":22.0,"gold_loss":0.0,"damage_taken":0.0,"relics_obtained":["Tiny Chest"],"cards_obtained":["Writhe"]}],"is_beta":false,"boss_relics":[{"not_picked":["Busted Crown","Fusion Hammer"],"picked":"Philosopher\u0027s Stone"}],"items_purged_floors":[21],"is_endless":false,"potions_floor_spawned":[1,3,14,18],"killed_by":"Gremlin Leader","ascension_level":0}}