{"host":"aaqofma31c3gm2hj","time":1613618422,"event":{"mods":["BaseMod","GungeonMod","Minty Spire (QoL Compilation)","Replay The Spire","Spicy Shops","StSLib"],"gold_per_floor":[110,110,110,35,53,53,82,96,121,121,138,138,138,38,38,38,38,115,115,115,115],"floor_reached":20,"language":"ZHS","playtime":514,"items_purged":["Strike_R","Pain"],"score":386,"play_id":"8fc7d173-a06a-4b5d-b7f3-9542d28c9997","local_time":"20210218112022","is_ascension_mode":true,"campfire_choices":[{"data":"Second Wind","floor":6.0,"key":"SMITH"},{"data":"Bash","floor":12.0,"key":"SMITH"},{"data":"Reaper","floor":16.0,"key":"SMITH"}],"circlet_count":0,"master_deck":["AscendersBane","Strike_R","Defend_R","Defend_R","Defend_R+1","Defend_R+1","Bash+1","Shrug It Off","Reaper+1","Second Wind+1","Offering","Berserk"],"relics":["Burning Blood","NeowsBlessing","WarpedTongs","Simple Rune","PreservedInsect","DemoMod:DecoyRelic","Brimstone","ChewingGum"],"acts_visited":["Exordium","TheCity"],"potions_floor_usage":[20,20],"damage_taken":[{"damage":0.0,"enemies":"Jaw Worm","floor":1.0,"turns":1.0},{"damage":0.0,"enemies":"2 Louse","floor":5.0,"turns":1.0},{"damage":1.0,"enemies":"3 Sentries","floor":7.0,"turns":1.0},{"damage":8.0,"enemies":"Cultist","floor":8.0,"turns":4.0},{"damage":6.0,"enemies":"Exordium Thugs","floor":11.0,"turns":6.0},{"damage":54.0,"enemies":"Fading Forest","floor":18.0,"turns":13.0},{"damage":6,"enemies":"3 Byrds","floor":20,"turns":2}],"seed_played":"-2118878013981623613","potions_obtained":[{"floor":7.0,"key":"Adrenaline Potion"},{"floor":8.0,"key":"Adrenaline Potion"}],"is_trial":false,"path_per_floor":["M","?","?","$","M","R","E","M","T","T","M","R","$","$","?","R","R","B",null,"M"],"character_chosen":"IRONCLAD","items_purchased":["Brimstone"],"campfire_rested":0,"item_purchase_floors":[13],"current_hp_per_floor":[74,74,74,74,75,75,75,73,73,73,75,75,75,75,75,75,75,75,75,69,69],"gold":115,"neow_bonus":"THREE_ENEMY_KILL","is_daily":false,"chose_seed":false,"campfire_upgraded":3,"win_rate":0.0,"timestamp":1613618422,"path_taken":["M","?","?","$","M","R","E","?","T","T","M","R","?","$","?","R","R","BOSS","M"],"items_purchased_type":["Relic"],"build_version":"2020-12-22","purchased_purges":2,"victory":false,"max_hp_per_floor":[75,75,75,75,75,75,75,75,75,75,75,75,75,75,75,75,75,75,75,75,75],"card_choices":[{"not_picked":["Iron Wave","Perfected Strike"],"picked":"Shrug It Off","floor":1.0},{"not_picked":["ReplayTheSpireMod:Muscle Training","Heavy Blade"],"picked":"Second Wind","floor":5.0},{"not_picked":["Body Slam","Perfected Strike","Run Through"],"picked":"SKIP","floor":7.0},{"not_picked":["Iron Wave","Searing Blow","Flex"],"picked":"SKIP","floor":8.0},{"not_picked":["ReplayTheSpireMod:LeadingStrike","Wild Strike","Run Through"],"picked":"SKIP","floor":11.0},{"not_picked":["Demon Form","Juggernaut"],"picked":"Berserk","floor":18.0}],"player_experience":682941,"relics_obtained":[{"floor":7.0,"key":"Simple Rune"},{"floor":9.0,"key":"PreservedInsect"},{"floor":10.0,"key":"DemoMod:DecoyRelic"}],"event_choices":[{"damage_healed":0.0,"max_hp_gain":0.0,"max_hp_loss":0.0,"gold_gain":0.0,"cards_transformed":["Strike_R"],"event_name":"Living Wall","player_choice":"Change","floor":2.0,"gold_loss":0.0,"damage_taken":0.0,"cards_obtained":["Reaper"]},{"damage_healed":0.0,"max_hp_gain":0.0,"max_hp_loss":0.0,"gold_gain":0.0,"event_name":"Accursed Blacksmith","player_choice":"Rummage","floor":3.0,"gold_loss":0.0,"damage_taken":0.0,"relics_obtained":["WarpedTongs"],"cards_obtained":["Pain"]}],"is_beta":false,"boss_relics":[{"not_picked":["Ooze Armor","Empty Cage"],"picked":"ChewingGum"}],"items_purged_floors":[4,14],"is_endless":false,"potions_floor_spawned":[7,8,11],"killed_by":"3 Byrds","ascension_level":20}}