{"host":"lv7etzzgwahaenh9","time":1613683317,"event":{"mods":["AchievementEnabler","BaseMod","Colored Map","Colored Powertips","Highlight Path","Minty Spire (QoL Compilation)","Permanent Neow","Quick Restart","Random Character Button","StSLib"],"gold_per_floor":[211,228,239,257,12,37,37,2,29,29,61,101,101,130,130,235,235,281,281,329,46,90,90,90],"floor_reached":23,"language":"ENG","playtime":1163,"items_purged":["Strike_P"],"score":342,"play_id":"beb0b743-3614-4ea7-809a-376057daaca0","local_time":"20210218132157","is_ascension_mode":true,"campfire_choices":[{"floor":7.0,"key":"REST"},{"data":"Wish","floor":13.0,"key":"SMITH"},{"data":"The Bomb","floor":15.0,"key":"SMITH"}],"circlet_count":0,"master_deck":["Strike_P","Strike_P","Strike_P","Defend_P","Defend_P","Defend_P","Defend_P","Eruption","Vigilance","TalkToTheHand","FollowUp","CutThroughFate","Wish+1","The Bomb+1","Protect","TalkToTheHand","FollowUp","JustLucky","ThirdEye","DevaForm","PathToVictory+1","Prostrate","Nirvana"],"relics":["HolyWater","Membership Card","Lantern","Art of War","Toy Ornithopter","Mercury Hourglass","Strange Spoon","Happy Flower","Bag of Preparation"],"acts_visited":["Exordium","TheCity"],"potions_floor_usage":[23],"damage_taken":[{"damage":0.0,"enemies":"Jaw Worm","floor":1.0,"turns":4.0},{"damage":0.0,"enemies":"2 Louse","floor":2.0,"turns":5.0},{"damage":2.0,"enemies":"Small Slimes","floor":3.0,"turns":4.0},{"damage":4.0,"enemies":"Blue Slaver","floor":4.0,"turns":4.0},{"damage":32.0,"enemies":"Gremlin Nob","floor":6.0,"turns":4.0},{"damage":17.0,"enemies":"3 Sentries","floor":11.0,"turns":5.0},{"damage":0.0,"enemies":"2 Fungi Beasts","floor":12.0,"turns":5.0},{"damage":0.0,"enemies":"Gremlin Nob","floor":14.0,"turns":2.0},{"damage":20.0,"enemies":"Hexaghost","floor":16.0,"turns":9.0},{"damage":17.0,"enemies":"2 Thieves","floor":18.0,"turns":3.0},{"damage":21.0,"enemies":"Spheric Guardian","floor":20.0,"turns":4.0},{"damage":2.0,"enemies":"Snake Plant","floor":22.0,"turns":5.0},{"damage":62,"enemies":"Book of Stabbing","floor":23,"turns":8}],"seed_played":"1619644843882214089","potions_obtained":[{"floor":1.0,"key":"Strength Potion"},{"floor":2.0,"key":"SteroidPotion"},{"floor":12.0,"key":"Dexterity Potion"},{"floor":14.0,"key":"PowerPotion"},{"floor":18.0,"key":"EssenceOfSteel"}],"is_trial":false,"path_per_floor":["M","M","M","M","$","E","R","?","T","?","E","M","R","E","R","B",null,"M","?","M","$","M","E"],"character_chosen":"WATCHER","items_purchased":["Membership Card","The Bomb","Protect","Strange Spoon","Happy Flower","Bag of Preparation","Nirvana"],"campfire_rested":1,"item_purchase_floors":[5,5,5,21,21,21,21],"current_hp_per_floor":[65,65,63,59,59,27,48,66,66,66,49,49,49,54,54,34,63,46,70,49,49,52,0,0],"gold":90,"neow_bonus":"HUNDRED_GOLD","is_daily":false,"chose_seed":false,"campfire_upgraded":2,"win_rate":0.0,"timestamp":1613683317,"path_taken":["M","M","M","M","$","E","R","?","T","?","E","M","R","E","R","BOSS","M","?","M","$","M","E"],"items_purchased_type":["Relic","Card","Card","Relic","Relic","Relic","Card"],"build_version":"2020-12-22","purchased_purges":1,"victory":false,"max_hp_per_floor":[72,72,72,72,72,72,72,72,72,72,72,72,72,72,72,72,72,72,72,72,72,72,72,72],"card_choices":[{"not_picked":["EmptyFist","Worship"],"picked":"TalkToTheHand","floor":1.0},{"not_picked":["Crescendo","MentalFortress"],"picked":"FollowUp","floor":2.0},{"not_picked":["PathToVictory","ClearTheMind"],"picked":"CutThroughFate","floor":3.0},{"not_picked":["Sanctity","FlyingSleeves"],"picked":"Wish","floor":4.0},{"not_picked":["CutThroughFate","Protect"],"picked":"TalkToTheHand","floor":6.0},{"not_picked":["ConjureBlade","MentalFortress"],"picked":"FollowUp","floor":11.0},{"not_picked":["Study","MentalFortress"],"picked":"JustLucky","floor":12.0},{"not_picked":["MentalFortress","CrushJoints"],"picked":"ThirdEye","floor":14.0},{"not_picked":["Alpha","Devotion"],"picked":"DevaForm","floor":16.0},{"not_picked":["Vengeance","ReachHeaven"],"picked":"PathToVictory+1","floor":18.0},{"not_picked":["Worship","Sanctity"],"picked":"Prostrate","floor":20.0},{"not_picked":["CrushJoints","FlurryOfBlows","SignatureMove+1"],"picked":"SKIP","floor":22.0}],"player_experience":426650,"relics_obtained":[{"floor":6.0,"key":"Lantern"},{"floor":9.0,"key":"Art of War"},{"floor":11.0,"key":"Toy Ornithopter"},{"floor":14.0,"key":"Mercury Hourglass"}],"event_choices":[{"damage_healed":18.0,"max_hp_gain":0.0,"max_hp_loss":0.0,"gold_gain":0.0,"event_name":"The Cleric","player_choice":"Healed","floor":8.0,"gold_loss":35.0,"damage_taken":0.0},{"damage_healed":0.0,"max_hp_gain":0.0,"max_hp_loss":0.0,"gold_gain":0.0,"event_name":"Liars Game","player_choice":"Ignored","floor":10.0,"gold_loss":0.0,"damage_taken":0.0},{"damage_healed":24.0,"max_hp_gain":0.0,"max_hp_loss":0.0,"gold_gain":0.0,"event_name":"The Library","player_choice":"Heal","floor":19.0,"gold_loss":0.0,"damage_taken":0.0}],"is_beta":false,"boss_relics":[{"not_picked":["Empty Cage","Busted Crown"],"picked":"HolyWater"}],"items_purged_floors":[21],"is_endless":false,"potions_floor_spawned":[1,2,12,14,18],"killed_by":"Book of Stabbing","ascension_level":9}}