{"host":"qc268ltokmxwqyrx","time":1613624869,"event":{"mods":["BaseMod","Colored Map","Colored Powertips","Minty Spire (QoL Compilation)","Relic Stats","Slay the Relics Exporter","StSLib","ojb\u0027s Info Mod"],"gold_per_floor":[110,110,110,131,149,149,164,204,204,154,154,22,66,216,216,315,315,340,390,440,455,478,519,562,90,116,135,151,175,206,14,14,103,103,122,135,25,43,43,81,102,125,173,213,234,273,294,314,314,314,314,314,314,4,37,37,37],"floor_reached":56,"language":"ENG","playtime":6946,"items_purged":["Strike_R","Strike_R"],"score":2078,"play_id":"96417584-c4c3-476f-9821-58f36acc78d7","local_time":"20210217230749","is_ascension_mode":true,"campfire_choices":[{"data":"Mayhem","floor":6.0,"key":"SMITH"},{"floor":11.0,"key":"REST"},{"data":"Rupture","floor":15.0,"key":"SMITH"},{"data":"Burning Pact","floor":32.0,"key":"SMITH"},{"floor":49.0,"key":"RECALL"},{"data":"True Grit","floor":53.0,"key":"SMITH"}],"circlet_count":0,"master_deck":["AscendersBane","Strike_R","Strike_R","Defend_R","Defend_R","Defend_R","Defend_R","Bash","Mayhem+1","Shockwave","Pain","Battle Trance","Iron Wave","Rupture+1","Anger","Hemokinesis","Feel No Pain+1","Doubt","Reaper","Dual Wield+1","Warcry","Spot Weakness","Burning Pact+1","True Grit+1","Shrug It Off","Second Wind","Shrug It Off","Disarm+1","Headbutt","Brutality+1","Pommel Strike","Double Tap","Clumsy","Sword Boomerang+1","Dark Embrace+1","Parasite","True Grit+1","Disarm","Power Through"],"relics":["Burning Blood","Golden Idol","WarpedTongs","Regal Pillow","Blue Candle","Du-Vu Doll","Sozu","Frozen Egg 2","Red Mask","Charon\u0027s Ashes","Bronze Scales","Centennial Puzzle","Membership Card","Cursed Key","Lantern","Toy Ornithopter","Red Skull","PreservedInsect","Medical Kit","Bottled Tornado","Blood Vial"],"acts_visited":["Exordium","TheCity","TheBeyond","TheEnding"],"potions_floor_usage":[],"damage_taken":[{"damage":7.0,"enemies":"Jaw Worm","floor":1.0,"turns":4.0},{"damage":4.0,"enemies":"Cultist","floor":4.0,"turns":3.0},{"damage":22.0,"enemies":"Small Slimes","floor":5.0,"turns":4.0},{"damage":8.0,"enemies":"2 Fungi Beasts","floor":7.0,"turns":5.0},{"damage":26.0,"enemies":"Gremlin Nob","floor":8.0,"turns":4.0},{"damage":23.0,"enemies":"3 Sentries","floor":13.0,"turns":5.0},{"damage":15.0,"enemies":"Hexaghost","floor":16.0,"turns":5.0},{"damage":29.0,"enemies":"2 Thieves","floor":18.0,"turns":4.0},{"damage":39.0,"enemies":"3 Byrds","floor":21.0,"turns":6.0},{"damage":55.0,"enemies":"Slavers","floor":23.0,"turns":4.0},{"damage":62.0,"enemies":"Masked Bandits","floor":24.0,"turns":5.0},{"damage":23.0,"enemies":"Centurion and Healer","floor":27.0,"turns":6.0},{"damage":10.0,"enemies":"3 Cultists","floor":28.0,"turns":4.0},{"damage":34.0,"enemies":"Snake Plant","floor":29.0,"turns":4.0},{"damage":28.0,"enemies":"Book of Stabbing","floor":30.0,"turns":5.0},{"damage":33.0,"enemies":"Automaton","floor":33.0,"turns":8.0},{"damage":63.0,"enemies":"3 Shapes","floor":35.0,"turns":5.0},{"damage":13.0,"enemies":"3 Darklings","floor":36.0,"turns":5.0},{"damage":14.0,"enemies":"Sphere and 2 Shapes","floor":38.0,"turns":4.0},{"damage":51.0,"enemies":"Nemesis","floor":40.0,"turns":7.0},{"damage":25.0,"enemies":"Jaw Worm Horde","floor":41.0,"turns":4.0},{"damage":16.0,"enemies":"Transient","floor":42.0,"turns":6.0},{"damage":18.0,"enemies":"Reptomancer","floor":44.0,"turns":4.0},{"damage":7.0,"enemies":"4 Shapes","floor":45.0,"turns":6.0},{"damage":40.0,"enemies":"Giant Head","floor":46.0,"turns":5.0},{"damage":20.0,"enemies":"Writhing Mass","floor":47.0,"turns":5.0},{"damage":21.0,"enemies":"3 Darklings","floor":48.0,"turns":4.0},{"damage":66.0,"enemies":"Awakened One","floor":50.0,"turns":6.0},{"damage":36.0,"enemies":"Donu and Deca","floor":51.0,"turns":6.0},{"damage":52.0,"enemies":"Shield and Spear","floor":55.0,"turns":5.0},{"damage":84,"enemies":"The Heart","floor":56,"turns":6}],"seed_played":"3352673875400550716","potions_obtained":[{"floor":5.0,"key":"Fire Potion"},{"floor":7.0,"key":"EntropicBrew"},{"floor":16.0,"key":"ElixirPotion"}],"is_trial":false,"path_per_floor":["M","?","?","M","M","R","M","E","T","?","R","$","E","?","R","B",null,"M","?","?","M","T","E","?","$","T","M","M","M","E","$","R","B",null,"M","M","?","M","$","E","M","M","T","E","M","E","M","M","R","B","B",null,"R","$","E","B"],"character_chosen":"IRONCLAD","items_purchased":["Hemokinesis","FearPotion","Charon\u0027s Ashes","True Grit","Membership Card","Headbutt","Medical Kit","Bottled Tornado","Disarm"],"campfire_rested":1,"item_purchase_floors":[12,12,25,25,31,31,54,54,54],"current_hp_per_floor":[67,44,44,46,30,30,28,8,8,8,43,43,26,26,26,17,55,57,57,57,42,42,45,13,13,13,30,56,28,21,21,21,26,58,39,53,53,64,64,68,68,68,68,68,67,68,54,39,39,16,31,59,59,59,68,0,0],"gold":37,"neow_bonus":"RANDOM_COLORLESS_2","is_daily":false,"chose_seed":false,"campfire_upgraded":4,"win_rate":0.0,"timestamp":1613624869,"path_taken":["M","?","?","M","?","R","M","E","T","?","R","?","E","?","R","BOSS","M","?","?","?","?","E","?","$","T","M","M","M","E","$","R","BOSS","M","M","?","M","$","E","?","M","T","E","M","E","?","M","R","BOSS","BOSS","R","$","E","BOSS"],"items_purchased_type":["Card","Potion","Relic","Card","Relic","Card","Relic","Relic","Card"],"build_version":"2020-12-22","purchased_purges":2,"victory":false,"max_hp_per_floor":[68,68,68,68,68,68,68,68,68,68,68,68,68,68,68,68,68,68,68,68,68,68,68,68,68,68,68,68,68,68,68,68,68,68,68,68,68,68,68,68,68,68,68,68,68,68,68,68,68,68,68,68,68,68,68,68,68],"relic_stats":{"Regal Pillow":15,"counters":[31,153],"Golden Idol":211,"Blue Candle":[53],"Charon\u0027s Ashes":[1182],"PreservedInsect":77,"Cursed Key":1,"Medical Kit":[9],"Burning Blood":152,"WarpedTongs":[149],"Sozu":11,"Blood Vial":0,"Centennial Puzzle":[42],"Bronze Scales":[401],"obtain_stats":[{"Regal Pillow":8,"Lantern":40,"Golden Idol":2,"Blue Candle":9,"Charon\u0027s Ashes":25,"PreservedInsect":46,"Frozen Egg 2":23,"Bottled Tornado":54,"Cursed Key":34,"Medical Kit":54,"Burning Blood":0,"WarpedTongs":3,"Du-Vu Doll":13,"Sozu":17,"Blood Vial":55,"Centennial Puzzle":30,"Bronze Scales":26,"Red Mask":24,"Membership Card":31,"Toy Ornithopter":43,"Red Skull":44},{"Regal Pillow":5,"Lantern":20,"Golden Idol":1,"Blue Candle":5,"Charon\u0027s Ashes":11,"PreservedInsect":25,"Frozen Egg 2":10,"Bottled Tornado":29,"Cursed Key":16,"Medical Kit":29,"Burning Blood":0,"WarpedTongs":1,"Du-Vu Doll":6,"Sozu":7,"Blood Vial":30,"Centennial Puzzle":15,"Bronze Scales":11,"Red Mask":11,"Membership Card":15,"Toy Ornithopter":22,"Red Skull":23},{"Regal Pillow":20,"Lantern":97,"Golden Idol":4,"Blue Candle":20,"Charon\u0027s Ashes":49,"PreservedInsect":122,"Frozen Egg 2":44,"Bottled Tornado":143,"Cursed Key":76,"Medical Kit":143,"Burning Blood":0,"WarpedTongs":4,"Du-Vu Doll":25,"Sozu":30,"Blood Vial":148,"Centennial Puzzle":68,"Bronze Scales":49,"Red Mask":49,"Membership Card":68,"Toy Ornithopter":107,"Red Skull":111}],"Toy Ornithopter":5},"card_choices":[{"not_picked":["Magnetism","Sadistic Nature"],"picked":"Mayhem","floor":0.0},{"not_picked":["Perfected Strike","Wild Strike"],"picked":"Shockwave","floor":1.0},{"not_picked":["Dual Wield","Seeing Red"],"picked":"Battle Trance","floor":4.0},{"not_picked":["Flex","Thunderclap"],"picked":"Iron Wave","floor":5.0},{"not_picked":["Metallicize","Clothesline"],"picked":"Rupture","floor":7.0},{"not_picked":["Heavy Blade","Iron Wave"],"picked":"Anger","floor":8.0},{"not_picked":["Armaments","Iron Wave"],"picked":"Feel No Pain","floor":13.0},{"not_picked":["Limit Break","Fiend Fire"],"picked":"Reaper","floor":16.0},{"not_picked":["Iron Wave","Sever Soul"],"picked":"Dual Wield+1","floor":18.0},{"not_picked":["True Grit","Perfected Strike"],"picked":"Warcry","floor":21.0},{"not_picked":["Dual Wield","Second Wind"],"picked":"Spot Weakness","floor":23.0},{"not_picked":["Cleave","Barricade+1"],"picked":"Burning Pact","floor":24.0},{"not_picked":["Anger","Twin Strike"],"picked":"Shrug It Off","floor":27.0},{"not_picked":["Intimidate","Heavy Blade"],"picked":"Second Wind","floor":28.0},{"not_picked":["Carnage","Flex"],"picked":"Shrug It Off","floor":29.0},{"not_picked":["Blood for Blood","Fiend Fire"],"picked":"Disarm+1","floor":30.0},{"not_picked":["Exhume","Berserk+1"],"picked":"Brutality+1","floor":33.0},{"not_picked":["Sentinel","Carnage","Headbutt"],"picked":"SKIP","floor":35.0},{"not_picked":["Armaments","Wild Strike"],"picked":"Pommel Strike","floor":36.0},{"not_picked":["Cleave","Whirlwind","Thunderclap"],"picked":"SKIP","floor":38.0},{"not_picked":["True Grit","Iron Wave"],"picked":"Double Tap","floor":40.0},{"not_picked":["Iron Wave","Cleave","Clothesline"],"picked":"SKIP","floor":41.0},{"not_picked":["Searing Blow+1","Armaments","Ghostly Armor"],"picked":"SKIP","floor":42.0},{"not_picked":["Armaments","Reckless Charge","Thunderclap"],"picked":"SKIP","floor":44.0},{"not_picked":["Armaments","Reckless Charge","Thunderclap"],"picked":"SKIP","floor":44.0},{"not_picked":["Body Slam","Anger+1"],"picked":"Sword Boomerang+1","floor":45.0},{"not_picked":["Exhume","Flex"],"picked":"Dark Embrace+1","floor":46.0},{"not_picked":["Spot Weakness","Shrug It Off+1"],"picked":"True Grit+1","floor":47.0},{"not_picked":["Clash","Metallicize+1","Twin Strike"],"picked":"SKIP","floor":48.0},{"not_picked":["Sever Soul","Flame Barrier"],"picked":"Power Through","floor":55.0}],"player_experience":1851011,"relics_obtained":[{"floor":8.0,"key":"Regal Pillow"},{"floor":9.0,"key":"Blue Candle"},{"floor":13.0,"key":"Du-Vu Doll"},{"floor":23.0,"key":"Frozen Egg 2"},{"floor":24.0,"key":"Red Mask"},{"floor":26.0,"key":"Bronze Scales"},{"floor":30.0,"key":"Centennial Puzzle"},{"floor":40.0,"key":"Lantern"},{"floor":43.0,"key":"Toy Ornithopter"},{"floor":44.0,"key":"Red Skull"},{"floor":46.0,"key":"PreservedInsect"},{"floor":55.0,"key":"Blood Vial"}],"event_choices":[{"damage_healed":0.0,"max_hp_gain":0.0,"max_hp_loss":0.0,"gold_gain":0.0,"event_name":"Golden Idol","player_choice":"Take Damage","floor":2.0,"gold_loss":0.0,"damage_taken":23.0,"relics_obtained":["Golden Idol"]},{"damage_healed":0.0,"max_hp_gain":0.0,"max_hp_loss":0.0,"gold_gain":0.0,"event_name":"Accursed Blacksmith","player_choice":"Rummage","floor":3.0,"gold_loss":0.0,"damage_taken":0.0,"relics_obtained":["WarpedTongs"],"cards_obtained":["Pain"]},{"damage_healed":0.0,"max_hp_gain":0.0,"max_hp_loss":0.0,"gold_gain":0.0,"event_name":"World of Goop","player_choice":"Left Gold","floor":10.0,"gold_loss":50.0,"damage_taken":0.0},{"damage_healed":0.0,"max_hp_gain":0.0,"max_hp_loss":0.0,"gold_gain":150.0,"event_name":"Liars Game","player_choice":"AGREE","floor":14.0,"gold_loss":0.0,"damage_taken":0.0,"cards_obtained":["Doubt"]},{"damage_healed":0.0,"max_hp_gain":0.0,"max_hp_loss":0.0,"gold_gain":50.0,"event_name":"Nest","player_choice":"Stole From Cult","floor":19.0,"gold_loss":0.0,"damage_taken":0.0},{"damage_healed":0.0,"max_hp_gain":0.0,"max_hp_loss":0.0,"gold_gain":100.0,"event_name":"The Joust","player_choice":"Bet on Murderer","floor":20.0,"gold_loss":50.0,"damage_taken":0.0},{"damage_healed":0.0,"max_hp_gain":0.0,"max_hp_loss":0.0,"gold_gain":0.0,"event_name":"Masked Bandits","player_choice":"Fought Bandits","floor":24.0,"gold_loss":0.0,"damage_taken":0.0},{"cards_removed":["Strike_R"],"damage_healed":0.0,"max_hp_gain":0.0,"max_hp_loss":0.0,"gold_gain":0.0,"event_name":"Designer","player_choice":"Upgrade and Remove","floor":37.0,"gold_loss":110.0,"damage_taken":0.0,"cards_upgraded":["Feel No Pain"]}],"is_beta":false,"boss_relics":[{"not_picked":["Empty Cage","Astrolabe"],"picked":"Sozu"},{"not_picked":["Black Blood","Calling Bell"],"picked":"Cursed Key"}],"items_purged_floors":[25,54],"is_endless":false,"potions_floor_spawned":[5,7,16,23,28,29,30,36,38,42,44,46,47,55],"killed_by":"The Heart","ascension_level":20}}