{"host":"kaame4qwxxqnygv7","time":1613628410,"event":{"mods":["AchievementEnabler","BaseMod","Better Match","Better Skull","Better Third Choice","BetterRewards","Block Reminder","Bossed Relics","DeckTracker","Energized Spire","GungeonMod","Minty Spire (QoL Compilation)","Quick Restart","Red Circlet Mod","StSLib","SuperFastMode","The Blue Laboratory"],"gold_per_floor":[111,69,82,232,232,232,265,285,285,177,187,202,202,202,202,275,275,286,94,144,156,206,233,283,313,313,313,327,344,360,377,429,429,429,503,503,517,527,577,627,177,177,207,207,283,349,349,399,431,443,443,443,443,443,1,28,28],"floor_reached":58,"language":"KOR","playtime":2155,"items_purged":["DemoMod:Strike_Huntress","DemoMod:Defend_Huntress"],"score":2144,"play_id":"03abc12a-7ab8-45b6-b585-eceab308912e","local_time":"20210218150650","is_ascension_mode":true,"campfire_choices":[{"floor":6.0,"key":"REST"},{"floor":13.0,"key":"REST"},{"floor":15.0,"key":"REST"},{"data":"DemoMod:PotionOfGunFriendShip","floor":27.0,"key":"SMITH"},{"floor":33.0,"key":"REST"},{"floor":42,"key":"RECALL"},{"data":"Apotheosis","floor":44,"key":"SMITH"},{"floor":47,"key":"REST"},{"data":"DemoMod:ManualReload","floor":51,"key":"SMITH"},{"data":"DemoMod:HardPowerCard","floor":54,"key":"SMITH"}],"circlet_count":0,"master_deck":["AscendersBane","DemoMod:Defend_Huntress","DemoMod:Defend_Huntress","DemoMod:Roll","DemoMod:ManualReload+1","DemoMod:BattleInHaste","DemoMod:PotionOfGunFriendShip+1","DemoMod:SuppressiveFire","DemoMod:Unmoved","DemoMod:Evolver+","DemoMod:HungryBullets+1","DemoMod:DoubleVision","DemoMod:FastSwitch+1","DemoMod:LifeOrb","Apotheosis+1","DemoMod:HardPowerCard+1","DemoMod:HardPowerCard"],"relics":["DemoMod:Dog","Gremlin Horn","DemoMod:Plus1Bullets","Sling","Boot","Ancient Tea Set","SsserpentHead","Empty Cage","ClockworkSouvenir","DemoMod:OrangeGuonStone","Unceasing Top","DemoMod:PinkGuonStone","StrikeDummy","Omamori","DemoMod:RatBoots","DemoMod:ResourcefulSack","DemoMod:PartiallyEatenCheese","Black Star","energizedSpire:SpiderWeb","Toolbox","DemoMod:GlassGuonStoneRelic","DemoMod:DecoyRelic","Strawberry","DemoMod:WeirdEgg","Bronze Scales","DemoMod:SuperHotWatch","DemoMod:Bottle","Pocketwatch"],"acts_visited":["Exordium","TheCity","DemoMod:Maze","TheBeyond","TheEnding"],"potions_floor_usage":[35,35,43,43],"damage_taken":[{"damage":7.0,"enemies":"Small Slimes","floor":1.0,"turns":3.0},{"damage":0.0,"enemies":"2 Louse","floor":3.0,"turns":2.0},{"damage":26.0,"enemies":"Gremlin Nob","floor":7.0,"turns":5.0},{"damage":0.0,"enemies":"Jaw Worm","floor":8.0,"turns":4.0},{"damage":0.0,"enemies":"2 Fungi Beasts","floor":11.0,"turns":2.0},{"damage":0.0,"enemies":"Lots of Slimes","floor":12.0,"turns":1.0},{"damage":0.0,"enemies":"Hexaghost","floor":16.0,"turns":7.0},{"damage":21.0,"enemies":"Shell Parasite","floor":18.0,"turns":4.0},{"damage":0.0,"enemies":"Chosen","floor":21.0,"turns":3.0},{"damage":0.0,"enemies":"Gremlin Leader","floor":23.0,"turns":4.0},{"damage":16.0,"enemies":"Book of Stabbing","floor":25.0,"turns":6.0},{"damage":0.0,"enemies":"DemoMod:4_Bullet_Kins_with_one_veteran","floor":28.0,"turns":3.0},{"damage":5.0,"enemies":"DemoMod:Veteran_shot_gun_kin_and_bullet_kin","floor":29.0,"turns":2.0},{"damage":4.0,"enemies":"DemoMod:Veteran_shot_gun_kin_and_blue_shotgun_kin_with_gunsinger","floor":30.0,"turns":2.0},{"damage":16.0,"enemies":"DemoMod:Veteran_shot_gun_kin_and_red_shotgun_kin_with_gunsinger","floor":31.0,"turns":4.0},{"damage":26.0,"enemies":"DemoMod:Veteran_shot_gun_kin_and_blue_shotgun_kin","floor":32.0,"turns":3.0},{"damage":25,"enemies":"DemoMod:ResourcefulRat","floor":35,"turns":9},{"damage":0,"enemies":"Orb Walker","floor":37,"turns":2},{"damage":0,"enemies":"3 Darklings","floor":38,"turns":2},{"damage":4,"enemies":"Nemesis","floor":43,"turns":5},{"damage":14,"enemies":"4 Shapes","floor":46,"turns":2},{"damage":0,"enemies":"Giant Head","floor":49,"turns":2},{"damage":0,"enemies":"Jaw Worm Horde","floor":50,"turns":2},{"damage":0,"enemies":"Awakened One","floor":52,"turns":6},{"damage":0,"enemies":"Shield and Spear","floor":56,"turns":2},{"damage":5,"enemies":"The Heart","floor":57,"turns":6}],"seed_played":"8934272584493329768","potions_obtained":[{"floor":1.0,"key":"blueLaboratory:FruitPunch"},{"floor":7.0,"key":"Dexterity Potion"},{"floor":23.0,"key":"BlessingOfTheForge"},{"floor":25.0,"key":"blueLaboratory:ArtificerPotion"},{"floor":28.0,"key":"blueLaboratory:FrostheartPotion"},{"floor":31.0,"key":"LiquidBronze"},{"floor":35,"key":"blueLaboratory:BottledHope"},{"floor":38,"key":"Weak Potion"},{"floor":43,"key":"blueLaboratory:BubblePotion"},{"floor":50,"key":"blueLaboratory:CorrosionFlask"},{"floor":56,"key":"blueLaboratory:BottledHope"}],"is_trial":false,"path_per_floor":["M","?","M","?","?","R","E","M","T","$","M","M","R","?","R","B",null,"M","$","?","M","?","E","?","E","T","R","M","M","M","M","M","R","B","B",null,"M","M","?","?","$","R","E","R","T","M","R","?","E","M","R","B",null,"R","$","E","B",null],"character_chosen":"HUNTRESS","items_purchased":["Gremlin Horn","DemoMod:Plus1Bullets","Sling","DemoMod:GnawedKey","blueLaboratory:LouseDecoction","Fire Potion","DemoMod:PotionOfGunFriendShip","ClockworkSouvenir","Apotheosis","Toolbox","DemoMod:HardPowerCard","DemoMod:Purify","DemoMod:SuperHotWatch"],"campfire_rested":5,"item_purchase_floors":[0,0,0,0,0,10,10,19,41,41,41,41,55],"current_hp_per_floor":[23,23,25,25,18,37,11,11,11,11,11,11,30,30,49,49,61,40,40,40,40,40,40,40,31,62,62,62,57,53,37,11,32,28,3,55,55,55,69,69,69,69,72,72,72,58,79,79,79,79,79,79,79,79,79,79,74],"gold":28,"neow_bonus":"","is_daily":false,"chose_seed":false,"campfire_upgraded":4,"win_rate":0.0,"timestamp":1613628410,"path_taken":["M","?","M","?","?","R","E","M","T","$","M","M","R","?","R","BOSS","M","?","?","M","?","E","?","E","T","R","M","M","M","M","M","R","BOSS","BOSS","M","M","?","?","$","R","E","R","T","?","R","?","E","M","R","BOSS","R","$","E","BOSS"],"items_purchased_type":["Relic","Relic","Relic","Relic","Potion","Potion","Card","Relic","Card","Relic","Card","Card","Relic"],"build_version":"2020-12-22","purchased_purges":2,"victory":true,"max_hp_per_floor":[63,63,65,65,65,65,65,65,65,65,65,65,65,65,65,65,65,65,65,65,65,65,65,65,72,72,72,72,72,72,72,72,72,72,72,72,72,72,72,72,72,72,79,79,79,79,79,79,79,79,79,79,79,79,79,79,79],"card_choices":[{"not_picked":["DemoMod:BattleInHaste","DemoMod:ChanceBullets"],"picked":"DemoMod:DirectionalPad","floor":1.0},{"not_picked":["DemoMod:BoxingGlove","DemoMod:MachoBrace"],"picked":"DemoMod:DirectionalPad","floor":3.0},{"not_picked":["DemoMod:MachoBrace","DemoMod:TripleGun","DemoMod:SAA"],"picked":"SKIP","floor":3.0},{"not_picked":["DemoMod:CombinedRifle","DemoMod:SAA","DemoMod:BoxingGlove"],"picked":"SKIP","floor":7.0},{"not_picked":["DemoMod:HuntsMan","DemoMod:Casey"],"picked":"DemoMod:BattleInHaste","floor":8.0},{"not_picked":["DemoMod:MachoBrace","DemoMod:PotionOfGunFriendShip"],"picked":"DemoMod:DirectionalPad","floor":11.0},{"not_picked":["DemoMod:GunstockTap","DemoMod:ChanceBullets","DemoMod:FortunesFavor"],"picked":"SKIP","floor":12.0},{"not_picked":["DemoMod:ThirdPartyController","DemoMod:Desperate"],"picked":"DemoMod:SuppressiveFire","floor":16.0},{"not_picked":["DemoMod:SAA","DemoMod:Polaris","DemoMod:Casey"],"picked":"SKIP","floor":18.0},{"not_picked":["DemoMod:ConditionalReflex","DemoMod:AC15","DemoMod:TripleGun"],"picked":"SKIP","floor":21.0},{"not_picked":["DemoMod:Ejector+1","DemoMod:BattleInHaste","DemoMod:SAA"],"picked":"SKIP","floor":23.0},{"not_picked":["DemoMod:FortunesFavor","DemoMod:TeaPot"],"picked":"DemoMod:Evolver","floor":25.0},{"not_picked":["DemoMod:RadGun","DemoMod:SpreadAmmo","DemoMod:FastSwitch"],"picked":"SKIP","floor":28.0},{"not_picked":["DemoMod:ChanceBullets","DemoMod:Unmoved+1","DemoMod:EasyReloadBullets"],"picked":"SKIP","floor":29.0},{"not_picked":["DemoMod:FightSabre","DemoMod:JK47"],"picked":"DemoMod:HungryBullets+1","floor":30.0},{"not_picked":["DemoMod:GunstockTap","DemoMod:HighKaliber+1","DemoMod:AC15+1"],"picked":"SKIP","floor":31.0},{"not_picked":["DemoMod:MegaHand","DemoMod:StickyCrossBow+1","DemoMod:Casey"],"picked":"SKIP","floor":32.0},{"not_picked":["DemoMod:GunslingerForm","DemoMod:SuppressiveFire"],"picked":"DemoMod:DoubleVision","floor":35},{"not_picked":["DemoMod:TeaPot","DemoMod:HungryBullets"],"picked":"DemoMod:FastSwitch+1","floor":37},{"not_picked":["DemoMod:ShadowBullets","DemoMod:DoubleSwitch","DemoMod:Casey"],"picked":"SKIP","floor":38},{"not_picked":["DemoMod:BoxingGlove","DemoMod:GunstockTap+1","DemoMod:Camera+1"],"picked":"SKIP","floor":43},{"not_picked":["DemoMod:Casey","DemoMod:Ejector","DemoMod:Rummage+1"],"picked":"SKIP","floor":46},{"not_picked":["DemoMod:ProbeStrike","DemoMod:AC15+1","DemoMod:SniperShot"],"picked":"SKIP","floor":49},{"not_picked":["DemoMod:FortunesFavor","DemoMod:LifeOrb","DemoMod:BoxingGlove"],"picked":"SKIP","floor":50},{"not_picked":["DemoMod:DoubleSwitch+1","DemoMod:ConditionalReflex"],"picked":"DemoMod:HardPowerCard","floor":56}],"player_experience":307860,"relics_obtained":[{"floor":7.0,"key":"Boot"},{"floor":9.0,"key":"Ancient Tea Set"},{"floor":23.0,"key":"Unceasing Top"},{"floor":25.0,"key":"DemoMod:PinkGuonStone"},{"floor":28.0,"key":"StrikeDummy"},{"floor":30.0,"key":"Omamori"},{"floor":36,"key":"DemoMod:RatBoots"},{"floor":36,"key":"DemoMod:ResourcefulSack"},{"floor":36,"key":"DemoMod:PartiallyEatenCheese"},{"floor":36,"key":"Black Star"},{"floor":36,"key":"energizedSpire:SpiderWeb"},{"floor":43,"key":"DemoMod:DecoyRelic"},{"floor":43,"key":"Strawberry"},{"floor":49,"key":"DemoMod:WeirdEgg"},{"floor":49,"key":"Bronze Scales"},{"floor":56,"key":"DemoMod:Bottle"},{"floor":56,"key":"Pocketwatch"}],"event_choices":[{"damage_healed":0.0,"max_hp_gain":0.0,"max_hp_loss":0.0,"gold_gain":0.0,"event_name":"betterThird:BetterGoop","player_choice":"Left","floor":2.0,"gold_loss":42.0,"damage_taken":0.0},{"damage_healed":0.0,"max_hp_gain":0.0,"max_hp_loss":0.0,"gold_gain":150.0,"event_name":"betterThird:BetterSerpent","player_choice":"AGREE","floor":4.0,"gold_loss":0.0,"damage_taken":82.0},{"cards_removed":["Doubt"],"damage_healed":0.0,"max_hp_gain":0.0,"max_hp_loss":0.0,"gold_gain":0.0,"event_name":"Golden Wing","player_choice":"Card Removal","floor":5.0,"gold_loss":0.0,"damage_taken":7.0},{"damage_healed":0.0,"max_hp_gain":0.0,"max_hp_loss":0.0,"gold_gain":0.0,"event_name":"FaceTrader","player_choice":"Trade","floor":14.0,"gold_loss":0.0,"damage_taken":0.0,"relics_obtained":["SsserpentHead"]},{"damage_healed":0.0,"max_hp_gain":0.0,"max_hp_loss":0.0,"gold_gain":0.0,"event_name":"The Mausoleum","player_choice":"Opened","floor":20.0,"gold_loss":0.0,"damage_taken":0.0,"relics_obtained":["DemoMod:OrangeGuonStone"],"cards_obtained":["Writhe"]},{"cards_removed":["Writhe"],"damage_healed":0.0,"max_hp_gain":0.0,"max_hp_loss":0.0,"gold_gain":0.0,"event_name":"betterThird:BetterWriting","player_choice":"Elegance","floor":22.0,"gold_loss":0.0,"damage_taken":0.0},{"damage_healed":0.0,"max_hp_gain":0.0,"max_hp_loss":0.0,"gold_gain":0.0,"cards_transformed":["DemoMod:Defend_Huntress"],"event_name":"Transmorgrifier","player_choice":"Transformed","floor":24.0,"gold_loss":0.0,"damage_taken":0.0,"cards_obtained":["DemoMod:Unmoved"]},{"damage_healed":14,"gold_gain":0,"player_choice":"Writhe","damage_taken":0,"max_hp_gain":0,"max_hp_loss":0,"event_name":"Winding Halls","floor":39,"gold_loss":0,"cards_obtained":["Writhe"]},{"damage_healed":0,"gold_gain":0,"cards_transformed":["DemoMod:RustySidearm"],"player_choice":"Transformed","damage_taken":0,"max_hp_gain":0,"max_hp_loss":0,"event_name":"Transmorgrifier","floor":40,"gold_loss":0,"cards_obtained":["DemoMod:LifeOrb"]},{"damage_healed":0,"gold_gain":0,"player_choice":"Ignored","damage_taken":0,"max_hp_gain":0,"max_hp_loss":0,"event_name":"Falling","floor":48,"gold_loss":0}],"is_beta":false,"boss_relics":[{"not_picked":["Velvet Choker","energizedSpire:NeverEndingSparkler"],"picked":"Empty Cage"},{"not_picked":[]}],"items_purged_floors":[19,55],"is_endless":false,"potions_floor_spawned":[1,7,11,16,23,25,28,31,34,35,38,43,50,56],"ascension_level":19}}