{"host":"5dhwd44u3dydylwe","time":1613625941,"event":{"mods":["AchievementEnabler","BaseMod","BetterRewards","Dota2Spire","Duelist Mod","GifTheSpireLib","Hubris","Minty Spire (QoL Compilation)","Shop Mod","StSLib","Wandering Minibosses"],"gold_per_floor":[145,155,173,173,27,82,82,137,179,230,286,362,362,412,412,477,477,512,251,251,251,419,419,461,421,421,421,468,534,534,594,594,594,643,681,699,699,699,699,819,819,840,863,863,863,905,905,920,460,460,510,550,593,926,943,968,968,978,978,978,448,483,513],"floor_reached":64,"language":"ENG","playtime":4766,"items_purged":["theDuelist:Sparks","theDuelist:CastleWalls","theDuelist:CastleWalls","theDuelist:BloodSparks","The Bomb+1"],"score":2327,"play_id":"4f576f03-c1da-4708-8844-18974c26535d","local_time":"20210218132541","is_ascension_mode":true,"campfire_choices":[{"data":"theDuelist:CallGrave","floor":7.0,"key":"SMITH"},{"data":"theDuelist:EntrenchToken","floor":17.0,"key":"SMITH"},{"data":"theDuelist:Wiretap","floor":20.0,"key":"SMITH"},{"data":"theDuelist:Raigeki","floor":21.0,"key":"SMITH"},{"data":"The Bomb","floor":30.0,"key":"SMITH"},{"data":"theDuelist:FeatherShot","floor":38.0,"key":"SMITH"},{"data":"theDuelist:FeatherShot+1","floor":39.0,"key":"SMITH"},{"data":"theDuelist:FeatherShot+2","floor":47.0,"key":"SMITH"},{"floor":57,"key":"RECALL"},{"data":"theDuelist:Wiretap+1","floor":60,"key":"SMITH"}],"circlet_count":0,"master_deck":["theDuelist:GracefulCharity+1","theDuelist:Deskbot005","theDuelist:Wiretap+2","theDuelist:Deskbot004","theDuelist:EntrenchToken+1","theDuelist:CallGrave+1","theDuelist:Biofalcon","theDuelist:Deskbot004+1","theDuelist:Deskbot005","theDuelist:GreenGadget","theDuelist:Raigeki+1","theDuelist:FeatherShot+3","theDuelist:ChangeHeart","Necronomicurse","theDuelist:TimeSeal+1","Mayhem"],"relics":["theDuelist:MillenniumPuzzle","theDuelist:CardPoolRelic","theDuelist:CardPoolBasicRelic","theDuelist:BoosterPackPoolRelic","theDuelist:CardPoolAddRelic","theDuelist:CardPoolMinusRelic","theDuelist:CardPoolSaveRelic","theDuelist:CardPoolOptionsRelic","Dota2Spire:AssaultCuirass","Strawberry","Ancient Tea Set","Dota2Spire:HeartOfTarrasque","theDuelist:CardRewardRelicG","hubris:EmptyBottle","Dota2Spire:MagicBottle","hubris:GlazedTorus","Bag of Marbles","theDuelist:AknamkanonsEssence","Boot","Question Card","Magic Flower","Toxic Egg 2","Lizard Tail","Kunai","Dota2Spire:Bloodstone","theDuelist:TokenArmor","Smiling Mask","Peace Pipe","Tingsha","Necronomicon","wanderingMiniBosses:OtherGremlinHorn","SacredBark","theDuelist:BrazeToken","Letter Opener","Centennial Puzzle","theDuelist:DuelistLetterOpener","theDuelist:MillenniumRod","hubris:DisguiseKit","Dota2Spire:EchoSabre","theDuelist:ZoneToken","theDuelist:SummonAnchor"],"acts_visited":["Exordium","TheCity","TheBeyond","TheEnding"],"potions_floor_usage":[63,63,63,63,63,63],"damage_taken":[{"damage":0.0,"enemies":"Small Slimes","floor":1.0,"turns":6.0},{"damage":0.0,"enemies":"Cultist","floor":2.0,"turns":4.0},{"damage":0.0,"enemies":"2 Louse","floor":3.0,"turns":1.0},{"damage":4.0,"enemies":"Lagavulin","floor":6.0,"turns":6.0},{"damage":8.0,"enemies":"Gremlin Nob","floor":8.0,"turns":3.0},{"damage":8.0,"enemies":"Large Slime","floor":9.0,"turns":6.0},{"damage":12.0,"enemies":"Lagavulin","floor":10.0,"turns":5.0},{"damage":6.0,"enemies":"Exordium Thugs","floor":11.0,"turns":6.0},{"damage":14.0,"enemies":"3 Sentries","floor":14.0,"turns":7.0},{"damage":0.0,"enemies":"2 Fungi Beasts","floor":18.0,"turns":6.0},{"damage":12.0,"enemies":"Hexaghost","floor":22.0,"turns":5.0},{"damage":22.0,"enemies":"2 Thieves","floor":24.0,"turns":3.0},{"damage":1.0,"enemies":"Spheric Guardian","floor":28.0,"turns":4.0},{"damage":7.0,"enemies":"theDuelist:KaibaA2","floor":29.0,"turns":6.0},{"damage":9.0,"enemies":"Slavers","floor":31.0,"turns":3.0},{"damage":9.0,"enemies":"Cultist and Chosen","floor":34.0,"turns":6.0},{"damage":0.0,"enemies":"Snake Plant","floor":35.0,"turns":3.0},{"damage":0.0,"enemies":"Centurion and Healer","floor":36.0,"turns":3.0},{"damage":0.0,"enemies":"Collector","floor":40.0,"turns":6.0},{"damage":8.0,"enemies":"3 Shapes","floor":42.0,"turns":3.0},{"damage":0.0,"enemies":"Orb Walker","floor":43.0,"turns":2.0},{"damage":0.0,"enemies":"Sphere and 2 Shapes","floor":46.0,"turns":2.0},{"damage":0.0,"enemies":"Jaw Worm Horde","floor":48.0,"turns":3.0},{"damage":0.0,"enemies":"Spire Growth","floor":52.0,"turns":2.0},{"damage":0.0,"enemies":"Giant Head","floor":53.0,"turns":4.0},{"damage":0.0,"enemies":"Sphere and 2 Shapes","floor":55.0,"turns":1.0},{"damage":15.0,"enemies":"Nemesis","floor":56.0,"turns":3.0},{"damage":0,"enemies":"hubris:GrandSnecko","floor":58,"turns":6},{"damage":0,"enemies":"Shield and Spear","floor":62,"turns":3},{"damage":71,"enemies":"The Heart","floor":63,"turns":8}],"seed_played":"-5885406829522249334","potions_obtained":[{"floor":6.0,"key":"Strength Potion"},{"floor":8.0,"key":"theDuelist:BottledKuriboh"},{"floor":10.0,"key":"Block Potion"},{"floor":46.0,"key":"theDuelist:GiftPotion"},{"floor":48.0,"key":"theDuelist:SteelBrew"}],"is_trial":false,"path_per_floor":["M","M","M","?","$","E","R","E","M","E","M","T","T","E","?","?","R","M","$","R","R","B",null,"M","?","$","T","M","E","R","E","T","?","M","M","M","?","R","R","B",null,"M","M","?","?","M","R","M","$","T","T","M","E","?","M","E","R","B",null,"R","$","E","B",null],"character_chosen":"THE_DUELIST","items_purchased":["Dota2Spire:AssaultCuirass","Strawberry","Ancient Tea Set","Dota2Spire:HeartOfTarrasque","theDuelist:CardRewardRelicG","hubris:EmptyBottle","Dota2Spire:MagicBottle","hubris:GlazedTorus","Bag of Marbles","theDuelist:AknamkanonsEssence","Kunai","Letter Opener","Centennial Puzzle","Dota2Spire:EchoSabre","theDuelist:ZoneToken","Mayhem"],"campfire_rested":0,"item_purchase_floors":[0,0,0,0,0,0,0,0,0,5,19,49,49,61,61,61],"current_hp_per_floor":[56,64,64,64,64,68,68,60,56,48,48,48,48,40,40,40,40,58,58,58,58,46,92,78,78,78,78,77,70,70,67,67,51,63,63,90,90,90,90,144,155,179,179,173,173,173,173,196,196,196,196,194,201,201,199,184,184,195,195,195,195,193,134],"gold":513,"neow_bonus":"","is_daily":false,"chose_seed":false,"campfire_upgraded":9,"win_rate":0.0,"timestamp":1613625941,"path_taken":["M","M","M","?","$","E","R","E","?","E","?","T","T","E","?","?","R","M","$","R","R","BOSS","M","?","$","?","M","E","R","E","T","?","M","M","M","?","R","R","BOSS","M","?","?","?","M","R","M","$","T","T","M","E","?","M","E","R","BOSS","R","$","E","BOSS"],"items_purchased_type":["Relic","Relic","Relic","Relic","Relic","Relic","Relic","Relic","Relic","Relic","Relic","Relic","Relic","Relic","Relic","Card"],"build_version":"2020-12-22","purchased_purges":5,"victory":true,"max_hp_per_floor":[100,104,104,104,104,104,104,104,108,108,112,112,112,116,107,107,107,107,107,107,107,107,107,112,112,112,112,112,112,112,116,116,116,116,116,134,134,134,134,158,158,180,180,180,180,180,180,196,196,196,196,194,201,201,199,197,197,195,195,195,195,193,199],"card_choices":[{"not_picked":["theDuelist:BerserkerCrush+1","theDuelist:LightningDarts","theDuelist:DestructPotion","theDuelist:RedMedicine+1"],"picked":"theDuelist:Wiretap","floor":1.0},{"not_picked":["theDuelist:CyberArchfiend","theDuelist:PortraitSecret","theDuelist:UmbralHorrorGhost","theDuelist:DarkFusion","theDuelist:ArchfiendSoldier"],"picked":"SKIP","floor":2.0},{"not_picked":["Secret Weapon","Swift Strike","Transmutation"],"picked":"The Bomb","floor":3.0},{"not_picked":["theDuelist:BeastTalwar","theDuelist:CheerfulCoffin","theDuelist:ArchfiendSoldier","theDuelist:GiantOrc","theDuelist:UmbralHorrorGhoul"],"picked":"SKIP","floor":6.0},{"not_picked":["theDuelist:Doomdog","theDuelist:RedMirror","theDuelist:DarknessNeosphere","theDuelist:DoomDonuts","theDuelist:CallGrave"],"picked":"SKIP","floor":8.0},{"not_picked":["theDuelist:BerserkerCrush","theDuelist:TributeDoomed","theDuelist:ShardGreed","theDuelist:SystemDown"],"picked":"theDuelist:GracefulCharity","floor":9.0},{"not_picked":["theDuelist:HaneToken","theDuelist:MetallicToken","theDuelist:GlitchToken","theDuelist:RobotToken"],"picked":"theDuelist:EntrenchToken","floor":10.0},{"not_picked":["theDuelist:Hinotama","theDuelist:LightningDarts","theDuelist:LightningVortex","theDuelist:Sangan"],"picked":"theDuelist:Raigeki","floor":11.0},{"not_picked":["theDuelist:CallGrave","theDuelist:Wildfire","theDuelist:DarkCubicLord+1"],"picked":"SKIP","floor":14.0},{"not_picked":["theDuelist:SummonedSkull","theDuelist:SkullArchfiend","theDuelist:FiendSkull","theDuelist:BlastAsmodian","theDuelist:FabledGallabas"],"picked":"SKIP","floor":18.0},{"not_picked":["theDuelist:DrivenDaredevil","theDuelist:DarklordMarie+1","theDuelist:AmbitiousGofer+1","theDuelist:UmbralHorrorUniform+1","theDuelist:TerraTerrible"],"picked":"SKIP","floor":24.0},{"not_picked":["theDuelist:SummonedSkull+1","theDuelist:TerraTerrible+1","theDuelist:Zombyra","theDuelist:Relinkuriboh","theDuelist:EvilswarmNightmare"],"picked":"SKIP","floor":28.0},{"not_picked":["theDuelist:DarkMasterZorc","theDuelist:BerserkerCrush"],"picked":"theDuelist:FeatherShot","floor":29.0},{"not_picked":["theDuelist:BerserkerCrush","theDuelist:TributeDoomed+1","theDuelist:SystemDown","theDuelist:CheerfulCoffin+1"],"picked":"theDuelist:ChangeHeart","floor":31.0},{"not_picked":["theDuelist:SummonedSkull+1","theDuelist:DarkFusion+1","theDuelist:DarkTinker","theDuelist:GiantOrc","theDuelist:FiendishChain+1"],"picked":"SKIP","floor":34.0},{"not_picked":["theDuelist:FiendishChain+1","theDuelist:AcidTrapHole","theDuelist:LightningDarts","theDuelist:UltimateOffering"],"picked":"theDuelist:DestructPotion+1","floor":35.0},{"not_picked":["theDuelist:LightningDarts","theDuelist:Sangan","theDuelist:JunkSpeeder","theDuelist:BigFire","theDuelist:PowerGiant+1"],"picked":"SKIP","floor":36.0},{"not_picked":["theDuelist:Wildfire+2","theDuelist:MsJudge+1","theDuelist:RedMirror+1","theDuelist:FabledGallabas+1","theDuelist:CallGrave+1"],"picked":"SKIP","floor":42.0},{"not_picked":["theDuelist:BlastAsmodian","theDuelist:UmbralHorrorGhoul","theDuelist:GoblinKing+1","theDuelist:FlyingSaucer+1","theDuelist:DarkHunter+1"],"picked":"SKIP","floor":43.0},{"not_picked":["theDuelist:FiendSkull","theDuelist:UmbralHorrorGhoul","theDuelist:MsJudge+1","theDuelist:PutridPudding+1","theDuelist:DarkCubicLord+1"],"picked":"SKIP","floor":46.0},{"not_picked":["theDuelist:DarkEnergy+1","theDuelist:BerserkerCrush","theDuelist:TributeDoomed+1","theDuelist:PotDuality+1","theDuelist:Wildfire"],"picked":"SKIP","floor":48.0},{"not_picked":["theDuelist:DarkBlade","theDuelist:ArchfiendCommander+1","theDuelist:Wildfire"],"picked":"SKIP","floor":52.0},{"not_picked":["theDuelist:Lajinn+1","theDuelist:TerraTerrible","theDuelist:Zombyra","theDuelist:DarklordMarie","theDuelist:EvilswarmNightmare+1"],"picked":"SKIP","floor":53.0},{"not_picked":["theDuelist:GoldenApples+1","theDuelist:Reinforcements+1","theDuelist:Wiretap+1","theDuelist:DestructPotion+5"],"picked":"theDuelist:TimeSeal+1","floor":55.0},{"not_picked":["theDuelist:TerraTerrible+1","theDuelist:Zombyra+1","theDuelist:CheerfulCoffin+1","theDuelist:DarkFusion+1","theDuelist:DarknessNeosphere"],"picked":"SKIP","floor":56.0},{"not_picked":["theDuelist:Deskbot005+1","theDuelist:Doomdog+1","theDuelist:Biofalcon+1","theDuelist:DarknessNeosphere+1","theDuelist:MareMare+1"],"picked":"SKIP","floor":62}],"player_experience":217340,"relics_obtained":[{"floor":6.0,"key":"Boot"},{"floor":8.0,"key":"Question Card"},{"floor":10.0,"key":"Magic Flower"},{"floor":13.0,"key":"Toxic Egg 2"},{"floor":14.0,"key":"Lizard Tail"},{"floor":27.0,"key":"theDuelist:TokenArmor"},{"floor":29.0,"key":"Smiling Mask"},{"floor":31.0,"key":"Peace Pipe"},{"floor":32.0,"key":"Tingsha"},{"floor":33.0,"key":"Necronomicon"},{"floor":34.0,"key":"wanderingMiniBosses:OtherGremlinHorn"},{"floor":50.0,"key":"theDuelist:DuelistLetterOpener"},{"floor":51.0,"key":"theDuelist:MillenniumRod"},{"floor":56.0,"key":"hubris:DisguiseKit"},{"floor":62,"key":"theDuelist:SummonAnchor"}],"event_choices":[{"damage_healed":0.0,"max_hp_gain":0.0,"max_hp_loss":0.0,"gold_gain":0.0,"event_name":"Relic Duplicator","player_choice":"Leave","duelist":true,"floor":4.0,"gold_loss":0.0,"damage_taken":0.0},{"damage_healed":0.0,"max_hp_gain":0.0,"max_hp_loss":9.0,"gold_gain":0.0,"event_name":"Golden Idol","player_choice":"Lose Max HP","floor":15.0,"gold_loss":0.0,"damage_taken":0.0,"relics_obtained":["Golden Idol"]},{"damage_healed":0.0,"max_hp_gain":0.0,"max_hp_loss":0.0,"gold_gain":65.0,"event_name":"Golden Wing","player_choice":"Gained Gold","floor":16.0,"gold_loss":0.0,"damage_taken":0.0},{"damage_healed":0.0,"max_hp_gain":0.0,"max_hp_loss":0.0,"gold_gain":0.0,"event_name":"Designer","player_choice":"Upgraded Two","floor":25.0,"gold_loss":40.0,"damage_taken":0.0,"cards_upgraded":["theDuelist:GracefulCharity","theDuelist:Deskbot004"]},{"damage_healed":0.0,"max_hp_gain":0.0,"max_hp_loss":0.0,"gold_gain":0.0,"event_name":"Cursed Tome","player_choice":"Obtained Book","floor":33.0,"gold_loss":0.0,"damage_taken":16.0},{"damage_healed":0.0,"max_hp_gain":0.0,"max_hp_loss":0.0,"gold_gain":0.0,"event_name":"N\u0027loth","player_choice":"Ignored","floor":37.0,"gold_loss":0.0,"damage_taken":0.0},{"damage_healed":0.0,"max_hp_gain":0.0,"max_hp_loss":0.0,"gold_gain":0.0,"event_name":"Aknamkanon\u0027s Tomb","player_choice":"Dig - random Duelist relic","duelist":true,"floor":44.0,"gold_loss":0.0,"damage_taken":0.0},{"damage_healed":0.0,"max_hp_gain":0.0,"max_hp_loss":0.0,"gold_gain":0.0,"event_name":"Egyptian Village","player_choice":"Leave","duelist":true,"floor":45.0,"gold_loss":0.0,"damage_taken":0.0},{"damage_healed":0.0,"max_hp_gain":0.0,"max_hp_loss":0.0,"gold_gain":333.0,"event_name":"The Moai Head","player_choice":"Gave Idol","floor":54.0,"relics_lost":["Golden Idol"],"gold_loss":0.0,"damage_taken":0.0}],"is_beta":false,"boss_relics":[{"not_picked":["Sozu","Velvet Choker"],"picked":"Dota2Spire:Bloodstone"},{"not_picked":["Fusion Hammer","Inserter"],"picked":"SacredBark"}],"items_purged_floors":[0,0,0,49,61],"is_endless":false,"potions_floor_spawned":[6,8,10,22,24,28,31,35,40,43,46,48,55],"ascension_level":8}}