{"host":"phapnj0danpxvjlm","time":1613618851,"event":{"mods":["BaseMod","Better Note","Better Third Choice","Bossed Relics","Colored Powertips","Downfall","Hermit","Minty Spire (QoL Compilation)","Permanent Neow","Quick Restart","Rare Cards Sparkle","Spire Arcade","StSLib","The Animator","The Necromancer","The Wild Card"],"gold_per_floor":[221,221,75,75,75,110,110,110,187,187,187,201,229,242,242,337,337,355,355,381,400,400,400,204,204,204,238,238,82,82,111,111,111,111],"floor_reached":33,"language":"ENG","playtime":1265,"items_purged":[],"score":284,"play_id":"56f044a7-4a88-4c02-89a8-69cf01806756","local_time":"20210218042731","is_ascension_mode":false,"campfire_choices":[{"data":"animator:Cocytus","floor":7,"key":"SMITH"},{"floor":10,"key":"REST"},{"floor":15,"key":"REST"},{"floor":23,"key":"REST"},{"floor":25,"key":"REST"},{"floor":30,"key":"REST"},{"data":"animator:Entoma","floor":32,"key":"SMITH"}],"circlet_count":0,"master_deck":["animator:Strike_Overlord","animator:Defend_Overlord","animator:Strike","animator:Strike","animator:Strike","animator:Defend","animator:Defend","animator:Defend","animator:Cocytus+1","animator:Demiurge","animator:Raven","theWildCard:Michael","animator:FielNirvalen","animator:Shalltear","animator:HigakiRinne","animator:Ainz","animator:Entoma+1"],"relics":["animator:LivingPicture","animator:TheMissingPiece","Sling","Potion Belt","Regal Pillow","Singing Bowl","Nunchaku","animator:HolyGrailRelic","Omamori","Bronze Scales","animator:HeavyHalberd","Bottled Lightning","Strawberry"],"acts_visited":["Exordium","TheCity"],"potions_floor_usage":[6,27,33,33],"damage_taken":[{"damage":0,"enemies":"Cultist","floor":1,"turns":3},{"damage":12,"enemies":"Lagavulin","floor":6,"turns":5},{"damage":6,"enemies":"Jaw Worm","floor":12,"turns":4},{"damage":6,"enemies":"2 Louse","floor":13,"turns":3},{"damage":7,"enemies":"Looter","floor":14,"turns":4},{"damage":52,"enemies":"The Guardian","floor":16,"turns":12},{"damage":45,"enemies":"2 Thieves","floor":18,"turns":4},{"damage":26,"enemies":"Chosen","floor":21,"turns":7},{"damage":39,"enemies":"Book of Stabbing","floor":27,"turns":7},{"damage":23,"enemies":"Snecko","floor":31,"turns":5},{"damage":100,"enemies":"Automaton","floor":33,"turns":12}],"seed_played":"8805158878715038249","potions_obtained":[{"floor":1,"key":"DuplicationPotion"},{"floor":14,"key":"FairyPotion"},{"floor":21,"key":"Weak Potion"},{"floor":31,"key":"Swift Potion"}],"is_trial":false,"path_per_floor":["M","?","$","?","$","E","R","?","T","R","T","M","M","M","R","B",null,"M","?","T","M","?","R","$","R","T","E","?","$","R","M","R","B"],"character_chosen":"THE_ANIMATOR","items_purchased":["Sling","Bronze Scales","Fire Potion","Strawberry"],"campfire_rested":5,"item_purchase_floors":[3,24,24,29],"current_hp_per_floor":[66,66,66,66,66,54,54,42,42,66,66,62,56,49,68,17,77,36,36,36,12,12,51,51,80,80,45,45,52,91,70,70,0,0],"gold":111,"neow_bonus":"HUNDRED_GOLD","is_daily":false,"chose_seed":false,"campfire_upgraded":2,"win_rate":0.0,"timestamp":1613618851,"path_taken":["M","?","$","?","$","E","R","?","T","R","?","M","M","M","R","BOSS","M","?","?","M","?","R","$","R","T","E","?","$","R","M","R","BOSS"],"items_purchased_type":["Relic","Relic","Potion","Relic"],"build_version":"2020-12-22","purchased_purges":0,"victory":false,"max_hp_per_floor":[66,66,66,66,66,66,66,66,66,66,66,68,68,68,68,69,77,81,81,81,80,80,80,80,80,80,84,84,91,91,93,93,90,90],"card_choices":[{"not_picked":["animator:Lu","animator:Viivi"],"picked":"animator:Raven","floor":1},{"not_picked":["animator:Spearman","animator:HighElfArcher"],"picked":"animator:FielNirvalen","floor":6},{"not_picked":["animator:Demiurge","animator:IzunaHatsuse","animator:Entoma"],"picked":"Singing Bowl","floor":12},{"not_picked":["animator:Evileye","animator:Albedo"],"picked":"animator:Shalltear","floor":13},{"not_picked":["animator:Raven","animator:ZankiKiguchi"],"picked":"animator:HigakiRinne","floor":14},{"not_picked":["animator:ChaikaTrabant","animator:Albedo"],"picked":"animator:Ainz","floor":16},{"not_picked":["animator:LizardPriest+1","animator:Viivi","animator:Ara"],"picked":"Singing Bowl","floor":18},{"not_picked":["animator:Gillette","animator:Entoma","animator:Jibril+1"],"picked":"Singing Bowl","floor":21},{"not_picked":["animator:Sebas","animator:Demiurge","animator:PandorasActor"],"picked":"Singing Bowl","floor":27},{"not_picked":["animator:Mitsurugi","animator:Ain+1"],"picked":"animator:Entoma","floor":31}],"player_experience":573990,"relics_obtained":[{"floor":6,"key":"Potion Belt"},{"floor":9,"key":"Singing Bowl"},{"floor":11,"key":"Nunchaku"},{"floor":20,"key":"Omamori"},{"floor":26,"key":"animator:HeavyHalberd"},{"floor":27,"key":"Bottled Lightning"}],"event_choices":[{"damage_healed":0,"gold_gain":0,"player_choice":"Ignored","damage_taken":75,"max_hp_gain":0,"max_hp_loss":0,"event_name":"betterThird:BetterSerpent","floor":4,"gold_loss":0},{"damage_healed":0,"gold_gain":0,"player_choice":"Relic ","damage_taken":12,"max_hp_gain":0,"max_hp_loss":0,"event_name":"betterThird:BetterScrap","floor":8,"gold_loss":0,"cards_obtained":["Offering"]},{"damage_healed":0,"gold_gain":0,"player_choice":"Ignored","damage_taken":0,"max_hp_gain":0,"max_hp_loss":0,"event_name":"betterNote:BetterNote","floor":19,"gold_loss":0,"cards_obtained":["Slimebound:MassRepurpose"]},{"damage_healed":0,"gold_gain":0,"player_choice":"Ignored","damage_taken":0,"max_hp_gain":0,"max_hp_loss":0,"event_name":"Beggar","floor":28,"gold_loss":0}],"is_beta":false,"boss_relics":[{"not_picked":["bronze:MakeshiftBattery","animator:VividPicture"],"picked":"animator:HolyGrailRelic"}],"items_purged_floors":[],"is_endless":false,"potions_floor_spawned":[1,14,21,31],"killed_by":"Automaton","ascension_level":0}}