{"host":"88gqw5ki7llrf2bp","time":1613608494,"event":{"mods":["BaseMod","Duelist Mod","Friendly Minions","Minty Spire (QoL Compilation)","Quick Restart","Rare Cards Sparkle","StSLib"],"gold_per_floor":[135,152,152,152,5,39,39,78,78,91,111,142,142,142,142,273,273,294,393,69,93,111,111,142,160,160,173,204,224,255,13,13,144,144,162,162,162,176,176,189,64,49,76,99,99,92,92,82,82,37,37,37,37,41,31],"floor_reached":56,"language":"ENG","playtime":3073,"items_purged":["theDuelist:Sparks","theDuelist:Sparks","theDuelist:GravekeeperCurse"],"score":1697,"play_id":"72af55da-acf2-4291-8b46-f5cfc220fb5f","local_time":"20210217183454","is_ascension_mode":true,"campfire_choices":[{"data":"theDuelist:CastleDragonSouls","floor":7.0,"key":"SMITH"},{"data":"theDuelist:Raigeki","floor":13.0,"key":"SMITH"},{"data":"theDuelist:ThunderDragon","floor":15.0,"key":"SMITH"},{"data":"theDuelist:OneDayPeace","floor":23,"key":"SMITH"},{"data":"theDuelist:CastleDragonSouls","floor":32,"key":"SMITH"},{"floor":49,"key":"RECALL"},{"data":"theDuelist:StardustDragon","floor":52,"key":"SMITH"}],"circlet_count":0,"master_deck":["theDuelist:BabyDragon+1","theDuelist:MaskedDragon+1","theDuelist:SeismicShockwave+1","theDuelist:Vandalgyon+1","theDuelist:ArmageddonDragonEmp+1","theDuelist:CastleWalls","theDuelist:CastleWalls","theDuelist:CaveDragon","theDuelist:CaveDragon","theDuelist:LesserDragon","theDuelist:LesserDragon","theDuelist:YamataDragon","theDuelist:CastleDragonSouls+1","theDuelist:ThunderDragon+1","theDuelist:Raigeki+1","theDuelist:BlackBrutdrago","theDuelist:CastleDragonSouls+1","theDuelist:OneDayPeace+1","theDuelist:SilverDragon","theDuelist:Lancephorhynchus+1","theDuelist:Mountain","theDuelist:LightningDarts+1","theDuelist:MaskedDragon+1","theDuelist:StardustDragon+1","theDuelist:TyrantWing+1","theDuelist:CurseDarkness","Injury","theDuelist:Nameless:Magic:BerserkerCrush","Writhe","theDuelist:BlockGolem+1","theDuelist:CursedBill","theDuelist:CurseAnubis","theDuelist:CyberTwinDragon","theDuelist:TwinBarrelDragon+1","theDuelist:CurseAnubis","theDuelist:DragonPiper+1","theDuelist:BabyDragon+1","Normality","theDuelist:CyberRevsystem+1"],"relics":["theDuelist:MillenniumPuzzle","theDuelist:CardPoolRelic","theDuelist:CardPoolBasicRelic","theDuelist:BoosterPackPoolRelic","theDuelist:CardPoolAddRelic","theDuelist:CardPoolMinusRelic","theDuelist:CardPoolSaveRelic","theDuelist:CardPoolOptionsRelic","NeowsBlessing","Golden Idol","theDuelist:BoosterExtraAllRaresRelic","Kunai","Ginger","Art of War","theDuelist:DuelistUrn","Runic Dome","theDuelist:MillenniumStone","theDuelist:MerchantNecklace","theDuelist:MillenniumPeriapt","Orichalcum","Tough Bandages","Paper Crane","Cursed Key","Lantern","Dream Catcher","MealTicket","theDuelist:ElectricBurst","Mummified Hand"],"acts_visited":["Exordium","TheCity","TheBeyond","TheEnding"],"potions_floor_usage":[30,33,44,50,50,55],"damage_taken":[{"damage":0.0,"enemies":"Jaw Worm","floor":1.0,"turns":1.0},{"damage":0.0,"enemies":"2 Louse","floor":2.0,"turns":1.0},{"damage":1.0,"enemies":"3 Sentries","floor":6.0,"turns":2.0},{"damage":11.0,"enemies":"Gremlin Nob","floor":8.0,"turns":4.0},{"damage":0.0,"enemies":"Cultist","floor":10.0,"turns":2.0},{"damage":0.0,"enemies":"Large Slime","floor":11.0,"turns":4.0},{"damage":15.0,"enemies":"3 Sentries","floor":12.0,"turns":4.0},{"damage":6.0,"enemies":"Hexaghost","floor":16.0,"turns":6.0},{"damage":6.0,"enemies":"Spheric Guardian","floor":18.0,"turns":4.0},{"damage":3,"enemies":"Chosen","floor":21,"turns":2},{"damage":0,"enemies":"3 Cultists","floor":22,"turns":4},{"damage":0,"enemies":"theDuelist:KaibaA2","floor":24,"turns":4},{"damage":0,"enemies":"Centurion and Healer","floor":25,"turns":6},{"damage":0,"enemies":"Shelled Parasite and Fungi","floor":27,"turns":7},{"damage":0,"enemies":"Slavers","floor":28,"turns":6},{"damage":4,"enemies":"Cultist and Chosen","floor":29,"turns":4},{"damage":0,"enemies":"theDuelist:KaibaA2","floor":30,"turns":6},{"damage":0,"enemies":"Collector","floor":33,"turns":6},{"damage":23,"enemies":"3 Darklings","floor":35,"turns":3},{"damage":3,"enemies":"Orb Walker","floor":38,"turns":3},{"damage":4,"enemies":"Nemesis","floor":40,"turns":5},{"damage":6,"enemies":"Writhing Mass","floor":42,"turns":4},{"damage":0,"enemies":"Giant Head","floor":44,"turns":8},{"damage":17,"enemies":"Nemesis","floor":46,"turns":7},{"damage":3,"enemies":"Jaw Worm Horde","floor":48,"turns":3},{"damage":39,"enemies":"Time Eater","floor":50,"turns":10},{"damage":65,"enemies":"Shield and Spear","floor":54,"turns":8},{"damage":8,"enemies":"The Heart","floor":55,"turns":11}],"seed_played":"-2842266622666099168","potions_obtained":[{"floor":1.0,"key":"theDuelist:CoolBottle"},{"floor":2.0,"key":"CultistPotion"},{"floor":6.0,"key":"BlessingOfTheForge"},{"floor":8.0,"key":"theDuelist:FusionPotion"},{"floor":25,"key":"theDuelist:MegaupgradePotion"},{"floor":30,"key":"ColorlessPotion"},{"floor":33,"key":"theDuelist:ExtraOrbsBottle"},{"floor":44,"key":"theDuelist:FireBottle"}],"is_trial":false,"path_per_floor":["M","M","?","?","$","E","R","E","T","M","M","E","R","?","R","B",null,"M","?","$","M","M","R","E","M","T","M","E","M","E","$","R","B",null,"M","?","?","M","?","E","$","M","T","E","?","E","T","M","R","B",null,"R","$","E","B",null],"character_chosen":"THE_DUELIST","items_purchased":["theDuelist:ThunderDragon","theDuelist:Vandalgyon","theDuelist:MillenniumStone","Paper Crane"],"campfire_rested":0,"item_purchase_floors":[5,20,20,31],"current_hp_per_floor":[80,80,60,60,60,59,59,48,48,48,48,33,33,27,27,23,80,74,74,65,62,65,65,65,65,65,65,65,61,65,65,65,65,65,42,42,58,61,73,75,75,71,71,75,75,68,68,67,67,38,75,75,75,14,14],"gold":31,"neow_bonus":"THREE_ENEMY_KILL","is_daily":false,"chose_seed":false,"campfire_upgraded":6,"win_rate":0.0,"timestamp":1613608494,"path_taken":["M","M","?","?","$","E","R","E","T","M","M","E","R","?","R","BOSS","M","?","$","M","M","R","E","M","T","M","E","M","E","$","R","BOSS","M","?","?","M","?","E","$","?","T","E","?","E","?","M","R","BOSS","R","$","E","BOSS"],"items_purchased_type":["Card","Card","Relic","Relic"],"build_version":"2020-12-22","purchased_purges":3,"victory":true,"max_hp_per_floor":[80,80,80,80,80,80,80,80,80,80,80,80,80,80,80,80,80,80,80,65,65,65,65,65,65,65,65,65,65,65,65,65,65,65,65,65,65,65,77,77,77,77,77,75,75,75,75,75,75,75,75,75,75,75,75],"card_choices":[{"not_picked":["theDuelist:Scapegoat","theDuelist:QueenDragunDjinn","theDuelist:OceanDragonLord","theDuelist:LostWorld"],"picked":"theDuelist:ArmageddonDragonEmp","floor":1.0},{"not_picked":["theDuelist:ScrapIronScarecrow","theDuelist:Berserking","theDuelist:BackupSoldier","theDuelist:VolcanicEruption"],"picked":"theDuelist:CastleDragonSouls","floor":2.0},{"not_picked":["theDuelist:YamataDragon","theDuelist:TwinBarrelDragon","theDuelist:Pyrorex","theDuelist:Hydrogeddon","theDuelist:Kabazauls"],"picked":"SKIP","floor":6.0},{"not_picked":["Bandage Up","Flash of Steel","Magnetism","Purity"],"picked":"SKIP","floor":8.0},{"not_picked":["theDuelist:BattleguardKing","theDuelist:Hinotama","theDuelist:LightningDarts","theDuelist:RainbowOverdragon","theDuelist:ForbiddenLance"],"picked":"SKIP","floor":10.0},{"not_picked":["theDuelist:BigFire","theDuelist:Hinotama","theDuelist:RainbowOverdragon","theDuelist:LightningDarts"],"picked":"theDuelist:Raigeki","floor":11.0},{"not_picked":["theDuelist:BusterDrake","theDuelist:AncientPixieDragon","theDuelist:MoltenDestruction","theDuelist:TornadoDragon"],"picked":"theDuelist:MaskedDragon","floor":12.0},{"not_picked":["theDuelist:WingedDragonRa","theDuelist:SurvivalFittest","theDuelist:DragonMastery","theDuelist:BlueDuston"],"picked":"theDuelist:SeismicShockwave","floor":16.0},{"not_picked":["theDuelist:CurseDragon","theDuelist:CyberDragonDrei","theDuelist:BlackPtera","theDuelist:BlueEyesUltimate"],"picked":"theDuelist:BlackBrutdrago","floor":18.0},{"not_picked":["theDuelist:VolcanicEruption+1","theDuelist:MiraculousDescent+1","theDuelist:JurassicImpact","theDuelist:Berserking"],"picked":"theDuelist:CastleDragonSouls","floor":21},{"not_picked":["theDuelist:Pyrorex+1","theDuelist:Kabazauls+1","theDuelist:LordD","theDuelist:CyberDragonVier+1"],"picked":"theDuelist:OneDayPeace","floor":22},{"not_picked":["theDuelist:Hydrogeddon","theDuelist:CyberDinosaur+1","theDuelist:StarlightRoad+1","theDuelist:DarkDriceratops"],"picked":"theDuelist:SilverDragon","floor":24},{"not_picked":["theDuelist:MythicWaterDragon","theDuelist:BlackBrachios+1"],"picked":"theDuelist:Lancephorhynchus+1","floor":25},{"not_picked":["Finesse","Forethought","Impatience","Sadistic Nature"],"picked":"SKIP","floor":27},{"not_picked":["theDuelist:JurassicImpact+1","theDuelist:DragonTreasure","theDuelist:AutorokketDragon+1"],"picked":"theDuelist:Mountain","floor":28},{"not_picked":["theDuelist:BattleguardKing","theDuelist:Hinotama","theDuelist:RainbowOverdragon","theDuelist:ForbiddenLance"],"picked":"theDuelist:LightningDarts+1","floor":29},{"not_picked":["theDuelist:ViceDragon","theDuelist:Sabersaurus","theDuelist:FireDarts","theDuelist:BlackBrachios"],"picked":"theDuelist:MaskedDragon+1","floor":30},{"not_picked":["theDuelist:VoidOgreDragon","theDuelist:SurvivalFittest","theDuelist:DoomkaiserDragon","theDuelist:ArmedProtectorDragon+1"],"picked":"theDuelist:StardustDragon","floor":33},{"not_picked":["theDuelist:CyberEndDragon","theDuelist:DragonShield+1","theDuelist:AncientGearGadjiltron+1","theDuelist:ThreateningRoar+1"],"picked":"theDuelist:TyrantWing+1","floor":35},{"not_picked":["theDuelist:BattleguardKing","theDuelist:Jinzo+1","theDuelist:Hinotama","theDuelist:DestructPotion"],"picked":"theDuelist:BlockGolem+1","floor":38},{"not_picked":["theDuelist:TrihornedDragon","theDuelist:Kabazauls+1","theDuelist:BlackPtera+1","theDuelist:BlackBrachios+1"],"picked":"theDuelist:CyberTwinDragon","floor":40},{"not_picked":["theDuelist:TwinHeadedFire","theDuelist:Kabazauls+1","theDuelist:DarkHorus+1","theDuelist:InfernityDoomDragon"],"picked":"theDuelist:TwinBarrelDragon+1","floor":42},{"not_picked":["theDuelist:TwinBarrelDragon+1","theDuelist:MadSwordBeast+1","theDuelist:CyberDragonVier+1","theDuelist:Mountain"],"picked":"theDuelist:DragonPiper+1","floor":44},{"not_picked":["theDuelist:BlackPtera","theDuelist:Freezadon","theDuelist:CaveDragon+1","theDuelist:StampingDestruction+1"],"picked":"theDuelist:BabyDragon+1","floor":46},{"not_picked":["theDuelist:BattleguardKing","theDuelist:BigFire","theDuelist:Hinotama","theDuelist:RainbowOverdragon","theDuelist:LightningDarts+2"],"picked":"SKIP","floor":48},{"not_picked":["theDuelist:StampingDestruction+9","theDuelist:Earthquake+1","theDuelist:BerserkerSoul+1","theDuelist:Dracocension+1"],"picked":"theDuelist:CyberRevsystem+1","floor":54}],"player_experience":1660147,"relics_obtained":[{"floor":6.0,"key":"theDuelist:BoosterExtraAllRaresRelic"},{"floor":8.0,"key":"Kunai"},{"floor":9.0,"key":"Ginger"},{"floor":12.0,"key":"Art of War"},{"floor":24,"key":"theDuelist:MerchantNecklace"},{"floor":26,"key":"theDuelist:MillenniumPeriapt"},{"floor":28,"key":"Orichalcum"},{"floor":30,"key":"Tough Bandages"},{"floor":40,"key":"Lantern"},{"floor":44,"key":"Dream Catcher"},{"floor":46,"key":"MealTicket"},{"floor":47,"key":"theDuelist:ElectricBurst"},{"floor":54,"key":"Mummified Hand"}],"event_choices":[{"damage_healed":0.0,"max_hp_gain":0.0,"max_hp_loss":0.0,"gold_gain":0.0,"event_name":"Golden Idol","player_choice":"Take Damage","floor":3.0,"gold_loss":0.0,"damage_taken":20.0,"relics_obtained":["Golden Idol"]},{"damage_healed":0.0,"max_hp_gain":0.0,"max_hp_loss":0.0,"gold_gain":0.0,"event_name":"Card Trader","player_choice":"Leave","duelist":true,"floor":4.0,"gold_loss":0.0,"damage_taken":0.0},{"damage_healed":0.0,"max_hp_gain":0.0,"max_hp_loss":0.0,"gold_gain":0.0,"event_name":"Aknamkanon\u0027s Tomb","player_choice":"Dig - random Duelist relic","duelist":true,"floor":14.0,"gold_loss":0.0,"damage_taken":0.0},{"damage_healed":0.0,"max_hp_gain":0.0,"max_hp_loss":0.0,"gold_gain":99.0,"event_name":"Nest","player_choice":"Stole From Cult","floor":19.0,"gold_loss":0.0,"damage_taken":0.0},{"total_magic_score":206,"gold_gain":0,"duelist":true,"damage_taken":0,"relics_obtained":[],"points":4,"max_hp_gain":0,"max_hp_loss":0,"spent_points":{"magic":2,"greed":0,"war":0,"power":2,"hunger":0},"event_name":"Nameless Tomb","floor":36,"gold_loss":0,"magic_reward":2,"cards_obtained":["theDuelist:Nameless:Magic:BerserkerCrush","theDuelist:CurseDarkness","Injury"]},{"damage_healed":16,"gold_gain":0,"player_choice":"Writhe","damage_taken":0,"max_hp_gain":0,"max_hp_loss":0,"event_name":"Winding Halls","floor":37,"gold_loss":0,"cards_obtained":["Writhe"]},{"damage_healed":0,"gold_gain":0,"player_choice":"Break - +12 Max HP","duelist":true,"damage_taken":0,"max_hp_gain":0,"max_hp_loss":0,"event_name":"Tomb of the Nameless","floor":39,"gold_loss":0},{"damage_healed":0,"gold_gain":0,"player_choice":"Leave","duelist":true,"damage_taken":0,"max_hp_gain":0,"max_hp_loss":0,"event_name":"Egyptian Village","floor":45,"gold_loss":0}],"is_beta":false,"boss_relics":[{"not_picked":["Pandora\u0027s Box","Mark of Pain"],"picked":"Runic Dome"},{"not_picked":["Fusion Hammer","Busted Crown"],"picked":"Cursed Key"}],"items_purged_floors":[5,20,41],"is_endless":false,"potions_floor_spawned":[1,2,6,8,25,27,30,33,38,40,44,48],"ascension_level":1}}