{"host":"bxn2em57qlx5u4i0","time":1613609390,"event":{"mods":["BaseMod","Colored Map","Colored Powertips","Highlight Path","Minty Spire (QoL Compilation)","Random Character Button","Relic Sorter","Relic Stats","StSLib","SuperFastMode"],"gold_per_floor":[116,135,135,10,10,54,54,54,54,89,164,179,179,193,193,292,292,311,311,42,42,58,58,102,102,102,140,163,206,206,221,221,310,310,326,326,344,18,37,81,81,119,119,157,225,225,225,239,239,239,239],"floor_reached":50,"language":"ENG","playtime":1477,"items_purged":["Strike_G","Strike_G"],"score":1388,"play_id":"661b14dc-5eb4-4425-a6f3-f0c00c399f76","local_time":"20210217194950","is_ascension_mode":true,"campfire_choices":[{"data":"Quick Slash","floor":8.0,"key":"SMITH"},{"data":"Blade Dance","floor":13.0,"key":"SMITH"},{"data":"Neutralize","floor":15.0,"key":"SMITH"},{"data":"Blade Dance","floor":23.0,"key":"SMITH"},{"data":"Footwork","floor":25.0,"key":"SMITH"},{"data":"Wraith Form v2","floor":30.0,"key":"SMITH"},{"data":"Envenom","floor":32.0,"key":"SMITH"},{"data":"Escape Plan","floor":41.0,"key":"SMITH"},{"floor":46.0,"key":"RECALL"},{"data":"Night Terror","floor":49.0,"key":"SMITH"}],"circlet_count":0,"master_deck":["AscendersBane","Strike_G+1","Strike_G+1","Defend_G+1","Defend_G+1","Defend_G+1","Defend_G+1","Defend_G+1","Survivor+1","Neutralize+1","Endless Agony+1","Slice+1","Quick Slash+1","Backstab+1","Backstab+1","Blade Dance+1","PiercingWail+1","Envenom+1","Backflip+1","Ghostly+1","Ghostly+1","Ghostly+1","Escape Plan+1","Noxious Fumes+1","Blade Dance+1","Footwork+1","Wraith Form v2+1","Bullet Time+1","Blade Dance+1","Escape Plan+1","Calculated Gamble+1","Night Terror+1","Trip","Deflect+1"],"relics":["Ring of the Snake","NeowsBlessing","Vajra","Golden Idol","Gambling Chip","White Beast Statue","Lantern","WristBlade","Regal Pillow","Bottled Lightning","PreservedInsect","SacredBark","Mark of the Bloom","Membership Card","Du-Vu Doll","Blue Candle","InkBottle","Sundial","The Specimen","Calipers"],"acts_visited":["Exordium","TheCity","TheBeyond"],"potions_floor_usage":[50],"damage_taken":[{"damage":0.0,"enemies":"Cultist","floor":1.0,"turns":1.0},{"damage":0.0,"enemies":"2 Louse","floor":2.0,"turns":1.0},{"damage":0.0,"enemies":"3 Sentries","floor":6.0,"turns":1.0},{"damage":21.0,"enemies":"Lagavulin","floor":10.0,"turns":6.0},{"damage":0.0,"enemies":"Jaw Worm","floor":12.0,"turns":2.0},{"damage":0.0,"enemies":"Exordium Wildlife","floor":14.0,"turns":1.0},{"damage":3.0,"enemies":"The Guardian","floor":16.0,"turns":14.0},{"damage":13.0,"enemies":"3 Byrds","floor":18.0,"turns":4.0},{"damage":0.0,"enemies":"Shell Parasite","floor":22.0,"turns":3.0},{"damage":1.0,"enemies":"Book of Stabbing","floor":24.0,"turns":5.0},{"damage":3.0,"enemies":"Gremlin Leader","floor":27.0,"turns":6.0},{"damage":0.0,"enemies":"3 Cultists","floor":28.0,"turns":3.0},{"damage":1.0,"enemies":"Book of Stabbing","floor":29.0,"turns":4.0},{"damage":0.0,"enemies":"Snecko","floor":31.0,"turns":4.0},{"damage":14.0,"enemies":"Automaton","floor":33.0,"turns":7.0},{"damage":0.0,"enemies":"Orb Walker","floor":35.0,"turns":3.0},{"damage":0.0,"enemies":"3 Darklings","floor":37.0,"turns":4.0},{"damage":1.0,"enemies":"Jaw Worm Horde","floor":39.0,"turns":4.0},{"damage":0.0,"enemies":"Giant Head","floor":40.0,"turns":5.0},{"damage":0.0,"enemies":"Nemesis","floor":42.0,"turns":5.0},{"damage":0.0,"enemies":"Reptomancer","floor":44.0,"turns":4.0},{"damage":2.0,"enemies":"2 Orb Walkers","floor":45.0,"turns":4.0},{"damage":2.0,"enemies":"Transient","floor":48.0,"turns":6.0},{"damage":27,"enemies":"Awakened One","floor":50,"turns":6}],"seed_played":"-4809260482029597253","potions_obtained":[{"floor":1.0,"key":"Weak Potion"},{"floor":6.0,"key":"LiquidMemories"},{"floor":10.0,"key":"EssenceOfSteel"},{"floor":12.0,"key":"PowerPotion"},{"floor":16.0,"key":"Fruit Juice"},{"floor":18.0,"key":"Block Potion"},{"floor":22.0,"key":"Swift Potion"},{"floor":29.0,"key":"SpeedPotion"},{"floor":31.0,"key":"PowerPotion"},{"floor":33.0,"key":"CultistPotion"},{"floor":40.0,"key":"CunningPotion"},{"floor":45.0,"key":"CultistPotion"}],"is_trial":false,"path_per_floor":["M","M","?","$","?","E","$","R","T","E","?","M","R","M","R","B",null,"M","?","$","?","M","R","E","R","T","E","M","E","R","M","R","B",null,"M","?","M","$","M","E","R","E","T","E","?","R","?","M","R","B"],"character_chosen":"THE_SILENT","items_purchased":["Quick Slash","Escape Plan","Noxious Fumes","Membership Card","Du-Vu Doll"],"campfire_rested":0,"item_purchase_floors":[4,20,20,38,38],"current_hp_per_floor":[59,59,41,41,41,41,41,41,41,20,9,9,9,9,9,6,47,34,30,30,30,35,35,34,34,34,31,31,30,30,30,30,16,30,30,30,30,30,29,29,29,29,29,29,27,27,27,25,25,0,0],"gold":239,"neow_bonus":"THREE_ENEMY_KILL","is_daily":false,"chose_seed":false,"campfire_upgraded":9,"win_rate":0.0,"timestamp":1613609390,"path_taken":["M","?","?","$","?","E","?","R","T","E","?","M","R","?","R","BOSS","M","?","$","?","M","R","E","R","T","E","M","E","R","?","R","BOSS","M","?","M","$","M","E","R","E","T","E","?","R","?","?","R","BOSS"],"items_purchased_type":["Card","Card","Card","Relic","Relic"],"build_version":"2020-12-22","purchased_purges":2,"victory":false,"max_hp_per_floor":[66,66,66,66,60,60,60,60,60,60,60,60,60,60,60,60,60,60,30,30,30,35,35,35,35,35,35,35,35,35,35,35,35,35,35,35,35,35,35,35,35,35,35,35,35,35,35,35,35,35,35],"relic_stats":{"Regal Pillow":0,"Mark of the Bloom":0,"counters":[24,103],"Golden Idol":154,"Sundial":[2],"Gambling Chip":[40],"Blue Candle":[0],"PreservedInsect":238,"obtain_stats":[{"Lantern":10,"Regal Pillow":24,"Mark of the Bloom":36,"Calipers":45,"NeowsBlessing":0,"The Specimen":44,"Golden Idol":5,"SacredBark":34,"Blue Candle":40,"Vajra":3,"PreservedInsect":29,"White Beast Statue":9,"Du-Vu Doll":38,"WristBlade":17,"Sundial":43,"Gambling Chip":6,"Bottled Lightning":27,"Membership Card":38,"InkBottle":42,"Ring of the Snake":0},{"Lantern":4,"Regal Pillow":10,"Mark of the Bloom":16,"Calipers":22,"NeowsBlessing":0,"The Specimen":21,"Golden Idol":2,"SacredBark":15,"Blue Candle":19,"Vajra":2,"PreservedInsect":13,"White Beast Statue":3,"Du-Vu Doll":17,"WristBlade":7,"Sundial":20,"Gambling Chip":3,"Bottled Lightning":11,"Membership Card":17,"InkBottle":20,"Ring of the Snake":0},{"Lantern":9,"Regal Pillow":38,"Mark of the Bloom":65,"Calipers":91,"NeowsBlessing":0,"The Specimen":87,"Golden Idol":2,"SacredBark":62,"Blue Candle":78,"Vajra":2,"PreservedInsect":51,"White Beast Statue":3,"Du-Vu Doll":69,"WristBlade":26,"Sundial":83,"Gambling Chip":3,"Bottled Lightning":44,"Membership Card":69,"InkBottle":83,"Ring of the Snake":0}],"InkBottle":[12],"Ring of the Snake":[48]},"card_choices":[{"not_picked":["Infinite Blades","Cloak And Dagger"],"picked":"Endless Agony","floor":1.0},{"not_picked":["Cloak And Dagger","Prepared"],"picked":"Slice","floor":2.0},{"not_picked":["Catalyst","Deflect"],"picked":"Backstab","floor":6.0},{"not_picked":["Deadly Poison","Poisoned Stab"],"picked":"Backstab","floor":10.0},{"not_picked":["Outmaneuver","Calculated Gamble"],"picked":"Blade Dance","floor":12.0},{"not_picked":["Crippling Poison","Distraction"],"picked":"PiercingWail","floor":14.0},{"not_picked":["Bullet Time","Doppelganger"],"picked":"Envenom","floor":16.0},{"not_picked":["Acrobatics","Slice"],"picked":"Backflip+1","floor":18.0},{"not_picked":["Bane","Leg Sweep"],"picked":"Blade Dance","floor":22.0},{"not_picked":["Outmaneuver","Finisher+1"],"picked":"Footwork","floor":24.0},{"not_picked":["Poisoned Stab+1","Acrobatics","Well Laid Plans"],"picked":"SKIP","floor":27.0},{"not_picked":["Heel Hook","Dash","All Out Attack"],"picked":"SKIP","floor":28.0},{"not_picked":["Deflect","Blur"],"picked":"Wraith Form v2","floor":29.0},{"not_picked":["Heel Hook+1","Sucker Punch+1","Finisher"],"picked":"SKIP","floor":31.0},{"not_picked":["Doppelganger","Grand Finale"],"picked":"Bullet Time","floor":33.0},{"not_picked":["PiercingWail+1","Bane"],"picked":"Blade Dance+1","floor":35.0},{"not_picked":["Dagger Spray","Flying Knee"],"picked":"Escape Plan","floor":37.0},{"not_picked":["Noxious Fumes","Blade Dance","Bane"],"picked":"SKIP","floor":39.0},{"not_picked":["Flying Knee","Quick Slash"],"picked":"Calculated Gamble+1","floor":40.0},{"not_picked":["Deadly Poison","Prepared"],"picked":"Night Terror","floor":42.0},{"not_picked":["Skewer","Flying Knee","Outmaneuver+1"],"picked":"SKIP","floor":44.0},{"not_picked":["HandOfGreed","Magnetism"],"picked":"Trip","floor":47.0},{"not_picked":["Flying Knee","Reflex+1"],"picked":"Deflect+1","floor":48.0}],"player_experience":3032489,"relics_obtained":[{"floor":6.0,"key":"Gambling Chip"},{"floor":9.0,"key":"White Beast Statue"},{"floor":10.0,"key":"Lantern"},{"floor":24.0,"key":"Regal Pillow"},{"floor":27.0,"key":"Bottled Lightning"},{"floor":29.0,"key":"PreservedInsect"},{"floor":40.0,"key":"Blue Candle"},{"floor":42.0,"key":"InkBottle"},{"floor":43.0,"key":"Sundial"},{"floor":44.0,"key":"The Specimen"},{"floor":45.0,"key":"Calipers"}],"event_choices":[{"damage_healed":0.0,"max_hp_gain":0.0,"max_hp_loss":0.0,"gold_gain":0.0,"event_name":"Scrap Ooze","player_choice":"Success","floor":3.0,"gold_loss":0.0,"damage_taken":18.0,"relics_obtained":["Vajra"]},{"damage_healed":0.0,"max_hp_gain":0.0,"max_hp_loss":6.0,"gold_gain":0.0,"event_name":"Golden Idol","player_choice":"Lose Max HP","floor":5.0,"gold_loss":0.0,"damage_taken":0.0,"relics_obtained":["Golden Idol"]},{"damage_healed":0.0,"max_hp_gain":0.0,"max_hp_loss":0.0,"gold_gain":75.0,"event_name":"World of Goop","player_choice":"Gather Gold","floor":11.0,"gold_loss":0.0,"damage_taken":11.0},{"damage_healed":0.0,"max_hp_gain":0.0,"max_hp_loss":30.0,"gold_gain":0.0,"event_name":"Ghosts","player_choice":"Became a Ghost","floor":19.0,"gold_loss":0.0,"damage_taken":0.0,"cards_obtained":["Ghostly","Ghostly","Ghostly"]},{"cards_removed":["Strike_G"],"damage_healed":0.0,"max_hp_gain":0.0,"max_hp_loss":0.0,"gold_gain":0.0,"event_name":"Purifier","player_choice":"Purged","floor":21.0,"gold_loss":0.0,"damage_taken":0.0},{"damage_healed":0.0,"max_hp_gain":0.0,"max_hp_loss":0.0,"gold_gain":0.0,"event_name":"MindBloom","player_choice":"Upgrade","floor":36.0,"gold_loss":0.0,"damage_taken":0.0,"cards_upgraded":["Strike_G","Strike_G","Defend_G","Defend_G","Defend_G","Defend_G","Defend_G","Survivor","Endless Agony","Slice","Backstab","Backstab","PiercingWail","Ghostly","Ghostly","Ghostly","Escape Plan","Noxious Fumes","Bullet Time"],"relics_obtained":["Mark of the Bloom"]},{"damage_healed":0.0,"max_hp_gain":0.0,"max_hp_loss":0.0,"gold_gain":0.0,"event_name":"Mysterious Sphere","player_choice":"Fight","floor":45.0,"gold_loss":0.0,"damage_taken":0.0},{"damage_healed":0.0,"max_hp_gain":0.0,"max_hp_loss":0.0,"gold_gain":0.0,"event_name":"SensoryStone","player_choice":"Memory 1","floor":47.0,"gold_loss":0.0,"damage_taken":0.0}],"is_beta":false,"boss_relics":[{"not_picked":["Coffee Dripper","Philosopher\u0027s Stone"],"picked":"WristBlade"},{"not_picked":["HoveringKite","Astrolabe"],"picked":"SacredBark"}],"items_purged_floors":[4,20],"is_endless":false,"potions_floor_spawned":[1,6,10,12,14,16,18,22,24,27,28,29,31,33,35,37,39,40,42,44,45,48],"killed_by":"Awakened One","ascension_level":20}}