{"host":"w2kjv12xyhtt0cv2","time":1613649574,"event":{"mods":["100% Spire Juice","Act Like it!","BaseMod","Colored Map","Friendly Minions","Gensokyo","GifTheSpireLib","Highlight Path","Hubris","Marisa（F雨　魔理沙）","Minty Spire (QoL Compilation)","Prisma Mod","Quick Restart","Reimu（博丽灵梦）","Relic Stats","Reliquary","Replay The Spire","Robot Space Explorer","RumiaBox-露米娅的神秘盒子","Shop Mod","Spicy Shops","StSLib","The Bug Knight","The Cursed","The Dragon Tamer","The Servant 0.9.4","UnlockEverythingMod","Waifu the Spire","[功能]功能增强和修复MOD","【功能Mod】Neow奖励","【遗物卡牌】REMEMod","没有小屋子和绿帽子啦"],"gold_per_floor":[117,117,117,117,13,113,113],"floor_reached":6,"language":"ZHS","playtime":231,"items_purged":[],"score":32,"play_id":"9d9150c6-e411-4db7-9200-dbc1928dab95","local_time":"20210218195934","is_ascension_mode":false,"campfire_choices":[],"circlet_count":0,"master_deck":["HollowMod:NailStrikeStart","HollowMod:NailStrikeStart","HollowMod:NailStrikeStart","HollowMod:NailStrikeStart","HollowMod:QuickDashStart","HollowMod:QuickDashStart","HollowMod:QuickDashStart","HollowMod:QuickDashStart","HollowMod:FocusHealStart","HollowMod:PogoStrike","PrismaMod:IllyaInstallSaber","Gensokyo:ExoticEgg"],"relics":["HollowMod:VesselMask","REME_ComplimentaryCards","Juzu Bracelet","hubris:Towel","hubris:Icosahedron"],"acts_visited":["Gensokyo:Gensokyo"],"potions_floor_usage":[],"damage_taken":[{"damage":2.0,"enemies":"Gensokyo:Gryphon","floor":1.0,"turns":3.0},{"damage":19,"enemies":"Gensokyo:Cirno","floor":6,"turns":3}],"seed_played":"-8939478386858430562","potions_obtained":[],"is_trial":false,"path_per_floor":["M","?","?","?","COS","E"],"character_chosen":"THE_BUGKNIGHT","items_purchased":[],"campfire_rested":0,"item_purchase_floors":[],"current_hp_per_floor":[75,75,75,75,75,56,56],"gold":113,"neow_bonus":"RANDOM_COMMON_RELIC","is_daily":false,"chose_seed":false,"campfire_upgraded":0,"win_rate":0.0,"timestamp":1613649574,"path_taken":["M","?","?","?","COS","E"],"items_purchased_type":[],"build_version":"2020-12-22","purchased_purges":0,"victory":false,"max_hp_per_floor":[75,75,75,75,75,75,75],"relic_stats":{"counters":[2,6],"Juzu Bracelet":0,"obtain_stats":[{"hubris:Icosahedron":4,"HollowMod:VesselMask":0,"Juzu Bracelet":0,"hubris:Towel":2,"REME_ComplimentaryCards":0},{"hubris:Icosahedron":1,"HollowMod:VesselMask":0,"Juzu Bracelet":0,"hubris:Towel":1,"REME_ComplimentaryCards":0},{"hubris:Icosahedron":3,"HollowMod:VesselMask":0,"Juzu Bracelet":0,"hubris:Towel":3,"REME_ComplimentaryCards":0}]},"card_choices":[{"not_picked":["HollowMod:ShadowDash","HollowMod:CrystalDash","HollowMod:WraithStrike"],"picked":"SKIP","floor":1.0}],"player_experience":246086,"relics_obtained":[],"event_choices":[],"is_beta":false,"boss_relics":[],"items_purged_floors":[],"is_endless":false,"potions_floor_spawned":[],"killed_by":"Gensokyo:Cirno","ascension_level":0}}