{"host":"dfw4wnb2uxt7qm1t","time":1613683065,"event":{"mods":["BaseMod","Infinite Spire","Minty Spire (QoL Compilation)","StSLib","Treasure Hunter"],"gold_per_floor":[174,184,6,19,94,119,119,135,135,135,135,160,160,7,7,111,111,92,92,112,126,126,126,143,143,143,242,255,265,294,40,40,144,144,164,164,180,260,15,43,63,74,98,115,131,146,146,158,158,158,158],"floor_reached":50,"language":"DEU","playtime":4774,"items_purged":["TH:TreasureMap","TH:BikiniMail"],"score":531,"play_id":"643991e0-8559-4dae-9d2b-f261c248b721","local_time":"20210218221745","is_ascension_mode":false,"campfire_choices":[{"data":"Apotheosis","floor":11,"key":"SMITH"},{"floor":13,"key":"REST"},{"data":"Double Tap","floor":15,"key":"SMITH"},{"data":"infinitespire:OneForAll","floor":23,"key":"SMITH"},{"floor":25,"key":"REST"},{"data":"Searing Blow","floor":32,"key":"SMITH"},{"floor":47,"key":"REST"},{"floor":49,"key":"REST"}],"circlet_count":0,"master_deck":["Strike_R","Strike_R","Strike_R+1","Strike_R","Strike_R","Defend_R","Defend_R","Defend_R","Defend_R","Bash","Heavy Blade+1","Perfected Strike","Apotheosis+1","Perfected Strike","TH:ElvenBoots","Double Tap+1","Anger","Body Slam","TH:CursedSword","Reaper","Infernal Blade+1","Armaments","infinitespire:OneForAll+1","Flex","Shrug It Off+1","Shockwave","Metallicize","Searing Blow+1","TH:Mimic","Feed","Inflame+1","Madness","Madness","Dropkick","Flex+1","Madness+1","Shrug It Off+1","Inflame+1","Entrench+1","Rage+1","Bludgeon","Dual Wield+1","Headbutt+1"],"relics":["Burning Blood","infinitespire:Eraser","Toy Ornithopter","Blue Candle","MealTicket","Membership Card","SacredBark","Enchiridion","Red Skull","infinitespire:EmpoweringShard","Whetstone","infinitespire:WardingShard","Strange Spoon","Fusion Hammer","Toxic Egg 2","Regal Pillow","Smiling Mask","PreservedInsect"],"acts_visited":["Exordium","TheCity","TheBeyond"],"potions_floor_usage":[16,21,28,33,33,40,41,44,45,45,50],"damage_taken":[{"damage":20,"enemies":"Jaw Worm","floor":1,"turns":6},{"damage":1,"enemies":"Cultist","floor":2,"turns":4},{"damage":0,"enemies":"infinitespire:Voidling","floor":4,"turns":4},{"damage":28,"enemies":"Gremlin Nob","floor":6,"turns":5},{"damage":11,"enemies":"2 Fungi Beasts","floor":8,"turns":4},{"damage":22,"enemies":"3 Sentries","floor":12,"turns":6},{"damage":66,"enemies":"Hexaghost","floor":16,"turns":8},{"damage":16,"enemies":"2 Thieves","floor":18,"turns":4},{"damage":29,"enemies":"3 Byrds","floor":20,"turns":6},{"damage":26,"enemies":"Centurion and Healer","floor":21,"turns":6},{"damage":29,"enemies":"Snake Plant","floor":24,"turns":4},{"damage":25,"enemies":"Cultist and Chosen","floor":28,"turns":5},{"damage":24,"enemies":"Snecko","floor":29,"turns":5},{"damage":45,"enemies":"Book of Stabbing","floor":30,"turns":5},{"damage":85,"enemies":"Automaton","floor":33,"turns":11},{"damage":11,"enemies":"Orb Walker","floor":35,"turns":2},{"damage":13,"enemies":"3 Shapes","floor":37,"turns":3},{"damage":102,"enemies":"Reptomancer","floor":40,"turns":8},{"damage":9,"enemies":"Sphere and 2 Shapes","floor":41,"turns":3},{"damage":2,"enemies":"4 Shapes","floor":42,"turns":3},{"damage":1,"enemies":"Spire Growth","floor":44,"turns":3},{"damage":33,"enemies":"Transient","floor":45,"turns":5},{"damage":30,"enemies":"Sphere and 2 Shapes","floor":46,"turns":4},{"damage":12,"enemies":"Jaw Worm Horde","floor":48,"turns":5},{"damage":107,"enemies":"Awakened One","floor":50,"turns":11}],"seed_played":"-5394229108300216155","potions_obtained":[{"floor":1,"key":"Swift Potion"},{"floor":8,"key":"FairyPotion"},{"floor":10,"key":"PowerPotion"},{"floor":10,"key":"SneckoOil"},{"floor":10,"key":"BlessingOfTheForge"},{"floor":20,"key":"EssenceOfSteel"},{"floor":21,"key":"infinitespire:BlackPotion"},{"floor":30,"key":"PowerPotion"},{"floor":40,"key":"Strength Potion"},{"floor":42,"key":"AttackPotion"},{"floor":48,"key":"Weak Potion"}],"is_trial":false,"path_per_floor":["M","M","$","M","?","E","T","M","T","?","R","E","R","$","R","B",null,"M","?","M","M","AVR","R","M","R","T","?","M","M","E","$","R","B",null,"M","?","M","T","$","E","M","M","T","M","M","M","R","M","R","B"],"character_chosen":"IRONCLAD","items_purchased":["Apotheosis","Membership Card","Searing Blow","infinitespire:WardingShard","LiquidMemories","Strange Spoon","Regal Pillow","Strength Potion","Regen Potion","Flex+1","Madness+1"],"campfire_rested":4,"item_purchase_floors":[3,14,31,31,31,31,39,39,39,39,39],"current_hp_per_floor":[74,79,79,85,74,52,52,47,47,47,47,31,57,72,72,17,88,78,62,42,37,37,37,25,51,51,51,41,33,58,73,73,17,88,83,72,84,84,91,14,35,53,53,63,52,28,71,65,94,0,0],"gold":158,"neow_bonus":"TEN_PERCENT_HP_BONUS","is_daily":false,"chose_seed":false,"campfire_upgraded":4,"win_rate":0.0,"timestamp":1613683065,"path_taken":["M","M","$","M","?","E","?","?","T","?","R","E","R","?","R","BOSS","M","?","M","M","AVR","R","M","R","T","?","M","M","E","$","R","BOSS","M","?","M","?","$","E","M","?","T","M","M","M","R","M","R","BOSS"],"items_purchased_type":["Card","Relic","Card","Relic","Potion","Relic","Relic","Potion","Potion","Card","Card"],"build_version":"2020-12-22","purchased_purges":2,"victory":false,"max_hp_per_floor":[88,88,88,88,88,88,88,88,88,88,88,88,88,88,88,88,88,88,88,88,88,88,88,88,88,88,88,88,88,88,88,88,88,88,88,88,91,91,91,91,91,94,94,94,94,94,94,94,94,94,94],"card_choices":[{"not_picked":["True Grit","Battle Trance"],"picked":"Heavy Blade","floor":1},{"not_picked":["Twin Strike","Pommel Strike"],"picked":"Perfected Strike","floor":2},{"not_picked":["True Grit","Clothesline"],"picked":"Perfected Strike","floor":4},{"not_picked":["TH:PixieDust"],"picked":"TH:ElvenBoots","floor":6},{"not_picked":["Cleave","Power Through"],"picked":"Double Tap","floor":6},{"not_picked":["TH:CursedSword"],"picked":"TH:TreasureMap","floor":7},{"not_picked":["Iron Wave","Pommel Strike"],"picked":"Anger","floor":8},{"not_picked":["TH:TreasureMap"],"picked":"TH:BikiniMail","floor":9},{"not_picked":["Flex","Sever Soul"],"picked":"Body Slam","floor":12},{"not_picked":["TH:TreasureMap","TH:Mimic"],"picked":"SKIP","floor":12},{"not_picked":["TH:CopperCoins"],"picked":"TH:CursedSword","floor":16},{"not_picked":["Barricade","Juggernaut"],"picked":"Reaper","floor":16},{"not_picked":["Bloodletting","Wild Strike+1"],"picked":"Infernal Blade+1","floor":18},{"not_picked":["Twin Strike+1","Cleave"],"picked":"Armaments","floor":20},{"not_picked":["Headbutt+1","Thunderclap"],"picked":"infinitespire:OneForAll","floor":21},{"not_picked":["Reckless Charge","Body Slam"],"picked":"Flex","floor":24},{"not_picked":["TH:EnergyPotion","TH:TreasureMap"],"picked":"SKIP","floor":26},{"not_picked":["Burning Pact","Barricade"],"picked":"Shrug It Off+1","floor":28},{"not_picked":["Reckless Charge+1","Havoc"],"picked":"Shockwave","floor":29},{"not_picked":["Flame Barrier","Warcry"],"picked":"Metallicize","floor":30},{"not_picked":["TH:ArmorSpikes","TH:TreasureMap"],"picked":"SKIP","floor":30},{"not_picked":["TH:ArmorSpikes"],"picked":"TH:Mimic","floor":33},{"not_picked":["Bludgeon","Impervious"],"picked":"Feed","floor":33},{"not_picked":["Heavy Blade","Flex"],"picked":"Inflame+1","floor":35},{"not_picked":["Warcry+1","Power Through"],"picked":"Dropkick","floor":37},{"not_picked":["TH:CopperCoins","TH:PixieDust"],"picked":"SKIP","floor":38},{"not_picked":["Body Slam","Flame Barrier+1"],"picked":"Shrug It Off+1","floor":40},{"not_picked":["TH:ElvenBoots","TH:CursedSword"],"picked":"SKIP","floor":40},{"not_picked":["Burning Pact+1","Sever Soul+1"],"picked":"Inflame+1","floor":41},{"not_picked":["Exhume+1","Havoc+1"],"picked":"Entrench+1","floor":42},{"not_picked":["TH:CopperCoins","TH:CursedSword"],"picked":"SKIP","floor":43},{"not_picked":["Wild Strike+1","Armaments+1"],"picked":"Rage+1","floor":44},{"not_picked":["Headbutt","Sword Boomerang"],"picked":"Bludgeon","floor":45},{"not_picked":["Body Slam+1","Twin Strike"],"picked":"Dual Wield+1","floor":46},{"not_picked":["Pummel","Wild Strike"],"picked":"Headbutt+1","floor":48}],"player_experience":78785,"relics_obtained":[{"floor":6,"key":"infinitespire:Eraser"},{"floor":7,"key":"Toy Ornithopter"},{"floor":9,"key":"Blue Candle"},{"floor":12,"key":"MealTicket"},{"floor":19,"key":"Enchiridion"},{"floor":26,"key":"infinitespire:EmpoweringShard"},{"floor":30,"key":"Whetstone"},{"floor":38,"key":"Toxic Egg 2"},{"floor":40,"key":"Smiling Mask"},{"floor":43,"key":"PreservedInsect"}],"event_choices":[{"damage_healed":0,"gold_gain":75,"player_choice":"Gather Gold","damage_taken":11,"max_hp_gain":0,"max_hp_loss":0,"event_name":"World of Goop","floor":5,"gold_loss":0},{"damage_healed":0,"gold_gain":0,"player_choice":"Got Potions","damage_taken":0,"max_hp_gain":0,"max_hp_loss":0,"event_name":"Lab","floor":10,"gold_loss":0},{"damage_healed":0,"gold_gain":0,"player_choice":"Obtained Book","damage_taken":16,"max_hp_gain":0,"max_hp_loss":0,"event_name":"Cursed Tome","floor":19,"gold_loss":0},{"damage_healed":0,"gold_gain":99,"player_choice":"Stole From Cult","damage_taken":0,"max_hp_gain":0,"max_hp_loss":0,"event_name":"Nest","floor":27,"gold_loss":0},{"damage_healed":0,"gold_gain":0,"player_choice":"Embrace Madness","damage_taken":11,"max_hp_gain":0,"max_hp_loss":0,"event_name":"Winding Halls","floor":36,"gold_loss":0,"cards_obtained":["Madness","Madness"]}],"is_beta":false,"boss_relics":[{"not_picked":["Sozu","Cursed Key"],"picked":"SacredBark"},{"not_picked":["Snecko Eye","Philosopher\u0027s Stone"],"picked":"Fusion Hammer"}],"items_purged_floors":[22,39],"is_endless":false,"potions_floor_spawned":[1,8,12,20,21,30,40,42,48],"killed_by":"Awakened One","ascension_level":0}}