{"host":"qy6st0zp32tctd9l","time":1613642544,"event":{"mods":["BaseMod","Colored Map","Downfall","GifTheSpireLib","Hermit","Marisa£®ÏF”Í°°ƒß¿Ì…≥£©","Minty Spire (QoL Compilation)","Remilia£®¿Ÿ√◊¿Ú—«£©","StSLib","The Cursed","The Servant 0.9.4","UnlockEverythingMod"],"gold_per_floor":[14,34,34,49,60,79,106,106,174,200,200,218,218,233,233,309,309,320,334,72,72,72,72,72,72,98,98,131,56,56,56,56],"floor_reached":31,"language":"ZHS","playtime":1051,"items_purged":[],"score":487,"play_id":"788793d2-02b6-44be-9d8d-0264339c385a","local_time":"20210218180224","is_ascension_mode":true,"campfire_choices":[{"data":"Sadistic Nature","floor":8.0,"key":"SMITH"},{"data":"Moondial","floor":11.0,"key":"SMITH"},{"data":"KidneyShot","floor":15.0,"key":"SMITH"},{"floor":23,"key":"RECALL"},{"data":"KillingDoll","floor":25,"key":"SMITH"},{"data":"Contraction","floor":30,"key":"SMITH"}],"circlet_count":0,"master_deck":["AscendersBane","Strike_S","Strike_S","Strike_S","Defend_S","Defend_S","Defend_S","Defend_S","KidneyShot+1","Exchange","Sadistic Nature+1","Misdirection","GearUp","ShatteredReality","TimeWarp","SilverBlades+1","Moondial+1","KillingDoll+1","Rearm+1","ForgedInTime","DualDimension+1","Contraction+1","SpecialFormula+1"],"relics":["Uniform","Akabeko","Gremlin Horn","Lizard Tail","Coffee Dripper","Bottled Tornado","Lantern","Boot"],"acts_visited":["Exordium","TheCity"],"potions_floor_usage":[18,28],"damage_taken":[{"damage":1.0,"enemies":"Cultist","floor":1.0,"turns":4.0},{"damage":4.0,"enemies":"Jaw Worm","floor":2.0,"turns":3.0},{"damage":0.0,"enemies":"2 Louse","floor":4.0,"turns":3.0},{"damage":0.0,"enemies":"Blue Slaver","floor":5.0,"turns":4.0},{"damage":8.0,"enemies":"3 Louse","floor":6.0,"turns":5.0},{"damage":19.0,"enemies":"3 Sentries","floor":7.0,"turns":10.0},{"damage":7.0,"enemies":"Lagavulin","floor":10.0,"turns":7.0},{"damage":6.0,"enemies":"2 Fungi Beasts","floor":12.0,"turns":3.0},{"damage":0.0,"enemies":"Exordium Thugs","floor":14.0,"turns":2.0},{"damage":2.0,"enemies":"Slime Boss","floor":16.0,"turns":3.0},{"damage":0,"enemies":"3 Byrds","floor":18,"turns":3},{"damage":0,"enemies":"2 Thieves","floor":19,"turns":2},{"damage":22,"enemies":"Slavers","floor":28,"turns":4},{"damage":0,"enemies":"Gremlin Leader","floor":31,"turns":2}],"seed_played":"-1069833360950343950","potions_obtained":[{"floor":1.0,"key":"Block Potion"},{"floor":6.0,"key":"Regen Potion"},{"floor":12.0,"key":"Regen Potion"},{"floor":16,"key":"Fire Potion"},{"floor":19,"key":"Energy Potion"},{"floor":28,"key":"Ancient Potion"}],"is_trial":false,"path_per_floor":["M","M","?","M","M","M","E","R","T","E","R","M","?","M","R","B",null,"M","M","$","?","?","R","?","R","T","?","E","?","R","E"],"character_chosen":"THE_SERVANT","items_purchased":["Bottled Tornado"],"campfire_rested":0,"item_purchase_floors":[20],"current_hp_per_floor":[53,49,49,49,49,41,37,37,37,30,30,24,24,24,24,22,51,51,51,51,51,51,51,35,35,35,35,13,13,13,21,21],"gold":56,"neow_bonus":"RANDOM_COLORLESS_2","is_daily":false,"chose_seed":false,"campfire_upgraded":5,"win_rate":0.0,"timestamp":1613642544,"path_taken":["M","M","?","M","M","M","E","R","T","E","R","M","?","M","R","BOSS","BOSS","M","M","$","?","?","R","?","R","T","?","E","?","R","E"],"items_purchased_type":["Relic"],"build_version":"2020-12-22","purchased_purges":0,"victory":false,"max_hp_per_floor":[60,60,60,60,60,60,60,60,60,60,60,60,60,60,60,60,60,60,60,60,60,60,60,65,65,65,65,65,65,65,65,65],"card_choices":[{"not_picked":["Thinking Ahead","Magnetism"],"picked":"Sadistic Nature","floor":0.0},{"not_picked":["Collapse","Ricochet"],"picked":"Misdirection","floor":1.0},{"not_picked":["Misdirection","Advance"],"picked":"GearUp","floor":2.0},{"not_picked":["SurpressingFire","Spin","ReturningBlade"],"picked":"SKIP","floor":4.0},{"not_picked":["Spin","Rearm"],"picked":"TimeWarp","floor":5.0},{"not_picked":["Unruled","Potential"],"picked":"SilverBlades","floor":6.0},{"not_picked":["MoonPhase","Rewind","SilverBlades"],"picked":"SKIP","floor":7.0},{"not_picked":["Rearm","BottledTime"],"picked":"Moondial","floor":10.0},{"not_picked":["Potential","Starlight"],"picked":"KillingDoll","floor":12.0},{"not_picked":["Snipe","Contraction"],"picked":"Rearm","floor":14.0},{"not_picked":["TrueSight","LightFlow"],"picked":"ForgedInTime","floor":16},{"not_picked":["Starlight","ShatteredReality+1"],"picked":"DualDimension+1","floor":18},{"not_picked":["TimeTheft","Defy","Shuttle"],"picked":"SKIP","floor":19},{"not_picked":["DualDimension","DancingSilver"],"picked":"SpecialFormula+1","floor":28}],"player_experience":224721,"relics_obtained":[{"floor":7.0,"key":"Akabeko"},{"floor":9.0,"key":"Gremlin Horn"},{"floor":10.0,"key":"Lizard Tail"},{"floor":26,"key":"Lantern"},{"floor":28,"key":"Boot"}],"event_choices":[{"damage_healed":0.0,"max_hp_gain":0.0,"max_hp_loss":0.0,"gold_gain":0.0,"cards_transformed":["Strike_S"],"event_name":"Living Wall","player_choice":"Change","floor":3.0,"gold_loss":0.0,"damage_taken":0.0,"cards_obtained":["ShatteredReality"]},{"damage_healed":0.0,"max_hp_gain":0.0,"max_hp_loss":0.0,"gold_gain":0.0,"event_name":"Liars Game","player_choice":"Ignored","floor":13.0,"gold_loss":0.0,"damage_taken":0.0},{"damage_healed":0,"gold_gain":0,"player_choice":"Read","damage_taken":0,"max_hp_gain":0,"max_hp_loss":0,"event_name":"The Library","floor":22,"gold_loss":0,"cards_obtained":["Contraction"]},{"damage_healed":0,"gold_gain":0,"player_choice":"Shed Blood","damage_taken":21,"max_hp_gain":5,"max_hp_loss":0,"event_name":"Forgotten Altar","floor":24,"gold_loss":0},{"damage_healed":0,"gold_gain":0,"player_choice":"Ignored","damage_taken":0,"max_hp_gain":0,"max_hp_loss":0,"event_name":"The Mausoleum","floor":27,"gold_loss":0},{"cards_removed":["Lust_TH"],"damage_healed":0,"gold_gain":0,"player_choice":"Gave Gold","damage_taken":0,"max_hp_gain":0,"max_hp_loss":0,"event_name":"Beggar","floor":29,"gold_loss":75}],"is_beta":false,"boss_relics":[{"not_picked":["bronze:MakeshiftBattery","Philosopher\u0027s Stone"],"picked":"Coffee Dripper"}],"items_purged_floors":[],"is_endless":false,"potions_floor_spawned":[1,6,12,14,16,19,28],"killed_by":"Gremlin Leader","ascension_level":17}}