{"host":"aaqofma31c3gm2hj","time":1613619464,"event":{"mods":["BaseMod","GungeonMod","Minty Spire (QoL Compilation)","Replay The Spire","Spicy Shops","StSLib"],"gold_per_floor":[114,114,39,39,89,117,117,143,162,162,162,176,190,209,209,43,43,43,43],"floor_reached":18,"language":"ZHS","playtime":215,"items_purged":["Strike_B","Writhe"],"score":340,"play_id":"3875b5a8-5438-4491-8067-afbd1ad19653","local_time":"20210218113744","is_ascension_mode":true,"campfire_choices":[{"data":"ReplayTheSpireMod:Calculation Training","floor":7,"key":"SMITH"},{"data":"Turbo","floor":17,"key":"SMITH"}],"circlet_count":0,"master_deck":["AscendersBane","Strike_B","Strike_B","Defend_B","Defend_B","Defend_B","Defend_B","Zap","Dualcast+1","ReplayTheSpireMod:Calculation Training+1","Turbo+1","Sunder","White Noise","Pain"],"relics":["Cracked Core","NeowsBlessing","ReplayTheSpireMod:CursedCoin","Quantum Egg","Juzu Bracelet","DemoMod:ClearGuonStone","Question Card","DemoMod:GlassGuonStoneRelic","WarpedTongs","Membership Card"],"acts_visited":["Exordium"],"potions_floor_usage":[],"damage_taken":[{"damage":0.0,"enemies":"Jaw Worm","floor":1.0,"turns":1.0},{"damage":0,"enemies":"Gremlin Nob","floor":6,"turns":1},{"damage":0,"enemies":"Lagavulin","floor":8,"turns":1},{"damage":0,"enemies":"Cultist","floor":9,"turns":3},{"damage":0,"enemies":"2 Louse","floor":12,"turns":2},{"damage":1,"enemies":"Exordium Wildlife","floor":13,"turns":3},{"damage":0,"enemies":"Looter","floor":14,"turns":3},{"damage":0,"enemies":"Fading Forest","floor":18,"turns":1}],"seed_played":"-8843365492520377678","potions_obtained":[{"floor":12,"key":"Ancient Potion"},{"floor":14,"key":"Adrenaline Potion"}],"is_trial":false,"path_per_floor":["M","?","$","?","$","E","R","E","M","T","T","M","M","M","?","$","R","B"],"character_chosen":"DEFECT","items_purchased":["ReplayTheSpireMod:CursedCoin","Membership Card"],"campfire_rested":0,"item_purchase_floors":[5,16],"current_hp_per_floor":[64,64,64,64,64,64,64,64,64,64,64,64,63,63,63,63,63,63,63],"gold":43,"neow_bonus":"THREE_ENEMY_KILL","is_daily":false,"chose_seed":false,"campfire_upgraded":2,"win_rate":0.0,"timestamp":1613619464,"path_taken":["M","?","$","?","$","E","R","E","M","T","T","M","M","M","?","$","R","BOSS"],"items_purchased_type":["Relic","Relic"],"build_version":"2020-12-22","purchased_purges":2,"victory":false,"max_hp_per_floor":[71,71,71,71,71,71,71,71,71,71,71,71,71,71,71,71,71,71,71],"card_choices":[{"not_picked":["Leap","Fusion","Beam Cell"],"picked":"SKIP","floor":1.0},{"not_picked":["Barrage","Double Energy"],"picked":"ReplayTheSpireMod:Calculation Training","floor":6},{"not_picked":["Barrage","Steam"],"picked":"Turbo","floor":8},{"not_picked":["FTL","Aggregate","Go for the Eyes"],"picked":"SKIP","floor":9},{"not_picked":["Sweeping Beam","Panic Button","BootSequence"],"picked":"Sunder","floor":12},{"not_picked":["Beam Cell","FTL","Streamline"],"picked":"White Noise","floor":13},{"not_picked":["ReplaySort","ReplayTheSpireMod:Repulse","Crystallizer","Doom and Gloom"],"picked":"SKIP","floor":14}],"player_experience":683939,"relics_obtained":[{"floor":6,"key":"Quantum Egg"},{"floor":8,"key":"Juzu Bracelet"},{"floor":10,"key":"DemoMod:ClearGuonStone"},{"floor":11,"key":"Question Card"}],"event_choices":[{"cards_removed":["Strike_B"],"damage_healed":0,"gold_gain":0,"player_choice":"Purged","damage_taken":0,"max_hp_gain":0,"max_hp_loss":0,"event_name":"Purifier","floor":4,"gold_loss":0},{"damage_healed":0,"gold_gain":0,"player_choice":"Rummage","damage_taken":0,"relics_obtained":["WarpedTongs"],"max_hp_gain":0,"max_hp_loss":0,"event_name":"Accursed Blacksmith","floor":15,"gold_loss":0,"cards_obtained":["Pain"]}],"is_beta":false,"boss_relics":[],"items_purged_floors":[3,5],"is_endless":false,"potions_floor_spawned":[12,14],"killed_by":"Fading Forest","ascension_level":20}}