{"host":"bc854wfl0ro9ufwd","time":1613632517,"event":{"mods":["AchievementEnabler","BaseMod","Colored Powertips","Friendly Minions","Hubris","Infinite Spire","Marisa????????","Minty Spire (QoL Compilation)","Quick Restart","Replay The Spire","Shop Mod","StSLib","The Construct","The Disciple","The Jungle"],"gold_per_floor":[111,129,129,50,70,105,105,105,159,185,199,215,226,241,241,241,241],"floor_reached":16,"language":"ENG","playtime":604,"items_purged":[],"score":125,"play_id":"591347d3-a33a-4852-b94f-f89e42d6774a","local_time":"20210217231517","is_ascension_mode":true,"campfire_choices":[{"floor":7,"key":"REST"},{"floor":15,"key":"REST"}],"circlet_count":0,"master_deck":["Strike_G","Strike_G","Strike_G","Strike_G","Strike_G","Defend_G","Defend_G","Defend_G","Defend_G","Defend_G","Survivor","Neutralize","Slice","Poisoned Stab","Accuracy","Accuracy","Cloak And Dagger","Storm of Steel","Hidden Blade"],"relics":["Ring of the Snake","NeowsBlessing","Question Card","Happy Flower","Tough Bandages"],"acts_visited":["Exordium"],"potions_floor_usage":[11,11,11],"damage_taken":[{"damage":0,"enemies":"infinitespire:Voidling","floor":1,"turns":1},{"damage":0,"enemies":"2 Louse","floor":2,"turns":1},{"damage":0,"enemies":"Cultist","floor":5,"turns":1},{"damage":35,"enemies":"Lagavulin","floor":6,"turns":8},{"damage":28,"enemies":"3 Sentries","floor":10,"turns":10},{"damage":11,"enemies":"Looter","floor":11,"turns":2},{"damage":0,"enemies":"Large Slime","floor":12,"turns":5},{"damage":11,"enemies":"Lots of Slimes","floor":13,"turns":4},{"damage":0,"enemies":"2 Fungi Beasts","floor":14,"turns":3},{"damage":39,"enemies":"Slime Boss","floor":16,"turns":8}],"seed_played":"4523232767159954006","potions_obtained":[{"floor":2,"key":"AttackPotion"},{"floor":6,"key":"SteroidPotion"},{"floor":8,"key":"Swift Potion"},{"floor":8,"key":"Regen Potion"}],"is_trial":false,"path_per_floor":["M","M","?","$","M","E","R","?","T","E","M","M","M","M","R","B"],"character_chosen":"THE_SILENT","items_purchased":["Accuracy"],"campfire_rested":2,"item_purchase_floors":[4],"current_hp_per_floor":[70,70,75,75,75,40,62,62,62,34,28,28,17,17,39,0,0],"gold":241,"neow_bonus":"THREE_ENEMY_KILL","is_daily":false,"chose_seed":false,"campfire_upgraded":0,"win_rate":0.0,"timestamp":1613632517,"path_taken":["M","?","?","?","M","E","R","?","T","E","M","M","M","M","R","BOSS"],"items_purchased_type":["Card"],"build_version":"2020-12-22","purchased_purges":0,"victory":false,"max_hp_per_floor":[70,70,75,75,75,75,75,75,75,75,75,75,75,75,75,75,75],"card_choices":[{"not_picked":["hubris:Counter","hubris:SlightOfHand"],"picked":"Slice","floor":1},{"not_picked":["Expertise","Deflect"],"picked":"Poisoned Stab","floor":2},{"not_picked":["Underhanded Strike","Flying Knee"],"picked":"Accuracy","floor":5},{"not_picked":["Skewer","Toxin Wave"],"picked":"Cloak And Dagger","floor":6},{"not_picked":["Flechettes","Slice","Outmaneuver"],"picked":"Storm of Steel","floor":10},{"not_picked":["Dodge and Roll","Expertise","Outmaneuver","ReplayTheSpireMod:Speed Training"],"picked":"SKIP","floor":11},{"not_picked":["Riddle With Holes","Expertise","Crippling Poison"],"picked":"Hidden Blade","floor":12},{"not_picked":["Skewer","Backflip","Flying Knee","Deadly Poison"],"picked":"SKIP","floor":13},{"not_picked":["hubris:SlightOfHand","ReplayTheSpireMod:Speed Training","Quick Slash","Deflect"],"picked":"SKIP","floor":14}],"player_experience":58979,"relics_obtained":[{"floor":6,"key":"Question Card"},{"floor":9,"key":"Happy Flower"},{"floor":10,"key":"Tough Bandages"}],"event_choices":[{"damage_healed":0,"gold_gain":0,"player_choice":"Donut","damage_taken":0,"max_hp_gain":5,"max_hp_loss":0,"event_name":"Big Fish","floor":3,"gold_loss":0},{"damage_healed":0,"gold_gain":0,"player_choice":"Got Potions","damage_taken":0,"max_hp_gain":0,"max_hp_loss":0,"event_name":"Lab","floor":8,"gold_loss":0}],"is_beta":false,"boss_relics":[],"items_purged_floors":[],"is_endless":false,"potions_floor_spawned":[2,6,10],"killed_by":"Slime Boss","ascension_level":2}}