{"host":"flm17o2q7bfjyna6","time":1613677802,"event":{"mods":["2.2 Compatiblity","Act Like it!","BaseMod","Better Altar","Better Match","Better Note","Better Sensory Stone","Better Skull","Better Third Choice","Better Vampires","Colored Map","Colored Powertips","DeckTracker","Downfall","Fox Events","Minty Spire (QoL Compilation)","Quick Restart","Replay The Spire","Reworked Bosses","Spicy Shops","StSLib","TheSwordswoman","Wandering Minibosses"],"gold_per_floor":[99,99,99,99,9,27,27,44,71,56,133,133,33,48,58,162,162,162,178,188,20,220,20,70,97,115,147,147,147,0,0,0,0],"floor_reached":31,"language":"ENG","playtime":1466,"items_purged":["Slimebound:Strike_Slimebound","Slimebound:Strike_Slimebound"],"score":336,"play_id":"93d7e4f7-7fe8-4a3a-a504-aaccd7bc20b4","local_time":"20210218145002","is_ascension_mode":true,"campfire_choices":[{"data":"Slimebound:Split","floor":1,"key":"SMITH"},{"data":"Slimebound:SlimeBarrage","floor":13,"key":"SMITH"},{"floor":18,"key":"RECALL"},{"data":"Slimebound:Prepare","floor":23,"key":"SMITH"},{"floor":28,"key":"REST"}],"circlet_count":0,"master_deck":["Slimebound:Strike_Slimebound","Slimebound:Tackle","Slimebound:Defend_Slimebound+1","Slimebound:Defend_Slimebound","Slimebound:Defend_Slimebound","Slimebound:Defend_Slimebound+1","Slimebound:Split+1","Slimebound:CorrosiveSpit","Slimebound:Nibble","Slimebound:Prepare+1","Slimebound:SlimeBarrage+1","Slimebound:SplitBruiser","Slimebound:Recollect","Slimebound:LeechingTouch","Slimebound:SpikyOuterGoop","Slimebound:HungryTackle","Slimebound:SplitBruiser","ReplayTheSpireMod:Splinters","Slimebound:SplitMire","Slimebound:HungryTackle","Slimebound:LevelUp","Slimebound:LeechEnergy","Slimebound:MinionMaster","Slimebound:LeadByExample","Slimebound:SlimeTap+1","Slimebound:SpikyOuterGoop","Slimebound:SlimeSlap","Slimebound:Equalize","Slimebound:Repurpose","Slimebound:SplitMire+1"],"relics":["Slimebound:AbsorbEndCombat","downfall:HeartsMalice","Letter Opener","Potion Belt","downfall:HeartBlessingBlue","SacredBark","hexamod:BolsterEngine","downfall:HeartBlessingRed","downfall:HeartBlessingGreen","Replay:Baseball","War Paint","Replay:Arrowhead","Omamori"],"acts_visited":["Exordium","TheCity"],"potions_floor_usage":[9,16,25,27,27,29,29],"damage_taken":[{"damage":0,"enemies":"Small Slimes","floor":2,"turns":1},{"damage":0,"enemies":"Jaw Worm","floor":3,"turns":1},{"damage":0,"enemies":"Cultist","floor":4,"turns":1},{"damage":3,"enemies":"downfall:FleeingMerchant","floor":5,"turns":4},{"damage":2,"enemies":"3 Louse","floor":6,"turns":3},{"damage":1,"enemies":"Exordium Thugs","floor":8,"turns":3},{"damage":5,"enemies":"Replay:BlueRogue","floor":9,"turns":6},{"damage":15,"enemies":"downfall:FleeingMerchant","floor":10,"turns":4},{"damage":5,"enemies":"downfall:LooterAlt","floor":14,"turns":2},{"damage":5,"enemies":"2 Fungi Beasts","floor":15,"turns":4},{"damage":27,"enemies":"WA_ARCHETYPE_RETAIN","floor":16,"turns":4},{"damage":21,"enemies":"Shell Parasite","floor":19,"turns":4},{"damage":16,"enemies":"Chosen","floor":20,"turns":5},{"damage":2,"enemies":"downfall:FleeingMerchant","floor":21,"turns":4},{"damage":6,"enemies":"downfall:FleeingMerchant","floor":25,"turns":4},{"damage":20,"enemies":"Shelled Parasite and Fungi","floor":26,"turns":4},{"damage":76,"enemies":"Slavers","floor":27,"turns":5},{"damage":27,"enemies":"Gremlin Leader","floor":29,"turns":3},{"damage":10,"enemies":"Sentry and Sphere","floor":31,"turns":2}],"seed_played":"-6532733973855593103","potions_obtained":[{"floor":6,"key":"Slimebound:SlimyTonguePotion"},{"floor":8,"key":"Regen Potion"},{"floor":9,"key":"SpeedPotion"},{"floor":11,"key":"SmokeBomb"},{"floor":12,"key":"downfall:CursedFountainPotion"},{"floor":14,"key":"Regen Potion"},{"floor":26,"key":"hexamod:SoulburnPotion"}],"is_trial":false,"path_per_floor":["R","M","M","M","$","M","T","M","E","$","?","?","R","M","M","B",null,"R","M","M","$","?","R","T","$","M","E","R","E","$","M"],"character_chosen":"SLIMEBOUND","items_purchased":["Slimebound:Recollect","hexamod:BolsterEngine","War Paint","Slimebound:Equalize","Omamori"],"campfire_rested":1,"item_purchase_floors":[5,21,25,25,30],"current_hp_per_floor":[65,65,65,65,65,65,65,65,65,58,58,58,68,67,64,54,70,70,53,43,45,45,45,45,47,43,13,35,10,10,0,0,0],"gold":0,"neow_bonus":"THREE_ENEMY_KILL","is_daily":false,"chose_seed":false,"campfire_upgraded":3,"win_rate":0.0,"timestamp":1613677802,"path_taken":["R","M","M","M","$","M","T","M","E","$","?","?","R","M","M","BOSS","R","M","M","$","?","R","T","?","M","E","R","E","$","M"],"items_purchased_type":["Card","Relic","Relic","Card","Relic"],"build_version":"2020-12-22","purchased_purges":2,"victory":false,"max_hp_per_floor":[65,65,65,65,65,65,65,65,65,65,65,65,75,75,75,75,75,75,75,75,75,75,75,75,75,75,75,75,75,75,75,75,75],"card_choices":[{"not_picked":["Slimebound:LeechingTouch","Slimebound:SplitLeeching"],"picked":"Slimebound:Nibble","floor":2},{"not_picked":["Slimebound:LeechingTouch","Slimebound:Grow"],"picked":"Slimebound:Prepare","floor":3},{"not_picked":["Slimebound:HauntingLick","Slimebound:PressTheAttack"],"picked":"Slimebound:SlimeBarrage","floor":4},{"not_picked":["Slimebound:MinionMaster","Slimebound:PrepareCrush"],"picked":"Slimebound:SplitBruiser","floor":5},{"not_picked":["Slimebound:RejuvenatingLick","Slimebound:ForwardTackle"],"picked":"Slimebound:LeechingTouch","floor":6},{"not_picked":["Slimebound:GoopTackle","Slimebound:PressTheAttack"],"picked":"Slimebound:SpikyOuterGoop","floor":8},{"not_picked":["Slimebound:LeechingTouch","Slimebound:WasteNot"],"picked":"Slimebound:HungryTackle","floor":9},{"not_picked":["Slimebound:ServeAndProtect","Slimebound:ItLooksTasty"],"picked":"Slimebound:SplitBruiser","floor":10},{"not_picked":["Slimebound:Equalize","Slimebound:PressTheAttack"],"picked":"Slimebound:SplitMire","floor":11},{"not_picked":["Slimebound:BestDefense","Slimebound:GoopSpray"],"picked":"Slimebound:HungryTackle","floor":11},{"not_picked":["Slimebound:RainOfGoop","Slimebound:SlimeSpikes"],"picked":"Slimebound:LevelUp","floor":14},{"not_picked":["Slimebound:Chomp","Slimebound:LevelUp"],"picked":"Slimebound:LeechEnergy","floor":15},{"not_picked":["Slimebound:DouseInSlime","Slimebound:PrepareCrush"],"picked":"Slimebound:MinionMaster","floor":16},{"not_picked":["Slimebound:PressTheAttack","Slimebound:SplitLeeching"],"picked":"Slimebound:LeadByExample","floor":19},{"not_picked":["Slimebound:HauntingLick","Slimebound:GoopTackle"],"picked":"Slimebound:SlimeTap+1","floor":20},{"not_picked":["Slimebound:GoopTackle","Slimebound:SplitMire"],"picked":"Slimebound:SpikyOuterGoop","floor":21},{"not_picked":["Slimebound:BestDefense","Slimebound:RejuvenatingLick+1"],"picked":"Slimebound:SlimeSlap","floor":25},{"not_picked":["Slimebound:Schlurp","Slimebound:SplitAcid"],"picked":"Slimebound:Repurpose","floor":26},{"not_picked":["Slimebound:ViciousTackle","Slimebound:LeechEnergy"],"picked":"Slimebound:SplitMire+1","floor":27}],"player_experience":1949896,"relics_obtained":[{"floor":9,"key":"Letter Opener"},{"floor":11,"key":"Potion Belt"},{"floor":24,"key":"Replay:Baseball"},{"floor":27,"key":"Replay:Arrowhead"}],"event_choices":[],"is_beta":false,"boss_relics":[{"not_picked":["Velvet Choker","Runic Dome"],"picked":"SacredBark"}],"items_purged_floors":[21,25],"is_endless":false,"potions_floor_spawned":[6,8,9,14,15,26],"killed_by":"Sentry and Sphere","ascension_level":5}}