{"host":"2c84cb4cp1emursg","time":1613691560,"event":{"mods":["Act Like it!","BaseMod","Better Third Choice","Bossed Relics","Hermit","Mimic Mod","Minty Spire (QoL Compilation)","Permanent Neow","StSLib"],"gold_per_floor":[365,378,398,415,387,387,413,413,413,413,467,191,206,233,233,338,338,354,364,379,73,73,106,31,69,118,118,118,88,108,144,144,256,265,286,313,129,143,44,84,84,93,120,152,175,225,245,279,279,279,279,279,17,42,42,42],"floor_reached":55,"language":"ENG","playtime":13102,"items_purged":[],"score":1201,"play_id":"1006dcfe-d6fa-400c-80ad-691aca7e2cef","local_time":"20210218163920","is_ascension_mode":true,"campfire_choices":[{"data":"Body Slam","floor":6,"key":"SMITH"},{"data":"Barricade","floor":8,"key":"SMITH"},{"data":"Defend_R","floor":10,"key":"SMITH"},{"data":"Metallicize","floor":15,"key":"SMITH"},{"data":"Metallicize","floor":27,"key":"SMITH"},{"data":"Demon Form","floor":32,"key":"SMITH"},{"data":"Exhume","floor":41,"key":"SMITH"},{"floor":49,"key":"RECALL"},{"data":"Fire Breathing","floor":52,"key":"SMITH"}],"circlet_count":0,"master_deck":["Strike_R+1","Strike_R+1","Strike_R+1","Strike_R+1","Strike_R+1","Defend_R+1","Defend_R+1","Defend_R+1","Defend_R+1","Body Slam+1","Flame Barrier","Barricade+1","Ghostly Armor","Disarm","Metallicize+1","PanicButton+1","Fire Breathing+1","Demon Form+1","Feel No Pain+1","Dual Wield","Metallicize+1","Flame Barrier","Iron Wave+1","Shockwave+1","Exhume+1","CurseOfTheBell","Ghostly Armor+1","Thinking Ahead+1","Blind+1","Thinking Ahead+1","Seeing Red+1","Zap+1","Body Slam+1","Juggernaut"],"relics":["Burning Blood","betterThird:SlimedRelic","StrikeDummy","Oddly Smooth Stone","Sling","Potion Belt","Coffee Dripper","Vajra","War Paint","Gremlin Horn","CeramicFish","Strawberry","Orichalcum","Calling Bell","Nunchaku","Toxic Egg 2","Pocketwatch","Bronze Scales","Boot","Singing Bowl","Du-Vu Doll","Paper Frog","Kunai","Magic Flower"],"acts_visited":["Exordium","TheCity","TheBeyond","TheEnding"],"potions_floor_usage":[7,16,23,23,31,33,40,40,45,47,47,50,55,55],"damage_taken":[{"damage":8,"enemies":"2 Louse","floor":1,"turns":3},{"damage":4,"enemies":"Jaw Worm","floor":2,"turns":4},{"damage":7,"enemies":"Small Slimes","floor":3,"turns":4},{"damage":22,"enemies":"Red Slaver","floor":4,"turns":4},{"damage":23,"enemies":"Lagavulin","floor":7,"turns":11},{"damage":0,"enemies":"2 Fungi Beasts","floor":13,"turns":4},{"damage":2,"enemies":"Gremlin Nob","floor":14,"turns":5},{"damage":0,"enemies":"The Guardian","floor":16,"turns":8},{"damage":9,"enemies":"3 Byrds","floor":18,"turns":6},{"damage":11,"enemies":"Shell Parasite","floor":19,"turns":6},{"damage":23,"enemies":"Snecko","floor":20,"turns":6},{"damage":6,"enemies":"Gremlin Leader","floor":23,"turns":6},{"damage":8,"enemies":"Book of Stabbing","floor":25,"turns":6},{"damage":10,"enemies":"Snake Plant","floor":30,"turns":5},{"damage":7,"enemies":"Gremlin Leader","floor":31,"turns":7},{"damage":14,"enemies":"Collector","floor":33,"turns":15},{"damage":7,"enemies":"Orb Walker","floor":35,"turns":3},{"damage":48,"enemies":"3 Shapes","floor":38,"turns":7},{"damage":8,"enemies":"Reptomancer","floor":40,"turns":7},{"damage":8,"enemies":"Nemesis","floor":44,"turns":7},{"damage":0,"enemies":"Writhing Mass","floor":45,"turns":7},{"damage":0,"enemies":"Mind Bloom Boss Battle","floor":46,"turns":8},{"damage":35,"enemies":"Transient","floor":47,"turns":5},{"damage":0,"enemies":"Reptomancer","floor":48,"turns":7},{"damage":17,"enemies":"Awakened One","floor":50,"turns":12},{"damage":56,"enemies":"Shield and Spear","floor":54,"turns":6},{"damage":58,"enemies":"The Heart","floor":55,"turns":3}],"seed_played":"-3135119512361093920","potions_obtained":[{"floor":2,"key":"EssenceOfSteel"},{"floor":7,"key":"Energy Potion"},{"floor":16,"key":"ColorlessPotion"},{"floor":18,"key":"ColorlessPotion"},{"floor":19,"key":"SneckoOil"},{"floor":25,"key":"AttackPotion"},{"floor":30,"key":"Strength Potion"},{"floor":38,"key":"BloodPotion"},{"floor":40,"key":"AttackPotion"},{"floor":46,"key":"BloodPotion"},{"floor":47,"key":"Dexterity Potion"},{"floor":48,"key":"Swift Potion"}],"is_trial":false,"path_per_floor":["M","M","M","M","?","R","E","R","T","R","T","$","M","E","R","B",null,"M","M","M","$","?","E","?","E","T","R","?","$","M","E","R","B",null,"M","?","$","M","$","E","R","?","T","E","M","?","M","E","R","B",null,"R","$","E","B"],"character_chosen":"IRONCLAD","items_purchased":["Sling","Metallicize","PanicButton","Vajra","War Paint","Flame Barrier","Thinking Ahead+1","Energy Potion","PowerPotion","Kunai"],"campfire_rested":0,"item_purchase_floors":[12,12,12,21,21,29,37,39,39,53],"current_hp_per_floor":[70,72,71,55,44,44,27,27,27,27,27,27,33,37,37,43,65,62,57,40,40,40,40,40,38,45,45,71,71,67,66,66,58,74,73,63,63,21,21,34,34,34,34,34,40,48,37,43,43,32,72,72,72,24,0,0],"gold":42,"neow_bonus":"TWO_FIFTY_GOLD","is_daily":false,"chose_seed":false,"campfire_upgraded":8,"win_rate":0.0,"timestamp":1613691560,"path_taken":["M","M","M","M","?","R","E","R","T","R","?","$","M","E","R","BOSS","M","M","M","$","?","E","?","E","T","R","?","?","M","E","R","BOSS","M","?","$","M","$","E","R","?","T","E","?","?","M","E","R","BOSS","R","$","E","BOSS"],"items_purchased_type":["Relic","Card","Card","Relic","Relic","Card","Card","Potion","Potion","Relic"],"build_version":"2020-12-22","purchased_purges":0,"victory":false,"max_hp_per_floor":[72,72,72,72,72,72,72,72,72,72,72,72,72,72,72,72,72,72,72,72,72,72,72,72,72,79,79,79,79,79,79,79,79,79,79,79,79,79,79,79,79,79,79,81,81,83,85,85,85,85,85,85,85,87,87,87],"card_choices":[{"not_picked":["Clothesline","Iron Wave"],"picked":"Body Slam","floor":1},{"not_picked":["Rupture","Armaments"],"picked":"Flame Barrier","floor":2},{"not_picked":["Pommel Strike","Cleave"],"picked":"Barricade","floor":3},{"not_picked":["Wild Strike","Heavy Blade"],"picked":"Ghostly Armor","floor":4},{"not_picked":["Feel No Pain","Spot Weakness"],"picked":"Disarm","floor":7},{"not_picked":["Inflame","Havoc"],"picked":"Fire Breathing","floor":13},{"not_picked":["Havoc","Blood for Blood","Feel No Pain"],"picked":"SKIP","floor":14},{"not_picked":["Exhume","Corruption"],"picked":"Demon Form","floor":16},{"not_picked":["Rupture","Anger"],"picked":"Feel No Pain+1","floor":18},{"not_picked":["Clothesline","Rage","Sever Soul+1"],"picked":"SKIP","floor":19},{"not_picked":["True Grit","Anger","Armaments"],"picked":"SKIP","floor":20},{"not_picked":["Immolate","Sentinel"],"picked":"Dual Wield","floor":23},{"not_picked":["Iron Wave","Intimidate+1"],"picked":"Metallicize","floor":25},{"not_picked":["Armaments+1","Battle Trance"],"picked":"Iron Wave+1","floor":30},{"not_picked":["Havoc+1","Anger"],"picked":"Shockwave+1","floor":31},{"not_picked":["Limit Break","Bludgeon"],"picked":"Exhume","floor":33},{"not_picked":["Hemokinesis+1","Feel No Pain+1"],"picked":"Ghostly Armor+1","floor":35},{"not_picked":["Swift Strike","Flash of Steel"],"picked":"The Bomb+1","floor":36},{"not_picked":["Blind+1","Trip+1"],"picked":"Thinking Ahead+1","floor":36},{"not_picked":["Panache","Dark Shackles+1"],"picked":"Blind+1","floor":36},{"not_picked":["Intimidate+1","Dropkick+1","Headbutt"],"picked":"SKIP","floor":38},{"not_picked":["Iron Wave","Anger"],"picked":"Seeing Red+1","floor":40},{"not_picked":["Fire Breathing","Twin Strike+1","Fiend Fire"],"picked":"Singing Bowl","floor":44},{"not_picked":["Flex+1","Armaments+1"],"picked":"Body Slam+1","floor":45},{"not_picked":["Searing Blow","Fiend Fire","Combust"],"picked":"Singing Bowl","floor":46},{"not_picked":["Pommel Strike","Armaments+1","Blood for Blood+1"],"picked":"Singing Bowl","floor":47},{"not_picked":["Bludgeon","Spot Weakness+1"],"picked":"Juggernaut","floor":48},{"not_picked":["Reckless Charge","Wild Strike+1","Havoc+1"],"picked":"Singing Bowl","floor":54}],"player_experience":542932,"relics_obtained":[{"floor":7,"key":"StrikeDummy"},{"floor":11,"key":"Oddly Smooth Stone"},{"floor":14,"key":"Potion Belt"},{"floor":23,"key":"Gremlin Horn"},{"floor":25,"key":"CeramicFish"},{"floor":26,"key":"Strawberry"},{"floor":31,"key":"Orichalcum"},{"floor":34,"key":"Nunchaku"},{"floor":34,"key":"Toxic Egg 2"},{"floor":34,"key":"Pocketwatch"},{"floor":40,"key":"Bronze Scales"},{"floor":43,"key":"Boot"},{"floor":44,"key":"Singing Bowl"},{"floor":46,"key":"Du-Vu Doll"},{"floor":48,"key":"Paper Frog"},{"floor":54,"key":"Magic Flower"}],"event_choices":[{"damage_healed":0,"gold_gain":0,"player_choice":"Slimed","damage_taken":11,"max_hp_gain":0,"max_hp_loss":0,"event_name":"betterThird:BetterGoop","floor":5,"gold_loss":28},{"damage_healed":0,"gold_gain":0,"player_choice":"Simplicity","damage_taken":0,"max_hp_gain":0,"max_hp_loss":7,"event_name":"betterThird:BetterWriting","floor":22,"gold_loss":0},{"cards_removed":["Bash"],"damage_healed":0,"gold_gain":0,"player_choice":"Gave Gold","damage_taken":0,"max_hp_gain":0,"max_hp_loss":0,"event_name":"Beggar","floor":24,"gold_loss":75},{"damage_healed":26,"gold_gain":0,"player_choice":"Heal","damage_taken":0,"max_hp_gain":0,"max_hp_loss":0,"event_name":"The Library","floor":28,"gold_loss":0},{"damage_healed":0,"gold_gain":0,"player_choice":"Memory 3","damage_taken":10,"max_hp_gain":0,"max_hp_loss":0,"event_name":"SensoryStone","floor":36,"gold_loss":0},{"damage_healed":0,"gold_gain":0,"player_choice":"Random: Yellow","damage_taken":0,"max_hp_gain":0,"max_hp_loss":0,"event_name":"betterThird:BetterPortal","floor":42,"gold_loss":0},{"cards_removed":["The Bomb"],"damage_healed":0,"gold_gain":0,"player_choice":"Took Card","damage_taken":0,"max_hp_gain":0,"max_hp_loss":0,"event_name":"NoteForYourself","floor":42,"gold_loss":0,"cards_obtained":["Zap"]},{"damage_healed":0,"gold_gain":0,"player_choice":"Fight","damage_taken":0,"max_hp_gain":0,"max_hp_loss":0,"event_name":"MindBloom","floor":46,"gold_loss":0}],"is_beta":false,"boss_relics":[{"not_picked":["Black Star","Runic Cube"],"picked":"Coffee Dripper"},{"not_picked":["SlaversCollar","Runic Dome"],"picked":"Calling Bell"}],"items_purged_floors":[],"is_endless":false,"potions_floor_spawned":[2,7,16,18,19,25,30,38,40,46,47,48],"killed_by":"The Heart","ascension_level":7}}