{"host":"99l0i25nwwr6z99u","time":1613612142,"event":{"mods":["Act Like it!","BaseMod","Colored Map","Colored Powertips","Googly Eyes","Minty Spire (QoL Compilation)","Quick Restart","StSLib"],"gold_per_floor":[116,116,129,129,142,177,191,204,204,154,154,183,202,220,220,315,315,327,327,339,264,119,150,178,178,178,213,213,227,227,227,227,227,227],"floor_reached":33,"language":"ENG","playtime":1182,"items_purged":["Defend_R"],"score":345,"play_id":"244e7be5-0d6d-4b8e-a100-eb8b5204db39","local_time":"20210217203542","is_ascension_mode":false,"campfire_choices":[{"floor":11,"key":"REST"},{"data":"Perfected Strike","floor":15,"key":"SMITH"},{"data":"Whirlwind","floor":25,"key":"SMITH"},{"data":"Disarm","floor":30,"key":"SMITH"},{"floor":32,"key":"REST"}],"circlet_count":0,"master_deck":["Strike_R","Strike_R","Defend_R","Defend_R","Defend_R","Bash","Flex+1","Perfected Strike+1","Sword Boomerang","Whirlwind+1","Evolve","Hemokinesis","Headbutt","Immolate","Infernal Blade+1","Disarm+1","Inflame","Sentinel+1","Armaments+1","Heavy Blade+1","Writhe"],"relics":["Burning Blood","NeowsBlessing","Nunchaku","Smiling Mask","MealTicket","Runic Cube","Chemical X","Red Mask","Letter Opener","Gremlin Horn","Eternal Feather","Peace Pipe"],"acts_visited":["Exordium","TheCity"],"potions_floor_usage":[8,12,18,20,24,27,33],"damage_taken":[{"damage":0,"enemies":"Small Slimes","floor":1,"turns":1},{"damage":0,"enemies":"Cultist","floor":3,"turns":1},{"damage":0,"enemies":"2 Louse","floor":5,"turns":1},{"damage":31,"enemies":"3 Sentries","floor":6,"turns":6},{"damage":9,"enemies":"Blue Slaver","floor":7,"turns":3},{"damage":25,"enemies":"Exordium Wildlife","floor":8,"turns":5},{"damage":33,"enemies":"Lagavulin","floor":12,"turns":4},{"damage":2,"enemies":"Large Slime","floor":13,"turns":3},{"damage":11,"enemies":"2 Fungi Beasts","floor":14,"turns":2},{"damage":2,"enemies":"Slime Boss","floor":16,"turns":4},{"damage":5,"enemies":"3 Byrds","floor":18,"turns":2},{"damage":25,"enemies":"2 Thieves","floor":20,"turns":4},{"damage":6,"enemies":"Masked Bandits","floor":23,"turns":2},{"damage":19,"enemies":"Slavers","floor":24,"turns":2},{"damage":31,"enemies":"Book of Stabbing","floor":27,"turns":4},{"damage":0,"enemies":"3 Cultists","floor":29,"turns":1},{"damage":79,"enemies":"Champ","floor":33,"turns":8}],"seed_played":"-3872125953121333019","potions_obtained":[{"floor":6,"key":"PowerPotion"},{"floor":7,"key":"ColorlessPotion"},{"floor":13,"key":"DistilledChaos"},{"floor":14,"key":"FearPotion"},{"floor":16,"key":"AttackPotion"},{"floor":23,"key":"SneckoOil"},{"floor":24,"key":"SkillPotion"}],"is_trial":false,"path_per_floor":["M","?","M","?","M","E","M","M","T","$","R","E","M","M","R","B",null,"M","?","M","?","$","?","E","R","T","E","?","M","R","?","R","B"],"character_chosen":"IRONCLAD","items_purchased":["Chemical X"],"campfire_rested":2,"item_purchase_floors":[22],"current_hp_per_floor":[80,80,80,80,80,55,52,33,33,33,57,30,34,29,29,33,80,80,80,61,61,76,76,63,63,63,38,23,29,41,41,78,0,0],"gold":227,"neow_bonus":"THREE_ENEMY_KILL","is_daily":false,"chose_seed":false,"campfire_upgraded":3,"win_rate":0.0,"timestamp":1613612142,"path_taken":["M","?","?","?","M","E","M","?","T","$","R","E","M","M","R","BOSS","M","?","M","?","$","?","E","R","T","E","?","M","R","?","R","BOSS"],"items_purchased_type":["Relic"],"build_version":"2020-12-22","purchased_purges":1,"victory":false,"max_hp_per_floor":[80,80,80,80,80,80,80,80,80,80,80,80,80,80,80,80,80,80,80,80,80,80,80,80,80,80,80,85,85,85,85,85,85,85],"card_choices":[{"not_picked":["Armaments","Fire Breathing"],"picked":"Flex","floor":1},{"not_picked":["Entrench","Sever Soul"],"picked":"Perfected Strike","floor":3},{"not_picked":["Shockwave","Havoc"],"picked":"Sword Boomerang","floor":5},{"not_picked":["Burning Pact","Berserk"],"picked":"Whirlwind","floor":6},{"not_picked":["Anger","Ghostly Armor"],"picked":"Evolve","floor":7},{"not_picked":["Dual Wield","True Grit"],"picked":"Hemokinesis","floor":8},{"not_picked":["Dark Embrace","Blood for Blood","Thunderclap"],"picked":"SKIP","floor":12},{"not_picked":["Reckless Charge","Body Slam","Cleave"],"picked":"SKIP","floor":13},{"not_picked":["Feel No Pain","Dark Embrace"],"picked":"Headbutt","floor":14},{"not_picked":["Berserk","Demon Form"],"picked":"Immolate","floor":16},{"not_picked":["Body Slam+1","Spot Weakness"],"picked":"Infernal Blade+1","floor":18},{"not_picked":["Pummel","Headbutt"],"picked":"Sentinel+1","floor":20},{"not_picked":["Fire Breathing+1","Dual Wield"],"picked":"Armaments+1","floor":23},{"not_picked":["Clothesline","Sword Boomerang","Rupture"],"picked":"SKIP","floor":24},{"not_picked":["Dual Wield","Sever Soul+1"],"picked":"Heavy Blade+1","floor":27},{"not_picked":["Fire Breathing","Cleave","Clash+1"],"picked":"SKIP","floor":29}],"player_experience":789306,"relics_obtained":[{"floor":6,"key":"Nunchaku"},{"floor":9,"key":"Smiling Mask"},{"floor":12,"key":"MealTicket"},{"floor":23,"key":"Red Mask"},{"floor":24,"key":"Letter Opener"},{"floor":26,"key":"Gremlin Horn"},{"floor":27,"key":"Eternal Feather"}],"event_choices":[{"damage_healed":0,"gold_gain":0,"player_choice":"Forge","damage_taken":0,"max_hp_gain":0,"max_hp_loss":0,"event_name":"Accursed Blacksmith","floor":2,"gold_loss":0,"cards_upgraded":["Flex"]},{"damage_healed":0,"gold_gain":0,"player_choice":"Ignored","damage_taken":0,"max_hp_gain":0,"max_hp_loss":0,"event_name":"NoteForYourself","floor":4,"gold_loss":0},{"damage_healed":0,"gold_gain":0,"cards_transformed":["Strike_R","Strike_R"],"player_choice":"Became Test Subject","damage_taken":0,"max_hp_gain":0,"max_hp_loss":0,"event_name":"Drug Dealer","floor":19,"gold_loss":0,"cards_obtained":["Disarm","Inflame"]},{"cards_removed":["Strike_R"],"damage_healed":0,"gold_gain":0,"player_choice":"Gave Gold","damage_taken":0,"max_hp_gain":0,"max_hp_loss":0,"event_name":"Beggar","floor":21,"gold_loss":75},{"damage_healed":0,"gold_gain":0,"player_choice":"Fought Bandits","damage_taken":0,"max_hp_gain":0,"max_hp_loss":0,"event_name":"Masked Bandits","floor":23,"gold_loss":0},{"damage_healed":0,"gold_gain":0,"player_choice":"Shed Blood","damage_taken":20,"max_hp_gain":5,"max_hp_loss":0,"event_name":"Forgotten Altar","floor":28,"gold_loss":0},{"damage_healed":0,"gold_gain":0,"player_choice":"Opened","damage_taken":0,"relics_obtained":["Peace Pipe"],"max_hp_gain":0,"max_hp_loss":0,"event_name":"The Mausoleum","floor":31,"gold_loss":0,"cards_obtained":["Writhe"]}],"is_beta":false,"boss_relics":[{"not_picked":["Runic Pyramid","Tiny House"],"picked":"Runic Cube"}],"items_purged_floors":[10],"is_endless":false,"potions_floor_spawned":[6,7,13,14,16,23,24],"killed_by":"Champ","ascension_level":0}}