{"host":"kh6fvhxn285ncg0o","time":1613686384,"event":{"mods":["Act Like it!","BaseMod","Colored Map","Friendly Minions","Keyboard Shortcuts","Minty Spire (QoL Compilation)","Quick Restart","Relic Stats","StSLib","SuperFastMode","UnlockEverythingMod"],"gold_per_floor":[14,14,29,29,29,63,63,96,96,96,111,131,131,170,170,263,263,282,282,282,282,298,298,298],"floor_reached":23,"language":"KOR","playtime":472,"items_purged":[],"score":414,"play_id":"c0ec7ff9-b535-4a46-92bd-cb4cd1021048","local_time":"20210219071304","is_ascension_mode":true,"campfire_choices":[{"data":"Carnage","floor":7.0,"key":"SMITH"},{"data":"Bash","floor":10,"key":"SMITH"},{"floor":15,"key":"REST"}],"circlet_count":0,"master_deck":["AscendersBane","Defend_R","Defend_R","Defend_R","Defend_R","Bash+1","Second Wind","Wild Strike","Carnage+1","Spot Weakness","Feel No Pain","Reaper","Seeing Red","Reaper","Sword Boomerang+1"],"relics":["Burning Blood","Golden Idol","Lizard Tail","Regal Pillow","Mummified Hand","Singing Bowl","Runic Pyramid"],"acts_visited":["Exordium","TheCity"],"potions_floor_usage":[8,16],"damage_taken":[{"damage":16.0,"enemies":"Jaw Worm","floor":1.0,"turns":5.0},{"damage":3.0,"enemies":"2 Louse","floor":3.0,"turns":4.0},{"damage":25.0,"enemies":"Lagavulin","floor":6.0,"turns":6.0},{"damage":40,"enemies":"3 Sentries","floor":8,"turns":9},{"damage":0,"enemies":"Cultist","floor":11,"turns":2},{"damage":2,"enemies":"3 Louse","floor":12,"turns":4},{"damage":32,"enemies":"Gremlin Nob","floor":14,"turns":4},{"damage":46,"enemies":"The Guardian","floor":16,"turns":11},{"damage":9,"enemies":"Chosen","floor":18,"turns":5},{"damage":38,"enemies":"Shell Parasite","floor":22,"turns":6},{"damage":66,"enemies":"Slavers","floor":23,"turns":3}],"seed_played":"-2834249105388533889","potions_obtained":[{"floor":1.0,"key":"ElixirPotion"},{"floor":3.0,"key":"CultistPotion"},{"floor":6.0,"key":"AttackPotion"}],"is_trial":false,"path_per_floor":["M","?","M","?","?","E","R","E","T","R","M","M","?","E","R","B",null,"M","?","$","?","M","E"],"character_chosen":"IRONCLAD","items_purchased":[],"campfire_rested":1,"item_purchase_floors":[],"current_hp_per_floor":[58,58,61,54,59,40,40,42,42,42,48,52,52,28,65,25,63,60,60,60,60,45,0,0],"gold":298,"neow_bonus":"REMOVE_TWO","is_daily":false,"chose_seed":false,"campfire_upgraded":2,"win_rate":0.0,"timestamp":1613686384,"path_taken":["M","?","M","?","?","E","R","E","T","R","M","M","?","E","R","BOSS","M","?","$","?","M","E"],"items_purchased_type":[],"build_version":"2020-12-22","purchased_purges":0,"victory":false,"max_hp_per_floor":[75,68,68,68,73,73,73,73,73,73,73,73,73,75,75,75,75,75,75,75,75,75,75,75],"relic_stats":{"Lizard Tail":36,"Regal Pillow":15,"Singing Bowl":2,"counters":[11,59],"Golden Idol":58,"Mummified Hand":[3],"obtain_stats":[{"Lizard Tail":6,"Regal Pillow":8,"Singing Bowl":14,"Golden Idol":2,"Mummified Hand":9,"Burning Blood":0,"Runic Pyramid":17},{"Lizard Tail":3,"Regal Pillow":4,"Singing Bowl":7,"Golden Idol":1,"Mummified Hand":4,"Burning Blood":0,"Runic Pyramid":8},{"Lizard Tail":15,"Regal Pillow":24,"Singing Bowl":34,"Golden Idol":5,"Mummified Hand":24,"Burning Blood":0,"Runic Pyramid":45}],"Burning Blood":60},"card_choices":[{"not_picked":["Heavy Blade","Combust"],"picked":"Second Wind","floor":1.0},{"not_picked":["Body Slam","Havoc"],"picked":"Wild Strike","floor":3.0},{"not_picked":["Evolve","Combust"],"picked":"Carnage","floor":6.0},{"not_picked":["Anger","Armaments"],"picked":"Spot Weakness","floor":11},{"not_picked":["Havoc","Pummel"],"picked":"Feel No Pain","floor":12},{"not_picked":["Entrench","Twin Strike","Limit Break"],"picked":"Singing Bowl","floor":14},{"not_picked":["Double Tap","Exhume"],"picked":"Reaper","floor":16},{"not_picked":["Spot Weakness+1","Wild Strike"],"picked":"Seeing Red","floor":18},{"not_picked":["Feel No Pain","Perfected Strike"],"picked":"Sword Boomerang+1","floor":22}],"player_experience":1449954,"relics_obtained":[{"floor":6.0,"key":"Lizard Tail"},{"floor":8,"key":"Regal Pillow"},{"floor":9,"key":"Mummified Hand"},{"floor":14,"key":"Singing Bowl"}],"event_choices":[{"damage_healed":0.0,"max_hp_gain":0.0,"max_hp_loss":7.0,"gold_gain":0.0,"event_name":"Golden Idol","player_choice":"Lose Max HP","floor":2.0,"gold_loss":0.0,"damage_taken":0.0,"relics_obtained":["Golden Idol"]},{"cards_removed":["Strike_R"],"damage_healed":0.0,"max_hp_gain":0.0,"max_hp_loss":0.0,"gold_gain":0.0,"event_name":"Golden Wing","player_choice":"Card Removal","floor":4.0,"gold_loss":0.0,"damage_taken":7.0},{"damage_healed":0.0,"max_hp_gain":5.0,"max_hp_loss":0.0,"gold_gain":0.0,"event_name":"Big Fish","player_choice":"Donut","floor":5.0,"gold_loss":0.0,"damage_taken":0.0},{"cards_removed":["Strike_R"],"damage_healed":0,"gold_gain":0,"player_choice":"Card Removal","damage_taken":0,"max_hp_gain":0,"max_hp_loss":0,"event_name":"Wheel of Change","floor":13,"gold_loss":0},{"cards_removed":["Strike_R"],"damage_healed":0,"gold_gain":0,"player_choice":"Elegance","damage_taken":0,"max_hp_gain":0,"max_hp_loss":0,"event_name":"Back to Basics","floor":19,"gold_loss":0},{"damage_healed":0,"gold_gain":0,"player_choice":"Copied","damage_taken":0,"max_hp_gain":0,"max_hp_loss":0,"event_name":"Duplicator","floor":21,"gold_loss":0,"cards_obtained":["Reaper"]}],"is_beta":false,"boss_relics":[{"not_picked":["Busted Crown","Mark of Pain"],"picked":"Runic Pyramid"}],"items_purged_floors":[],"is_endless":false,"potions_floor_spawned":[1,3,6],"killed_by":"Slavers","ascension_level":20}}