{"host":"vx9g5eyuglzorf3u","time":1613611538,"event":{"mods":["2.2 Compatiblity","BaseMod","DeckTracker","Keyboard Shortcuts","Minty Spire (QoL Compilation)","Relic Stats","StSLib","SuperFastMode","everything is the same but u backflip on backflip"],"gold_per_floor":[117,136,147,147,161,161,199,199,199,199,222,222,14,48,48,141,141,166,184,22,46,69,69,109,109,184,205,105,146,67,67,67,160,160,179,510,560,90,113,113,138,176,176,211,211,231,231,20,20,20,20,20,20,20,53,53],"floor_reached":57,"language":"KOR","playtime":1998,"items_purged":["Bash","Defend_R","Defend_R","Defend_R"],"score":3041,"play_id":"e80d878a-0d20-4f52-85a5-368e3c4f8e52","local_time":"20210218102538","is_ascension_mode":true,"campfire_choices":[{"data":"Blood for Blood","floor":6.0,"key":"SMITH"},{"floor":10.0,"key":"REST"},{"data":"Burning Pact","floor":15.0,"key":"SMITH"},{"data":"Entrench","floor":23.0,"key":"SMITH"},{"data":"Battle Trance","floor":25.0,"key":"SMITH"},{"floor":32.0,"key":"REST"},{"floor":40,"key":"RECALL"},{"data":"Barricade","floor":45,"key":"SMITH"},{"data":"Dark Embrace","floor":49,"key":"SMITH"},{"data":"Dark Embrace","floor":53,"key":"SMITH"}],"circlet_count":0,"master_deck":["AscendersBane","Power Through","Shrug It Off","Metallicize","Burning Pact+1","Inflame","Battle Trance+1","Impervious+1","Fiend Fire+1","Evolve+1","Body Slam+1","Entrench+1","Inflame+1","Feel No Pain","Seeing Red","Feel No Pain","Dark Embrace+1","Barricade+1","Burning Pact+1","Dark Embrace+1","Flash of Steel","Shrug It Off+1","Impervious","Shockwave"],"relics":["Burning Blood","Golden Idol","Ornamental Fan","Mummified Hand","Sundial","Astrolabe","Meat on the Bone","HornCleat","Empty Cage","Old Coin","Medical Kit","Self Forming Clay","Smiling Mask","Question Card","Bottled Lightning","Happy Flower","Blood Vial"],"acts_visited":["Exordium","TheCity","TheBeyond","TheEnding"],"potions_floor_usage":[],"damage_taken":[{"damage":16.0,"enemies":"Jaw Worm","floor":1.0,"turns":5.0},{"damage":3.0,"enemies":"Small Slimes","floor":2.0,"turns":5.0},{"damage":1.0,"enemies":"2 Louse","floor":3.0,"turns":4.0},{"damage":9.0,"enemies":"Lots of Slimes","floor":5.0,"turns":8.0},{"damage":32.0,"enemies":"Gremlin Nob","floor":7.0,"turns":4.0},{"damage":5.0,"enemies":"3 Louse","floor":11.0,"turns":5.0},{"damage":10.0,"enemies":"3 Sentries","floor":14.0,"turns":9.0},{"damage":20.0,"enemies":"The Guardian","floor":16.0,"turns":12.0},{"damage":0.0,"enemies":"Spheric Guardian","floor":18.0,"turns":4.0},{"damage":18.0,"enemies":"2 Thieves","floor":19.0,"turns":4.0},{"damage":0.0,"enemies":"Cultist and Chosen","floor":21.0,"turns":4.0},{"damage":5.0,"enemies":"Centurion and Healer","floor":22.0,"turns":5.0},{"damage":16.0,"enemies":"Gremlin Leader","floor":24.0,"turns":4.0},{"damage":12.0,"enemies":"Snake Plant","floor":27.0,"turns":4.0},{"damage":34.0,"enemies":"Slavers","floor":29.0,"turns":5.0},{"damage":0.0,"enemies":"Collector","floor":33.0,"turns":5.0},{"damage":0.0,"enemies":"Orb Walker","floor":35.0,"turns":3.0},{"damage":0.0,"enemies":"Mind Bloom Boss Battle","floor":36.0,"turns":5.0},{"damage":0,"enemies":"3 Shapes","floor":39,"turns":4},{"damage":8,"enemies":"Writhing Mass","floor":41,"turns":3},{"damage":0,"enemies":"Nemesis","floor":42,"turns":3},{"damage":10,"enemies":"Reptomancer","floor":44,"turns":3},{"damage":0,"enemies":"4 Shapes","floor":46,"turns":4},{"damage":0,"enemies":"Time Eater","floor":50,"turns":4},{"damage":22,"enemies":"Awakened One","floor":51,"turns":5},{"damage":13,"enemies":"Shield and Spear","floor":55,"turns":8},{"damage":36,"enemies":"The Heart","floor":56,"turns":7}],"seed_played":"6221232523267666400","potions_obtained":[{"floor":1.0,"key":"AttackPotion"},{"floor":11.0,"key":"Dexterity Potion"},{"floor":19.0,"key":"Swift Potion"},{"floor":27.0,"key":"SpeedPotion"},{"floor":33.0,"key":"SpeedPotion"},{"floor":41,"key":"LiquidMemories"}],"is_trial":false,"path_per_floor":["M","M","M","?","M","R","E","?","T","R","M","?","$","E","R","B",null,"M","M","$","M","M","R","E","R","T","M","$","E","$","?","R","B",null,"M","?","?","$","M","R","M","E","T","E","R","M","T","$","R","B","B",null,"R","$","E","B",null],"character_chosen":"IRONCLAD","items_purchased":["Burning Pact","Inflame","Battle Trance","Entrench","Dark Embrace","Medical Kit","Dark Embrace","Flash of Steel","Happy Flower"],"campfire_rested":2,"item_purchase_floors":[13,13,13,20,30,38,38,38,48],"current_hp_per_floor":[65,68,73,45,42,42,16,16,16,40,41,41,41,37,37,23,67,73,61,61,67,68,68,58,58,58,52,52,36,36,36,60,66,78,82,82,82,82,82,82,80,82,82,78,78,82,82,82,82,82,66,78,78,78,71,55],"gold":53,"neow_bonus":"TEN_PERCENT_HP_BONUS","is_daily":false,"chose_seed":false,"campfire_upgraded":7,"win_rate":0.0,"timestamp":1613611538,"path_taken":["M","M","M","?","M","R","E","?","T","R","M","?","$","E","R","BOSS","M","M","$","M","M","R","E","R","T","M","?","E","$","?","R","BOSS","M","?","?","$","?","R","M","E","T","E","R","M","?","$","R","BOSS","BOSS","R","$","E","BOSS"],"items_purchased_type":["Card","Card","Card","Card","Card","Relic","Card","Card","Relic"],"build_version":"2020-12-22","purchased_purges":4,"victory":true,"max_hp_per_floor":[82,82,82,82,82,82,82,82,82,82,82,82,82,82,82,82,82,82,82,82,82,82,82,82,82,82,82,82,82,82,82,82,82,82,82,82,82,82,82,82,82,82,82,82,82,82,82,82,82,82,82,82,82,82,82,82],"relic_stats":{"Happy Flower":[8],"counters":[27,136],"Golden Idol":202,"Self Forming Clay":[51],"Astrolabe":["Impervious","Fiend Fire","Evolve"],"Medical Kit":[43],"Smiling Mask":100,"Question Card":2,"Burning Blood":136,"Blood Vial":2,"Ornamental Fan":[64],"Mummified Hand":[154],"Sundial":[88],"obtain_stats":[{"Happy Flower":48,"Golden Idol":4,"Self Forming Clay":42,"Astrolabe":17,"Empty Cage":34,"Medical Kit":38,"Smiling Mask":43,"Question Card":44,"Burning Blood":0,"Old Coin":36,"Blood Vial":55,"HornCleat":29,"Ornamental Fan":7,"Mummified Hand":9,"Sundial":14,"Bottled Lightning":47,"Meat on the Bone":24},{"Happy Flower":23,"Golden Idol":3,"Self Forming Clay":21,"Astrolabe":8,"Empty Cage":16,"Medical Kit":18,"Smiling Mask":21,"Question Card":22,"Burning Blood":0,"Old Coin":18,"Blood Vial":26,"HornCleat":15,"Ornamental Fan":5,"Mummified Hand":5,"Sundial":7,"Bottled Lightning":23,"Meat on the Bone":13},{"Happy Flower":112,"Golden Idol":14,"Self Forming Clay":105,"Astrolabe":52,"Empty Cage":87,"Medical Kit":95,"Smiling Mask":105,"Question Card":108,"Burning Blood":0,"Old Coin":95,"Blood Vial":129,"HornCleat":82,"Ornamental Fan":26,"Mummified Hand":26,"Sundial":40,"Bottled Lightning":112,"Meat on the Bone":73}],"Meat on the Bone":24},"card_choices":[{"not_picked":["True Grit","Entrench"],"picked":"Power Through","floor":1.0},{"not_picked":["Warcry","Twin Strike"],"picked":"Blood for Blood","floor":2.0},{"not_picked":["Perfected Strike","Twin Strike"],"picked":"Shrug It Off","floor":3.0},{"not_picked":["Sword Boomerang","Whirlwind","Bloodletting"],"picked":"SKIP","floor":5.0},{"not_picked":["Cleave","Flex","Perfected Strike"],"picked":"SKIP","floor":7.0},{"not_picked":["Iron Wave","Cleave","Clothesline"],"picked":"SKIP","floor":11.0},{"not_picked":["Cleave","True Grit","Heavy Blade"],"picked":"SKIP","floor":14.0},{"not_picked":["Cleave","True Grit","Heavy Blade"],"picked":"SKIP","floor":14.0},{"not_picked":["Bludgeon","Fiend Fire"],"picked":"Immolate","floor":16.0},{"not_picked":["Twin Strike","Pummel","Thunderclap"],"picked":"SKIP","floor":18.0},{"not_picked":["Thunderclap","Dual Wield"],"picked":"Body Slam+1","floor":19.0},{"not_picked":["Twin Strike","Warcry"],"picked":"Inflame+1","floor":21.0},{"not_picked":["Whirlwind","Uppercut","Spot Weakness"],"picked":"SKIP","floor":22.0},{"not_picked":["Whirlwind","Uppercut","Spot Weakness"],"picked":"SKIP","floor":22.0},{"not_picked":["Whirlwind+1","Warcry"],"picked":"Feel No Pain","floor":24.0},{"not_picked":["Clothesline","Shrug It Off"],"picked":"Seeing Red","floor":27.0},{"not_picked":["Rage","Warcry"],"picked":"Feel No Pain","floor":29.0},{"not_picked":["Offering","Reaper"],"picked":"Barricade","floor":33.0},{"not_picked":["Pommel Strike","Carnage+1"],"picked":"Burning Pact+1","floor":35.0},{"not_picked":["Combust","Heavy Blade+1","Havoc"],"picked":"SKIP","floor":39},{"not_picked":["Pommel Strike+1","Flex"],"picked":"Shrug It Off+1","floor":41},{"not_picked":["Flex+1","Pommel Strike","Shrug It Off+1"],"picked":"SKIP","floor":42},{"not_picked":["Warcry+1","Spot Weakness","Flame Barrier"],"picked":"SKIP","floor":44},{"not_picked":["Rage","Clothesline+1","Body Slam"],"picked":"Impervious","floor":46},{"not_picked":["Fire Breathing+1","Inflame","Headbutt+1"],"picked":"Shockwave","floor":55}],"player_experience":1524492,"relics_obtained":[{"floor":7.0,"key":"Ornamental Fan"},{"floor":9.0,"key":"Mummified Hand"},{"floor":14.0,"key":"Sundial"},{"floor":24.0,"key":"Meat on the Bone"},{"floor":29.0,"key":"HornCleat"},{"floor":36.0,"key":"Old Coin"},{"floor":42,"key":"Self Forming Clay"},{"floor":43,"key":"Smiling Mask"},{"floor":44,"key":"Question Card"},{"floor":47,"key":"Bottled Lightning"},{"floor":55,"key":"Blood Vial"}],"event_choices":[{"damage_healed":0.0,"max_hp_gain":0.0,"max_hp_loss":0.0,"gold_gain":0.0,"event_name":"Golden Idol","player_choice":"Take Damage","floor":4.0,"gold_loss":0.0,"damage_taken":28.0,"relics_obtained":["Golden Idol"]},{"damage_healed":0.0,"max_hp_gain":0.0,"max_hp_loss":0.0,"gold_gain":0.0,"cards_transformed":["Strike_R"],"event_name":"Living Wall","player_choice":"Change","floor":8.0,"gold_loss":0.0,"damage_taken":0.0,"cards_obtained":["Metallicize"]},{"cards_removed":["Strike_R"],"damage_healed":0.0,"max_hp_gain":0.0,"max_hp_loss":0.0,"gold_gain":0.0,"event_name":"Purifier","player_choice":"Purged","floor":12.0,"gold_loss":0.0,"damage_taken":0.0},{"cards_removed":["Defend_R"],"damage_healed":0.0,"max_hp_gain":0.0,"max_hp_loss":0.0,"gold_gain":0.0,"event_name":"Back to Basics","player_choice":"Elegance","floor":31.0,"gold_loss":0.0,"damage_taken":0.0},{"damage_healed":0.0,"max_hp_gain":0.0,"max_hp_loss":0.0,"gold_gain":0.0,"event_name":"MindBloom","player_choice":"Fight","floor":36.0,"gold_loss":0.0,"damage_taken":0.0},{"damage_healed":0.0,"max_hp_gain":0.0,"max_hp_loss":0.0,"gold_gain":50.0,"event_name":"Golden Shrine","player_choice":"Pray","floor":37.0,"gold_loss":0.0,"damage_taken":0.0}],"is_beta":false,"boss_relics":[{"not_picked":["SlaversCollar","Busted Crown"],"picked":"Astrolabe"},{"not_picked":["Black Blood","Snecko Eye"],"picked":"Empty Cage"}],"items_purged_floors":[20,28,38,48],"is_endless":false,"potions_floor_spawned":[1,11,19,27,33,35,41,44],"ascension_level":20}}