{"host":"h0eytjmkj9z8sjet","time":1613620007,"event":{"mods":["BaseMod","BetterRewards","Colored Map","Colored Powertips","Downfall","Infinite Spire","Jorbs\u0027s Wanderer Trilogy","Marisa????????","Minty Spire (QoL Compilation)","Quick Restart","Remilia??????","Replay The Spire","Shop Mod","StSLib","The Animator","The Bug Knight","The Cursed","The Runesmith"],"gold_per_floor":[349,367,384,402,478,478,478,478,489,489,515,534,546,562,581,678,678,678,697,697,752,317,317,317,372,272,272,328,384,284,335,351,453,453,453,503,503,556,62,62,87,87,112,112,147,147,147,19,19],"floor_reached":50,"language":"ENG","playtime":2590,"items_purged":["Pride"],"score":854,"play_id":"3c31de47-e4e4-4a15-b9bb-9848721e6791","local_time":"20210217224647","is_ascension_mode":false,"campfire_choices":[{"floor":1,"key":"DIG"},{"data":"Guardian:TwinSlam","floor":8,"key":"SMITH"},{"data":"Guardian:CrystalBeam","floor":10,"key":"SMITH"},{"floor":18,"key":"DIG"},{"data":"Guardian:StasisStrike","floor":23,"key":"SMITH"},{"floor":26,"key":"RECALL"},{"floor":30,"key":"REST"},{"floor":35,"key":"DIG"},{"floor":44,"key":"REST"}],"circlet_count":0,"master_deck":["Guardian:Strike_Guardian","Guardian:Strike_Guardian","Guardian:Strike_Guardian","Guardian:Defend_Guardian","Guardian:Defend_Guardian","Guardian:Defend_Guardian","Guardian:Defend_Guardian+1","Guardian:CurlUp+1","Guardian:TwinSlam+1","Guardian:CrystalBeam+1","Guardian:BronzeOrb","Guardian:TemporalStrike","Guardian:StasisStrike+1","CurseOfTheBell","Guardian:SpikerProtocol+1","Guardian:Recover+1","Guardian:TimeCapacitor+1","Guardian:TemporalStrike+1","Guardian:PrismaticBeam+1","Guardian:SpikerProtocol+1","Guardian:TimeSifter+1","Guardian:Incinerate+1","Guardian:TimeSifter+1","Guardian:Orbwalk+1","Guardian:PrimingBeam+1","Guardian:Orbwalk+1","Guardian:PolyBeam+1","Guardian:RevengeProtocol+1","Pot Of Greed+1","Pot Of Greed+1","Pot Of Greed+1","Guardian:Clone+1","expansioncontent:LastStand+1","expansioncontent:LastStand+1","expansioncontent:AwakenDeath+1","Guardian:Planning+1","expansioncontent:StudyTheSpire+1"],"relics":["Guardian:ModeShifter","Matryoshka","Counterbalance","infinitespire:Beetle Shell","War Paint","Bottled Flame","Replay:Mystery Machine","Replay:Grab Bag","Runesmith:UraniumAnvil","Guardian:StasisSlotReductionRelic","Calling Bell","ReplayTheSpireMod:Lightbulb","Frozen Egg 2","CaptainsWheel","Boot","downfall:KnowingSkull","Molten Egg 2","BargainBundle","downfall:HeartBlessingBlue","Replay:PocketPolymizer","downfall:HeartBlessingRed","Black Star","The Courier","Blue Candle","Unceasing Top","WingedGreaves","Pen Nib","Toxic Egg 2","SlaversCollar","Nunchaku","Toxic Egg 2","ScarletDevilRocket","Grinning Jar","Pantograph","Runesmith:AutoHammer"],"acts_visited":["Exordium","TheCity","TheBeyond"],"potions_floor_usage":[16,16,16,16,16,22,33,33,33,43,43,49],"damage_taken":[{"damage":1,"enemies":"Jaw Worm","floor":2,"turns":4},{"damage":4,"enemies":"Cultist","floor":3,"turns":4},{"damage":7,"enemies":"2 Louse","floor":4,"turns":2},{"damage":4,"enemies":"Gremlin Gang","floor":9,"turns":5},{"damage":16,"enemies":"Gremlin Nob","floor":11,"turns":5},{"damage":6,"enemies":"Lots of Slimes","floor":12,"turns":6},{"damage":4,"enemies":"2 Fungi Beasts","floor":13,"turns":3},{"damage":15,"enemies":"Exordium Thugs","floor":14,"turns":6},{"damage":0,"enemies":"Red Slaver","floor":15,"turns":4},{"damage":0,"enemies":"SI_SHIV_ARCHETYPE","floor":16,"turns":7},{"damage":4,"enemies":"Chosen","floor":19,"turns":5},{"damage":3,"enemies":"Spheric Guardian","floor":21,"turns":4},{"damage":3,"enemies":"downfall:FleeingMerchant","floor":22,"turns":4},{"damage":14,"enemies":"Snake Plant","floor":25,"turns":4},{"damage":11,"enemies":"Shelled Parasite and Fungi","floor":28,"turns":5},{"damage":3,"enemies":"Snecko","floor":29,"turns":4},{"damage":6,"enemies":"Snake Plant","floor":31,"turns":2},{"damage":22,"enemies":"Shelled Parasite and Fungi","floor":32,"turns":5},{"damage":12,"enemies":"WA_ARCHETYPE_CALM","floor":33,"turns":8},{"damage":27,"enemies":"3 Shapes","floor":36,"turns":4},{"damage":3,"enemies":"Orb Walker","floor":38,"turns":4},{"damage":1,"enemies":"downfall:FleeingMerchant","floor":39,"turns":4},{"damage":31,"enemies":"Giant Head","floor":43,"turns":8},{"damage":19,"enemies":"R_Hoarder","floor":45,"turns":5},{"damage":6,"enemies":"downfall:FleeingMerchant","floor":48,"turns":2},{"damage":26,"enemies":"IC_BLOCK_ARCHETYPE","floor":49,"turns":7}],"seed_played":"7616975591145292454","potions_obtained":[{"floor":2,"key":"Milkshake"},{"floor":5,"key":"Reflective Coating"},{"floor":5,"key":"EntropicBrew"},{"floor":11,"key":"hexamod:SoulburnPotion"},{"floor":21,"key":"Block Potion"},{"floor":28,"key":"DuplicationPotion"},{"floor":33,"key":"AttackPotion"},{"floor":38,"key":"Energy Potion"},{"floor":43,"key":"Cursed Concoction"}],"is_trial":false,"path_per_floor":["R_BF","M","M","M","?","?","T","R","M","R","E","M","M","M","M","B",null,"R_BF","M","?","M","$","R","T","M","R","?","M","M","R","M","M","B",null,"R_BF","M","?","M","$","?","T","AVR","E","R","E","?","?","$","B",null],"character_chosen":"GUARDIAN","items_purchased":["Molten Egg 2","BargainBundle","Guardian:TimeCapacitor+1","Guardian:TemporalStrike+1","Fruit Juice","champ:CounterPotion","Guardian:Orbwalk+1","Blue Candle","Unceasing Top","Pantograph","Runesmith:AutoHammer","expansioncontent:StudyTheSpire"],"campfire_rested":2,"item_purchase_floors":[22,22,22,22,22,22,39,39,39,48,48,48],"current_hp_per_floor":[72,71,67,60,60,60,60,60,56,56,40,34,30,15,15,15,72,72,68,60,57,59,59,59,45,55,55,44,41,67,61,39,27,87,87,60,60,57,56,56,56,56,25,51,32,32,22,16,25],"gold":19,"neow_bonus":"TWO_FIFTY_GOLD","is_daily":false,"chose_seed":false,"campfire_upgraded":3,"win_rate":0.0,"timestamp":1613620007,"path_taken":["R_BF","M","M","M","?","?","T","R","M","R","E","M","M","?","M","BOSS","R_BF","M","?","?","?","R","T","M","R","?","M","?","R","M","M","BOSS","R_BF","M","?","M","$","?","T","AVR","E","R","E","?","?","$","BOSS"],"items_purchased_type":["Relic","Relic","Card","Card","Potion","Potion","Card","Relic","Relic","Relic","Relic","Card"],"build_version":"2020-12-22","purchased_purges":1,"victory":true,"max_hp_per_floor":[72,72,72,72,72,72,72,72,72,72,72,72,72,72,72,72,72,72,72,72,72,77,77,77,77,87,87,87,87,87,87,87,87,87,87,87,87,87,87,87,87,87,87,87,87,87,87,87,87],"card_choices":[{"not_picked":["Guardian:Planning","Guardian:Reroute"],"picked":"Guardian:Gem_Lightblue","floor":2},{"not_picked":["Guardian:PiercingHide","Guardian:TemporalStrike"],"picked":"Guardian:CrystalBeam","floor":3},{"not_picked":["Guardian:Incinerate","Guardian:CrystalBeam"],"picked":"Guardian:Gem_Red","floor":4},{"not_picked":["Guardian:ChargeCore","Guardian:SentryBeam"],"picked":"Guardian:Gem_Green","floor":5},{"not_picked":["Guardian:Emergency","Guardian:Harden"],"picked":"Guardian:EvasiveProtocol","floor":9},{"not_picked":["Guardian:WalkerClaw","Guardian:SphericShield"],"picked":"Guardian:BronzeOrb","floor":11},{"not_picked":["Guardian:Gem_Cyan","Guardian:ChargeCore"],"picked":"Guardian:Gem_White","floor":12},{"not_picked":["Guardian:Harden","Guardian:Reroute"],"picked":"Guardian:TemporalStrike","floor":13},{"not_picked":["Guardian:Preprogram","Guardian:Gem_Red"],"picked":"Guardian:Gem_Cyan","floor":14},{"not_picked":["Guardian:PiercingHide","Guardian:PrismaticBeam"],"picked":"Guardian:Gem_Cyan","floor":15},{"not_picked":["Guardian:TimeSifter","Guardian:FastForward"],"picked":"Guardian:StasisStrike","floor":16},{"not_picked":["Guardian:GuardianWhirl","Guardian:BronzeArmor"],"picked":"Guardian:SpikerProtocol+1","floor":19},{"not_picked":["Guardian:Preprogram","Guardian:Reroute"],"picked":"Guardian:Recover+1","floor":21},{"not_picked":["Guardian:FastForward","Guardian:WalkerClaw"],"picked":"Guardian:Gem_Yellow","floor":22},{"not_picked":["Guardian:Planning","Guardian:Gem_Green"],"picked":"Guardian:PrismaticBeam+1","floor":25},{"not_picked":["Guardian:GuardianWhirl+1","Guardian:VentSteam"],"picked":"Guardian:SpikerProtocol+1","floor":28},{"not_picked":["Guardian:ChargeCore+1","Guardian:PiercingHide"],"picked":"Guardian:ArmoredProtocol+1","floor":29},{"not_picked":["Guardian:Planning","Guardian:VentSteam+1"],"picked":"Guardian:Repulse+1","floor":31},{"not_picked":["Guardian:Suspension","Guardian:WalkerClaw+1"],"picked":"Guardian:Incinerate+1","floor":32},{"not_picked":["Guardian:FierceBash+1","Guardian:BaubleBeam+1"],"picked":"Guardian:TimeSifter+1","floor":33},{"not_picked":["Guardian:WalkerClaw+1","Guardian:Harden+1"],"picked":"Guardian:Gem_Red","floor":36},{"not_picked":["Guardian:GuardianWhirl+1","Guardian:WalkerClaw+1"],"picked":"Guardian:Orbwalk+1","floor":38},{"not_picked":["Guardian:SpikerProtocol+1","Guardian:ShieldCharger+1"],"picked":"Guardian:PrimingBeam+1","floor":39},{"not_picked":["Guardian:PiercingHide+1","Guardian:ShieldSpikes+1"],"picked":"Guardian:PolyBeam+1","floor":43},{"not_picked":["Guardian:SphericShield+1","Guardian:PrimingBeam+1"],"picked":"Guardian:Clone+1","floor":45},{"not_picked":["Replay:SS_fish_1","expansioncontent:HyperBeam"],"picked":"expansioncontent:LastStand","floor":47},{"not_picked":["Replay:SS_fish_1","expansioncontent:YouAreMine"],"picked":"expansioncontent:LastStand","floor":47},{"not_picked":["expansioncontent:YouAreMine","Replay:SS_hec_1"],"picked":"expansioncontent:AwakenDeath","floor":47},{"not_picked":["Guardian:PrimingBeam+1","Guardian:ArmoredProtocol+1"],"picked":"Guardian:Planning+1","floor":48}],"player_experience":241201,"relics_obtained":[{"floor":1,"key":"Matryoshka"},{"floor":5,"key":"Counterbalance"},{"floor":5,"key":"infinitespire:Beetle Shell"},{"floor":7,"key":"War Paint"},{"floor":7,"key":"Bottled Flame"},{"floor":11,"key":"Replay:Mystery Machine"},{"floor":17,"key":"ReplayTheSpireMod:Lightbulb"},{"floor":17,"key":"Frozen Egg 2"},{"floor":17,"key":"CaptainsWheel"},{"floor":18,"key":"Boot"},{"floor":35,"key":"The Courier"},{"floor":40,"key":"WingedGreaves"},{"floor":41,"key":"Pen Nib"},{"floor":43,"key":"Nunchaku"},{"floor":43,"key":"Toxic Egg 2"},{"floor":45,"key":"ScarletDevilRocket"},{"floor":45,"key":"Grinning Jar"}],"event_choices":[{"cards_removed":["Guardian:Strike_Guardian"],"damage_healed":0,"gold_gain":0,"player_choice":"Offered Basic","damage_taken":0,"max_hp_gain":0,"max_hp_loss":0,"event_name":"Bonfire Elementals","floor":6,"gold_loss":0},{"damage_healed":0,"gold_gain":0,"player_choice":"Stole Relic","damage_taken":0,"relics_obtained":["Replay:PocketPolymizer"],"max_hp_gain":0,"max_hp_loss":0,"event_name":"Addict","floor":27,"gold_loss":0,"cards_obtained":["Pride"]},{"cards_removed":["Guardian:EvasiveProtocol"],"damage_healed":0,"gold_gain":0,"player_choice":"Removed Power","damage_taken":0,"max_hp_gain":0,"max_hp_loss":0,"event_name":"Falling","floor":46,"gold_loss":0}],"is_beta":false,"boss_relics":[{"not_picked":["Fusion Hammer","Busted Crown"],"picked":"Replay:Grab Bag"},{"not_picked":["ReplayTheSpireMod:DimensionalGlitch","infinitespire:Cupcake"],"picked":"Runesmith:UraniumAnvil"},{"not_picked":["Coffee Dripper","ChewingGum"],"picked":"Guardian:StasisSlotReductionRelic"},{"not_picked":["SacredBark","ReplayTheSpireMod:SealedPack"],"picked":"Calling Bell"},{"not_picked":["Pandora\u0027s Box","Replay:Drink Me"],"picked":"Black Star"}],"items_purged_floors":[42],"is_endless":false,"potions_floor_spawned":[2,9,11,13,21,28,29,31,33,38,43],"ascension_level":0}}