{"host":"3hzk4hwwdropes3d","time":1613681448,"event":{"mods":["BaseMod","Colored Map","Downfall","Hermit","Minty Spire (QoL Compilation)","Permanent Neow","Relic Stats","StSLib"],"gold_per_floor":[112,287,287,55,72,72,98,98,122,122,197,197,197],"floor_reached":12,"language":"ENG","playtime":402,"items_purged":["Doubt"],"score":93,"play_id":"9c5885e3-1af7-4749-9d13-7ae85bd274f8","local_time":"20210218125048","is_ascension_mode":true,"campfire_choices":[{"floor":6,"key":"REST"},{"data":"Eruption","floor":8,"key":"SMITH"},{"data":"Dark Shackles","floor":10,"key":"SMITH"}],"circlet_count":0,"master_deck":["Strike_P","Strike_P","Strike_P","Strike_P","Defend_P","Defend_P","Defend_P","Defend_P","Eruption+1","Vigilance","Meditate","DevaForm","Dark Shackles+1","BowlingBash","FollowUp"],"relics":["Black Star","Strawberry","Juzu Bracelet","Eternal Feather","Lantern"],"acts_visited":["Exordium"],"potions_floor_usage":[7],"damage_taken":[{"damage":37,"enemies":"2 Louse","floor":1,"turns":3},{"damage":17,"enemies":"Jaw Worm","floor":5,"turns":3},{"damage":10,"enemies":"Lagavulin","floor":7,"turns":7},{"damage":51,"enemies":"Gremlin Nob","floor":12,"turns":5}],"seed_played":"-3649182726547739805","potions_obtained":[{"floor":5,"key":"Fire Potion"}],"is_trial":false,"path_per_floor":["M","?","?","$","M","R","E","R","T","R","?","E"],"character_chosen":"WATCHER","items_purchased":["Strawberry"],"campfire_rested":1,"item_purchase_floors":[4],"current_hp_per_floor":[35,35,35,42,25,48,38,47,47,56,45,0,0],"gold":197,"neow_bonus":"BOSS_RELIC","is_daily":false,"chose_seed":false,"campfire_upgraded":2,"win_rate":0.0,"timestamp":1613681448,"path_taken":["M","?","?","$","M","R","E","R","T","R","?","E"],"items_purchased_type":["Relic"],"build_version":"2020-12-22","purchased_purges":1,"victory":false,"max_hp_per_floor":[72,72,72,79,79,79,79,79,79,79,79,79,79],"relic_stats":{"counters":[4,18],"Eternal Feather":18,"Black Star":1,"Juzu Bracelet":1,"obtain_stats":[{"Lantern":9,"Strawberry":4,"Eternal Feather":7,"Black Star":0,"Juzu Bracelet":7,"PureWater":0},{"Lantern":3,"Strawberry":1,"Eternal Feather":3,"Black Star":0,"Juzu Bracelet":3,"PureWater":0},{"Lantern":13,"Strawberry":3,"Eternal Feather":13,"Black Star":0,"Juzu Bracelet":13,"PureWater":0}]},"card_choices":[{"not_picked":["JustLucky","Weave"],"picked":"Meditate","floor":1},{"not_picked":["Prostrate","PathToVictory"],"picked":"BowlingBash","floor":5},{"not_picked":["WreathOfFlame","Conclude"],"picked":"FollowUp","floor":7}],"player_experience":434955,"relics_obtained":[{"floor":7,"key":"Juzu Bracelet"},{"floor":7,"key":"Eternal Feather"},{"floor":9,"key":"Lantern"}],"event_choices":[{"damage_healed":0,"gold_gain":175,"player_choice":"AGREE","damage_taken":0,"max_hp_gain":0,"max_hp_loss":0,"event_name":"Liars Game","floor":2,"gold_loss":0,"cards_obtained":["Doubt"]},{"damage_healed":0,"gold_gain":0,"player_choice":"2 cards matched","damage_taken":0,"max_hp_gain":0,"max_hp_loss":0,"event_name":"Match and Keep!","floor":3,"gold_loss":0,"cards_obtained":["DevaForm","Dark Shackles"]},{"damage_healed":0,"gold_gain":75,"player_choice":"Gather Gold","damage_taken":11,"max_hp_gain":0,"max_hp_loss":0,"event_name":"World of Goop","floor":11,"gold_loss":0}],"is_beta":false,"boss_relics":[],"items_purged_floors":[4],"is_endless":false,"potions_floor_spawned":[5],"killed_by":"Gremlin Nob","ascension_level":5}}