{"host":"x5al1swown9002c0","time":1613669889,"event":{"mods":["AchievementEnabler","AlwaysNeverKeys","Aspiration","BaseMod","Clawfect","Colored Map","Evolution","Highlight Path","Lobotomy","LobotomyExtend","Minty Spire (QoL Compilation)","Replay The Spire","Shop Mod","StSLib","The Cursed"],"gold_per_floor":[117,117,136,4,4,35,35,61,61,88,99,124,37,57,57,131,131,144,144,69,69,88,122,136,136,136,136,147,175,186,186,186],"floor_reached":31,"language":"ENG","playtime":1231,"items_purged":[],"score":648,"play_id":"2e971e95-5b4e-4a09-b1e1-e8152d4c468b","local_time":"20210218193809","is_ascension_mode":true,"campfire_choices":[{"data":"Clawfect:ClawForOne","floor":7.0,"key":"SMITH"},{"floor":15,"key":"REST"},{"floor":25,"key":"REST"}],"circlet_count":0,"master_deck":["AscendersBane","Gash","Gash","Gash","Gash","Gash","Defend_B","Defend_B","Defend_B","Clawfect:ClawSnap","Genetic Algorithm","Clawfect:ClawForOne+1","Clawfect:ClawForTheEyes","Panic Button","Conserve Battery","Clawfect:Clawrage","Coolheaded+1","Clawfect:ClawpileDriver","Skim","Clawfect:ClawForOne","Reinforced Body+1","Clawfect:ClawSnap"],"relics":["Clawfect:DRClaw","EVO:Axolotl","aspiration:MysteriousAuxiliaryCore","LetterFromLob","Lantern","Replay:Rubber Ducky","ReplayFunnel","Pantograph","Art of War","Runic Pyramid","Blue Doll","RedMistMask","Symbiotic Virus","Moonlight_r","Strawberry"],"acts_visited":["Exordium","TheCity"],"potions_floor_usage":[23,24,29,29],"damage_taken":[{"damage":12.0,"enemies":"Jaw Worm","floor":1.0,"turns":4.0},{"damage":6.0,"enemies":"Small Slimes","floor":3.0,"turns":4.0},{"damage":8.0,"enemies":"Lagavulin","floor":6.0,"turns":5.0},{"damage":25.0,"enemies":"Gremlin Nob","floor":8.0,"turns":4.0},{"damage":10,"enemies":"3 Sentries","floor":10,"turns":5},{"damage":0,"enemies":"Cultist","floor":11,"turns":3},{"damage":6,"enemies":"Replay:BlueRogue","floor":12,"turns":4},{"damage":0,"enemies":"Blue Slaver","floor":14,"turns":3},{"damage":18,"enemies":"Hexaghost","floor":16,"turns":6},{"damage":5,"enemies":"Spheric Guardian","floor":18,"turns":4},{"damage":9,"enemies":"Chosen","floor":22,"turns":4},{"damage":22,"enemies":"Gremlin Leader","floor":23,"turns":4},{"damage":0,"enemies":"3 Cultists","floor":24,"turns":2},{"damage":0,"enemies":"Centurion and Healer","floor":28,"turns":4},{"damage":0,"enemies":"Slavers","floor":29,"turns":3},{"damage":0,"enemies":"Snake Plant","floor":30,"turns":4},{"damage":21,"enemies":"Snecko","floor":31,"turns":4}],"seed_played":"6437912256640511912","potions_obtained":[{"floor":1.0,"key":"Weak Potion"},{"floor":8.0,"key":"GamblersBrew"},{"floor":10,"key":"Swift Potion"},{"floor":23,"key":"Explosive Potion"},{"floor":24,"key":"LifebloodPotion"},{"floor":29,"key":"Venom Potion"},{"floor":30,"key":"SpeedPotion"}],"is_trial":false,"path_per_floor":["M","?","M","$","?","E","R","E","T","E","M","E","$","M","R","B",null,"M","?","?","?","M","E","M","R","T","E","M","E","M","M"],"character_chosen":"DEFECT","items_purchased":["Genetic Algorithm","Energy Potion","Coolheaded","Clawfect:ClawpileDriver"],"campfire_rested":2,"item_purchase_floors":[4,4,13,13],"current_hp_per_floor":[52,52,46,46,64,56,56,31,31,21,21,15,15,15,34,41,58,53,53,53,53,44,22,22,41,41,4,4,11,11,0,0],"gold":186,"neow_bonus":"ONE_RARE_RELIC","is_daily":false,"chose_seed":false,"campfire_upgraded":1,"win_rate":0.0,"timestamp":1613669889,"path_taken":["M","?","M","$","?","E","R","E","T","E","M","E","$","?","R","BOSS","M","?","?","?","M","E","M","R","T","E","M","E","M","M"],"items_purchased_type":["Card","Potion","Card","Card"],"build_version":"2020-12-22","purchased_purges":0,"victory":false,"max_hp_per_floor":[64,64,64,64,64,64,64,64,64,64,64,64,64,64,64,64,64,64,64,64,64,64,64,64,64,64,64,64,71,71,71,71],"card_choices":[{"not_picked":["Genetic Algorithm","Heatsinks"],"picked":"Clawfect:ClawSnap","floor":1.0},{"not_picked":["Lockon","Loop"],"picked":"ReplayGash","floor":3.0},{"not_picked":["Clawfect:ClawForTheEyes","Clawfect:ClawCell"],"picked":"Clawfect:ClawForOne","floor":6.0},{"not_picked":["ReplayTheSpireMod:Omega Cannon","Gash"],"picked":"Clawfect:ClawForTheEyes","floor":8.0},{"not_picked":["Clawfect:Clawline","Turbo"],"picked":"Panic Button","floor":10},{"not_picked":["Stack","Clawfect:ClawForTheEyes"],"picked":"Conserve Battery","floor":11},{"not_picked":["Clawfect:ClawLightning","Clawfect:ClawCell"],"picked":"Clawfect:Clawrage","floor":12},{"not_picked":["Turbo","Clawfect:Clawter"],"picked":"Skim","floor":14},{"not_picked":["ReplayRNGCard","Rainbow"],"picked":"Clawfect:ClawForOne","floor":16},{"not_picked":["ReplaySolidLightProjector","Time Bomb"],"picked":"Reinforced Body","floor":18},{"not_picked":["Coolheaded","Hologram"],"picked":"Clawfect:ClawSnap","floor":22},{"not_picked":["Time Bomb","Blizzard","Force Field"],"picked":"SKIP","floor":23},{"not_picked":["Stack","Turbo","Darkness"],"picked":"SKIP","floor":24},{"not_picked":["Clawfect:Clawter+1","Leap","Panic Button"],"picked":"SKIP","floor":28},{"not_picked":["Steam+1","Sunder","Storm"],"picked":"SKIP","floor":29}],"player_experience":686290,"relics_obtained":[{"floor":1.0,"key":"LetterFromLob"},{"floor":6.0,"key":"Lantern"},{"floor":8.0,"key":"Replay:Rubber Ducky"},{"floor":9.0,"key":"ReplayFunnel"},{"floor":10,"key":"Pantograph"},{"floor":12,"key":"Art of War"},{"floor":23,"key":"Blue Doll"},{"floor":23,"key":"RedMistMask"},{"floor":26,"key":"Symbiotic Virus"},{"floor":29,"key":"Strawberry"}],"event_choices":[{"cards_removed":["Defend_B"],"damage_healed":0.0,"max_hp_gain":0.0,"max_hp_loss":0.0,"gold_gain":0.0,"event_name":"Living Wall","player_choice":"Forget","floor":2.0,"gold_loss":0.0,"damage_taken":0.0},{"cards_removed":["ReplayGash"],"damage_healed":18.0,"max_hp_gain":0.0,"max_hp_loss":0.0,"gold_gain":0.0,"event_name":"Bonfire Elementals","player_choice":"Offered Uncommon","floor":5.0,"gold_loss":0.0,"damage_taken":0.0},{"damage_healed":0,"gold_gain":0,"player_choice":"Ignored","damage_taken":0,"max_hp_gain":0,"max_hp_loss":0,"event_name":"Ghosts","floor":19,"gold_loss":0},{"cards_removed":["Defend_B"],"damage_healed":0,"gold_gain":0,"player_choice":"Gave Gold","damage_taken":0,"max_hp_gain":0,"max_hp_loss":0,"event_name":"Beggar","floor":20,"gold_loss":75}],"is_beta":false,"boss_relics":[{"not_picked":["Philosopher\u0027s Stone","aspiration:SecretTechniqueScroll"],"picked":"Runic Pyramid"}],"items_purged_floors":[],"is_endless":false,"potions_floor_spawned":[1,6,8,10,11,23,24,29,30],"killed_by":"Snecko","ascension_level":18}}