{"host":"5y2vm16xfq9gfmb2","time":1613617249,"event":{"mods":["AchievementEnabler","BaseMod","Better Third Choice","Colored Map","Colored Powertips","DeckTracker","Friendly Minions","Marisa????????","Minty Spire (QoL Compilation)","Rare Cards Sparkle","Relic Stats","StSLib","The Alterego","The Animator","The Marked","The Servant 0.9.4","Yohane!"],"gold_per_floor":[114,114,44,44,58,88,88,105,105,123,148,148,159,173,173,173,173],"floor_reached":16,"language":"ENG","playtime":793,"items_purged":[],"score":112,"play_id":"4ae3beb0-1810-4525-ab7d-7aca1af8a84d","local_time":"20210217220049","is_ascension_mode":false,"campfire_choices":[{"floor":7,"key":"RECALL"},{"floor":12,"key":"REST"},{"data":"alterego_mod:Venus","floor":15,"key":"SMITH"}],"circlet_count":0,"master_deck":["alterego_mod:Strike","alterego_mod:Strike","alterego_mod:Strike","alterego_mod:Strike+1","alterego_mod:Defend","alterego_mod:Defend","alterego_mod:Defend+1","alterego_mod:Defend","alterego_mod:Impale","alterego_mod:BigMeatyClaws","alterego_mod:BrynhildrsRune","Regret","alterego_mod:Rake","alterego_mod:Cycle","alterego_mod:Cushion","alterego_mod:RingBreak","Bandage Up","alterego_mod:1TonWallop","alterego_mod:DeftHands","alterego_mod:Venus+1","alterego_mod:BusterCard","alterego_mod:Rake","alterego_mod:Birthday","alterego_mod:Clones"],"relics":["alterego_mod:MasochisticConstitution","Bottled Tornado","Omamori","Toy Ornithopter"],"acts_visited":["Exordium"],"potions_floor_usage":[11,11],"damage_taken":[{"damage":12,"enemies":"2 Louse","floor":1,"turns":4},{"damage":10,"enemies":"Small Slimes","floor":5,"turns":4},{"damage":20,"enemies":"Lagavulin","floor":6,"turns":14},{"damage":3,"enemies":"Cultist","floor":8,"turns":5},{"damage":8,"enemies":"Exordium Wildlife","floor":10,"turns":3},{"damage":30,"enemies":"Gremlin Nob","floor":11,"turns":5},{"damage":16,"enemies":"3 Louse","floor":13,"turns":2},{"damage":4,"enemies":"Gremlin Gang","floor":14,"turns":1},{"damage":54,"enemies":"Slime Boss","floor":16,"turns":7}],"seed_played":"2311922431499196280","potions_obtained":[{"floor":5,"key":"SkillPotion"},{"floor":8,"key":"Block Potion"}],"is_trial":false,"path_per_floor":["M","?","$","?","M","E","R","M","T","M","E","R","M","M","R","B"],"character_chosen":"The_Alterego","items_purchased":["alterego_mod:Cushion"],"campfire_rested":1,"item_purchase_floors":[3],"current_hp_per_floor":[59,45,45,45,40,25,25,34,34,41,16,38,44,41,41,0,0],"gold":173,"neow_bonus":"THREE_RARE_CARDS","is_daily":false,"chose_seed":false,"campfire_upgraded":1,"win_rate":0.0,"timestamp":1613617249,"path_taken":["M","?","$","?","?","E","R","M","T","M","E","R","M","M","R","BOSS"],"items_purchased_type":["Card"],"build_version":"2020-12-22","purchased_purges":0,"victory":false,"max_hp_per_floor":[71,71,71,71,72,73,73,74,74,75,76,76,77,78,78,78,78],"relic_stats":{"counters":[9,45],"obtain_stats":[{"alterego_mod:MasochisticConstitution":0,"Omamori":9,"Bottled Tornado":6,"Toy Ornithopter":11},{"alterego_mod:MasochisticConstitution":0,"Omamori":4,"Bottled Tornado":3,"Toy Ornithopter":6},{"alterego_mod:MasochisticConstitution":0,"Omamori":27,"Bottled Tornado":22,"Toy Ornithopter":35}],"Toy Ornithopter":0},"card_choices":[{"not_picked":["alterego_mod:PainIsPleasure","alterego_mod:AlterEgo"],"picked":"alterego_mod:Rake","floor":0},{"not_picked":["alterego_mod:HighServant","alterego_mod:PurpleHair"],"picked":"alterego_mod:Cycle","floor":1},{"not_picked":["alterego_mod:GoddessCore","alterego_mod:BiFurious"],"picked":"alterego_mod:1TonWallop","floor":5},{"not_picked":["alterego_mod:MagicResistance","alterego_mod:Lingerie"],"picked":"alterego_mod:DeftHands","floor":6},{"not_picked":["alterego_mod:GoddessCore","alterego_mod:BiFurious"],"picked":"alterego_mod:Venus","floor":8},{"not_picked":["alterego_mod:Jiggle","alterego_mod:Collar"],"picked":"alterego_mod:BusterCard","floor":10},{"not_picked":["alterego_mod:Bloomers","alterego_mod:BusterCard"],"picked":"alterego_mod:Rake","floor":11},{"not_picked":["alterego_mod:Bounce","alterego_mod:DeftHands"],"picked":"alterego_mod:Birthday","floor":13},{"not_picked":["alterego_mod:DiscoLights","alterego_mod:Bloomers"],"picked":"alterego_mod:Clones","floor":14}],"player_experience":143741,"relics_obtained":[{"floor":6,"key":"Bottled Tornado"},{"floor":9,"key":"Omamori"},{"floor":11,"key":"Toy Ornithopter"}],"event_choices":[{"damage_healed":59,"gold_gain":0,"player_choice":"Upgrade","damage_taken":14,"max_hp_gain":0,"max_hp_loss":71,"event_name":"betterThird:BetterShining","floor":2,"gold_loss":0,"cards_upgraded":["alterego_mod:Defend","alterego_mod:Strike"]},{"damage_healed":0,"gold_gain":0,"player_choice":"2 cards matched","damage_taken":0,"max_hp_gain":0,"max_hp_loss":0,"event_name":"Match and Keep!","floor":4,"gold_loss":0,"cards_obtained":["alterego_mod:RingBreak","Bandage Up"]}],"is_beta":false,"boss_relics":[],"items_purged_floors":[],"is_endless":false,"potions_floor_spawned":[5,8],"killed_by":"Slime Boss","ascension_level":0}}