{"host":"y0i0tbisecj7yjyn","time":1613624325,"event":{"mods":["2.2 Compatiblity","AchievementEnabler","AlwaysNeverKeys","BaseMod","Better Third Choice","BetterRewards","Colored Map","Colored Powertips","Curses Come First","Disable Question Mark Monsters","Displayed Cursed Tome","Highlight Path","Keyboard Shortcuts","Minty Spire (QoL Compilation)","Quick Restart","Random Character Button","Rare Cards Sparkle","Relic Stats","Reliquary","Smile Girya","StSLib","SuperFastMode","The Marked","Transform Curses","Weighted Paths"],"gold_per_floor":[115,75,75,91,91,121,135,135,135],"floor_reached":8,"language":"ENG","playtime":252,"items_purged":[],"score":67,"play_id":"412b644e-79d9-4179-a84d-ed6e117faffb","local_time":"20210217225845","is_ascension_mode":true,"campfire_choices":[],"circlet_count":0,"master_deck":["Strike_B","Strike_B","Strike_B","Strike_B","Defend_B","Defend_B","Defend_B","Defend_B","Zap+1","Dualcast","Sunder","Leap","White Noise","Ball Lightning"],"relics":["Cracked Core","Boot","reliquary:Stiletto","TungstenRod"],"acts_visited":["Exordium"],"potions_floor_usage":[7],"damage_taken":[{"damage":0,"enemies":"2 Louse","floor":1,"turns":2},{"damage":0,"enemies":"Cultist","floor":4,"turns":2},{"damage":46,"enemies":"Lagavulin","floor":6,"turns":7},{"damage":6,"enemies":"Jaw Worm","floor":7,"turns":2},{"damage":34,"enemies":"Gremlin Nob","floor":8,"turns":3}],"seed_played":"7779652564305296880","potions_obtained":[{"floor":2,"key":"Energy Potion"},{"floor":2,"key":"Dexterity Potion"},{"floor":2,"key":"Ancient Potion"}],"is_trial":false,"path_per_floor":["M","?","$","M","?","E","M","E"],"character_chosen":"DEFECT","items_purchased":["Boot","reliquary:Stiletto"],"campfire_rested":0,"item_purchase_floors":[0,0],"current_hp_per_floor":[75,75,75,75,75,29,23,0,0],"gold":135,"neow_bonus":"","is_daily":false,"chose_seed":false,"campfire_upgraded":0,"win_rate":0.0,"timestamp":1613624325,"path_taken":["M","?","?","M","?","E","M","E"],"items_purchased_type":["Relic","Relic"],"build_version":"2020-12-22","purchased_purges":0,"victory":false,"max_hp_per_floor":[75,75,75,75,75,75,75,75,75],"relic_stats":{"counters":[37,133],"Boot":[0],"obtain_stats":[{"Darkstone Periapt":13,"Tiny House":17,"Torii":7,"Enchiridion":24,"Vajra":30,"Runic Capacitor":12,"Cursed Key":17,"reliquary:QuartzCube":27,"Boot":0,"reliquary:TridentHead":4,"reliquary:Vitrine":7,"Toxic Egg 2":10,"Cracked Core":0,"NeowsBlessing":0,"Golden Idol":4,"Oddly Smooth Stone":24,"reliquary:TatteredRug":28,"Orichalcum":26,"reliquary:PorcupineQuills":21,"Ornamental Fan":9,"Shuriken":21,"Orrery":19,"reliquary:Stiletto":0,"reliquary:TuningFork":9,"reliquary:Knoch":26,"Symbiotic Virus":25,"TungstenRod":6},{"Darkstone Periapt":22,"Tiny House":24,"Torii":19,"Enchiridion":10,"Vajra":31,"Runic Capacitor":5,"Cursed Key":7,"reliquary:QuartzCube":30,"Boot":32,"reliquary:TridentHead":1,"reliquary:Vitrine":3,"Toxic Egg 2":4,"Cracked Core":0,"NeowsBlessing":0,"Golden Idol":18,"Oddly Smooth Stone":28,"reliquary:TatteredRug":30,"Orichalcum":10,"reliquary:PorcupineQuills":27,"Ornamental Fan":3,"Shuriken":27,"Orrery":8,"reliquary:Stiletto":32,"reliquary:TuningFork":19,"reliquary:Knoch":29,"Symbiotic Virus":29,"TungstenRod":35},{"Darkstone Periapt":75,"Tiny House":87,"Torii":61,"Enchiridion":34,"Vajra":116,"Runic Capacitor":13,"Cursed Key":22,"reliquary:QuartzCube":113,"Boot":117,"reliquary:TridentHead":1,"reliquary:Vitrine":3,"Toxic Egg 2":10,"Cracked Core":0,"NeowsBlessing":0,"Golden Idol":60,"Oddly Smooth Stone":104,"reliquary:TatteredRug":113,"Orichalcum":34,"reliquary:PorcupineQuills":100,"Ornamental Fan":3,"Shuriken":100,"Orrery":26,"reliquary:Stiletto":117,"reliquary:TuningFork":61,"reliquary:Knoch":108,"Symbiotic Virus":108,"TungstenRod":128}],"TungstenRod":3},"card_choices":[{"not_picked":["Conserve Battery","Stack"],"picked":"Sunder","floor":1},{"not_picked":["Skim","Steam"],"picked":"Leap","floor":4},{"not_picked":["Scrape","Reboot"],"picked":"White Noise","floor":6},{"not_picked":["Rebound","Sweeping Beam"],"picked":"Ball Lightning","floor":7}],"player_experience":476532,"relics_obtained":[{"floor":6,"key":"TungstenRod"}],"event_choices":[{"damage_healed":0,"gold_gain":0,"player_choice":"Bought 3 Potions","damage_taken":0,"max_hp_gain":0,"max_hp_loss":0,"event_name":"The Woman in Blue","floor":2,"gold_loss":0},{"damage_healed":0,"gold_gain":0,"player_choice":"Grow","damage_taken":0,"max_hp_gain":0,"max_hp_loss":0,"event_name":"Living Wall","floor":5,"gold_loss":0,"cards_upgraded":["Zap"]}],"is_beta":false,"boss_relics":[],"items_purged_floors":[],"is_endless":false,"potions_floor_spawned":[6],"killed_by":"Gremlin Nob","ascension_level":4}}