{"host":"3n5xmnb54n2y5mb4","time":1613619839,"event":{"mods":["BaseMod","Colored Map","Colored Powertips","Downfall","Minty Spire (QoL Compilation)","Permanent Neow","StSLib","Unceasing Turn Reminder","everything is the same but u backflip on backflip"],"gold_per_floor":[114,114,134,134,134,169,169,182,207,222,237,1,31,45,45,45,45],"floor_reached":16,"language":"ENG","playtime":1211,"items_purged":["Strike_G"],"score":174,"play_id":"5c7bbfc2-cf90-4a5f-9057-1e2d0bf66976","local_time":"20210217224359","is_ascension_mode":true,"campfire_choices":[{"floor":7.0,"key":"REST"},{"floor":15.0,"key":"REST"}],"circlet_count":0,"master_deck":["AscendersBane","Strike_G+1","Strike_G","Strike_G","Strike_G","Defend_G","Defend_G","Defend_G","Defend_G","Defend_G","Survivor+1","Neutralize","Distraction+1","Underhanded Strike+1","Acrobatics","Underhanded Strike","Dagger Throw","Caltrops","Dagger Throw"],"relics":["HoveringKite","MealTicket","Whetstone","Smiling Mask","Pen Nib","Bird Faced Urn"],"acts_visited":["Exordium"],"potions_floor_usage":[16],"damage_taken":[{"damage":0.0,"enemies":"Small Slimes","floor":1.0,"turns":3.0},{"damage":1.0,"enemies":"Cultist","floor":3.0,"turns":5.0},{"damage":39.0,"enemies":"3 Sentries","floor":6.0,"turns":15.0},{"damage":2.0,"enemies":"2 Louse","floor":8.0,"turns":2.0},{"damage":3.0,"enemies":"Blue Slaver","floor":10.0,"turns":4.0},{"damage":10.0,"enemies":"2 Fungi Beasts","floor":11.0,"turns":5.0},{"damage":16.0,"enemies":"Lagavulin","floor":13.0,"turns":6.0},{"damage":5.0,"enemies":"Lots of Slimes","floor":14.0,"turns":3.0},{"damage":44,"enemies":"Slime Boss","floor":16,"turns":11}],"seed_played":"2710111246400351231","potions_obtained":[{"floor":1.0,"key":"Block Potion"},{"floor":8.0,"key":"AttackPotion"},{"floor":10.0,"key":"Strength Potion"},{"floor":14.0,"key":"CunningPotion"}],"is_trial":false,"path_per_floor":["M","?","M","?","?","E","R","M","T","M","M","$","E","M","R","B"],"character_chosen":"THE_SILENT","items_purchased":["Pen Nib","Caltrops"],"campfire_rested":2,"item_purchase_floors":[12,12],"current_hp_per_floor":[63,63,62,50,50,11,32,30,30,27,17,32,16,13,34,0,0],"gold":45,"neow_bonus":"BOSS_RELIC","is_daily":false,"chose_seed":false,"campfire_upgraded":0,"win_rate":0.0,"timestamp":1613619839,"path_taken":["M","?","?","?","?","E","R","M","T","M","M","$","E","M","R","BOSS"],"items_purchased_type":["Relic","Card"],"build_version":"2020-12-22","purchased_purges":1,"victory":false,"max_hp_per_floor":[70,70,70,70,70,70,70,70,70,70,70,70,70,70,70,70,70],"card_choices":[{"not_picked":["PiercingWail","Slice"],"picked":"Distraction","floor":1.0},{"not_picked":["Infinite Blades","Backstab"],"picked":"Underhanded Strike","floor":3.0},{"not_picked":["Dash","Slice"],"picked":"Acrobatics","floor":6.0},{"not_picked":["Concentrate","Infinite Blades"],"picked":"Underhanded Strike","floor":8.0},{"not_picked":["Dagger Spray","Bane","Dodge and Roll"],"picked":"SKIP","floor":10.0},{"not_picked":["Terror","Phantasmal Killer"],"picked":"Dagger Throw","floor":11.0},{"not_picked":["Endless Agony","Choke"],"picked":"Dagger Throw","floor":13.0},{"not_picked":["Flying Knee","Quick Slash","Dagger Spray"],"picked":"SKIP","floor":14.0}],"player_experience":1111049,"relics_obtained":[{"floor":6.0,"key":"Whetstone"},{"floor":9.0,"key":"Smiling Mask"},{"floor":13.0,"key":"Bird Faced Urn"}],"event_choices":[{"damage_healed":0.0,"max_hp_gain":0.0,"max_hp_loss":0.0,"gold_gain":0.0,"event_name":"Accursed Blacksmith","player_choice":"Forge","floor":2.0,"gold_loss":0.0,"damage_taken":0.0,"cards_upgraded":["Distraction"]},{"damage_healed":0.0,"max_hp_gain":0.0,"max_hp_loss":0.0,"gold_gain":0.0,"event_name":"Scrap Ooze","player_choice":"Success","floor":4.0,"gold_loss":0.0,"damage_taken":12.0,"relics_obtained":["MealTicket"]},{"damage_healed":0.0,"max_hp_gain":0.0,"max_hp_loss":0.0,"gold_gain":0.0,"event_name":"Living Wall","player_choice":"Grow","floor":5.0,"gold_loss":0.0,"damage_taken":0.0,"cards_upgraded":["Survivor"]}],"is_beta":false,"boss_relics":[],"items_purged_floors":[12],"is_endless":false,"potions_floor_spawned":[1,8,10,14],"killed_by":"Slime Boss","ascension_level":11}}