{"host":"HostiL","time":1613682689,"event":{"mods":["BaseMod","Bestiary","Colored Powertips","Highlight Path","Minty Spire (QoL Compilation)","Relic Stats","Slay the Relics Exporter"],"gold_per_floor":[110,110,125,200,218,218,65,94,94,94,110,126,126,141,141,241,241,259,176,195,208,208,243,243,272,272,283,293,293,293],"floor_reached":29,"language":"FRA","playtime":1834,"items_purged":["Defend_P"],"score":317,"play_id":"e4ad1111-7980-4867-9bc7-efd8fffd31f1","local_time":"20210218221129","is_ascension_mode":true,"campfire_choices":[{"data":"CrushJoints","floor":6.0,"key":"SMITH"},{"data":"LessonLearned","floor":10.0,"key":"SMITH"},{"data":"Perseverance","floor":15.0,"key":"SMITH"},{"floor":24.0,"key":"REST"}],"circlet_count":0,"master_deck":["Strike_P+1","Strike_P","Strike_P","Defend_P+1","Defend_P+1","Defend_P+1","Eruption+1","Vigilance+1","FollowUp+1","CrushJoints+1","FearNoEvil+1","LessonLearned+1","Perseverance+1","WindmillStrike","Prostrate+1","Swivel+1","Crescendo+1","Alpha+1","SignatureMove","PathToVictory"],"relics":["Busted Crown","Sundial","Pantograph","SlaversCollar","Boot","Ice Cream","Shovel"],"acts_visited":["Exordium","TheCity"],"potions_floor_usage":[29],"damage_taken":[{"damage":0.0,"enemies":"2 Louse","floor":1.0,"turns":2.0},{"damage":3.0,"enemies":"Jaw Worm","floor":3.0,"turns":3.0},{"damage":0.0,"enemies":"Cultist","floor":5.0,"turns":2.0},{"damage":14.0,"enemies":"Gremlin Nob","floor":8.0,"turns":3.0},{"damage":0.0,"enemies":"Gremlin Gang","floor":11.0,"turns":5.0},{"damage":0.0,"enemies":"2 Fungi Beasts","floor":12.0,"turns":2.0},{"damage":0.0,"enemies":"Lagavulin","floor":13.0,"turns":4.0},{"damage":0.0,"enemies":"Blue Slaver","floor":14.0,"turns":3.0},{"damage":21.0,"enemies":"The Guardian","floor":16.0,"turns":12.0},{"damage":0.0,"enemies":"3 Byrds","floor":18.0,"turns":3.0},{"damage":14.0,"enemies":"Spheric Guardian","floor":20.0,"turns":6.0},{"damage":21.0,"enemies":"Shelled Parasite and Fungi","floor":21.0,"turns":8.0},{"damage":38.0,"enemies":"Slavers","floor":23.0,"turns":10.0},{"damage":5.0,"enemies":"Book of Stabbing","floor":25.0,"turns":4.0},{"damage":4.0,"enemies":"Snecko","floor":27.0,"turns":6.0},{"damage":26.0,"enemies":"Cultist and Chosen","floor":28.0,"turns":6.0},{"damage":14,"enemies":"Sentry and Sphere","floor":29,"turns":5}],"seed_played":"-4522660433036125442","potions_obtained":[{"floor":5.0,"key":"Regen Potion"},{"floor":11.0,"key":"ColorlessPotion"},{"floor":12.0,"key":"LiquidBronze"},{"floor":21.0,"key":"FearPotion"},{"floor":27.0,"key":"FearPotion"},{"floor":28.0,"key":"BlessingOfTheForge"}],"is_trial":false,"path_per_floor":["M","?","M","?","M","R","$","E","T","R","M","M","E","M","R","B",null,"M","$","M","M","?","E","R","E","T","M","M","M"],"character_chosen":"WATCHER","items_purchased":["LessonLearned","WindmillStrike","Explosive Potion"],"campfire_rested":1,"item_purchase_floors":[7,19,19],"current_hp_per_floor":[72,65,62,51,51,51,51,37,37,37,37,37,46,46,46,50,72,72,72,58,37,61,23,44,39,39,35,9,0,0],"gold":293,"neow_bonus":"BOSS_RELIC","is_daily":false,"chose_seed":false,"campfire_upgraded":3,"win_rate":0.0,"timestamp":1613682689,"path_taken":["M","?","M","?","M","R","?","E","T","R","M","?","E","M","R","BOSS","M","$","M","?","?","E","R","E","T","M","M","M"],"items_purchased_type":["Card","Card","Potion"],"build_version":"2020-12-18","purchased_purges":1,"victory":false,"max_hp_per_floor":[72,72,72,72,72,72,72,72,72,72,72,72,72,72,72,72,72,72,72,72,72,72,72,72,72,72,72,72,72,72],"relic_stats":{"Busted Crown":32,"Shovel":0,"counters":[17,84],"Sundial":[12],"Pantograph":25,"Boot":[0],"obtain_stats":[{"Ice Cream":25,"SlaversCollar":17,"Busted Crown":0,"Shovel":26,"Sundial":8,"Pantograph":9,"PureWater":0,"Boot":23},{"Ice Cream":14,"SlaversCollar":9,"Busted Crown":0,"Shovel":14,"Sundial":4,"Pantograph":4,"PureWater":0,"Boot":13},{"Ice Cream":67,"SlaversCollar":36,"Busted Crown":0,"Shovel":67,"Sundial":10,"Pantograph":10,"PureWater":0,"Boot":63}]},"card_choices":[{"not_picked":[],"picked":"FollowUp","floor":1.0},{"not_picked":[],"picked":"CrushJoints","floor":3.0},{"not_picked":[],"picked":"FearNoEvil","floor":5.0},{"not_picked":[],"picked":"Perseverance","floor":8.0},{"not_picked":["SashWhip"],"picked":"SKIP","floor":11.0},{"not_picked":["Evaluate"],"picked":"SKIP","floor":12.0},{"not_picked":["EmptyMind"],"picked":"SKIP","floor":13.0},{"not_picked":["SashWhip"],"picked":"SKIP","floor":14.0},{"not_picked":["CrushJoints"],"picked":"SKIP","floor":18.0},{"not_picked":[],"picked":"Prostrate+1","floor":20.0},{"not_picked":[],"picked":"Swivel","floor":21.0},{"not_picked":[],"picked":"Crescendo+1","floor":23.0},{"not_picked":[],"picked":"Alpha","floor":25.0},{"not_picked":[],"picked":"SignatureMove","floor":27.0},{"not_picked":[],"picked":"PathToVictory","floor":28.0}],"player_experience":645635,"relics_obtained":[{"floor":8.0,"key":"Sundial"},{"floor":9.0,"key":"Pantograph"},{"floor":23.0,"key":"Boot"},{"floor":25.0,"key":"Ice Cream"},{"floor":26.0,"key":"Shovel"}],"event_choices":[{"cards_removed":["Strike_P"],"damage_healed":0.0,"max_hp_gain":0.0,"max_hp_loss":0.0,"gold_gain":0.0,"event_name":"Golden Wing","player_choice":"Card Removal","floor":2.0,"gold_loss":0.0,"damage_taken":7.0},{"damage_healed":0.0,"max_hp_gain":0.0,"max_hp_loss":0.0,"gold_gain":75.0,"event_name":"World of Goop","player_choice":"Gather Gold","floor":4.0,"gold_loss":0.0,"damage_taken":11.0},{"damage_healed":24.0,"max_hp_gain":0.0,"max_hp_loss":0.0,"gold_gain":0.0,"event_name":"The Library","player_choice":"Heal","floor":22.0,"gold_loss":0.0,"damage_taken":0.0}],"is_beta":true,"boss_relics":[{"not_picked":["Ectoplasm","Philosopher\u0027s Stone"],"picked":"SlaversCollar"}],"items_purged_floors":[7],"is_endless":false,"potions_floor_spawned":[5,11,12,13,21,27,28],"killed_by":"Sentry and Sphere","ascension_level":1}}