{"host":"g2yp6paluzgljz05","time":1613643843,"event":{"mods":["BaseMod","Bestiary","Colored Powertips","DeckTracker","Highlight Path","Minty Spire (QoL Compilation)","Quick Restart"],"gold_per_floor":[360,360,376,301,72,106,106,120,120,155,155,155,165,135,135,135,135],"floor_reached":16,"language":"ENG","playtime":793,"items_purged":["Strike_R","Strike_R"],"score":173,"play_id":"ea2128de-20a5-4b4a-ad28-17c4351ac108","local_time":"20210218212403","is_ascension_mode":true,"campfire_choices":[{"floor":7,"key":"REST"},{"floor":12,"key":"REST"},{"floor":15,"key":"REST"}],"circlet_count":0,"master_deck":["AscendersBane","Strike_R","Strike_R","Defend_R","Defend_R","Defend_R","Defend_R","Bash","Havoc","Fire Breathing","Fire Breathing","Flash of Steel","Fire Breathing","Rupture+1"],"relics":["Burning Blood","CaptainsWheel","Frozen Egg 2","Singing Bowl"],"acts_visited":["Exordium"],"potions_floor_usage":[6],"damage_taken":[{"damage":11,"enemies":"Cultist","floor":1,"turns":4},{"damage":12,"enemies":"Jaw Worm","floor":3,"turns":3},{"damage":35,"enemies":"Lagavulin","floor":6,"turns":6},{"damage":12,"enemies":"Small Slimes","floor":8,"turns":5},{"damage":25,"enemies":"3 Sentries","floor":10,"turns":5},{"damage":27,"enemies":"Red Slaver","floor":13,"turns":6},{"damage":12,"enemies":"Looter","floor":14,"turns":4},{"damage":42,"enemies":"Hexaghost","floor":16,"turns":9}],"seed_played":"6486889075830870186","potions_obtained":[{"floor":1,"key":"SkillPotion"},{"floor":13,"key":"FearPotion"}],"is_trial":false,"path_per_floor":["M","?","M","$","$","E","R","M","T","E","?","R","M","M","R","B"],"character_chosen":"IRONCLAD","items_purchased":["Fire Breathing","Flash of Steel"],"campfire_rested":3,"item_purchase_floors":[5,5],"current_hp_per_floor":[46,46,40,40,40,11,35,29,29,12,12,36,17,13,38,0,0],"gold":135,"neow_bonus":"TWO_FIFTY_GOLD","is_daily":false,"chose_seed":false,"campfire_upgraded":0,"win_rate":0.0,"timestamp":1613643843,"path_taken":["M","?","?","?","$","E","R","M","T","E","?","R","?","M","R","BOSS"],"items_purchased_type":["Card","Card"],"build_version":"2020-12-22","purchased_purges":2,"victory":false,"max_hp_per_floor":[80,80,80,80,80,80,80,80,80,82,82,82,84,86,86,86,86],"card_choices":[{"not_picked":["Warcry","Clothesline"],"picked":"Havoc","floor":1},{"not_picked":["Clothesline","True Grit"],"picked":"Fire Breathing","floor":3},{"not_picked":["Clash","Burning Pact","Heavy Blade"],"picked":"SKIP","floor":6},{"not_picked":["Body Slam","Infernal Blade"],"picked":"Fire Breathing","floor":8},{"not_picked":["Dark Embrace+1","Armaments","Burning Pact"],"picked":"Singing Bowl","floor":10},{"not_picked":["Seeing Red","Perfected Strike","Bludgeon"],"picked":"Singing Bowl","floor":13},{"not_picked":["Shrug It Off","Disarm","Heavy Blade"],"picked":"Singing Bowl","floor":14}],"player_experience":388318,"relics_obtained":[{"floor":6,"key":"CaptainsWheel"},{"floor":9,"key":"Frozen Egg 2"},{"floor":10,"key":"Singing Bowl"}],"event_choices":[{"damage_healed":0,"gold_gain":0,"player_choice":"Bought 0 Potions","damage_taken":0,"max_hp_gain":0,"max_hp_loss":0,"event_name":"The Woman in Blue","floor":2,"gold_loss":0},{"damage_healed":0,"gold_gain":0,"cards_transformed":["Strike_R"],"player_choice":"Transformed","damage_taken":0,"max_hp_gain":0,"max_hp_loss":0,"event_name":"Transmorgrifier","floor":11,"gold_loss":0,"cards_obtained":["Rupture"]}],"is_beta":false,"boss_relics":[],"items_purged_floors":[4,5],"is_endless":false,"potions_floor_spawned":[1,13],"killed_by":"Hexaghost","ascension_level":12}}