{"host":"zk2wr01vh49shv6l","time":1613664213,"event":{"mods":["BaseMod","Hermit","Minty Spire (QoL Compilation)","Replay The Spire","StSLib","The Bug Knight"],"gold_per_floor":[117,117,117,141,157,157,18,57,139,139,157,181,196,210,210,329,329,348,348,348,348,288,323,339,339,339,352,352,372,372,395,395,524,624,647,260,284,284,1283,1283,1283,1283,1283,1301,1316,1316,1316,1341,1341,1341,1341],"floor_reached":50,"language":"PTB","playtime":3554,"items_purged":[],"score":845,"play_id":"16651d39-6338-4382-b648-a56f9eec6732","local_time":"20210218140333","is_ascension_mode":true,"campfire_choices":[{"floor":6,"key":"REST"},{"floor":15,"key":"REST"},{"floor":25,"key":"REST"},{"floor":30,"key":"REST"},{"floor":32,"key":"REST"},{"floor":40,"key":"REST"},{"floor":42,"key":"REST"},{"floor":47,"key":"REST"}],"circlet_count":0,"master_deck":["Strike_G","Strike_G","Strike_G+1","Strike_G","Strike_G","Defend_G","Defend_G+1","Defend_G","Defend_G","Defend_G","Survivor","Neutralize","Deadly Poison+1","Injury","Deflect","All Out Attack","Envenom+1","Finisher","Bane","Slice","Deadly Poison+1","Dagger Spray","Catalyst","Venomology","CurseOfTheBell","Pot Of Greed","Pot Of Greed","Pot Of Greed","Deadly Poison+1","Underhanded Strike","All Out Attack+1","Dodge and Roll","Leg Sweep+1","Noxious Fumes","Blade Dance+1","Slice","Poisoned Stab","ReplayTheSpireMod:Necrosis","Hidden Blade+1","Pot Of Greed","Bouncing Flask","Noxious Fumes","Dagger Throw","Crippling Poison+1","Discovery","ReplayTheSpireMod:Private Reserves","Secret Technique","Normality","Normality","Hidden Blade","Draining Mist","Catalyst+1","Pot Of Greed","Dagger Spray","Bane+1","Deadly Poison","Poisoned Stab"],"relics":["Ring of the Snake","NeowsBlessing","Golden Idol","Dream Catcher","Pet Ghost","Replay:Bottled Snecko","Calling Bell","Grinning Jar","HornCleat","Lizard Tail","Ring of Fury","MutagenicStrength","The Specimen","Ninja Scroll","Quantum Egg","Replay:Wanted Poster","Bronze Scales","Blue Candle"],"acts_visited":["Exordium","TheCity","TheBeyond"],"potions_floor_usage":[12,14,23,24,29,31,33,33,37,37,45,45,50],"damage_taken":[{"damage":0,"enemies":"Small Slimes","floor":1,"turns":1},{"damage":0,"enemies":"Jaw Worm","floor":5,"turns":1},{"damage":0,"enemies":"Gremlin Nob","floor":8,"turns":1},{"damage":4,"enemies":"Cultist","floor":11,"turns":3},{"damage":10,"enemies":"Looter","floor":12,"turns":4},{"damage":13,"enemies":"Exordium Thugs","floor":13,"turns":4},{"damage":7,"enemies":"2 Fungi Beasts","floor":14,"turns":3},{"damage":39,"enemies":"Fading Forest","floor":16,"turns":11},{"damage":12,"enemies":"3 Byrds","floor":18,"turns":4},{"damage":69,"enemies":"Slavers","floor":23,"turns":8},{"damage":0,"enemies":"Chosen","floor":24,"turns":3},{"damage":8,"enemies":"Centurion and Healer","floor":27,"turns":5},{"damage":7,"enemies":"Chosen and Byrds","floor":29,"turns":5},{"damage":3,"enemies":"Cultist and Chosen","floor":31,"turns":3},{"damage":47,"enemies":"Pondfish","floor":33,"turns":11},{"damage":18,"enemies":"3 Shapes","floor":35,"turns":1},{"damage":15,"enemies":"3 Darklings","floor":37,"turns":5},{"damage":13,"enemies":"4 Shapes","floor":44,"turns":4},{"damage":7,"enemies":"Maw","floor":45,"turns":6},{"damage":7,"enemies":"Sphere and 2 Shapes","floor":48,"turns":3},{"damage":76,"enemies":"Time Eater","floor":50,"turns":8}],"seed_played":"-1291732938748628125","potions_obtained":[{"floor":5,"key":"ColorlessPotion"},{"floor":12,"key":"SteroidPotion"},{"floor":23,"key":"Strength Potion"},{"floor":27,"key":"ColorlessPotion"},{"floor":31,"key":"PowerPotion"},{"floor":35,"key":"ColorlessPotion"}],"is_trial":false,"path_per_floor":["M","?","?","T","M","R","$","E","T","?","M","M","M","M","R","B",null,"M","?","?","?","?","E","M","R","T","M","T","M","R","M","R","B",null,"M","$","M","?","?","R","?","R","T","M","M","?","R","M","R","B"],"character_chosen":"THE_SILENT","items_purchased":["Envenom","Bronze Scales","Bouncing Flask","Noxious Fumes","LifebloodPotion","Dagger Throw"],"campfire_rested":8,"item_purchase_floors":[7,36,36,36,36,36],"current_hp_per_floor":[70,56,56,56,56,70,70,70,70,70,66,56,43,36,57,28,70,58,58,70,70,70,1,1,22,22,14,14,7,28,25,46,35,70,52,52,37,27,27,48,48,69,69,56,49,49,70,63,70,0,0],"gold":1341,"neow_bonus":"THREE_ENEMY_KILL","is_daily":false,"chose_seed":false,"campfire_upgraded":0,"win_rate":0.0,"timestamp":1613664213,"path_taken":["M","?","?","?","?","R","?","E","T","?","M","?","M","M","R","BOSS","M","?","?","?","?","E","M","R","T","M","?","?","R","M","R","BOSS","M","$","M","?","?","R","?","R","T","M","?","?","R","M","R","BOSS"],"items_purchased_type":["Card","Relic","Card","Card","Potion","Card"],"build_version":"2020-12-22","purchased_purges":0,"victory":false,"max_hp_per_floor":[70,70,70,70,70,70,70,70,70,70,70,70,70,70,70,70,70,70,70,70,70,70,70,70,70,70,70,70,70,70,70,70,70,70,70,70,70,70,70,70,70,70,70,70,70,70,70,70,70,70,70],"card_choices":[{"not_picked":["Blade Dance","Bouncing Flask"],"picked":"Deadly Poison","floor":1},{"not_picked":["Footwork","Well Laid Plans"],"picked":"Deflect","floor":5},{"not_picked":["Cloak And Dagger","Hidden Blade"],"picked":"All Out Attack","floor":6},{"not_picked":["Blade Dance","Caltrops"],"picked":"Finisher","floor":8},{"not_picked":["Acrobatics","Predator"],"picked":"Bane","floor":11},{"not_picked":["Sucker Punch","Acrobatics"],"picked":"Slice","floor":12},{"not_picked":["PiercingWail","Calculated Gamble"],"picked":"Deadly Poison","floor":13},{"not_picked":["Acrobatics","Masterful Stab"],"picked":"Dagger Spray","floor":14},{"not_picked":["Underhanded Strike","Backflip"],"picked":"Catalyst","floor":15},{"not_picked":["Doppelganger","Die Die Die"],"picked":"Venomology","floor":16},{"not_picked":["Hidden Blade","Backflip"],"picked":"Deadly Poison+1","floor":18},{"not_picked":["A Thousand Cuts","Backflip"],"picked":"Underhanded Strike","floor":23},{"not_picked":["Blade Dance+1","Quick Slash"],"picked":"All Out Attack+1","floor":24},{"not_picked":["ReplayTheSpireMod:Scrap Shanks+1","Calculated Gamble+1"],"picked":"Dodge and Roll","floor":25},{"not_picked":["PiercingWail+1","Footwork"],"picked":"Leg Sweep+1","floor":27},{"not_picked":["Expertise","Backflip"],"picked":"Noxious Fumes","floor":29},{"not_picked":["Dagger Throw","Backflip"],"picked":"Blade Dance+1","floor":30},{"not_picked":["Heel Hook","Sucker Punch"],"picked":"Slice","floor":31},{"not_picked":["Storm of Steel","Outmaneuver"],"picked":"Poisoned Stab","floor":32},{"not_picked":["Doppelganger","Die Die Die"],"picked":"ReplayTheSpireMod:Necrosis","floor":33},{"not_picked":["Expertise","Flechettes+1"],"picked":"Hidden Blade+1","floor":35},{"not_picked":["Hidden Blade+1","Prepared+1"],"picked":"Crippling Poison+1","floor":37},{"not_picked":["ReplayTheSpireMod:Uncanny Aura","Bandage Up"],"picked":"Discovery","floor":38},{"not_picked":["Chrysalis","Enlightenment"],"picked":"ReplayTheSpireMod:Private Reserves","floor":38},{"not_picked":["ReplayTheSpireMod:Uncanny Aura","Sadistic Nature"],"picked":"Secret Technique","floor":38},{"not_picked":["Predator","Reflex+1"],"picked":"Hidden Blade","floor":40},{"not_picked":["Outmaneuver","Acrobatics"],"picked":"Draining Mist","floor":42},{"not_picked":["Cloak And Dagger+1","ReplayTheSpireMod:Speed Training"],"picked":"Catalyst+1","floor":44},{"not_picked":["Cloak And Dagger","Infinite Blades"],"picked":"Dagger Spray","floor":45},{"not_picked":["Sucker Punch+1","Prepared+1"],"picked":"Bane+1","floor":47},{"not_picked":["Blade Dance","Flying Knee"],"picked":"Deadly Poison","floor":48},{"not_picked":["Underhanded Strike","Hidden Blade"],"picked":"Poisoned Stab","floor":49}],"player_experience":211183,"relics_obtained":[{"floor":4,"key":"Dream Catcher"},{"floor":8,"key":"Pet Ghost"},{"floor":9,"key":"Replay:Bottled Snecko"},{"floor":17,"key":"Grinning Jar"},{"floor":17,"key":"HornCleat"},{"floor":17,"key":"Lizard Tail"},{"floor":19,"key":"Ring of Fury"},{"floor":23,"key":"The Specimen"},{"floor":26,"key":"Ninja Scroll"},{"floor":28,"key":"Quantum Egg"},{"floor":43,"key":"Blue Candle"}],"event_choices":[{"damage_healed":0,"gold_gain":0,"player_choice":"Entered Light","damage_taken":14,"max_hp_gain":0,"max_hp_loss":0,"event_name":"Shining Light","floor":2,"gold_loss":0,"cards_upgraded":["Strike_G","Defend_G"]},{"damage_healed":0,"gold_gain":0,"player_choice":"Take Wound","damage_taken":0,"relics_obtained":["Golden Idol"],"max_hp_gain":0,"max_hp_loss":0,"event_name":"Golden Idol","floor":3,"gold_loss":0,"cards_obtained":["Injury"]},{"damage_healed":0,"gold_gain":0,"player_choice":"Upgraded","damage_taken":0,"max_hp_gain":0,"max_hp_loss":0,"event_name":"Upgrade Shrine","floor":10,"gold_loss":0,"cards_upgraded":["Deadly Poison"]},{"damage_healed":23,"gold_gain":0,"player_choice":"Heal","damage_taken":0,"max_hp_gain":0,"max_hp_loss":0,"event_name":"The Library","floor":20,"gold_loss":0},{"damage_healed":0,"gold_gain":0,"player_choice":"Inject Mutagens","damage_taken":0,"relics_obtained":["MutagenicStrength"],"max_hp_gain":0,"max_hp_loss":0,"event_name":"Drug Dealer","floor":21,"gold_loss":0},{"damage_healed":0,"gold_gain":0,"player_choice":"Memory 3","damage_taken":10,"max_hp_gain":0,"max_hp_loss":0,"event_name":"SensoryStone","floor":38,"gold_loss":0},{"damage_healed":0,"gold_gain":999,"player_choice":"Gold","damage_taken":0,"max_hp_gain":0,"max_hp_loss":0,"event_name":"MindBloom","floor":39,"gold_loss":0,"cards_obtained":["Normality","Normality"]},{"damage_healed":0,"gold_gain":0,"player_choice":"Ignored","damage_taken":0,"max_hp_gain":0,"max_hp_loss":0,"event_name":"Mysterious Sphere","floor":41,"gold_loss":0},{"damage_healed":0,"gold_gain":0,"player_choice":"Upgraded","damage_taken":0,"max_hp_gain":0,"max_hp_loss":0,"event_name":"Upgrade Shrine","floor":46,"gold_loss":0,"cards_upgraded":["Envenom"]}],"is_beta":false,"boss_relics":[{"not_picked":["Honey Jar","Pandora\u0027s Box"],"picked":"Calling Bell"},{"not_picked":["ReplayTheSpireMod:DimensionalGlitch","Velvet Choker"],"picked":"Replay:Wanted Poster"}],"items_purged_floors":[],"is_endless":false,"potions_floor_spawned":[5,12,23,27,31,35],"killed_by":"Time Eater","ascension_level":1}}