{"host":"suw5tyb7z6zbnnfs","time":1613689680,"event":{"mods":["AchievementEnabler","BaseMod","Colored Map","Minty Spire (QoL Compilation)"],"gold_per_floor":[109,128,78,93,168,168,17,17,17,17,37,37,54,71,71,168,168,184,184],"floor_reached":18,"language":"ENG","playtime":3994,"items_purged":[],"score":231,"play_id":"c0190071-8ca5-40a5-9646-b852de102bb0","local_time":"20210218180800","is_ascension_mode":true,"campfire_choices":[{"data":"Neutralize","floor":6,"key":"SMITH"},{"data":"Sucker Punch","floor":8,"key":"SMITH"},{"floor":10,"key":"REST"},{"data":"Cloak And Dagger","floor":12,"key":"SMITH"},{"data":"Footwork","floor":15,"key":"SMITH"}],"circlet_count":0,"master_deck":["AscendersBane","Survivor","Neutralize+1","Quick Slash","PiercingWail","Sucker Punch+1","Cloak And Dagger+1","Footwork+1","Venomology","Phantasmal Killer","Blur","Caltrops","Well Laid Plans","Night Terror","Setup","Catalyst","Heel Hook","Dagger Throw"],"relics":["Ring of the Snake","Strange Spoon","InkBottle","Pandora\u0027s Box"],"acts_visited":["Exordium","TheCity"],"potions_floor_usage":[16,16,18],"damage_taken":[{"damage":18.0,"enemies":"Jaw Worm","floor":1.0,"turns":7.0},{"damage":1,"enemies":"2 Louse","floor":2,"turns":3},{"damage":4,"enemies":"Cultist","floor":4,"turns":6},{"damage":0,"enemies":"2 Fungi Beasts","floor":11,"turns":5},{"damage":1,"enemies":"3 Louse","floor":13,"turns":3},{"damage":5,"enemies":"Large Slime","floor":14,"turns":6},{"damage":3,"enemies":"The Guardian","floor":16,"turns":20},{"damage":17,"enemies":"Chosen","floor":18,"turns":5}],"seed_played":"-3331063381501378101","potions_obtained":[{"floor":2,"key":"Regen Potion"},{"floor":13,"key":"PowerPotion"},{"floor":14,"key":"Block Potion"},{"floor":16,"key":"Dexterity Potion"},{"floor":18,"key":"DuplicationPotion"}],"is_trial":false,"path_per_floor":["M","M","?","M","?","R","$","R","T","R","M","R","M","M","R","B",null,"M"],"character_chosen":"THE_SILENT","items_purchased":["Strange Spoon"],"campfire_rested":1,"item_purchase_floors":[7],"current_hp_per_floor":[52,51,51,47,36,36,36,36,36,59,59,59,58,53,53,50,70,53,53],"gold":184,"neow_bonus":"TEN_PERCENT_HP_BONUS","is_daily":false,"chose_seed":false,"campfire_upgraded":4,"win_rate":0.0,"timestamp":1613689680,"path_taken":["M","M","?","M","?","R","$","R","T","R","M","R","?","M","R","BOSS","M"],"items_purchased_type":["Relic"],"build_version":"2020-12-22","purchased_purges":0,"victory":false,"max_hp_per_floor":[77,77,77,77,77,77,77,77,77,77,77,77,77,77,77,77,77,77,77],"card_choices":[{"not_picked":["Poisoned Stab","Slice"],"picked":"Quick Slash","floor":1},{"not_picked":["Quick Slash","Deflect"],"picked":"PiercingWail","floor":2},{"not_picked":["Backflip","Deflect"],"picked":"Sucker Punch","floor":4},{"not_picked":["Dagger Throw","Backflip"],"picked":"Cloak And Dagger","floor":11},{"not_picked":["Deflect","Underhanded Strike","Prepared"],"picked":"SKIP","floor":13},{"not_picked":["PiercingWail","Catalyst"],"picked":"Footwork","floor":14},{"not_picked":["Phantasmal Killer","Burst"],"picked":"Venomology","floor":16}],"player_experience":943150,"relics_obtained":[{"floor":9,"key":"InkBottle"}],"event_choices":[{"cards_removed":["Strike_G"],"damage_healed":0,"gold_gain":0,"player_choice":"Card Removal","damage_taken":0,"max_hp_gain":0,"max_hp_loss":0,"event_name":"The Cleric","floor":3,"gold_loss":50},{"damage_healed":0,"gold_gain":75,"player_choice":"Gather Gold","damage_taken":11,"max_hp_gain":0,"max_hp_loss":0,"event_name":"World of Goop","floor":5,"gold_loss":0}],"is_beta":false,"boss_relics":[{"not_picked":["HoveringKite","Fusion Hammer"],"picked":"Pandora\u0027s Box"}],"items_purged_floors":[],"is_endless":false,"potions_floor_spawned":[2,13,14,16,18],"killed_by":"Chosen","ascension_level":10}}