{"host":"js2su9tbbk4rmjfl","time":1613675964,"event":{"mods":["AchievementEnabler","BaseMod","Block Reminder","Colored Map","Colored Powertips","Highlight Path","Minty Spire (QoL Compilation)","Relic Stats"],"gold_per_floor":[114,114,129,141,157,157,189,189,189,189,201,33,33,62,62,140,140,158,158,158,83,95,95,95,95],"floor_reached":24,"language":"ENG","playtime":1380,"items_purged":[],"score":388,"play_id":"92b08a3c-4480-4e7e-9521-2eb1439ea909","local_time":"20210218201924","is_ascension_mode":true,"campfire_choices":[{"data":"Searing Blow","floor":6,"key":"SMITH"},{"data":"Searing Blow+1","floor":10,"key":"SMITH"},{"data":"Searing Blow+2","floor":13,"key":"SMITH"},{"data":"Searing Blow+3","floor":15,"key":"SMITH"},{"data":"Barricade","floor":23,"key":"SMITH"}],"circlet_count":0,"master_deck":["AscendersBane","Strike_R","Strike_R","Defend_R","Defend_R","Defend_R","Defend_R","Bash","Feed","Flame Barrier","Flame Barrier","Headbutt","Searing Blow+4","Evolve","Juggernaut","Barricade+1","Seeing Red","Rage","Heavy Blade","Pommel Strike+1"],"relics":["Burning Blood","Smiling Mask","Bag of Preparation","Medical Kit","Ornamental Fan","Mark of Pain","White Beast Statue"],"acts_visited":["Exordium","TheCity"],"potions_floor_usage":[7,7,14,16,18,24,24],"damage_taken":[{"damage":9,"enemies":"Small Slimes","floor":1,"turns":4},{"damage":2,"enemies":"Jaw Worm","floor":3,"turns":6},{"damage":10,"enemies":"Cultist","floor":4,"turns":6},{"damage":9,"enemies":"Red Slaver","floor":5,"turns":7},{"damage":32,"enemies":"Gremlin Nob","floor":7,"turns":4},{"damage":0,"enemies":"Exordium Wildlife","floor":11,"turns":4},{"damage":23,"enemies":"3 Sentries","floor":14,"turns":7},{"damage":57,"enemies":"Hexaghost","floor":16,"turns":16},{"damage":32,"enemies":"3 Byrds","floor":18,"turns":4},{"damage":25,"enemies":"Shell Parasite","floor":22,"turns":5},{"damage":29,"enemies":"Snecko","floor":24,"turns":5}],"seed_played":"6010824303814763731","potions_obtained":[{"floor":3,"key":"Explosive Potion"},{"floor":5,"key":"Dexterity Potion"},{"floor":8,"key":"SpeedPotion"},{"floor":8,"key":"Regen Potion"},{"floor":14,"key":"Explosive Potion"},{"floor":16,"key":"GamblersBrew"},{"floor":22,"key":"Block Potion"}],"is_trial":false,"path_per_floor":["M","?","M","M","M","R","E","?","T","R","M","$","R","E","R","B",null,"M","?","T","?","M","R","M"],"character_chosen":"IRONCLAD","items_purchased":["Medical Kit"],"campfire_rested":0,"item_purchase_floors":[12],"current_hp_per_floor":[68,73,79,75,75,75,49,49,49,49,58,58,58,59,59,8,68,42,42,42,42,23,23,0,0],"gold":95,"neow_bonus":"THREE_RARE_CARDS","is_daily":false,"chose_seed":false,"campfire_upgraded":5,"win_rate":0.0,"timestamp":1613675964,"path_taken":["M","?","M","M","M","R","E","?","T","R","?","$","R","E","R","BOSS","M","?","?","?","M","R","M"],"items_purchased_type":["Relic"],"build_version":"2020-12-22","purchased_purges":0,"victory":false,"max_hp_per_floor":[71,76,79,79,82,82,82,82,82,82,85,85,85,88,88,88,88,88,88,88,88,88,88,88,88],"relic_stats":{"counters":[11,68],"Ornamental Fan":[8],"Bag of Preparation":[12],"Smiling Mask":0,"Medical Kit":[23],"obtain_stats":[{"Ornamental Fan":14,"Mark of Pain":17,"Bag of Preparation":9,"Smiling Mask":7,"Medical Kit":12,"Burning Blood":0,"White Beast Statue":20},{"Ornamental Fan":7,"Mark of Pain":8,"Bag of Preparation":5,"Smiling Mask":5,"Medical Kit":6,"Burning Blood":0,"White Beast Statue":9},{"Ornamental Fan":38,"Mark of Pain":54,"Bag of Preparation":27,"Smiling Mask":27,"Medical Kit":31,"Burning Blood":0,"White Beast Statue":58}],"Burning Blood":59},"card_choices":[{"not_picked":["Limit Break","Brutality"],"picked":"Feed","floor":0},{"not_picked":["Pommel Strike","Anger"],"picked":"Flame Barrier","floor":1},{"not_picked":["Wild Strike","Shrug It Off"],"picked":"Flame Barrier","floor":3},{"not_picked":["Wild Strike","Clothesline"],"picked":"Headbutt","floor":4},{"not_picked":["Shockwave","Cleave"],"picked":"Searing Blow","floor":5},{"not_picked":["Rupture","Sentinel"],"picked":"Evolve","floor":7},{"not_picked":["Rampage","Sword Boomerang"],"picked":"Juggernaut","floor":11},{"not_picked":["Perfected Strike","Entrench","Clash"],"picked":"SKIP","floor":14},{"not_picked":["Exhume","Corruption"],"picked":"Barricade","floor":16},{"not_picked":["Anger","Clash"],"picked":"Seeing Red","floor":18},{"not_picked":["Body Slam","Sentinel+1"],"picked":"Pommel Strike+1","floor":22}],"player_experience":836345,"relics_obtained":[{"floor":7,"key":"Smiling Mask"},{"floor":9,"key":"Bag of Preparation"},{"floor":14,"key":"Ornamental Fan"},{"floor":20,"key":"White Beast Statue"}],"event_choices":[{"damage_healed":0,"gold_gain":0,"player_choice":"Donut","damage_taken":0,"max_hp_gain":5,"max_hp_loss":0,"event_name":"Big Fish","floor":2,"gold_loss":0},{"damage_healed":0,"gold_gain":0,"player_choice":"Got Potions","damage_taken":0,"max_hp_gain":0,"max_hp_loss":0,"event_name":"Lab","floor":8,"gold_loss":0},{"damage_healed":0,"gold_gain":0,"cards_transformed":["Strike_R","Strike_R"],"player_choice":"Became Test Subject","damage_taken":0,"max_hp_gain":0,"max_hp_loss":0,"event_name":"Drug Dealer","floor":19,"gold_loss":0,"cards_obtained":["Rage","Heavy Blade"]},{"cards_removed":["Strike_R"],"damage_healed":0,"gold_gain":0,"player_choice":"Gave Gold","damage_taken":0,"max_hp_gain":0,"max_hp_loss":0,"event_name":"Beggar","floor":21,"gold_loss":75}],"is_beta":false,"boss_relics":[{"not_picked":["Fusion Hammer","Tiny House"],"picked":"Mark of Pain"}],"items_purged_floors":[],"is_endless":false,"potions_floor_spawned":[3,5,11,14,16,22],"killed_by":"Snecko","ascension_level":18}}