{"host":"tf5skwcwe0vlu2md","time":1613658338,"event":{"mods":["BaseMod","Downfall","Highlight Path","Minty Spire (QoL Compilation)","Quick Restart","StSLib","The Hierophant"],"gold_per_floor":[109,109,119,135,135,161,161,177,177,177,177],"floor_reached":10,"playtime":371,"items_purged":[],"score":78,"play_id":"d0692725-8631-4c34-b14a-acc7c449bc3a","local_time":"20210219012538","is_ascension_mode":true,"campfire_choices":[{"data":"Genetic Algorithm","floor":7,"key":"SMITH"}],"circlet_count":0,"master_deck":["Strike_B","Strike_B","Strike_B","Strike_B","Defend_B","Defend_B","Defend_B","Defend_B","Zap","Dualcast+1","Genetic Algorithm+1","Ball Lightning","Go for the Eyes"],"relics":["Cracked Core","Unceasing Top"],"acts_visited":["Exordium"],"potions_floor_usage":[6,10,10],"damage_taken":[{"damage":10,"enemies":"Small Slimes","floor":1,"turns":3},{"damage":1,"enemies":"Cultist","floor":3,"turns":3},{"damage":2,"enemies":"Jaw Worm","floor":4,"turns":3},{"damage":25,"enemies":"Gremlin Nob","floor":6,"turns":4},{"damage":3,"enemies":"Blue Slaver","floor":8,"turns":3},{"damage":42,"enemies":"3 Sentries","floor":10,"turns":9}],"seed_played":"-1083132455294636923","potions_obtained":[{"floor":1,"key":"hexamod:EctoCoolerPotion"},{"floor":6,"key":"Weak Potion"},{"floor":8,"key":"hexamod:EctoCoolerPotion"}],"is_trial":false,"path_per_floor":["M","?","M","M","$","E","R","M","T","E"],"character_chosen":"DEFECT","items_purchased":[],"campfire_rested":0,"item_purchase_floors":[],"current_hp_per_floor":[72,72,71,69,69,44,44,41,41,0,0],"gold":177,"neow_bonus":"TEN_PERCENT_HP_BONUS","is_daily":false,"chose_seed":false,"campfire_upgraded":1,"win_rate":0.0,"timestamp":1613658338,"path_taken":["M","?","M","?","$","E","R","M","T","E"],"items_purchased_type":[],"build_version":"2020-12-13","purchased_purges":0,"victory":false,"max_hp_per_floor":[82,82,82,82,82,82,82,82,82,82,82],"card_choices":[{"not_picked":["Skim","Ball Lightning"],"picked":"Genetic Algorithm","floor":1},{"not_picked":["Turbo","Stack","Cold Snap"],"picked":"SKIP","floor":3},{"not_picked":["Hello World","Recycle"],"picked":"Ball Lightning","floor":4},{"not_picked":["Meteor Strike","Heatsinks"],"picked":"Go for the Eyes","floor":6},{"not_picked":["Sweeping Beam","Stack","Hologram"],"picked":"SKIP","floor":8}],"player_experience":276689,"relics_obtained":[{"floor":6,"key":"Unceasing Top"}],"event_choices":[{"damage_healed":0,"gold_gain":0,"player_choice":"Forge","damage_taken":0,"max_hp_gain":0,"max_hp_loss":0,"event_name":"Accursed Blacksmith","floor":2,"gold_loss":0,"cards_upgraded":["Dualcast"]}],"is_beta":false,"boss_relics":[],"items_purged_floors":[],"is_endless":false,"potions_floor_spawned":[1,6,8],"killed_by":"3 Sentries","ascension_level":3}}