{"host":"a7js9z8d6aod1ovy","time":1613626591,"event":{"mods":["AchievementEnabler","BaseMod","Googly Eyes","GungeonMod","Hermit","Minty Spire (QoL Compilation)","Rare Cards Sparkle","StSLib","SuperFastMode","The Poker Player"],"gold_per_floor":[112,126,126,5,21,51,51,14,14,14,14,41,52,65,65,65,65],"floor_reached":16,"language":"KOR","playtime":673,"items_purged":["DemoMod:Defend_Huntress"],"score":102,"play_id":"b1cd3c68-2437-4583-805d-8f72b575a8f7","local_time":"20210218143631","is_ascension_mode":false,"campfire_choices":[{"data":"DemoMod:SAA","floor":7,"key":"SMITH"},{"data":"DemoMod:EasyReloadBullets","floor":10,"key":"SMITH"},{"floor":15,"key":"REST"}],"circlet_count":0,"master_deck":["DemoMod:Strike_Huntress","DemoMod:Strike_Huntress","DemoMod:Strike_Huntress","DemoMod:Defend_Huntress+1","DemoMod:Defend_Huntress+1","DemoMod:Defend_Huntress","DemoMod:Roll","DemoMod:ManualReload","DemoMod:RustySidearm","DemoMod:CrossBow","DemoMod:Unmoved","DemoMod:DoubleSwitch","DemoMod:SAA+1","DemoMod:Unity+1","DemoMod:EasyReloadBullets+1","DemoMod:ProbeStrike","DemoMod:MachoBrace","DemoMod:HungryBullets"],"relics":["DemoMod:Dog","NeowsBlessing","War Paint","Sundial","DemoMod:CrisisStone"],"acts_visited":["Exordium"],"potions_floor_usage":[16,16,16],"damage_taken":[{"damage":0,"enemies":"Small Slimes","floor":1,"turns":1},{"damage":0,"enemies":"Cultist","floor":2,"turns":1},{"damage":0,"enemies":"2 Louse","floor":5,"turns":1},{"damage":34,"enemies":"3 Sentries","floor":6,"turns":11},{"damage":9,"enemies":"Exordium Thugs","floor":12,"turns":5},{"damage":1,"enemies":"Exordium Wildlife","floor":13,"turns":4},{"damage":12,"enemies":"2 Fungi Beasts","floor":14,"turns":3},{"damage":48,"enemies":"Slime Boss","floor":16,"turns":6}],"seed_played":"-481658757879968653","potions_obtained":[{"floor":1,"key":"SkillPotion"},{"floor":6,"key":"PowerPotion"},{"floor":14,"key":"Explosive Potion"}],"is_trial":false,"path_per_floor":["M","M","?","$","M","E","R","$","T","R","?","M","M","M","R","B"],"character_chosen":"HUNTRESS","items_purchased":["DemoMod:DoubleSwitch","DemoMod:EasyReloadBullets"],"campfire_rested":1,"item_purchase_floors":[4,8],"current_hp_per_floor":[70,70,70,70,70,36,36,36,36,36,36,27,26,14,35,0,0],"gold":65,"neow_bonus":"THREE_ENEMY_KILL","is_daily":false,"chose_seed":false,"campfire_upgraded":2,"win_rate":0.0,"timestamp":1613626591,"path_taken":["M","M","?","?","?","E","R","?","T","R","?","M","M","M","R","BOSS"],"items_purchased_type":["Card","Card"],"build_version":"2020-12-22","purchased_purges":1,"victory":false,"max_hp_per_floor":[70,70,70,70,70,70,70,70,70,70,70,70,70,70,70,70,70],"card_choices":[{"not_picked":["DemoMod:JK47","DemoMod:BattleInHaste"],"picked":"DemoMod:HuntsMan","floor":1},{"not_picked":["DemoMod:Ejector","DemoMod:TeaPot"],"picked":"DemoMod:Unmoved","floor":2},{"not_picked":["DemoMod:HungryBullets","DemoMod:TeaPot"],"picked":"DemoMod:SAA","floor":5},{"not_picked":["DemoMod:DoubleSwitch","DemoMod:DirectionalPad"],"picked":"DemoMod:Unity","floor":6},{"not_picked":["DemoMod:TeaPot","DemoMod:SkilledReload"],"picked":"DemoMod:ProbeStrike","floor":12},{"not_picked":["DemoMod:BattleInHaste","DemoMod:GunShield"],"picked":"DemoMod:MachoBrace","floor":13},{"not_picked":["DemoMod:Unity","DemoMod:FortunesFavor"],"picked":"DemoMod:HungryBullets","floor":14}],"player_experience":29838,"relics_obtained":[{"floor":6,"key":"Sundial"},{"floor":9,"key":"DemoMod:CrisisStone"}],"event_choices":[{"cards_removed":["DemoMod:HuntsMan"],"damage_healed":0,"gold_gain":0,"player_choice":"Gave Card","damage_taken":0,"relics_obtained":["War Paint"],"max_hp_gain":0,"max_hp_loss":0,"event_name":"WeMeetAgain","floor":3,"gold_loss":0},{"damage_healed":0,"gold_gain":0,"player_choice":"Upgraded","damage_taken":0,"max_hp_gain":0,"max_hp_loss":0,"event_name":"Upgrade Shrine","floor":11,"gold_loss":0,"cards_upgraded":["DemoMod:Unity"]}],"is_beta":false,"boss_relics":[],"items_purged_floors":[4],"is_endless":false,"potions_floor_spawned":[1,6,14],"killed_by":"Slime Boss","ascension_level":0}}