{"host":"bx8e8mpro7fea2qq","time":1613667961,"event":{"mods":["BaseMod","Better Third Choice","Colored Map","Hermit","Marisa????????","Minty Spire (QoL Compilation)","Rare Cards Sparkle","Reliquary","StSLib","The Bug Knight","The Cursed","The Servant 0.9.4"],"gold_per_floor":[113,3,178,192,192,218,21,38,92,121,121,121,50,110,110,212,212,227,227,227,243,110,110,127,127,127,127,79,96,96,113,113,113,113],"floor_reached":33,"language":"ENG","playtime":2128,"items_purged":[],"score":326,"play_id":"773516f6-822a-4866-b28b-0d59ac28f9f0","local_time":"20210218110601","is_ascension_mode":false,"campfire_choices":[{"data":"UpSweep","floor":11,"key":"SMITH"},{"floor":15,"key":"REST"},{"data":"SprinkleStarSeal","floor":23,"key":"SMITH"},{"floor":25,"key":"REST"},{"data":"MysteriousBeam","floor":27,"key":"SMITH"},{"floor":32,"key":"REST"}],"circlet_count":0,"master_deck":["Strike_MRS+1","Strike_MRS+1","Strike_MRS+1","Strike_MRS+1","Defend_MRS+1","Defend_MRS+1","Defend_MRS+1","Defend_MRS+1","MasterSpark","UpSweep+1","DoubleSpark","ChargeUpSpray","PulseMagic","Doubt","SprinkleStarSeal+1","Parasite","Parasite","GrandCross+1","6A","GrandCross","EnergyRecoil","DoubleSpark","ShootingEcho","MysteriousBeam+1","JA","DoubleSpark+1","Ghostly","Ghostly","Ghostly","Ghostly","Ghostly","SuperPerseids+1","DC","Impatience","DarkMatter","GalacticHalo","ChargingUp","FairyDestructionRay+1"],"relics":["MiniHakkero","NeowsBlessing","ShroomBag","Lee\u0027s Waffle","reliquary:SilkGlove","reliquary:TatteredRug","Happy Flower","Black Star","Shuriken","betterThird:NestCultRelic"],"acts_visited":["Exordium","TheCity"],"potions_floor_usage":[10,16,16,16,31],"damage_taken":[{"damage":0,"enemies":"Jaw Worm","floor":1,"turns":1},{"damage":0,"enemies":"2 Louse","floor":4,"turns":1},{"damage":0,"enemies":"Lagavulin","floor":6,"turns":1},{"damage":2,"enemies":"Small Slimes","floor":8,"turns":4},{"damage":27,"enemies":"Gremlin Nob","floor":10,"turns":4},{"damage":39,"enemies":"Lagavulin Event","floor":14,"turns":7},{"damage":49,"enemies":"Slime Boss","floor":16,"turns":12},{"damage":30,"enemies":"3 Byrds","floor":18,"turns":5},{"damage":1,"enemies":"2 Thieves","floor":21,"turns":4},{"damage":20,"enemies":"Cultist and Chosen","floor":24,"turns":5},{"damage":15,"enemies":"Centurion and Healer","floor":29,"turns":5},{"damage":9,"enemies":"Snecko","floor":31,"turns":4},{"damage":43,"enemies":"Collector","floor":33,"turns":9}],"seed_played":"-2270137079444805591","potions_obtained":[{"floor":4,"key":"Regen Potion"},{"floor":6,"key":"Regen Potion"},{"floor":10,"key":"LiquidBronze"},{"floor":14,"key":"EssenceOfSteel"},{"floor":18,"key":"BlessingOfTheForge"}],"is_trial":false,"path_per_floor":["M","$","?","M","?","E","$","M","T","E","R","?","$","?","R","B",null,"M","?","?","M","$","R","M","R","T","R","$","M","?","M","R","B"],"character_chosen":"MARISA","items_purchased":["ChargeUpSpray","PulseMagic","Lee\u0027s Waffle","6A","DoubleSpark","ShootingEcho","DC","Impatience","GalacticHalo"],"campfire_rested":3,"item_purchase_floors":[2,2,7,7,13,13,22,22,28],"current_hp_per_floor":[75,75,75,75,60,60,82,80,80,61,61,61,61,26,50,20,82,56,56,41,40,40,40,23,35,35,35,35,22,22,17,29,0,0],"gold":113,"neow_bonus":"THREE_ENEMY_KILL","is_daily":false,"chose_seed":false,"campfire_upgraded":3,"win_rate":0.0,"timestamp":1613667961,"path_taken":["M","$","?","M","?","E","$","M","T","E","R","?","?","?","R","BOSS","M","?","?","M","$","R","?","R","T","R","?","M","?","M","R","BOSS"],"items_purchased_type":["Card","Card","Relic","Card","Card","Card","Card","Card","Card"],"build_version":"2020-12-22","purchased_purges":0,"victory":false,"max_hp_per_floor":[75,75,75,75,75,75,82,82,82,82,82,82,82,82,82,82,82,82,82,41,41,41,41,41,41,41,41,41,41,41,41,41,41,41],"card_choices":[{"not_picked":["IllusionStar","Acceleration"],"picked":"DoubleSpark","floor":1},{"not_picked":["DeepEcoloBomb","AsteroidBelt"],"picked":"SprinkleStarSeal","floor":4},{"not_picked":["DoubleSpark","GravityBeat"],"picked":"GrandCross","floor":6},{"not_picked":["AsteroidBelt","WitchLeyline"],"picked":"GrandCross","floor":8},{"not_picked":["ManaConvection","SatelliteIllusion"],"picked":"EnergyRecoil","floor":10},{"not_picked":["WitchOfGreed","DoubleSpark"],"picked":"MysteriousBeam","floor":14},{"not_picked":["BigCrunch","EscapeVelocity"],"picked":"JA","floor":16},{"not_picked":["DragonMeteor","MagicChant"],"picked":"DoubleSpark+1","floor":18},{"not_picked":["StarlightTyphoon","DC"],"picked":"SuperPerseids+1","floor":21},{"not_picked":["UnstableBomb","DarkSpark"],"picked":"DarkMatter","floor":24},{"not_picked":["DoubleSpark","SprinkleStarSeal"],"picked":"ChargingUp","floor":29},{"not_picked":["Occultation","WitchOfGreed"],"picked":"FairyDestructionRay+1","floor":31}],"player_experience":41893,"relics_obtained":[{"floor":6,"key":"ShroomBag"},{"floor":9,"key":"reliquary:SilkGlove"},{"floor":10,"key":"reliquary:TatteredRug"},{"floor":26,"key":"Shuriken"}],"event_choices":[{"damage_healed":0,"gold_gain":175,"player_choice":"AGREE","damage_taken":3,"max_hp_gain":0,"max_hp_loss":0,"event_name":"betterThird:BetterSerpent","floor":3,"gold_loss":0},{"damage_healed":75,"gold_gain":0,"player_choice":"Upgrade","damage_taken":15,"max_hp_gain":0,"max_hp_loss":75,"event_name":"betterThird:BetterShining","floor":5,"gold_loss":0,"cards_upgraded":["Defend_MRS","Strike_MRS"]},{"damage_healed":0,"gold_gain":0,"player_choice":"Grow","damage_taken":0,"max_hp_gain":0,"max_hp_loss":0,"event_name":"Living Wall","floor":12,"gold_loss":0,"cards_upgraded":["GrandCross"]},{"damage_healed":0,"gold_gain":0,"player_choice":"Searched \u00272\u0027 times","damage_taken":0,"relics_obtained":["Happy Flower"],"max_hp_gain":0,"max_hp_loss":0,"event_name":"Dead Adventurer","floor":14,"gold_loss":0},{"damage_healed":0,"gold_gain":0,"player_choice":"Simplicity","damage_taken":0,"max_hp_gain":0,"max_hp_loss":6,"event_name":"betterThird:BetterWriting","floor":19,"gold_loss":0},{"damage_healed":0,"gold_gain":0,"player_choice":"Became a Ghost","damage_taken":0,"max_hp_gain":0,"max_hp_loss":41,"event_name":"Ghosts","floor":20,"gold_loss":0,"cards_obtained":["Ghostly","Ghostly","Ghostly","Ghostly","Ghostly"]},{"damage_healed":0,"gold_gain":0,"player_choice":"Madness","damage_taken":0,"relics_obtained":["betterThird:NestCultRelic"],"max_hp_gain":0,"max_hp_loss":0,"event_name":"betterThird:BetterNest","floor":30,"gold_loss":0}],"is_beta":false,"boss_relics":[{"not_picked":["RampagingMagicTools","Snecko Eye"],"picked":"Black Star"}],"items_purged_floors":[],"is_endless":false,"potions_floor_spawned":[4,6,10,14,18],"killed_by":"Collector","ascension_level":0}}