{"host":"8d3fefv2347kqkpz","time":1613659822,"event":{"mods":["AchievementEnabler","BaseMod","Better Vampires","BetterRewards","Colored Map","Colored Powertips","Downfall","Emptier Cage","Highlight Path","Marked Mod","Minty Spire (QoL Compilation)","Permanent Neow","Quick Restart","Rare Cards Sparkle","Relic Stats","Say the Spire","Spicy Shops","StSLib","Waifu the Spire"],"gold_per_floor":[0,10,21,32,32,17,66,66,76,86,86,98,98,98,98],"floor_reached":13,"language":"ZHS","playtime":454,"items_purged":[],"score":77,"play_id":"cf694d1f-4030-4eac-a0d3-6aec2cada052","local_time":"20210218225022","is_ascension_mode":false,"campfire_choices":[{"floor":1.0,"key":"RECALL"},{"data":"bronze:Shield","floor":8,"key":"SMITH"}],"circlet_count":0,"master_deck":["bronze:Strike","bronze:Strike","bronze:Strike","bronze:Defend","bronze:Defend","bronze:Defend","bronze:Goto","bronze:GetLatest","bronze:Shield+1","bronze:BuggyMess","bronze:BronzeArmor","bronze:GetLatest"],"relics":["bronze:BronzeCore","Omamori"],"acts_visited":["Exordium"],"potions_floor_usage":[10],"damage_taken":[{"damage":0.0,"enemies":"Cultist","floor":2.0,"turns":4.0},{"damage":0.0,"enemies":"Small Slimes","floor":3.0,"turns":4.0},{"damage":2.0,"enemies":"2 Louse","floor":4.0,"turns":5.0},{"damage":0,"enemies":"downfall:FleeingMerchant","floor":6,"turns":4},{"damage":17,"enemies":"2 Fungi Beasts","floor":9,"turns":7},{"damage":7,"enemies":"Blue Slaver","floor":10,"turns":6},{"damage":3,"enemies":"3 Louse","floor":12,"turns":6},{"damage":17,"enemies":"3 Sentries","floor":13,"turns":3}],"seed_played":"-2280812511545524545","potions_obtained":[{"floor":2.0,"key":"bronze:CleanCodePotion"},{"floor":3.0,"key":"LiquidBronze"},{"floor":9,"key":"Regen Potion"}],"is_trial":false,"path_per_floor":["R","M","M","M","?","$","T","R","M","M","?","M","E"],"character_chosen":"THE_AUTOMATON","items_purchased":[],"campfire_rested":0,"item_purchase_floors":[],"current_hp_per_floor":[70,70,70,68,70,70,70,70,53,61,61,58,41,41,41],"gold":98,"neow_bonus":"TRANSFORM_TWO_CARDS","is_daily":false,"chose_seed":false,"campfire_upgraded":1,"win_rate":0.0,"timestamp":1613659822,"path_taken":["R","M","?","M","?","$","T","R","?","M","?","M","E"],"items_purchased_type":[],"build_version":"2020-12-22","purchased_purges":0,"victory":false,"max_hp_per_floor":[70,70,70,70,70,70,70,70,70,70,70,70,70,70,70],"relic_stats":{"counters":[8,39],"obtain_stats":[{"bronze:BronzeCore":0,"Omamori":7},{"bronze:BronzeCore":0,"Omamori":4},{"bronze:BronzeCore":0,"Omamori":17}]},"card_choices":[{"not_picked":["bronze:Repulsor","bronze:FollowUp","bronze:MaxOutput"],"picked":"SKIP","floor":2.0},{"not_picked":["bronze:WhirlingStrike","bronze:Deprecate","bronze:Terminator"],"picked":"SKIP","floor":3.0},{"not_picked":["bronze:BugBarrage","bronze:NullPointer"],"picked":"bronze:BuggyMess","floor":4},{"not_picked":["bronze:Terminator","bronze:Constructor","bronze:CloningBeam"],"picked":"SKIP","floor":6},{"not_picked":["bronze:DelayedSlice","bronze:Constructor","bronze:BitShift"],"picked":"SKIP","floor":9},{"not_picked":["bronze:Constructor","bronze:Turbo","bronze:Safeguard"],"picked":"SKIP","floor":10},{"not_picked":["bronze:BronzeOrb","bronze:Repair"],"picked":"bronze:GetLatest","floor":12}],"player_experience":463570,"relics_obtained":[{"floor":7,"key":"Omamori"}],"event_choices":[{"damage_healed":2,"gold_gain":0,"player_choice":"Full Heal","damage_taken":0,"max_hp_gain":0,"max_hp_loss":0,"event_name":"Wheel of Change","floor":5,"gold_loss":0},{"damage_healed":0,"gold_gain":0,"cards_transformed":["bronze:Replicate"],"player_choice":"Change","damage_taken":0,"max_hp_gain":0,"max_hp_loss":0,"event_name":"Living Wall","floor":11,"gold_loss":0,"cards_obtained":["bronze:BronzeArmor"]}],"is_beta":false,"boss_relics":[],"items_purged_floors":[],"is_endless":false,"potions_floor_spawned":[2,3,9],"killed_by":"3 Sentries","ascension_level":0}}