{"host":"sxnl403xm2xmiyj1","time":1613649328,"event":{"mods":["BaseMod","Colored Map","Keyboard Shortcuts","Koishi","Minty Spire (QoL Compilation)","Quick Restart","StSLib","SuperFastMode"],"gold_per_floor":[368,49,49,59,73,107,107,9,36,1,72,104,120,135,135,135,135],"floor_reached":16,"language":"KOR","playtime":281,"items_purged":["Doubt"],"score":176,"play_id":"9e6044c2-a703-4b37-8538-59a411c9fa82","local_time":"20210218205528","is_ascension_mode":true,"campfire_choices":[{"data":"Koishi:JumpScare","floor":7.0,"key":"SMITH"},{"data":"Koishi:HauntingSlash","floor":15.0,"key":"SMITH"}],"circlet_count":0,"master_deck":["AscendersBane","Koishi:BasicStrike","Koishi:BasicStrike","Koishi:BasicStrike+1","Koishi:BasicDefend","Koishi:BasicDefend","Koishi:BasicDefend","Koishi:BasicDefend","Koishi:Provoke","Koishi:HauntingSlash+1","Koishi:BloodcurdlingScream","Flash of Steel+1","Koishi:JumpScare+1","Koishi:DreadfulBlow","Koishi:RacingHeart","Koishi:ParalyzingFear","Koishi:GrowingPain"],"relics":["Koishi:ImaginaryFriend","ClockworkSouvenir","Whetstone","Lantern","InkBottle","Pear"],"acts_visited":["Exordium"],"potions_floor_usage":[16],"damage_taken":[{"damage":11.0,"enemies":"Jaw Worm","floor":1.0,"turns":8.0},{"damage":1.0,"enemies":"Cultist","floor":4.0,"turns":3.0},{"damage":0.0,"enemies":"Small Slimes","floor":5.0,"turns":2.0},{"damage":24.0,"enemies":"Gremlin Nob","floor":6.0,"turns":4.0},{"damage":22.0,"enemies":"Lagavulin","floor":12.0,"turns":5.0},{"damage":5.0,"enemies":"2 Fungi Beasts","floor":13.0,"turns":3.0},{"damage":0.0,"enemies":"3 Louse","floor":14.0,"turns":1.0},{"damage":20,"enemies":"The Guardian","floor":16,"turns":6}],"seed_played":"5214899377982072165","potions_obtained":[{"floor":5.0,"key":"SpeedPotion"},{"floor":6.0,"key":"Strength Potion"},{"floor":14.0,"key":"SneckoOil"}],"is_trial":false,"path_per_floor":["M","$","?","M","M","E","R","$","T","?","T","E","M","M","R","B"],"character_chosen":"KOISHI","items_purchased":["ClockworkSouvenir","Flash of Steel","Koishi:RacingHeart","Koishi:ParalyzingFear"],"campfire_rested":0,"item_purchase_floors":[2,2,8,8],"current_hp_per_floor":[46,46,39,39,42,23,23,23,23,38,38,36,37,41,41,21,21],"gold":135,"neow_bonus":"TWO_FIFTY_GOLD","is_daily":false,"chose_seed":false,"campfire_upgraded":2,"win_rate":0.0,"timestamp":1613649328,"path_taken":["M","$","?","M","M","E","R","$","T","?","?","E","?","M","R","BOSS"],"items_purchased_type":["Relic","Card","Card","Card"],"build_version":"2020-12-22","purchased_purges":1,"victory":false,"max_hp_per_floor":[60,60,60,60,60,60,60,60,60,60,60,70,70,70,70,70,70],"card_choices":[{"not_picked":["Koishi:SubterraneanRose","Koishi:RorschachInDanmaku"],"picked":"Koishi:BloodcurdlingScream","floor":1.0},{"not_picked":["Koishi:Jaunt","Koishi:FleetingPhantom"],"picked":"Koishi:JumpScare","floor":4.0},{"not_picked":["Koishi:BloodcurdlingScream","Koishi:CatchAndRose"],"picked":"Koishi:DreadfulBlow","floor":5.0},{"not_picked":["Koishi:SubconsciousSweep","Koishi:EmbersOfLove","Koishi:SprinkleStarAndHeart"],"picked":"SKIP","floor":6.0},{"not_picked":["Koishi:SuperEgo","Koishi:Jaunt"],"picked":"Koishi:GrowingPain","floor":12.0},{"not_picked":["Koishi:LastRemote","Koishi:UnconsciousUrges","Koishi:HeartAttack"],"picked":"SKIP","floor":13.0},{"not_picked":["Koishi:RorschachInDanmaku","Koishi:SubconsciousSweep","Koishi:UnconsciousUrges"],"picked":"SKIP","floor":14.0}],"player_experience":266167,"relics_obtained":[{"floor":6.0,"key":"Whetstone"},{"floor":9.0,"key":"Lantern"},{"floor":11.0,"key":"InkBottle"},{"floor":12.0,"key":"Pear"}],"event_choices":[{"cards_removed":["Koishi:BasicStrike"],"damage_healed":0.0,"max_hp_gain":0.0,"max_hp_loss":0.0,"gold_gain":0.0,"event_name":"Golden Wing","player_choice":"Card Removal","floor":3.0,"gold_loss":0.0,"damage_taken":7.0},{"damage_healed":15.0,"max_hp_gain":0.0,"max_hp_loss":0.0,"gold_gain":0.0,"event_name":"The Cleric","player_choice":"Healed","floor":10.0,"gold_loss":35.0,"damage_taken":0.0}],"is_beta":false,"boss_relics":[],"items_purged_floors":[2],"is_endless":false,"potions_floor_spawned":[5,6,14],"killed_by":"The Guardian","ascension_level":12}}