{"host":"7sni158j623xchr2","time":1613630536,"event":{"mods":["BaseMod","Colored Map","Highlight Path","Minty Spire (QoL Compilation)","Permanent Neow","Potion Indicator Mod","Rare Cards Sparkle","Relic Sorter","Relic Stats","StSLib","everything is the same but u backflip on backflip"],"gold_per_floor":[365,91,91,166,166,166,166,205,205,205,239,254,254,204,204,332,332,355,154,69,82,7,47,47,88,88,88,104,104,128,169,169,289,352,370,1369,1279,1298,1312,1312,1336,1370,1370,1395,1107,909,909,909,909,909,909,909,333,376,376],"floor_reached":56,"language":"ENG","playtime":1477,"items_purged":["Defend_G","Strike_G","Normality","Defend_G","Riddle With Holes"],"score":1514,"play_id":"9ba1f2e1-8a7b-4c36-9876-1b51b999be45","local_time":"20210218004216","is_ascension_mode":true,"campfire_choices":[{"data":"Crippling Poison","floor":6,"key":"SMITH"},{"data":"Catalyst","floor":10,"key":"SMITH"},{"data":"Catalyst","floor":13,"key":"SMITH"},{"data":"Quick Slash","floor":15,"key":"SMITH"},{"data":"Glass Knife","floor":32,"key":"SMITH"},{"data":"Terror","floor":40,"key":"SMITH"},{"floor":47,"key":"RECALL"},{"floor":49,"key":"REST"},{"data":"Footwork","floor":52,"key":"SMITH"}],"circlet_count":0,"master_deck":["Defend_G","Defend_G+1","Defend_G","Survivor+1","Neutralize","Quick Slash+1","Crippling Poison+1","Catalyst+1","Flying Knee","Catalyst+1","Glass Knife+1","Poisoned Stab+1","Terror+1","Dash+1","Acrobatics","Calculated Gamble+1","Deflect+1","PiercingWail+1","Malaise+1","Footwork+1","Dark Shackles+1","Impatience+1","Well Laid Plans","Thinking Ahead+1"],"relics":["Ring of the Snake","Membership Card","Golden Idol","Centennial Puzzle","Anchor","Busted Crown","Toy Ornithopter","Smiling Mask","War Paint","Boot","Toxic Egg 2","Darkstone Periapt","Matryoshka","Pantograph","Tiny House","InkBottle","Bag of Marbles","Du-Vu Doll","Mummified Hand","Medical Kit","Sling","Vajra","Frozen Eye","Ornamental Fan","Pear","The Specimen"],"acts_visited":["Exordium","TheCity","TheBeyond","TheEnding"],"potions_floor_usage":[8,8,16,21,23,33,33,42,50,54,55,55,55,55,55],"damage_taken":[{"damage":0,"enemies":"2 Louse","floor":1,"turns":3},{"damage":19,"enemies":"3 Sentries","floor":8,"turns":12},{"damage":0,"enemies":"Lagavulin","floor":11,"turns":4},{"damage":2,"enemies":"Small Slimes","floor":12,"turns":3},{"damage":0,"enemies":"Hexaghost","floor":16,"turns":8},{"damage":3,"enemies":"Shell Parasite","floor":18,"turns":3},{"damage":5,"enemies":"Spheric Guardian","floor":21,"turns":3},{"damage":0,"enemies":"Slavers","floor":23,"turns":4},{"damage":17,"enemies":"Gremlin Leader","floor":25,"turns":3},{"damage":6,"enemies":"Snecko","floor":28,"turns":4},{"damage":0,"enemies":"3 Cultists","floor":30,"turns":4},{"damage":4,"enemies":"Book of Stabbing","floor":31,"turns":4},{"damage":35,"enemies":"Automaton","floor":33,"turns":12},{"damage":13,"enemies":"3 Darklings","floor":35,"turns":4},{"damage":1,"enemies":"Orb Walker","floor":38,"turns":2},{"damage":10,"enemies":"Maw","floor":39,"turns":5},{"damage":12,"enemies":"3 Darklings","floor":41,"turns":3},{"damage":21,"enemies":"Giant Head","floor":42,"turns":7},{"damage":11,"enemies":"Writhing Mass","floor":44,"turns":4},{"damage":15,"enemies":"Time Eater","floor":50,"turns":4},{"damage":6,"enemies":"Shield and Spear","floor":54,"turns":6},{"damage":39,"enemies":"The Heart","floor":55,"turns":4}],"seed_played":"923259868066879910","potions_obtained":[{"floor":12,"key":"EssenceOfSteel"},{"floor":28,"key":"ColorlessPotion"},{"floor":31,"key":"Swift Potion"},{"floor":33,"key":"DuplicationPotion"},{"floor":34,"key":"SpeedPotion"},{"floor":38,"key":"EntropicBrew"},{"floor":42,"key":"Explosive Potion"},{"floor":44,"key":"Fire Potion"},{"floor":54,"key":"SmokeBomb"}],"is_trial":false,"path_per_floor":["M","$","?","?","?","R","?","E","T","R","E","M","R","?","R","B",null,"M","$","?","M","$","E","T","E","T","?","M","?","M","E","R","B",null,"M","?","?","M","M","R","M","E","T","M","$","$","R","?","R","B",null,"R","$","E","B",null],"character_chosen":"THE_SILENT","items_purchased":["Membership Card","EntropicBrew","Crippling Poison","Toy Ornithopter","Terror","Dash","War Paint","Mummified Hand","Footwork","Medical Kit","Sling","Vajra","DuplicationPotion","LiquidMemories","Well Laid Plans","Frozen Eye","Ornamental Fan","Pear","Thinking Ahead+1"],"campfire_rested":1,"item_purchase_floors":[2,2,2,19,19,19,22,45,45,45,46,46,53,53,53,53,53,53,53],"current_hp_per_floor":[49,49,54,43,36,36,36,17,17,17,17,15,15,15,15,15,69,66,66,66,64,64,69,69,52,52,52,46,46,46,42,42,39,74,61,73,73,72,62,62,50,34,34,23,23,23,23,13,38,53,86,86,96,90,58],"gold":376,"neow_bonus":"TWO_FIFTY_GOLD","is_daily":false,"chose_seed":false,"campfire_upgraded":7,"win_rate":0.0,"timestamp":1613630536,"path_taken":["M","$","?","?","?","R","?","E","T","R","E","M","R","?","R","BOSS","M","$","?","M","$","E","?","E","T","?","M","?","M","E","R","BOSS","M","?","?","M","M","R","M","E","T","?","?","$","R","?","R","BOSS","R","$","E","BOSS"],"items_purchased_type":["Relic","Potion","Card","Relic","Card","Card","Relic","Relic","Card","Relic","Relic","Relic","Potion","Potion","Card","Relic","Relic","Relic","Card"],"build_version":"2020-12-22","purchased_purges":5,"victory":true,"max_hp_per_floor":[70,70,75,75,75,75,69,69,69,69,69,69,69,69,69,69,69,69,69,69,69,69,69,69,69,69,69,69,69,69,69,69,69,74,74,86,86,86,86,86,86,86,86,86,86,86,86,86,86,86,86,86,96,96,96],"relic_stats":{"Darkstone Periapt":12,"counters":[22,106],"Golden Idol":209,"War Paint":["Defend_G","Survivor"],"Smiling Mask":76,"Boot":[68],"Medical Kit":[4],"Centennial Puzzle":[48],"Busted Crown":38,"Mummified Hand":[6],"Ornamental Fan":[16],"Pantograph":56,"obtain_stats":[{"Darkstone Periapt":25,"Tiny House":34,"Vajra":46,"Smiling Mask":20,"Boot":23,"Sling":46,"Frozen Eye":53,"Centennial Puzzle":8,"Matryoshka":26,"Mummified Hand":45,"Pantograph":31,"Toxic Egg 2":24,"InkBottle":42,"Ring of the Snake":0,"Pear":53,"The Specimen":54,"Golden Idol":7,"War Paint":22,"Medical Kit":45,"Du-Vu Doll":43,"Anchor":11,"Busted Crown":17,"Ornamental Fan":53,"Bag of Marbles":43,"Membership Card":2,"Toy Ornithopter":19},{"Darkstone Periapt":9,"Tiny House":13,"Vajra":19,"Smiling Mask":6,"Boot":8,"Sling":19,"Frozen Eye":20,"Centennial Puzzle":2,"Matryoshka":9,"Mummified Hand":19,"Pantograph":12,"Toxic Egg 2":8,"InkBottle":18,"Ring of the Snake":0,"Pear":20,"The Specimen":21,"Golden Idol":1,"War Paint":7,"Medical Kit":19,"Du-Vu Doll":18,"Anchor":3,"Busted Crown":5,"Ornamental Fan":20,"Bag of Marbles":18,"Membership Card":1,"Toy Ornithopter":6},{"Darkstone Periapt":43,"Tiny House":67,"Vajra":92,"Smiling Mask":33,"Boot":40,"Sling":92,"Frozen Eye":96,"Centennial Puzzle":15,"Matryoshka":43,"Mummified Hand":92,"Pantograph":55,"Toxic Egg 2":40,"InkBottle":88,"Ring of the Snake":0,"Pear":96,"The Specimen":102,"Golden Idol":3,"War Paint":36,"Medical Kit":92,"Du-Vu Doll":88,"Anchor":19,"Busted Crown":30,"Ornamental Fan":96,"Bag of Marbles":88,"Membership Card":3,"Toy Ornithopter":33}],"Toy Ornithopter":26,"InkBottle":[9],"Ring of the Snake":[44]},"card_choices":[{"not_picked":["Bane","Dodge and Roll"],"picked":"Quick Slash","floor":1},{"not_picked":["Deflect","Masterful Stab"],"picked":"Catalyst","floor":8},{"not_picked":["Endless Agony","Dodge and Roll"],"picked":"Flying Knee","floor":11},{"not_picked":["Unload","Cloak And Dagger"],"picked":"Catalyst","floor":12},{"not_picked":["Phantasmal Killer","Tools of the Trade"],"picked":"Glass Knife","floor":16},{"not_picked":[],"picked":"Poisoned Stab","floor":18},{"not_picked":["Escape Plan"],"picked":"SKIP","floor":21},{"not_picked":[],"picked":"Acrobatics","floor":23},{"not_picked":[],"picked":"Calculated Gamble+1","floor":25},{"not_picked":["Acrobatics+1"],"picked":"SKIP","floor":28},{"not_picked":[],"picked":"PiercingWail+1","floor":30},{"not_picked":["Outmaneuver+1"],"picked":"SKIP","floor":31},{"not_picked":["Dagger Throw+1"],"picked":"SKIP","floor":35},{"not_picked":["Backstab"],"picked":"SKIP","floor":38},{"not_picked":["Infinite Blades"],"picked":"SKIP","floor":39},{"not_picked":["Dagger Spray"],"picked":"SKIP","floor":41},{"not_picked":[],"picked":"Malaise+1","floor":42},{"not_picked":["Dagger Spray"],"picked":"SKIP","floor":44},{"not_picked":[],"picked":"Dark Shackles+1","floor":48},{"not_picked":[],"picked":"Impatience+1","floor":48},{"not_picked":["Tactician+1"],"picked":"SKIP","floor":54}],"player_experience":1825435,"relics_obtained":[{"floor":8,"key":"Centennial Puzzle"},{"floor":11,"key":"Anchor"},{"floor":23,"key":"Boot"},{"floor":24,"key":"Toxic Egg 2"},{"floor":25,"key":"Darkstone Periapt"},{"floor":26,"key":"Matryoshka"},{"floor":31,"key":"Pantograph"},{"floor":42,"key":"InkBottle"},{"floor":43,"key":"Bag of Marbles"},{"floor":43,"key":"Du-Vu Doll"},{"floor":54,"key":"The Specimen"}],"event_choices":[{"damage_healed":0,"gold_gain":0,"player_choice":"Donut","damage_taken":0,"max_hp_gain":5,"max_hp_loss":0,"event_name":"Big Fish","floor":3,"gold_loss":0},{"damage_healed":0,"gold_gain":75,"player_choice":"Gather Gold","damage_taken":11,"max_hp_gain":0,"max_hp_loss":0,"event_name":"World of Goop","floor":4,"gold_loss":0},{"cards_removed":["Strike_G"],"damage_healed":0,"gold_gain":0,"player_choice":"Card Removal","damage_taken":7,"max_hp_gain":0,"max_hp_loss":0,"event_name":"Golden Wing","floor":5,"gold_loss":0},{"damage_healed":0,"gold_gain":0,"player_choice":"Lose Max HP","damage_taken":0,"relics_obtained":["Golden Idol"],"max_hp_gain":0,"max_hp_loss":6,"event_name":"Golden Idol","floor":7,"gold_loss":0},{"cards_removed":["Strike_G"],"damage_healed":0,"gold_gain":0,"player_choice":"Card Removal","damage_taken":0,"max_hp_gain":0,"max_hp_loss":0,"event_name":"The Cleric","floor":14,"gold_loss":50},{"damage_healed":0,"gold_gain":0,"player_choice":"Obtained Relic","damage_taken":0,"relics_obtained":["Smiling Mask"],"max_hp_gain":0,"max_hp_loss":0,"event_name":"Addict","floor":20,"gold_loss":85},{"damage_healed":0,"gold_gain":0,"player_choice":"Ignored","damage_taken":0,"max_hp_gain":0,"max_hp_loss":0,"event_name":"Vampires","floor":27,"gold_loss":0},{"damage_healed":0,"gold_gain":0,"cards_transformed":["Strike_G","Strike_G"],"player_choice":"Became Test Subject","damage_taken":0,"max_hp_gain":0,"max_hp_loss":0,"event_name":"Drug Dealer","floor":29,"gold_loss":0,"cards_obtained":["Deflect","Riddle With Holes"]},{"damage_healed":0,"gold_gain":999,"player_choice":"Gold","damage_taken":0,"max_hp_gain":0,"max_hp_loss":0,"event_name":"MindBloom","floor":36,"gold_loss":0,"cards_obtained":["Normality","Normality"]},{"cards_removed":["Normality"],"damage_healed":0,"gold_gain":0,"player_choice":"Upgrade and Remove","damage_taken":0,"max_hp_gain":0,"max_hp_loss":0,"event_name":"Designer","floor":37,"gold_loss":90,"cards_upgraded":["Dash"]},{"damage_healed":0,"gold_gain":0,"player_choice":"Memory 3","damage_taken":10,"max_hp_gain":0,"max_hp_loss":0,"event_name":"SensoryStone","floor":48,"gold_loss":0}],"is_beta":false,"boss_relics":[{"not_picked":["Philosopher\u0027s Stone","Snecko Eye"],"picked":"Busted Crown"},{"not_picked":["Sozu","Empty Cage"],"picked":"Tiny House"}],"items_purged_floors":[2,19,45,46,53],"is_endless":false,"potions_floor_spawned":[12,28,31,33,38,42,44,54],"ascension_level":1}}