{"host":"627up2rvtmm0cf0r","time":1613627500,"event":{"mods":["ATMod(°¢èªMod)","Act Like it!","BaseMod","Better Vampires","Bossed Relics","CapriCore","Card Filter","Card Forge","Colored Powertips","DeckTracker","Dota2Spire","Downfall","Energized Spire","Friendly Minions","Highlight Path","Infinite Spire","Jedi Mod","Minty Spire (QoL Compilation)","MostiFishMod","Permanent Neow","Practice Mode","Quick Restart","Relic Stats","Reliquary","Shop Mod","Spicy Shops","StSLib","SuperFastMode","TestMod","¡¾ÒÅÎï¿¨ÅÆ¡¿REMEMod","óô»ðÖ¸ÄÏ"],"gold_per_floor":[111,111,111,111,121,155,155,173,199,213,228,278,312,312,72,72,72],"floor_reached":16,"language":"ZHS","playtime":660,"items_purged":[],"score":149,"play_id":"3a1a5526-b265-4e1b-b849-d949ab20d88c","local_time":"20210218135140","is_ascension_mode":true,"campfire_choices":[{"data":"Zap","floor":7,"key":"SMITH"}],"circlet_count":0,"master_deck":["Strike_B","Strike_B","Strike_B","Defend_B","Defend_B","Defend_B","Zap+1","Dualcast","MostiFishMod:Nova"],"relics":["Cracked Core","Hammer of Thor","Seething Fire","Anvil of the Gods","DaveBox","testmod-TestBox","REME_ComplimentaryCards","AT_ATBox","testmod-Temperance","ArrowTower","SynthV:TestCard","Dota2Spire:MaskOfMadness","infinitespire:Freezer","AT_ArchangelStaff","Slimebound:StickyStick","bronze:DecasWashers","Golden Idol","reliquary:BallBearing"],"acts_visited":["Exordium"],"potions_floor_usage":[],"damage_taken":[{"damage":0,"enemies":"Small Slimes","floor":1,"turns":3},{"damage":7,"enemies":"Jaw Worm","floor":5,"turns":3},{"damage":25,"enemies":"Lagavulin","floor":6,"turns":5},{"damage":0,"enemies":"2 Louse","floor":8,"turns":2},{"damage":8,"enemies":"Exordium Thugs","floor":10,"turns":4},{"damage":0,"enemies":"2 Fungi Beasts","floor":11,"turns":3},{"damage":13,"enemies":"3 Sentries","floor":13,"turns":4},{"damage":29,"enemies":"Slime Boss","floor":16,"turns":4}],"seed_played":"5865885712286500795","potions_obtained":[{"floor":5,"key":"Dota2Spire:Clarity"},{"floor":6,"key":"LiquidMemories"},{"floor":13,"key":"REME_GoldPotion"}],"is_trial":false,"path_per_floor":["M","?","?","$","M","E","R","M","T","M","M","T","E","?","R","B"],"character_chosen":"DEFECT","items_purchased":["reliquary:BallBearing"],"campfire_rested":0,"item_purchase_floors":[15],"current_hp_per_floor":[68,65,65,65,58,33,33,33,33,25,25,25,12,12,12,0,0],"gold":72,"neow_bonus":"TRANSFORM_CARD","is_daily":false,"chose_seed":false,"campfire_upgraded":1,"win_rate":0.0,"timestamp":1613627500,"path_taken":["M","?","?","?","M","E","R","M","T","?","M","?","E","?","R","BOSS"],"items_purchased_type":["Relic"],"build_version":"2020-12-22","purchased_purges":0,"victory":false,"max_hp_per_floor":[75,75,75,75,75,75,75,75,75,75,75,75,75,69,69,69,69],"relic_stats":{"counters":[8,26],"Golden Idol":0,"obtain_stats":[{"Dota2Spire:MaskOfMadness":2,"testmod-TestBox":0,"AT_ATBox":0,"DaveBox":0,"testmod-Temperance":0,"Golden Idol":14,"bronze:DecasWashers":13,"Hammer of Thor":0,"Seething Fire":0,"AT_ArchangelStaff":9,"SynthV:TestCard":1,"Anvil of the Gods":0,"Slimebound:StickyStick":12,"reliquary:BallBearing":15,"Cracked Core":0,"ArrowTower":0,"REME_ComplimentaryCards":0,"infinitespire:Freezer":6},{"Dota2Spire:MaskOfMadness":1,"testmod-TestBox":0,"AT_ATBox":0,"DaveBox":0,"testmod-Temperance":0,"Golden Idol":7,"bronze:DecasWashers":7,"Hammer of Thor":0,"Seething Fire":0,"AT_ArchangelStaff":4,"SynthV:TestCard":1,"Anvil of the Gods":0,"Slimebound:StickyStick":6,"reliquary:BallBearing":7,"Cracked Core":0,"ArrowTower":0,"REME_ComplimentaryCards":0,"infinitespire:Freezer":3},{"Dota2Spire:MaskOfMadness":3,"testmod-TestBox":0,"AT_ATBox":0,"DaveBox":0,"testmod-Temperance":0,"Golden Idol":22,"bronze:DecasWashers":22,"Hammer of Thor":0,"Seething Fire":0,"AT_ArchangelStaff":12,"SynthV:TestCard":3,"Anvil of the Gods":0,"Slimebound:StickyStick":18,"reliquary:BallBearing":22,"Cracked Core":0,"ArrowTower":0,"REME_ComplimentaryCards":0,"infinitespire:Freezer":11}]},"card_choices":[{"not_picked":["AT_HeatAcrobatics","Sweeping Beam","Hello World"],"picked":"SKIP","floor":1},{"not_picked":["Heatsinks","Stack","Leap","Go for the Eyes","Hello World"],"picked":"SKIP","floor":5},{"not_picked":["Sweeping Beam","Stack","AT_HeatAcrobatics","Leap","MostiFishMod:IntelligentEquipment"],"picked":"SKIP","floor":6},{"not_picked":["jedi:BurstLightning","MostiFishMod:GatherIntelligence","Stack","Leap","MostiFishMod:PushDownKick"],"picked":"SKIP","floor":8},{"not_picked":["Conserve Battery","AT_HeatAcrobatics","jedi:BurstFrost","Turbo","jedi:blockon"],"picked":"SKIP","floor":10},{"not_picked":["Sweeping Beam","Beam Cell","jedi:sharpshooter","Conserve Battery","REME_DataAnalysis"],"picked":"SKIP","floor":11},{"not_picked":["AT_RobotInSpace","BootSequence","Rip and Tear","Static Discharge","Hello World"],"picked":"SKIP","floor":13}],"player_experience":172138,"relics_obtained":[{"floor":1,"key":"SynthV:TestCard"},{"floor":6,"key":"infinitespire:Freezer"},{"floor":9,"key":"AT_ArchangelStaff"},{"floor":12,"key":"Slimebound:StickyStick"},{"floor":13,"key":"bronze:DecasWashers"}],"event_choices":[{"damage_healed":0,"gold_gain":0,"player_choice":"Success","damage_taken":3,"relics_obtained":["Dota2Spire:MaskOfMadness"],"max_hp_gain":0,"max_hp_loss":0,"event_name":"Scrap Ooze","floor":2,"gold_loss":0},{"damage_healed":0,"gold_gain":0,"player_choice":"Lose Max HP","damage_taken":0,"relics_obtained":["Golden Idol"],"max_hp_gain":0,"max_hp_loss":6,"event_name":"Golden Idol","floor":14,"gold_loss":0}],"is_beta":false,"boss_relics":[],"items_purged_floors":[],"is_endless":false,"potions_floor_spawned":[5,6,13],"killed_by":"Slime Boss","ascension_level":7}}