{"host":"xe7vird6mhwsic73","time":1613685039,"event":{"mods":["BaseMod","Highlight Path","Minty Spire (QoL Compilation)","Relic Stats","StSLib"],"gold_per_floor":[111,125,43,59,59,92,111,137,137,149,149,175,175,193,193,291,291,303,322,247,22,22,22,39,64,146,186,198,237,249,278,290,404,416,444,456,479,504,231,231,231],"floor_reached":40,"language":"ENG","playtime":2261,"items_purged":["Strike_P","Strike_P+1"],"score":567,"play_id":"9666e066-4973-44ef-9df7-74923bc94b7e","local_time":"20210218165039","is_ascension_mode":true,"campfire_choices":[{"floor":11,"key":"REST"},{"data":"Eruption","floor":13,"key":"SMITH"},{"floor":15,"key":"REST"},{"floor":23,"key":"REST"},{"floor":28,"key":"REST"},{"floor":32,"key":"REST"}],"circlet_count":0,"master_deck":["Strike_P","Defend_P","Defend_P","Defend_P","Defend_P","Eruption+1","Vigilance","JustLucky","SandsOfTime+1","Consecrate","Pray","SandsOfTime","ClearTheMind","Crescendo","Devotion","WindmillStrike","Consecrate+1","CurseOfTheBell","SpiritShield","Devotion"],"relics":["PureWater","Vajra","Darkstone Periapt","Anchor","Shuriken","Pocketwatch","Black Star","PreservedInsect","Happy Flower","MealTicket","MawBank","The Courier","Bag of Preparation","Molten Egg 2","Question Card","Orichalcum","Calling Bell","Toy Ornithopter","Pear","Girya","Membership Card","Letter Opener"],"acts_visited":["Exordium","TheCity","TheBeyond"],"potions_floor_usage":[8,24,29,31],"damage_taken":[{"damage":0,"enemies":"Small Slimes","floor":1,"turns":3},{"damage":0,"enemies":"Jaw Worm","floor":2,"turns":3},{"damage":0,"enemies":"Cultist","floor":4,"turns":3},{"damage":21,"enemies":"Lagavulin","floor":6,"turns":8},{"damage":0,"enemies":"Lots of Slimes","floor":7,"turns":3},{"damage":14,"enemies":"Gremlin Nob","floor":8,"turns":3},{"damage":0,"enemies":"2 Fungi Beasts","floor":10,"turns":3},{"damage":11,"enemies":"Lagavulin","floor":12,"turns":6},{"damage":0,"enemies":"Looter","floor":14,"turns":2},{"damage":0,"enemies":"Slime Boss","floor":16,"turns":4},{"damage":11,"enemies":"3 Byrds","floor":18,"turns":4},{"damage":20,"enemies":"Spheric Guardian","floor":19,"turns":4},{"damage":7,"enemies":"Centurion and Healer","floor":24,"turns":5},{"damage":9,"enemies":"Gremlin Leader","floor":25,"turns":3},{"damage":21,"enemies":"Book of Stabbing","floor":27,"turns":4},{"damage":29,"enemies":"Slavers","floor":29,"turns":3},{"damage":12,"enemies":"Sentry and Sphere","floor":31,"turns":3},{"damage":67,"enemies":"Automaton","floor":33,"turns":7},{"damage":40,"enemies":"3 Darklings","floor":35,"turns":4},{"damage":0,"enemies":"3 Shapes","floor":37,"turns":5},{"damage":43,"enemies":"Writhing Mass","floor":38,"turns":5},{"damage":24,"enemies":"Jaw Worm Horde","floor":40,"turns":2}],"seed_played":"-6642920192601636776","potions_obtained":[{"floor":6,"key":"StancePotion"},{"floor":7,"key":"GamblersBrew"},{"floor":10,"key":"FearPotion"},{"floor":14,"key":"SkillPotion"},{"floor":16,"key":"Strength Potion"},{"floor":24,"key":"SpeedPotion"},{"floor":27,"key":"FairyPotion"}],"is_trial":false,"path_per_floor":["M","M","$","M","?","E","M","E","T","M","R","E","R","M","R","B",null,"M","M","?","$","?","R","M","E","T","E","R","E","?","M","R","B",null,"M","?","M","M","$","M"],"character_chosen":"WATCHER","items_purchased":["SandsOfTime","PreservedInsect","Membership Card","Letter Opener","Swift Potion"],"campfire_rested":5,"item_purchase_floors":[3,21,39,39,39],"current_hp_per_floor":[72,72,72,72,58,37,37,23,23,23,44,33,33,33,54,54,72,61,41,41,41,41,62,55,46,46,25,46,17,17,5,26,21,88,48,48,48,5,20,0,0],"gold":231,"neow_bonus":"RANDOM_COMMON_RELIC","is_daily":false,"chose_seed":false,"campfire_upgraded":1,"win_rate":0.0,"timestamp":1613685039,"path_taken":["M","M","$","M","?","E","M","E","T","M","R","E","R","M","R","BOSS","M","M","?","$","?","R","?","E","T","E","R","E","?","M","R","BOSS","M","?","?","M","$","?"],"items_purchased_type":["Card","Relic","Relic","Relic","Potion"],"build_version":"2020-12-22","purchased_purges":2,"victory":false,"max_hp_per_floor":[72,72,72,72,72,72,72,72,72,72,72,72,72,72,72,72,72,72,72,72,72,72,72,72,72,72,72,72,72,72,72,72,72,88,88,88,88,88,88,88,88],"relic_stats":{"Darkstone Periapt":6,"Happy Flower":[13],"counters":[22,87],"PreservedInsect":126,"Bag of Preparation":[14],"Letter Opener":[0],"Orichalcum":[18],"MawBank":168,"Question Card":6,"Shuriken":[18],"MealTicket":15,"Black Star":3,"obtain_stats":[{"Darkstone Periapt":6,"Girya":34,"Pear":34,"Happy Flower":22,"Vajra":0,"PreservedInsect":21,"The Courier":26,"Bag of Preparation":27,"Letter Opener":39,"Orichalcum":29,"MawBank":25,"Question Card":29,"Calling Bell":34,"Anchor":8,"Shuriken":9,"MealTicket":25,"Molten Egg 2":27,"Black Star":17,"Membership Card":39,"PureWater":0,"Toy Ornithopter":34,"Pocketwatch":12},{"Darkstone Periapt":4,"Girya":18,"Pear":18,"Happy Flower":12,"Vajra":0,"PreservedInsect":12,"The Courier":14,"Bag of Preparation":15,"Letter Opener":21,"Orichalcum":16,"MawBank":14,"Question Card":16,"Calling Bell":18,"Anchor":6,"Shuriken":6,"MealTicket":14,"Molten Egg 2":15,"Black Star":10,"Membership Card":21,"PureWater":0,"Toy Ornithopter":18,"Pocketwatch":8},{"Darkstone Periapt":17,"Girya":71,"Pear":71,"Happy Flower":46,"Vajra":0,"PreservedInsect":46,"The Courier":54,"Bag of Preparation":58,"Letter Opener":85,"Orichalcum":61,"MawBank":54,"Question Card":61,"Calling Bell":71,"Anchor":23,"Shuriken":23,"MealTicket":54,"Molten Egg 2":58,"Black Star":38,"Membership Card":85,"PureWater":0,"Toy Ornithopter":71,"Pocketwatch":32}],"Toy Ornithopter":0,"Pocketwatch":[22]},"card_choices":[{"not_picked":["CrushJoints","Sanctity"],"picked":"JustLucky","floor":1},{"not_picked":["Swivel","Nirvana","Halt"],"picked":"SKIP","floor":2},{"not_picked":["SashWhip","Study"],"picked":"Consecrate","floor":4},{"not_picked":["EmptyMind","ForeignInfluence"],"picked":"Pray","floor":6},{"not_picked":["CrushJoints","Conclude"],"picked":"SandsOfTime","floor":7},{"not_picked":["ConjureBlade","CrushJoints","EmptyBody"],"picked":"SKIP","floor":8},{"not_picked":["BowlingBash","Swivel","Worship"],"picked":"SKIP","floor":10},{"not_picked":["PathToVictory","FlurryOfBlows"],"picked":"ClearTheMind","floor":12},{"not_picked":["WheelKick","ThirdEye"],"picked":"Crescendo","floor":14},{"not_picked":["Scrawl","Judgement"],"picked":"Devotion","floor":16},{"not_picked":["JustLucky","FollowUp"],"picked":"WindmillStrike","floor":18},{"not_picked":["JustLucky","WindmillStrike","EmptyBody+1"],"picked":"SKIP","floor":19},{"not_picked":["JustLucky","WindmillStrike","EmptyBody+1"],"picked":"SKIP","floor":19},{"not_picked":["CutThroughFate+1","CrushJoints","ReachHeaven+1"],"picked":"SKIP","floor":24},{"not_picked":["JustLucky","ClearTheMind","FollowUp"],"picked":"SKIP","floor":25},{"not_picked":["FlyingSleeves+1","Adaptation"],"picked":"Consecrate+1","floor":27},{"not_picked":["Halt","Swivel","Weave+1"],"picked":"SKIP","floor":29},{"not_picked":["PathToVictory","FlyingSleeves+1","EmptyBody+1","Protect"],"picked":"SKIP","floor":31},{"not_picked":["BowlingBash+1","PathToVictory+1","Perseverance+1"],"picked":"SpiritShield","floor":35},{"not_picked":["FlyingSleeves+1","FollowUp+1","Prostrate","EmptyFist+1"],"picked":"SKIP","floor":37},{"not_picked":["MasterReality","Protect+1","CutThroughFate+1","BowlingBash+1"],"picked":"SKIP","floor":38}],"player_experience":190992,"relics_obtained":[{"floor":6,"key":"Darkstone Periapt"},{"floor":8,"key":"Anchor"},{"floor":9,"key":"Shuriken"},{"floor":12,"key":"Pocketwatch"},{"floor":25,"key":"MealTicket"},{"floor":25,"key":"MawBank"},{"floor":26,"key":"The Courier"},{"floor":27,"key":"Bag of Preparation"},{"floor":27,"key":"Molten Egg 2"},{"floor":29,"key":"Question Card"},{"floor":29,"key":"Orichalcum"},{"floor":34,"key":"Toy Ornithopter"},{"floor":34,"key":"Pear"},{"floor":34,"key":"Girya"}],"event_choices":[{"damage_healed":0,"gold_gain":0,"player_choice":"Entered Light","damage_taken":14,"max_hp_gain":0,"max_hp_loss":0,"event_name":"Shining Light","floor":5,"gold_loss":0,"cards_upgraded":["Strike_P","SandsOfTime"]},{"cards_removed":["Strike_P"],"damage_healed":0,"gold_gain":0,"player_choice":"Gave Gold","damage_taken":0,"max_hp_gain":0,"max_hp_loss":0,"event_name":"Beggar","floor":20,"gold_loss":75},{"damage_healed":0,"gold_gain":0,"player_choice":"Opened","damage_taken":0,"relics_obtained":["Happy Flower"],"max_hp_gain":0,"max_hp_loss":0,"event_name":"The Mausoleum","floor":22,"gold_loss":0},{"damage_healed":0,"gold_gain":0,"player_choice":"Ignored","damage_taken":0,"max_hp_gain":0,"max_hp_loss":0,"event_name":"Ghosts","floor":30,"gold_loss":0},{"damage_healed":0,"gold_gain":0,"player_choice":"Copied","damage_taken":0,"max_hp_gain":0,"max_hp_loss":0,"event_name":"Duplicator","floor":36,"gold_loss":0,"cards_obtained":["Devotion"]}],"is_beta":false,"boss_relics":[{"not_picked":["Ectoplasm","Astrolabe"],"picked":"Black Star"},{"not_picked":["SacredBark","Runic Dome"],"picked":"Calling Bell"}],"items_purged_floors":[21,39],"is_endless":false,"potions_floor_spawned":[6,7,10,14,16,19,24,27],"killed_by":"Jaw Worm Horde","ascension_level":1}}