{"host":"61s3c1o1s4fng5dr","time":1613686940,"event":{"mods":["AchievementEnabler","Alarm Clock","AlwaysNeverKeys","BaseMod","Bestiary","Block Reminder","Colored Map","Googly Eyes","Highlight Path","Minty Spire (QoL Compilation)","Permanent Neow","Quick Restart","Random Character Button","Spire Birthday Party"],"gold_per_floor":[119,119,119,119,137,165,22,22,22,33,44,19,119,132,132,132,132],"floor_reached":16,"language":"ENG","playtime":594,"items_purged":[],"score":100,"play_id":"95b82daa-d77d-4267-9999-cec3debc3657","local_time":"20210218172220","is_ascension_mode":false,"campfire_choices":[{"floor":8.0,"key":"REST"},{"floor":15,"key":"REST"}],"circlet_count":0,"master_deck":["Strike_B","Strike_B","Strike_B+1","Strike_B","Defend_B","Defend_B","Defend_B","Defend_B","Zap","Dualcast+1","Heatsinks","All For One","Steam","White Noise","Capacitor"],"relics":["SacredBark","Mummified Hand","Nunchaku","Dream Catcher","Pear"],"acts_visited":["Exordium"],"potions_floor_usage":[14],"damage_taken":[{"damage":7.0,"enemies":"Small Slimes","floor":1.0,"turns":4.0},{"damage":6.0,"enemies":"Jaw Worm","floor":5.0,"turns":3.0},{"damage":12.0,"enemies":"3 Sentries","floor":6.0,"turns":5.0},{"damage":1.0,"enemies":"Cultist","floor":10.0,"turns":3.0},{"damage":9.0,"enemies":"Blue Slaver","floor":11.0,"turns":4.0},{"damage":42,"enemies":"Gremlin Gang","floor":14,"turns":4},{"damage":28,"enemies":"Hexaghost","floor":16,"turns":7}],"seed_played":"-5675010459275181198","potions_obtained":[{"floor":1.0,"key":"PowerPotion"},{"floor":4.0,"key":"ColorlessPotion"},{"floor":4.0,"key":"LiquidBronze"},{"floor":4.0,"key":"PowerPotion"}],"is_trial":false,"path_per_floor":["M","?","?","?","M","E","$","R","T","M","M","$","?","M","R","B"],"character_chosen":"DEFECT","items_purchased":["Dream Catcher","Steam"],"campfire_rested":2,"item_purchase_floors":[7,12],"current_hp_per_floor":[68,56,41,41,35,23,23,45,55,54,45,45,45,3,28,0,0],"gold":132,"neow_bonus":"BOSS_RELIC","is_daily":false,"chose_seed":false,"campfire_upgraded":0,"win_rate":0.0,"timestamp":1613686940,"path_taken":["M","?","?","?","M","E","$","R","T","?","M","$","?","?","R","BOSS"],"items_purchased_type":["Relic","Card"],"build_version":"2020-12-22","purchased_purges":0,"victory":false,"max_hp_per_floor":[75,75,75,75,75,75,75,75,85,85,85,85,85,85,85,85,85],"card_choices":[{"not_picked":["Glacier","Sweeping Beam","Barrage"],"picked":"SKIP","floor":1.0},{"not_picked":["Doom and Gloom","Scrape","Melter"],"picked":"SKIP","floor":5.0},{"not_picked":["Go for the Eyes","Force Field","Compile Driver"],"picked":"SKIP","floor":6.0},{"not_picked":["Streamline","Coolheaded"],"picked":"Heatsinks","floor":10.0},{"not_picked":["Turbo","Ball Lightning"],"picked":"All For One","floor":11.0},{"not_picked":["Genetic Algorithm","Gash"],"picked":"White Noise","floor":14},{"not_picked":["Reprogram","Steam"],"picked":"Capacitor","floor":15}],"player_experience":481729,"relics_obtained":[{"floor":6.0,"key":"Nunchaku"},{"floor":9.0,"key":"Pear"}],"event_choices":[{"damage_healed":0.0,"max_hp_gain":0.0,"max_hp_loss":0.0,"gold_gain":0.0,"event_name":"Scrap Ooze","player_choice":"Success","floor":2.0,"gold_loss":0.0,"damage_taken":12.0,"relics_obtained":["Mummified Hand"]},{"damage_healed":0.0,"max_hp_gain":0.0,"max_hp_loss":0.0,"gold_gain":0.0,"event_name":"Shining Light","player_choice":"Entered Light","floor":3.0,"gold_loss":0.0,"damage_taken":15.0,"cards_upgraded":["Dualcast","Strike_B"]},{"damage_healed":0.0,"max_hp_gain":0.0,"max_hp_loss":0.0,"gold_gain":0.0,"event_name":"Lab","player_choice":"Got Potions","floor":4.0,"gold_loss":0.0,"damage_taken":0.0},{"damage_healed":0.0,"max_hp_gain":0.0,"max_hp_loss":0.0,"gold_gain":100.0,"event_name":"Golden Shrine","player_choice":"Pray","floor":13.0,"gold_loss":0.0,"damage_taken":0.0}],"is_beta":false,"boss_relics":[],"items_purged_floors":[],"is_endless":false,"potions_floor_spawned":[1,5],"killed_by":"Hexaghost","ascension_level":0}}