{"host":"pke0xxyzw0teju56","time":1613673560,"event":{"mods":["BaseMod","Bestiary","Colored Powertips","Highlight Path","Minty Spire (QoL Compilation)","StSLib"],"gold_per_floor":[111,124,124,137,113,113,113,113,113,144,157,157,157,175,175,253,253,270,26,43,55,74,74,92,92,92],"floor_reached":25,"language":"ENG","playtime":1114,"items_purged":[],"score":414,"play_id":"5eb711e9-14d5-4a5e-a427-3e3251dbcfb4","local_time":"20210218133920","is_ascension_mode":true,"campfire_choices":[{"data":"Streamline","floor":6,"key":"SMITH"},{"floor":8,"key":"REST"},{"data":"Zap","floor":13,"key":"SMITH"},{"floor":15,"key":"REST"},{"floor":23,"key":"REST"}],"circlet_count":0,"master_deck":["AscendersBane","Strike_B","Defend_B","Defend_B","Defend_B","Zap+1","Dualcast","Cold Snap","Streamline+1","Glacier","Consume","Ball Lightning","Melter","Double Energy","Cold Snap","Seek","Defragment","Hologram"],"relics":["Cracked Core","Matryoshka","Sundial","Inserter","Membership Card","PreservedInsect"],"acts_visited":["Exordium","TheCity"],"potions_floor_usage":[8,10,16,22,25,25],"damage_taken":[{"damage":3,"enemies":"Small Slimes","floor":1,"turns":3},{"damage":0,"enemies":"Cultist","floor":2,"turns":3},{"damage":2,"enemies":"Jaw Worm","floor":4,"turns":3},{"damage":9,"enemies":"Exordium Thugs","floor":5,"turns":4},{"damage":26,"enemies":"Gremlin Nob","floor":10,"turns":4},{"damage":6,"enemies":"Looter","floor":11,"turns":4},{"damage":6,"enemies":"Exordium Wildlife","floor":14,"turns":3},{"damage":6,"enemies":"The Guardian","floor":16,"turns":10},{"damage":0,"enemies":"Chosen","floor":18,"turns":5},{"damage":22,"enemies":"3 Byrds","floor":20,"turns":6},{"damage":10,"enemies":"Snecko","floor":21,"turns":6},{"damage":8,"enemies":"Cultist and Chosen","floor":22,"turns":7},{"damage":10,"enemies":"Sentry and Sphere","floor":24,"turns":4},{"damage":41,"enemies":"Slavers","floor":25,"turns":4}],"seed_played":"-431005423244643120","potions_obtained":[{"floor":4,"key":"Strength Potion"},{"floor":7,"key":"PowerPotion"},{"floor":7,"key":"Fruit Juice"},{"floor":11,"key":"Swift Potion"},{"floor":14,"key":"Weak Potion"},{"floor":16,"key":"FearPotion"},{"floor":20,"key":"BlessingOfTheForge"},{"floor":21,"key":"LiquidBronze"},{"floor":22,"key":"GamblersBrew"}],"is_trial":false,"path_per_floor":["M","M","?","M","M","R","?","R","T","E","M","?","R","M","R","B",null,"M","$","M","M","M","R","M","E"],"character_chosen":"DEFECT","items_purchased":["Membership Card","PreservedInsect"],"campfire_rested":3,"item_purchase_floors":[19,19],"current_hp_per_floor":[43,43,43,41,32,32,32,59,59,33,27,27,27,21,43,37,66,66,66,44,34,26,48,38,0,0],"gold":92,"neow_bonus":"REMOVE_TWO","is_daily":false,"chose_seed":false,"campfire_upgraded":2,"win_rate":0.0,"timestamp":1613673560,"path_taken":["M","M","?","M","?","R","?","R","T","E","?","?","R","M","R","BOSS","M","$","M","M","M","R","M","E"],"items_purchased_type":["Relic","Relic"],"build_version":"2020-12-22","purchased_purges":0,"victory":false,"max_hp_per_floor":[71,71,71,71,71,71,71,76,76,76,76,76,76,76,76,76,76,76,76,76,76,76,76,76,76,76],"card_choices":[{"not_picked":["Sweeping Beam","Beam Cell"],"picked":"Cold Snap","floor":1},{"not_picked":["Reprogram","White Noise"],"picked":"Streamline","floor":2},{"not_picked":["Coolheaded","Aggregate"],"picked":"Glacier","floor":4},{"not_picked":["Lockon","Melter"],"picked":"Consume","floor":5},{"not_picked":["Fission","Turbo"],"picked":"Ball Lightning","floor":10},{"not_picked":["Chaos","Redo"],"picked":"Melter","floor":11},{"not_picked":["Stack","Leap"],"picked":"Cold Snap","floor":14},{"not_picked":["Biased Cognition","All For One"],"picked":"Seek","floor":16},{"not_picked":["Streamline","Storm","Coolheaded"],"picked":"SKIP","floor":18},{"not_picked":["Go for the Eyes","Ball Lightning"],"picked":"Defragment","floor":20},{"not_picked":["Chaos","Ball Lightning","Rebound"],"picked":"SKIP","floor":21},{"not_picked":["Chaos","Ball Lightning","Rebound"],"picked":"SKIP","floor":21},{"not_picked":["Leap","Blizzard"],"picked":"Hologram","floor":22},{"not_picked":["Coolheaded","Hello World","Rebound"],"picked":"SKIP","floor":24}],"player_experience":5360156,"relics_obtained":[{"floor":9,"key":"Matryoshka"},{"floor":10,"key":"Sundial"}],"event_choices":[{"cards_removed":["Strike_B"],"damage_healed":0,"gold_gain":0,"player_choice":"Purged","damage_taken":0,"max_hp_gain":0,"max_hp_loss":0,"event_name":"Purifier","floor":3,"gold_loss":0},{"damage_healed":0,"gold_gain":0,"player_choice":"Got Potions","damage_taken":0,"max_hp_gain":0,"max_hp_loss":0,"event_name":"Lab","floor":7,"gold_loss":0},{"damage_healed":0,"gold_gain":0,"cards_transformed":["Strike_B"],"player_choice":"Transformed","damage_taken":0,"max_hp_gain":0,"max_hp_loss":0,"event_name":"Transmorgrifier","floor":12,"gold_loss":0,"cards_obtained":["Double Energy"]}],"is_beta":false,"boss_relics":[{"not_picked":["Ectoplasm","Calling Bell"],"picked":"Inserter"}],"items_purged_floors":[],"is_endless":false,"potions_floor_spawned":[4,11,14,16,20,21,22],"killed_by":"Slavers","ascension_level":20}}