{"host":"goda751pbqw5j0wn","time":1613650233,"event":{"mods":["Act Like it!","Arknights","BaseMod","Highlight Path","Minty Spire (QoL Compilation)","READ ME - Guardian Mod","Shop Mod","StSLib","óô»ðÖ¸ÄÏ"],"gold_per_floor":[115,130,130,140,140,140,159,234,285,285,285],"floor_reached":10,"language":"ZHS","playtime":226,"items_purged":[],"score":58,"play_id":"3dcb9ef8-cc55-4243-b173-a2725ff3aac3","local_time":"20210218201033","is_ascension_mode":false,"campfire_choices":[{"data":"ats:Hammer On","floor":6,"key":"SMITH"}],"circlet_count":0,"master_deck":["ats:Strike C","ats:Strike G","ats:Strike S","ats:Strike V","ats:Armor Crushing Shot+1","ats:Defend","ats:Defend+1","ats:Defend+1","ats:Defend","ats:Emotion Absorption","ats:Hammer On+1","ats:Chain Hook","ats:Revitalization","Injury","ats:Consecutive Shot Auto"],"relics":["ats:Sanity","Toy Ornithopter","Golden Idol","War Paint"],"acts_visited":["Exordium"],"potions_floor_usage":[],"damage_taken":[{"damage":0,"enemies":"2 Louse","floor":1,"turns":3},{"damage":0,"enemies":"Small Slimes","floor":2,"turns":3},{"damage":1,"enemies":"Cultist","floor":4,"turns":3},{"damage":14,"enemies":"Blue Slaver","floor":7,"turns":3},{"damage":33,"enemies":"Lagavulin","floor":10,"turns":7}],"seed_played":"-3355975239169131830","potions_obtained":[{"floor":7,"key":"ats:Emergency Sanity Potion"}],"is_trial":false,"path_per_floor":["M","M","?","M","?","R","M","?","T","E"],"character_chosen":"DOCTOR_CLASS","items_purchased":[],"campfire_rested":0,"item_purchase_floors":[],"current_hp_per_floor":[72,72,47,46,46,46,32,21,21,0,0],"gold":285,"neow_bonus":"UPGRADE_CARD","is_daily":false,"chose_seed":false,"campfire_upgraded":1,"win_rate":0.0,"timestamp":1613650233,"path_taken":["M","M","?","M","?","R","?","?","T","E"],"items_purchased_type":[],"build_version":"2020-12-22","purchased_purges":0,"victory":false,"max_hp_per_floor":[72,72,72,72,72,72,72,72,72,72,72],"card_choices":[{"not_picked":["ats:Very Hot Blade","ats:Blood Oath"],"picked":"ats:Hammer On","floor":1},{"not_picked":["ats:Guardian Obelisk","ats:Hammer On"],"picked":"ats:Chain Hook","floor":2},{"not_picked":["ats:Absolute Focus","ats:Closed Bolt Burst Fire"],"picked":"ats:Revitalization","floor":4},{"not_picked":["ats:Curse Doll","ats:Thermite Blade"],"picked":"ats:Consecutive Shot Auto","floor":7}],"player_experience":538308,"relics_obtained":[{"floor":9,"key":"War Paint"}],"event_choices":[{"damage_healed":0,"gold_gain":0,"player_choice":"Success","damage_taken":25,"relics_obtained":["Toy Ornithopter"],"max_hp_gain":0,"max_hp_loss":0,"event_name":"Scrap Ooze","floor":3,"gold_loss":0},{"damage_healed":0,"gold_gain":0,"player_choice":"Take Wound","damage_taken":0,"relics_obtained":["Golden Idol"],"max_hp_gain":0,"max_hp_loss":0,"event_name":"Golden Idol","floor":5,"gold_loss":0,"cards_obtained":["Injury"]},{"damage_healed":0,"gold_gain":75,"player_choice":"Gather Gold","damage_taken":11,"max_hp_gain":0,"max_hp_loss":0,"event_name":"World of Goop","floor":8,"gold_loss":0}],"is_beta":false,"boss_relics":[],"items_purged_floors":[],"is_endless":false,"potions_floor_spawned":[7],"killed_by":"Lagavulin","ascension_level":0}}