{"host":"6ulps5ednfgqn0to","time":1613647852,"event":{"mods":["AchievementEnabler","BaseMod","Colored Map","Highlight Path","Minty Spire (QoL Compilation)","Relic Sorter","Relic Stats","StSLib"],"gold_per_floor":[111,61,80,80,80,105,120,146,146,166,166,178,190,224,224,320,320,336,336,336,261,281,281,281],"floor_reached":23,"language":"ENG","playtime":1087,"items_purged":[],"score":271,"play_id":"6578427b-32c8-4f02-b8ba-b39fd65a7a65","local_time":"20210218133052","is_ascension_mode":true,"campfire_choices":[{"floor":11,"key":"REST"},{"data":"Barrage","floor":15,"key":"SMITH"}],"circlet_count":0,"master_deck":["Strike_B","Defend_B+1","Defend_B","Defend_B+1","Zap","Dualcast","White Noise","Beam Cell","Go for the Eyes","Barrage+1","Reinforced Body","Chaos","Conserve Battery","Buffer","Fission+1","Fission+1","Stack+1","Undo","Hologram"],"relics":["Cracked Core","NeowsBlessing","Anchor","Blue Candle","Dead Branch","Torii","Eternal Feather","Astrolabe","Girya"],"acts_visited":["Exordium","TheCity"],"potions_floor_usage":[22],"damage_taken":[{"damage":0,"enemies":"Small Slimes","floor":1,"turns":1},{"damage":0,"enemies":"Jaw Worm","floor":3,"turns":1},{"damage":0,"enemies":"3 Sentries","floor":6,"turns":1},{"damage":0,"enemies":"2 Louse","floor":7,"turns":2},{"damage":36,"enemies":"Gremlin Nob","floor":8,"turns":5},{"damage":13,"enemies":"Exordium Wildlife","floor":10,"turns":4},{"damage":1,"enemies":"2 Fungi Beasts","floor":12,"turns":3},{"damage":0,"enemies":"3 Louse","floor":13,"turns":1},{"damage":12,"enemies":"Lagavulin","floor":14,"turns":7},{"damage":3,"enemies":"Hexaghost","floor":16,"turns":11},{"damage":0,"enemies":"Spheric Guardian","floor":18,"turns":3},{"damage":58,"enemies":"Chosen","floor":22,"turns":9},{"damage":20,"enemies":"Gremlin Leader","floor":23,"turns":4}],"seed_played":"5897192228378343247","potions_obtained":[{"floor":3,"key":"SpeedPotion"},{"floor":6,"key":"Strength Potion"},{"floor":10,"key":"SpeedPotion"},{"floor":13,"key":"PotionOfCapacity"},{"floor":18,"key":"Block Potion"}],"is_trial":false,"path_per_floor":["M","?","M","T","?","E","M","E","T","M","R","M","M","E","R","B",null,"M","?","?","?","M","E"],"character_chosen":"DEFECT","items_purchased":[],"campfire_rested":1,"item_purchase_floors":[],"current_hp_per_floor":[75,75,75,75,60,60,60,24,24,11,33,32,32,20,29,26,75,75,75,75,75,17,0,0],"gold":281,"neow_bonus":"THREE_ENEMY_KILL","is_daily":false,"chose_seed":false,"campfire_upgraded":1,"win_rate":0.0,"timestamp":1613647852,"path_taken":["M","?","M","?","?","E","M","E","T","M","R","M","M","E","R","BOSS","M","?","?","?","M","E"],"items_purchased_type":[],"build_version":"2020-12-22","purchased_purges":0,"victory":false,"max_hp_per_floor":[75,75,75,75,75,75,75,75,75,75,75,75,75,75,75,75,75,75,75,75,75,75,75,75],"relic_stats":{"Torii":11,"counters":[13,52],"Blue Candle":[0],"Dead Branch":[22],"Astrolabe":["Fission","Fission","Stack"],"Eternal Feather":9,"obtain_stats":[{"Girya":19,"Anchor":4,"NeowsBlessing":0,"Torii":9,"Blue Candle":6,"Dead Branch":8,"Astrolabe":17,"Eternal Feather":14,"Cracked Core":0},{"Girya":11,"Anchor":2,"NeowsBlessing":0,"Torii":5,"Blue Candle":3,"Dead Branch":5,"Astrolabe":10,"Eternal Feather":9,"Cracked Core":0},{"Girya":39,"Anchor":2,"NeowsBlessing":0,"Torii":10,"Blue Candle":3,"Dead Branch":10,"Astrolabe":36,"Eternal Feather":25,"Cracked Core":0}]},"card_choices":[{"not_picked":["Redo","Cold Snap"],"picked":"Gash","floor":1},{"not_picked":["Steam","Storm"],"picked":"White Noise","floor":3},{"not_picked":["Go for the Eyes","Scrape"],"picked":"Beam Cell","floor":6},{"not_picked":["Rip and Tear","Defragment"],"picked":"Go for the Eyes","floor":7},{"not_picked":["Beam Cell","Storm"],"picked":"Barrage","floor":8},{"not_picked":["Lockon","Chaos"],"picked":"Reinforced Body","floor":10},{"not_picked":["Redo","Beam Cell"],"picked":"Chaos","floor":12},{"not_picked":["Scrape","Thunder Strike"],"picked":"Redo","floor":13},{"not_picked":["Stack","Go for the Eyes"],"picked":"Conserve Battery","floor":14},{"not_picked":["Fission","Thunder Strike"],"picked":"Buffer","floor":16},{"not_picked":["Leap","Conserve Battery+1"],"picked":"Undo","floor":18},{"not_picked":["Beam Cell","Redo"],"picked":"Hologram","floor":22}],"player_experience":50182,"relics_obtained":[{"floor":4,"key":"Anchor"},{"floor":6,"key":"Blue Candle"},{"floor":8,"key":"Dead Branch"},{"floor":9,"key":"Torii"},{"floor":14,"key":"Eternal Feather"}],"event_choices":[{"cards_removed":["Strike_B"],"damage_healed":0,"gold_gain":0,"player_choice":"Card Removal","damage_taken":0,"max_hp_gain":0,"max_hp_loss":0,"event_name":"The Cleric","floor":2,"gold_loss":50},{"damage_healed":0,"gold_gain":0,"player_choice":"Entered Light","damage_taken":15,"max_hp_gain":0,"max_hp_loss":0,"event_name":"Shining Light","floor":5,"gold_loss":0,"cards_upgraded":["Defend_B","Defend_B"]},{"damage_healed":0,"gold_gain":0,"player_choice":"Opened","damage_taken":0,"relics_obtained":["Girya"],"max_hp_gain":0,"max_hp_loss":0,"event_name":"The Mausoleum","floor":19,"gold_loss":0},{"cards_removed":["Gash"],"damage_healed":0,"gold_gain":0,"player_choice":"Elegance","damage_taken":0,"max_hp_gain":0,"max_hp_loss":0,"event_name":"Back to Basics","floor":20,"gold_loss":0},{"cards_removed":["Redo"],"damage_healed":0,"gold_gain":0,"player_choice":"Gave Gold","damage_taken":0,"max_hp_gain":0,"max_hp_loss":0,"event_name":"Beggar","floor":21,"gold_loss":75}],"is_beta":false,"boss_relics":[{"not_picked":["SacredBark","Cursed Key"],"picked":"Astrolabe"}],"items_purged_floors":[],"is_endless":false,"potions_floor_spawned":[3,6,10,13,14,18],"killed_by":"Gremlin Leader","ascension_level":3}}