{"host":"fuszjwm6fqgjjp4d","time":1613679568,"event":{"mods":["BaseMod","Colored Map","Minty Spire (QoL Compilation)","Permanent Neow","Relic Sorter","Relic Stats","StSLib"],"gold_per_floor":[117,117,128,138,63,90,90,125,194,194,226,226,6,26,26,99,99,112,112,112,112,124,124,124,124],"floor_reached":24,"language":"ENG","playtime":471,"items_purged":[],"score":574,"play_id":"176b9932-c393-4371-8994-f00ac4691cd3","local_time":"20210218141928","is_ascension_mode":true,"campfire_choices":[{"data":"Tempest","floor":7.0,"key":"SMITH"},{"data":"Machine Learning","floor":10.0,"key":"SMITH"},{"floor":15.0,"key":"REST"},{"floor":23,"key":"REST"}],"circlet_count":0,"master_deck":["AscendersBane","Strike_B","Strike_B","Strike_B","Defend_B","Defend_B","Defend_B","Defend_B","Zap+1","Dualcast","Ball Lightning","Tempest+1","Electrodynamics","Machine Learning+1","Hologram","Electrodynamics","Hologram+1","Coolheaded"],"relics":["Cracked Core","WarpedTongs","StoneCalendar","Boot","Blue Candle","Tiny Chest","Toolbox","SacredBark","Blood Vial"],"acts_visited":["Exordium","TheCity"],"potions_floor_usage":[18],"damage_taken":[{"damage":1.0,"enemies":"2 Louse","floor":1.0,"turns":3.0},{"damage":0.0,"enemies":"Cultist","floor":3.0,"turns":2.0},{"damage":3.0,"enemies":"Small Slimes","floor":4.0,"turns":3.0},{"damage":32.0,"enemies":"3 Sentries","floor":6.0,"turns":7.0},{"damage":0.0,"enemies":"Gremlin Nob","floor":8.0,"turns":3.0},{"damage":20.0,"enemies":"Lagavulin","floor":11.0,"turns":6.0},{"damage":0.0,"enemies":"2 Fungi Beasts","floor":14.0,"turns":2.0},{"damage":0.0,"enemies":"Slime Boss","floor":16.0,"turns":5.0},{"damage":17,"enemies":"2 Thieves","floor":18,"turns":2},{"damage":23,"enemies":"Spheric Guardian","floor":22,"turns":4},{"damage":38,"enemies":"Gremlin Leader","floor":24,"turns":2}],"seed_played":"4481856593041936417","potions_obtained":[{"floor":3.0,"key":"Weak Potion"},{"floor":6.0,"key":"Fire Potion"},{"floor":8.0,"key":"LiquidBronze"},{"floor":14.0,"key":"AttackPotion"},{"floor":16.0,"key":"Fruit Juice"},{"floor":22,"key":"Strength Potion"}],"is_trial":false,"path_per_floor":["M","?","M","M","?","E","R","E","T","R","E","?","$","M","R","B",null,"M","?","?","T","M","R","E"],"character_chosen":"DEFECT","items_purchased":["Toolbox","Explosive Potion"],"campfire_rested":2,"item_purchase_floors":[13,13],"current_hp_per_floor":[63,63,63,60,60,28,28,28,28,28,8,1,1,1,22,22,69,52,29,29,29,8,33,0,0],"gold":124,"neow_bonus":"UPGRADE_CARD","is_daily":false,"chose_seed":false,"campfire_upgraded":2,"win_rate":0.0,"timestamp":1613679568,"path_taken":["M","?","?","?","?","E","R","E","T","R","E","?","$","M","R","BOSS","M","?","?","?","M","R","E"],"items_purchased_type":["Relic","Potion"],"build_version":"2020-12-22","purchased_purges":0,"victory":false,"max_hp_per_floor":[71,71,71,71,71,71,71,71,71,71,71,71,71,71,71,71,81,81,86,86,86,86,86,86,86],"relic_stats":{"Blood Vial":4,"counters":[11,39],"Blue Candle":[0],"StoneCalendar":[0],"Tiny Chest":1,"Boot":[0],"obtain_stats":[{"Blood Vial":21,"Blue Candle":9,"SacredBark":17,"Toolbox":13,"StoneCalendar":6,"Tiny Chest":11,"Cracked Core":0,"Boot":8,"WarpedTongs":2},{"Blood Vial":9,"Blue Candle":5,"SacredBark":8,"Toolbox":6,"StoneCalendar":4,"Tiny Chest":6,"Cracked Core":0,"Boot":5,"WarpedTongs":1},{"Blood Vial":33,"Blue Candle":18,"SacredBark":31,"Toolbox":24,"StoneCalendar":15,"Tiny Chest":24,"Cracked Core":0,"Boot":18,"WarpedTongs":3}],"WarpedTongs":[35]},"card_choices":[{"not_picked":["Cold Snap","Doom and Gloom"],"picked":"Ball Lightning","floor":1.0},{"not_picked":["Reinforced Body","Stack"],"picked":"Tempest","floor":3.0},{"not_picked":["Scrape","Stack","Go for the Eyes"],"picked":"SKIP","floor":4.0},{"not_picked":["Ball Lightning","Undo"],"picked":"Electrodynamics","floor":6.0},{"not_picked":["Leap","Chill"],"picked":"Machine Learning","floor":8.0},{"not_picked":["Go for the Eyes","Meteor Strike"],"picked":"Hologram","floor":11.0},{"not_picked":["Beam Cell","Reprogram","Force Field"],"picked":"SKIP","floor":14.0},{"not_picked":["Rainbow","Multi-Cast"],"picked":"Electrodynamics","floor":16.0},{"not_picked":["Beam Cell","Skim","Hologram"],"picked":"SKIP","floor":18},{"not_picked":["Beam Cell","Skim"],"picked":"Hologram","floor":18},{"not_picked":["Rebound","Fusion"],"picked":"Coolheaded","floor":22}],"player_experience":1497271,"relics_obtained":[{"floor":6.0,"key":"StoneCalendar"},{"floor":8.0,"key":"Boot"},{"floor":9.0,"key":"Blue Candle"},{"floor":11.0,"key":"Tiny Chest"},{"floor":21,"key":"Blood Vial"}],"event_choices":[{"damage_healed":0.0,"max_hp_gain":0.0,"max_hp_loss":0.0,"gold_gain":0.0,"event_name":"Accursed Blacksmith","player_choice":"Rummage","floor":2.0,"gold_loss":0.0,"damage_taken":0.0,"relics_obtained":["WarpedTongs"],"cards_obtained":["Pain"]},{"cards_removed":["Pain"],"damage_healed":0.0,"max_hp_gain":0.0,"max_hp_loss":0.0,"gold_gain":0.0,"event_name":"The Cleric","player_choice":"Card Removal","floor":5.0,"gold_loss":75.0,"damage_taken":0.0},{"cards_removed":["Strike_B"],"damage_healed":0.0,"max_hp_gain":0.0,"max_hp_loss":0.0,"gold_gain":0.0,"event_name":"Golden Wing","player_choice":"Card Removal","floor":12.0,"gold_loss":0.0,"damage_taken":7.0},{"damage_healed":0,"gold_gain":0,"player_choice":"Shed Blood","damage_taken":28,"max_hp_gain":5,"max_hp_loss":0,"event_name":"Forgotten Altar","floor":19,"gold_loss":0},{"damage_healed":0,"gold_gain":0,"player_choice":"Upgraded","damage_taken":0,"max_hp_gain":0,"max_hp_loss":0,"event_name":"Upgrade Shrine","floor":20,"gold_loss":0,"cards_upgraded":["Hologram"]}],"is_beta":false,"boss_relics":[{"not_picked":["Coffee Dripper","Runic Pyramid"],"picked":"SacredBark"}],"items_purged_floors":[],"is_endless":false,"potions_floor_spawned":[3,6,8,14,16,22],"killed_by":"Gremlin Leader","ascension_level":20}}