{"host":"4qp30tywltrhkmjj","time":1613670608,"event":{"mods":["2.2 Compatiblity","AchievementEnabler","Act Like it!","Ascension Unlocker","Aspiration","BaseMod","Bestiary","Better Altar","Better Match","Better Note","Better Skull","Better Third Choice","BetterRewards","CCEM2","CapriCore","Challenge The Spire","Colored Map","Colored Powertips","Conjunction","Conspire","Defuse TimeMaze Blight","Displayed Cursed Tome","Downfall","EXCEPTION","Emptier Cage","Energized Spire","Exacting","Gold Saver","Halation","Highlight Path","Hubris","Infinite Spire","Jedi Mod","Lobotomy","LobotomyExtend","Minty Spire (QoL Compilation)","Poor People Problems","Replay The Spire","Ruina","SacredBarkPlus","Shop Mod","Spicy Shops","Spire Arcade","StSLib","The Blue Laboratory","Transform Curses","Uncapped","Unceasing Turn Reminder","Wandering Minibosses","Yuri Mod"],"gold_per_floor":[712,725,755,774,774,774,774,851,877,977,36,46,81,95,126,126,126,126],"floor_reached":16,"language":"ENG","playtime":929,"items_purged":[],"score":220,"play_id":"8f751071-e689-4d9b-af04-6876ae9e4dff","local_time":"20210218185008","is_ascension_mode":true,"campfire_choices":[{"floor":1.0,"key":"RECALL"}],"circlet_count":0,"master_deck":["AscendersBane","bronze:Strike","bronze:Strike","bronze:Strike","bronze:Strike","bronze:Defend","bronze:Defend","bronze:Defend","bronze:Defend","bronze:Replicate","bronze:Goto","bronze:InfiniteBeams+1","bronze:DazingPulse","bronze:Explode","bronze:Optimize+1","OSAHOGD","bronze:Repair","bronze:Terminator","bronze:GetLatest","bronze:FineTuning","bronze:InfiniteBeams"],"relics":["bronze:BronzeCore","Slimebound:StickyStick","LetterFromLob","CogitoBucket","halation:EternalFortune","hubris:Icosahedron","CCEMRelics:TinyMinotavrHorn","Unceasing Top","LaetitiaHeart","Tiny Chest","sneckomod:BlankCard","Guide Book","halation:PrussianBluePaint","CCEMRelics:WrappedPresent","Pet Ghost","bronze:Mallet","Logging_r","CCEMRelics:BundleOfChain","SkinProphecy","SolemnVow_r"],"acts_visited":["Exordium"],"potions_floor_usage":[15,16],"damage_taken":[{"damage":10.0,"enemies":"2 Louse","floor":2.0,"turns":3.0},{"damage":19.0,"enemies":"2 Louse","floor":3.0,"turns":3.0},{"damage":7.0,"enemies":"Jaw Worm","floor":4.0,"turns":3.0},{"damage":6.0,"enemies":"3 Sentries","floor":9.0,"turns":4.0},{"damage":0.0,"enemies":"Small Slimes","floor":10.0,"turns":2.0},{"damage":5.0,"enemies":"downfall:FleeingMerchant","floor":11.0,"turns":4.0},{"damage":1,"enemies":"Small Slimes","floor":12,"turns":2},{"damage":37,"enemies":"Lagavulin","floor":13,"turns":5},{"damage":5,"enemies":"2 Fungi Beasts","floor":14,"turns":1},{"damage":33,"enemies":"Large Slime","floor":15,"turns":5},{"damage":24,"enemies":"IC_STATUS_ARCHETYPE","floor":16,"turns":2}],"seed_played":"6914068556678946735","potions_obtained":[{"floor":2.0,"key":"Explosive Potion"},{"floor":4.0,"key":"blueLaboratory:EmptyBottle"},{"floor":14,"key":"Fruit Juice"},{"floor":15,"key":"Slimebound:ThreeZeroPotion"}],"is_trial":false,"path_per_floor":["R_BF","M","?","M","?","?","T","T","E","M","$","M","E","M","M","B"],"character_chosen":"THE_AUTOMATON","items_purchased":["Tiny Chest","sneckomod:BlankCard","Guide Book","halation:PrussianBluePaint","CCEMRelics:WrappedPresent","bronze:Terminator"],"campfire_rested":0,"item_purchase_floors":[11,11,11,11,11,11],"current_hp_per_floor":[57,47,28,21,24,24,24,24,18,18,13,66,39,46,28,0,0,0],"gold":126,"neow_bonus":"RANDOM_COMMON_RELIC","is_daily":false,"chose_seed":false,"campfire_upgraded":0,"win_rate":0.0,"timestamp":1613670608,"path_taken":["R_BF","M","?","M","?","?","T","?","E","M","$","M","E","M","M","BOSS"],"items_purchased_type":["Relic","Relic","Relic","Relic","Relic","Card"],"build_version":"2020-12-22","purchased_purges":0,"victory":false,"max_hp_per_floor":[63,63,63,63,66,66,66,66,66,66,66,66,66,66,71,73,73,73],"card_choices":[{"not_picked":["bronze:WildBeam","bronze:Frontload"],"picked":"bronze:InfiniteBeams","floor":2.0},{"not_picked":[],"picked":"bronze:DazingPulse","floor":3.0},{"not_picked":[],"picked":"bronze:Explode","floor":3.0},{"not_picked":["WallGazer","HappyTeddy","UniverseFragment"],"picked":"Singing Bowl","floor":4.0},{"not_picked":["OldLady","Alriune"],"picked":"MeltingLove","floor":4.0},{"not_picked":["bronze:DigitalCarnage","bronze:Separator"],"picked":"bronze:Optimize","floor":4.0},{"not_picked":["SnowQueen","WallGazer"],"picked":"OSAHOGD","floor":9.0},{"not_picked":["bronze:DelayedSlice","bronze:FineTuning","bronze:ClassDefault"],"picked":"SKIP","floor":9.0},{"not_picked":["Bloodbath","ShyLook","DreamingCurrent"],"picked":"Singing Bowl","floor":11.0},{"not_picked":["LittleHelper","CherryBlossoms"],"picked":"Woodsman","floor":11.0},{"not_picked":["bronze:WildBeam","bronze:Turbo"],"picked":"bronze:Repair","floor":11.0},{"not_picked":["bronze:ThunderWave","bronze:Deprecate"],"picked":"bronze:GetLatest","floor":12},{"not_picked":["VoidDream","CrumblingArmor"],"picked":"BigBird","floor":13},{"not_picked":["bronze:Refactor","bronze:Iterate","bronze:Overload"],"picked":"SKIP","floor":13},{"not_picked":["UniverseFragment","Wellcheers","CherryBlossoms"],"picked":"Singing Bowl","floor":14},{"not_picked":["bronze:Iterate","bronze:WildBeam"],"picked":"bronze:FineTuning","floor":14},{"not_picked":["bronze:Deprecate","bronze:BugBarrage"],"picked":"bronze:InfiniteBeams","floor":15},{"not_picked":["VoidDream","BeautyBeast","Bloodbath"],"picked":"Singing Bowl","floor":15},{"not_picked":["GalaxyChild","Bloodbath"],"picked":"Funeral","floor":15}],"player_experience":481907,"relics_obtained":[{"floor":2.0,"key":"LetterFromLob"},{"floor":8.0,"key":"CCEMRelics:TinyMinotavrHorn"},{"floor":9.0,"key":"Unceasing Top"},{"floor":11.0,"key":"Pet Ghost"},{"floor":11.0,"key":"bronze:Mallet"},{"floor":13,"key":"CCEMRelics:BundleOfChain"}],"event_choices":[],"is_beta":false,"boss_relics":[],"items_purged_floors":[],"is_endless":false,"potions_floor_spawned":[2,10,14,15],"killed_by":"IC_STATUS_ARCHETYPE","ascension_level":20}}