{"host":"enu5gq013fznxjyt","time":1613682315,"event":{"mods":["BaseMod","Better Note","Block Reminder","Colored Powertips","Minty Spire (QoL Compilation)","Quick Restart","Relic Stats","StSLib"],"gold_per_floor":[109,124,299,5,25,25,36,66,66,66,66,99,116,116,116,215,215,228,188,201,201,201,201,215,215,215,227,261,261,281,196,196,196,196],"floor_reached":33,"language":"ENG","playtime":1236,"items_purged":[],"score":300,"play_id":"d2434a41-3e32-4a77-8dce-e9e4f4cb9bb3","local_time":"20210218130515","is_ascension_mode":false,"campfire_choices":[{"data":"Zap","floor":6.0,"key":"SMITH"},{"floor":15.0,"key":"REST"},{"floor":23,"key":"RECALL"},{"floor":25,"key":"REST"},{"floor":29,"key":"DIG"},{"floor":32,"key":"DIG"}],"circlet_count":0,"master_deck":["Strike_B","Strike_B","Strike_B","Strike_B","Defend_B+1","Defend_B","Defend_B","Defend_B","Zap+1","Dualcast","Melter","Loop","Doubt","Stack+1","Redo","Aggregate","Ball Lightning","Loop","Loop","BootSequence","Leap+1","Defragment"],"relics":["Cracked Core","NeowsBlessing","Incense Burner","Singing Bowl","TungstenRod","Pear","Fusion Hammer","FaceOfCleric","Eternal Feather","Shovel","Potion Belt","Turnip","Bronze Scales"],"acts_visited":["Exordium","TheCity"],"potions_floor_usage":[28,30,33,33,33],"damage_taken":[{"damage":0.0,"enemies":"Jaw Worm","floor":1.0,"turns":1.0},{"damage":0.0,"enemies":"2 Louse","floor":2.0,"turns":1.0},{"damage":0.0,"enemies":"Small Slimes","floor":5.0,"turns":1.0},{"damage":9.0,"enemies":"3 Louse","floor":7.0,"turns":3.0},{"damage":14.0,"enemies":"3 Sentries","floor":8.0,"turns":6.0},{"damage":28.0,"enemies":"Gremlin Nob","floor":12.0,"turns":4.0},{"damage":5.0,"enemies":"Looter","floor":13.0,"turns":3.0},{"damage":39,"enemies":"Slime Boss","floor":16,"turns":10},{"damage":4,"enemies":"Shell Parasite","floor":18,"turns":5},{"damage":12,"enemies":"3 Byrds","floor":20,"turns":5},{"damage":18,"enemies":"Centurion and Healer","floor":24,"turns":9},{"damage":16,"enemies":"Snake Plant","floor":27,"turns":5},{"damage":37,"enemies":"Book of Stabbing","floor":28,"turns":7},{"damage":0,"enemies":"Cultist and Chosen","floor":30,"turns":6},{"damage":65,"enemies":"Collector","floor":33,"turns":7}],"seed_played":"-7602124334551499794","potions_obtained":[{"floor":1.0,"key":"AttackPotion"},{"floor":5.0,"key":"Fire Potion"},{"floor":7.0,"key":"Fruit Juice"},{"floor":19,"key":"Explosive Potion"},{"floor":19,"key":"SpeedPotion"},{"floor":19,"key":"BlessingOfTheForge"},{"floor":28,"key":"SkillPotion"},{"floor":30,"key":"SteroidPotion"}],"is_trial":false,"path_per_floor":["M","M","?","$","M","R","M","E","T","?","$","E","M","?","R","B",null,"M","?","M","?","?","R","M","R","T","M","E","R","M","?","R","B"],"character_chosen":"DEFECT","items_purchased":["Incense Burner"],"campfire_rested":2,"item_purchase_floors":[4],"current_hp_per_floor":[75,75,75,75,75,75,66,57,57,57,57,39,34,17,44,7,92,88,88,76,76,76,76,59,86,86,73,37,49,52,52,64,0,0],"gold":196,"neow_bonus":"THREE_ENEMY_KILL","is_daily":false,"chose_seed":false,"campfire_upgraded":1,"win_rate":0.0,"timestamp":1613682315,"path_taken":["M","M","?","$","M","R","M","E","T","?","$","E","M","?","R","BOSS","M","?","M","?","?","R","M","R","T","M","E","R","?","?","R","BOSS"],"items_purchased_type":["Relic"],"build_version":"2020-12-22","purchased_purges":0,"victory":false,"max_hp_per_floor":[75,75,75,75,75,75,75,80,80,80,80,90,90,90,90,92,92,92,92,92,92,92,92,93,93,93,96,97,97,100,100,100,100,100],"relic_stats":{"Shovel":2,"Singing Bowl":6,"FaceOfCleric":4,"counters":[15,72],"Bronze Scales":[26],"Eternal Feather":24,"Turnip":[3],"obtain_stats":[{"Potion Belt":29,"Pear":12,"NeowsBlessing":0,"Singing Bowl":8,"Eternal Feather":26,"Incense Burner":4,"Shovel":28,"FaceOfCleric":22,"Bronze Scales":32,"Fusion Hammer":17,"Turnip":31,"Cracked Core":0,"TungstenRod":10},{"Potion Belt":13,"Pear":6,"NeowsBlessing":0,"Singing Bowl":5,"Eternal Feather":11,"Incense Burner":2,"Shovel":13,"FaceOfCleric":10,"Bronze Scales":14,"Fusion Hammer":8,"Turnip":14,"Cracked Core":0,"TungstenRod":5},{"Potion Belt":59,"Pear":16,"NeowsBlessing":0,"Singing Bowl":12,"Eternal Feather":47,"Incense Burner":2,"Shovel":59,"FaceOfCleric":38,"Bronze Scales":65,"Fusion Hammer":29,"Turnip":65,"Cracked Core":0,"TungstenRod":12}],"TungstenRod":55},"card_choices":[{"not_picked":["Go for the Eyes","Ball Lightning"],"picked":"Melter","floor":1.0},{"not_picked":["Turbo","Streamline"],"picked":"Loop","floor":2.0},{"not_picked":["Reprogram","Hologram"],"picked":"Stack","floor":5.0},{"not_picked":["Cold Snap","Stack"],"picked":"Redo","floor":7.0},{"not_picked":["Chaos","Self Repair"],"picked":"Aggregate","floor":8.0},{"not_picked":["Hello World","Lockon"],"picked":"Ball Lightning","floor":12.0},{"not_picked":["Force Field","Hello World"],"picked":"Loop","floor":13.0},{"not_picked":["Hyperbeam","Biased Cognition","Thunder Strike"],"picked":"Singing Bowl","floor":16},{"not_picked":["Beam Cell","Go for the Eyes"],"picked":"Loop","floor":18},{"not_picked":["Compile Driver","Glacier"],"picked":"BootSequence","floor":20},{"not_picked":["Doom and Gloom+1","Undo"],"picked":"Leap+1","floor":24},{"not_picked":["Streamline","Storm","Meteor Strike"],"picked":"Singing Bowl","floor":27},{"not_picked":["Cold Snap","Consume"],"picked":"Defragment","floor":28},{"not_picked":["Sweeping Beam","Rip and Tear","Hologram+1"],"picked":"Singing Bowl","floor":30}],"player_experience":254772,"relics_obtained":[{"floor":8.0,"key":"Singing Bowl"},{"floor":12.0,"key":"Pear"},{"floor":26,"key":"Eternal Feather"},{"floor":28,"key":"Shovel"},{"floor":29,"key":"Potion Belt"},{"floor":32,"key":"Bronze Scales"}],"event_choices":[{"damage_healed":0.0,"max_hp_gain":0.0,"max_hp_loss":0.0,"gold_gain":175.0,"event_name":"Liars Game","player_choice":"AGREE","floor":3.0,"gold_loss":0.0,"damage_taken":0.0,"cards_obtained":["Doubt"]},{"damage_healed":0.0,"max_hp_gain":0.0,"max_hp_loss":0.0,"gold_gain":0.0,"event_name":"Big Fish","player_choice":"Box","floor":10.0,"gold_loss":0.0,"damage_taken":0.0,"relics_obtained":["TungstenRod"],"cards_obtained":["Regret"]},{"damage_healed":0.0,"max_hp_gain":0.0,"max_hp_loss":0.0,"gold_gain":0.0,"event_name":"Shining Light","player_choice":"Entered Light","floor":14.0,"gold_loss":0.0,"damage_taken":18.0,"cards_upgraded":["Stack","Defend_B"]},{"damage_healed":0,"gold_gain":0,"player_choice":"Bought 3 Potions","damage_taken":0,"max_hp_gain":0,"max_hp_loss":0,"event_name":"The Woman in Blue","floor":19,"gold_loss":0},{"cards_removed":["Regret"],"damage_healed":0,"gold_gain":0,"player_choice":"Purged","damage_taken":0,"max_hp_gain":0,"max_hp_loss":0,"event_name":"Purifier","floor":21,"gold_loss":0},{"damage_healed":0,"gold_gain":0,"player_choice":"Trade","damage_taken":0,"relics_obtained":["FaceOfCleric"],"max_hp_gain":0,"max_hp_loss":0,"event_name":"FaceTrader","floor":22,"gold_loss":0},{"damage_healed":0,"gold_gain":0,"player_choice":"Obtained Relic","damage_taken":0,"relics_obtained":["Turnip"],"max_hp_gain":0,"max_hp_loss":0,"event_name":"Addict","floor":31,"gold_loss":85}],"is_beta":false,"boss_relics":[{"not_picked":["Busted Crown","SlaversCollar"],"picked":"Fusion Hammer"}],"items_purged_floors":[],"is_endless":false,"potions_floor_spawned":[1,5,7,24,28,30],"killed_by":"Collector","ascension_level":0}}