{"host":"uzp1tn8qxn9571p9","time":1613646046,"event":{"mods":["Aspiration","BaseMod","Bossed Relics","Colored Map","Colored Powertips","Curses Come First","Hermit","Marisa£®ÏF”Í°°ƒß¿Ì…≥£©","Mimic Mod","Minty Spire (QoL Compilation)","StSLib","The Jungle","The Marked","The Poker Player","The Runesmith"],"gold_per_floor":[119,39,51,65,140,169,169,204,204,11,186,216,266,284,284,383,383,399,314,47,47,66,94,94,104,129,158,196,208,220,267,279,387,399,425,437,78,94,113,113,161,161,187,206,206,206,239,289,289,289,289,289,2,37,37],"floor_reached":56,"language":"ZHS","playtime":3532,"items_purged":["Doubt","hermit:Defend_Hermit","hermit:Quickdraw"],"score":1474,"play_id":"441eaee1-1e46-4e48-94a0-dc25414ec51f","local_time":"20210218190046","is_ascension_mode":true,"campfire_choices":[{"data":"hermit:Showdown","floor":7.0,"key":"SMITH"},{"data":"hermit:Maintenance","floor":15.0,"key":"SMITH"},{"data":"hermit:FullyLoaded","floor":24.0,"key":"SMITH"},{"data":"hermit:HighNoon","floor":29.0,"key":"SMITH"},{"data":"hermit:HeroicBravado","floor":32.0,"key":"SMITH"},{"data":"hermit:HeroicBravado","floor":40.0,"key":"SMITH"},{"data":"hermit:HighCaliber","floor":42.0,"key":"SMITH"},{"data":"hermit:CalledShot","floor":45.0,"key":"SMITH"},{"floor":49,"key":"RECALL"},{"data":"hermit:Maintenance","floor":52,"key":"SMITH"}],"circlet_count":0,"master_deck":["hermit:Strike_Hermit","hermit:Strike_Hermit","hermit:Strike_Hermit","hermit:Strike_Hermit","hermit:Defend_Hermit","hermit:Defend_Hermit","hermit:Defend_Hermit","hermit:Snapshot","hermit:Covet","hermit:Gestalt","hermit:Showdown+1","hermit:GoldenBullet","hermit:Maintenance+1","hermit:FullyLoaded+1","hermit:WideOpen","hermit:HeroicBravado+1","hermit:EyeOfTheStorm+1","hermit:HighNoon+1","hermit:LuckOfTheDraw+1","hermit:HighCaliber+1","hermit:HeroicBravado+1","hermit:HighCaliber+1","hermit:Showdown+1","hermit:Roulette+1","hermit:CalledShot+1","Madness","Madness","hermit:Maintenance+1"],"relics":["hermit:Momento","Ornamental Fan","MealTicket","Pantograph","Membership Card","Bag of Marbles","Runic Dome","hermit:Horseshoe","Art of War","ClockworkSouvenir","Bag of Preparation","InkBottle","MawBank","Happy Flower","Matryoshka","Empty Cage","DollysMirror","Toy Ornithopter","Kunai","aspiration:HatOfInfinitePower","Gremlin Horn","Strawberry","Lantern","TungstenRod","Centennial Puzzle","Anchor","PrismaticShard","Sundial"],"acts_visited":["Exordium","TheCity","TheBeyond","TheEnding"],"potions_floor_usage":[48,48,50,50],"damage_taken":[{"damage":0.0,"enemies":"Small Slimes","floor":1.0,"turns":3.0},{"damage":0.0,"enemies":"2 Louse","floor":3.0,"turns":1.0},{"damage":2.0,"enemies":"Jaw Worm","floor":4.0,"turns":2.0},{"damage":2.0,"enemies":"Lagavulin","floor":6.0,"turns":5.0},{"damage":4.0,"enemies":"Gremlin Nob","floor":8.0,"turns":4.0},{"damage":2.0,"enemies":"3 Sentries","floor":12.0,"turns":4.0},{"damage":2.0,"enemies":"Exordium Thugs","floor":14.0,"turns":4.0},{"damage":73.0,"enemies":"Hexaghost","floor":16.0,"turns":13.0},{"damage":1.0,"enemies":"2 Thieves","floor":18.0,"turns":3.0},{"damage":0.0,"enemies":"Shell Parasite","floor":22.0,"turns":1.0},{"damage":4.0,"enemies":"Slavers","floor":23.0,"turns":4.0},{"damage":3.0,"enemies":"Snake Plant","floor":25.0,"turns":4.0},{"damage":2.0,"enemies":"3 Cultists","floor":27.0,"turns":4.0},{"damage":2.0,"enemies":"Gremlin Leader","floor":28.0,"turns":5.0},{"damage":1.0,"enemies":"Book of Stabbing","floor":31.0,"turns":3.0},{"damage":22.0,"enemies":"Collector","floor":33.0,"turns":4.0},{"damage":1.0,"enemies":"Orb Walker","floor":35.0,"turns":2.0},{"damage":19.0,"enemies":"3 Shapes","floor":38.0,"turns":4.0},{"damage":0.0,"enemies":"Sphere and 2 Shapes","floor":39.0,"turns":3.0},{"damage":8.0,"enemies":"2 Orb Walkers","floor":41.0,"turns":4.0},{"damage":3.0,"enemies":"Writhing Mass","floor":44.0,"turns":3.0},{"damage":4,"enemies":"Nemesis","floor":47,"turns":5},{"damage":10,"enemies":"Mind Bloom Boss Battle","floor":48,"turns":4},{"damage":0,"enemies":"Time Eater","floor":50,"turns":7},{"damage":14,"enemies":"Shield and Spear","floor":54,"turns":6},{"damage":31,"enemies":"The Heart","floor":55,"turns":8}],"seed_played":"1987532187682459665","potions_obtained":[{"floor":1.0,"key":"FearPotion"},{"floor":3.0,"key":"Block Potion"},{"floor":14.0,"key":"Block Potion"},{"floor":16.0,"key":"GamblersBrew"},{"floor":23.0,"key":"SneckoOil"},{"floor":27.0,"key":"Dexterity Potion"},{"floor":31.0,"key":"Swift Potion"},{"floor":39.0,"key":"Block Potion"},{"floor":41.0,"key":"Regen Potion"},{"floor":48,"key":"GamblersBrew"}],"is_trial":false,"path_per_floor":["M","$","M","M","?","E","R","E","T","$","?","E","T","M","R","B",null,"M","?","$","?","M","E","R","M","T","M","E","R","?","E","R","B",null,"M","?","$","M","M","R","?","R","T","M","R","?","E","?","R","B",null,"R","$","E","B",null],"character_chosen":"HERMIT","items_purchased":["hermit:NoHoldsBarred","Membership Card","hermit:Maintenance","Art of War","ClockworkSouvenir","Bag of Preparation","Fruit Juice","DollysMirror","Toy Ornithopter","Kunai","Centennial Puzzle","Anchor","PrismaticShard"],"campfire_rested":0,"item_purchase_floors":[2,10,10,20,20,20,37,37,37,37,53,53,53],"current_hp_per_floor":[82,82,82,80,69,67,67,63,63,78,78,76,76,74,74,9,82,81,81,82,82,82,78,78,75,75,73,71,71,55,54,54,57,87,86,86,92,73,73,73,65,65,72,69,69,57,53,83,83,99,99,99,99,85,68],"gold":37,"neow_bonus":"TEN_PERCENT_HP_BONUS","is_daily":false,"chose_seed":false,"campfire_upgraded":9,"win_rate":0.0,"timestamp":1613646046,"path_taken":["M","$","M","M","?","E","R","E","T","$","?","E","?","M","R","BOSS","M","?","$","?","M","E","R","M","T","M","E","R","?","E","R","BOSS","M","?","$","M","M","R","?","R","T","M","R","?","E","?","R","BOSS","R","$","E","BOSS"],"items_purchased_type":["Card","Relic","Card","Relic","Relic","Relic","Potion","Relic","Relic","Relic","Relic","Relic","Relic"],"build_version":"2020-12-22","purchased_purges":3,"victory":true,"max_hp_per_floor":[82,82,82,82,82,82,82,82,82,82,82,82,82,82,82,82,82,82,82,82,82,82,82,82,82,82,82,82,82,87,87,87,87,87,87,87,92,92,92,92,92,92,99,99,99,99,99,99,99,99,99,99,99,99,99],"card_choices":[{"not_picked":["hermit:Determination","hermit:Horror"],"picked":"hermit:Ricochet","floor":1.0},{"not_picked":["hermit:ItchyTrigger","hermit:ShadowCloak"],"picked":"hermit:Gestalt","floor":3.0},{"not_picked":["hermit:Horror","hermit:BodyArmor"],"picked":"hermit:Showdown","floor":4.0},{"not_picked":["hermit:BigShot","hermit:HighCaliber"],"picked":"hermit:GoldenBullet","floor":6.0},{"not_picked":["hermit:Snipe","hermit:LowProfile"],"picked":"hermit:Quickdraw","floor":8.0},{"not_picked":["hermit:DeadMansHand","hermit:OverwhelmingPower"],"picked":"hermit:FullyLoaded","floor":12.0},{"not_picked":["hermit:ItchyTrigger","hermit:Scavenge"],"picked":"hermit:WideOpen","floor":14.0},{"not_picked":["hermit:FromBeyond","hermit:Purgatory"],"picked":"hermit:HeroicBravado","floor":16.0},{"not_picked":["hermit:ItchyTrigger+1","hermit:Horror","hermit:WideOpen"],"picked":"SKIP","floor":18.0},{"not_picked":["hermit:LowProfile+1","hermit:Desperado"],"picked":"hermit:EyeOfTheStorm+1","floor":22.0},{"not_picked":["hermit:Quickdraw","hermit:BodyArmor","hermit:Dive"],"picked":"SKIP","floor":23.0},{"not_picked":["hermit:SprayPray+1","hermit:EyeOfTheStorm"],"picked":"hermit:HighNoon","floor":25.0},{"not_picked":["hermit:Desperado","hermit:Headshot","hermit:Misfire"],"picked":"SKIP","floor":27.0},{"not_picked":["hermit:Gestalt","hermit:Desperado"],"picked":"hermit:LuckOfTheDraw+1","floor":28.0},{"not_picked":["hermit:Snipe","hermit:RoundhouseKick"],"picked":"hermit:HighCaliber","floor":31.0},{"not_picked":["hermit:Dissolve","hermit:FromBeyond"],"picked":"hermit:HeroicBravado","floor":33.0},{"not_picked":["hermit:LowProfile+1","hermit:Coalescence"],"picked":"hermit:HighCaliber+1","floor":35.0},{"not_picked":["hermit:WideOpen","hermit:HoleUp+1","hermit:Dive+1"],"picked":"SKIP","floor":38.0},{"not_picked":["hermit:Malice+1","hermit:EyeOfTheStorm"],"picked":"hermit:Roulette+1","floor":39.0},{"not_picked":["hermit:GhostlyPresence","hermit:Ricochet+1"],"picked":"hermit:CalledShot","floor":44.0},{"not_picked":["hermit:HoleUp","hermit:WideOpen+1","hermit:Dive"],"picked":"SKIP","floor":47},{"not_picked":["hermit:HoleUp","hermit:WideOpen+1","hermit:Dive"],"picked":"SKIP","floor":47},{"not_picked":["hermit:Ricochet+1","hermit:Malice"],"picked":"hermit:Maintenance","floor":48},{"not_picked":["PiercingWail","PokerPlayerMod:Manipulation+1","Steam"],"picked":"SKIP","floor":54}],"player_experience":443253,"relics_obtained":[{"floor":6.0,"key":"Ornamental Fan"},{"floor":8.0,"key":"MealTicket"},{"floor":9.0,"key":"Pantograph"},{"floor":12.0,"key":"Bag of Marbles"},{"floor":23.0,"key":"InkBottle"},{"floor":26.0,"key":"MawBank"},{"floor":28.0,"key":"Happy Flower"},{"floor":31.0,"key":"Matryoshka"},{"floor":41.0,"key":"aspiration:HatOfInfinitePower"},{"floor":43.0,"key":"Gremlin Horn"},{"floor":43.0,"key":"Strawberry"},{"floor":47,"key":"Lantern"},{"floor":48,"key":"TungstenRod"},{"floor":54,"key":"Sundial"}],"event_choices":[{"damage_healed":0.0,"max_hp_gain":0.0,"max_hp_loss":0.0,"gold_gain":75.0,"event_name":"World of Goop","player_choice":"Gather Gold","floor":5.0,"gold_loss":0.0,"damage_taken":11.0},{"damage_healed":0.0,"max_hp_gain":0.0,"max_hp_loss":0.0,"gold_gain":175.0,"event_name":"Liars Game","player_choice":"AGREE","floor":11.0,"gold_loss":0.0,"damage_taken":0.0,"cards_obtained":["Doubt"]},{"damage_healed":0.0,"max_hp_gain":0.0,"max_hp_loss":0.0,"gold_gain":0.0,"event_name":"Addict","player_choice":"Obtained Relic","floor":19.0,"gold_loss":85.0,"damage_taken":0.0,"relics_obtained":["hermit:Horseshoe"]},{"damage_healed":0.0,"max_hp_gain":0.0,"max_hp_loss":0.0,"gold_gain":0.0,"event_name":"Vampires","player_choice":"Ignored","floor":21.0,"gold_loss":0.0,"damage_taken":0.0},{"damage_healed":0.0,"max_hp_gain":5.0,"max_hp_loss":0.0,"gold_gain":0.0,"event_name":"Forgotten Altar","player_choice":"Shed Blood","floor":30.0,"gold_loss":0.0,"damage_taken":21.0},{"damage_healed":0.0,"max_hp_gain":0.0,"max_hp_loss":0.0,"gold_gain":0.0,"event_name":"Tomb of Lord Red Mask","player_choice":"Ignored","floor":36.0,"gold_loss":0.0,"damage_taken":0.0},{"damage_healed":0.0,"max_hp_gain":0.0,"max_hp_loss":0.0,"gold_gain":0.0,"event_name":"Mysterious Sphere","player_choice":"Fight","floor":41.0,"gold_loss":0.0,"damage_taken":0.0},{"damage_healed":0,"gold_gain":0,"player_choice":"Embrace Madness","damage_taken":12,"max_hp_gain":0,"max_hp_loss":0,"event_name":"Winding Halls","floor":46,"gold_loss":0,"cards_obtained":["Madness","Madness"]},{"damage_healed":0,"gold_gain":0,"player_choice":"Fight","damage_taken":0,"max_hp_gain":0,"max_hp_loss":0,"event_name":"MindBloom","floor":48,"gold_loss":0}],"is_beta":false,"boss_relics":[{"not_picked":["Snecko Eye","hermit:DentedPlate"],"picked":"Runic Dome"},{"not_picked":["aspiration:RandomNobGenerator","aspiration:RunesmithSkillbook"],"picked":"Empty Cage"}],"items_purged_floors":[20,37,53],"is_endless":false,"potions_floor_spawned":[1,3,14,16,23,27,31,39,41,44,48],"ascension_level":2}}