{"host":"2hea6pl5vmah38iy","time":1613661948,"event":{"mods":["AchievementEnabler","BaseMod","Colored Map","DeckTracker","Keyboard Shortcuts","Minty Spire (QoL Compilation)","Rare Cards Sparkle","StSLib","SuperFastMode","everything is the same but u backflip on backflip"],"gold_per_floor":[12,23,42,42,52,86,86,104,104,104,120,151,151,163,163,235,235,248,448,459,349,116,116,116,116],"floor_reached":24,"language":"KOR","playtime":914,"items_purged":["Strike_B"],"score":601,"play_id":"68eb46d4-18ae-4b84-b1a8-3ea8bea38cb4","local_time":"20210219002548","is_ascension_mode":true,"campfire_choices":[{"data":"Sunder","floor":7.0,"key":"SMITH"},{"floor":10.0,"key":"REST"},{"floor":13.0,"key":"REST"},{"data":"Fusion","floor":15.0,"key":"SMITH"},{"floor":23,"key":"REST"}],"circlet_count":0,"master_deck":["AscendersBane","Strike_B","Defend_B","Defend_B","Defend_B","Defend_B","Zap","Dualcast","Streamline","Sweeping Beam","Hologram+1","Rebound","Sunder+1","Double Energy","Recycle","Hyperbeam","Fusion+1","Undo","Skim+1","Steam Power","Self Repair"],"relics":["Cracked Core","CaptainsWheel","Juzu Bracelet","White Beast Statue","Prayer Wheel","Nuclear Battery"],"acts_visited":["Exordium","TheCity"],"potions_floor_usage":[],"damage_taken":[{"damage":0.0,"enemies":"2 Louse","floor":1.0,"turns":2.0},{"damage":5.0,"enemies":"Small Slimes","floor":2.0,"turns":3.0},{"damage":1.0,"enemies":"Cultist","floor":3.0,"turns":3.0},{"damage":9.0,"enemies":"Red Slaver","floor":5.0,"turns":3.0},{"damage":17.0,"enemies":"Lagavulin","floor":6.0,"turns":5.0},{"damage":16.0,"enemies":"Blue Slaver","floor":8.0,"turns":3.0},{"damage":10.0,"enemies":"Gremlin Gang","floor":11.0,"turns":2.0},{"damage":8.0,"enemies":"Gremlin Nob","floor":12.0,"turns":3.0},{"damage":0.0,"enemies":"2 Fungi Beasts","floor":14.0,"turns":2.0},{"damage":18.0,"enemies":"The Guardian","floor":16.0,"turns":10.0},{"damage":18.0,"enemies":"Shell Parasite","floor":18.0,"turns":4.0},{"damage":21.0,"enemies":"2 Thieves","floor":20.0,"turns":3.0},{"damage":20,"enemies":"Book of Stabbing","floor":24,"turns":4}],"seed_played":"-685074636919554147","potions_obtained":[{"floor":2.0,"key":"FearPotion"},{"floor":5.0,"key":"DuplicationPotion"},{"floor":6.0,"key":"FocusPotion"},{"floor":12.0,"key":"EssenceOfSteel"},{"floor":14.0,"key":"Block Potion"},{"floor":16.0,"key":"Energy Potion"},{"floor":18.0,"key":"FocusPotion"},{"floor":20.0,"key":"Explosive Potion"}],"is_trial":false,"path_per_floor":["M","M","M","?","M","E","R","M","T","R","M","E","R","M","R","B",null,"M","?","M","?","$","R","E"],"character_chosen":"DEFECT","items_purchased":["Steam Power","Self Repair"],"campfire_rested":3,"item_purchase_floors":[22,22],"current_hp_per_floor":[64,59,58,58,49,32,32,16,16,37,27,19,40,40,40,22,59,41,41,20,20,20,41,21,21],"gold":116,"neow_bonus":"ONE_RARE_RELIC","is_daily":false,"chose_seed":false,"campfire_upgraded":2,"win_rate":0.0,"timestamp":1613661948,"path_taken":["M","M","M","?","M","E","R","M","T","R","M","E","R","M","R","BOSS","M","?","M","?","$","R","E"],"items_purchased_type":["Card","Card"],"build_version":"2020-12-22","purchased_purges":1,"victory":false,"max_hp_per_floor":[71,71,71,71,71,71,71,71,71,71,71,71,71,71,71,71,71,71,71,71,71,71,71,71,71],"card_choices":[{"not_picked":["White Noise","Stack"],"picked":"Streamline","floor":1.0},{"not_picked":["Consume","Storm"],"picked":"Sweeping Beam","floor":2.0},{"not_picked":["Gash","BootSequence"],"picked":"Hologram","floor":3.0},{"not_picked":["Thunder Strike","Stack","Blizzard"],"picked":"SKIP","floor":5.0},{"not_picked":["Turbo","Cold Snap"],"picked":"Sunder","floor":6.0},{"not_picked":["Compile Driver","Streamline"],"picked":"Double Energy","floor":8.0},{"not_picked":["Chill","Cold Snap"],"picked":"Recycle","floor":11.0},{"not_picked":["Ball Lightning","Creative AI"],"picked":"Hyperbeam","floor":12.0},{"not_picked":["Cold Snap","Static Discharge"],"picked":"Fusion","floor":14.0},{"not_picked":["Redo","Steam","Static Discharge"],"picked":"SKIP","floor":14.0},{"not_picked":["Loop","Coolheaded"],"picked":"Undo","floor":18.0},{"not_picked":["Sunder","Storm","Rebound"],"picked":"SKIP","floor":18.0},{"not_picked":["Sunder","Storm","Rebound"],"picked":"SKIP","floor":18.0},{"not_picked":["Go for the Eyes","Barrage"],"picked":"Skim+1","floor":20.0},{"not_picked":["Compile Driver+1","Steam","Rip and Tear"],"picked":"SKIP","floor":20.0}],"player_experience":594792,"relics_obtained":[{"floor":6.0,"key":"Juzu Bracelet"},{"floor":9.0,"key":"White Beast Statue"},{"floor":12.0,"key":"Prayer Wheel"}],"event_choices":[{"damage_healed":0.0,"max_hp_gain":0.0,"max_hp_loss":0.0,"gold_gain":0.0,"cards_transformed":["Strike_B"],"event_name":"Living Wall","player_choice":"Change","floor":4.0,"gold_loss":0.0,"damage_taken":0.0,"cards_obtained":["Rebound"]},{"damage_healed":0.0,"max_hp_gain":0.0,"max_hp_loss":0.0,"gold_gain":250.0,"event_name":"The Joust","player_choice":"Bet on Owner","floor":19.0,"gold_loss":50.0,"damage_taken":0.0},{"cards_removed":["Strike_B"],"damage_healed":0.0,"max_hp_gain":0.0,"max_hp_loss":0.0,"gold_gain":0.0,"event_name":"Designer","player_choice":"Upgrade and Remove","floor":21.0,"gold_loss":110.0,"damage_taken":0.0,"cards_upgraded":["Hologram"]}],"is_beta":false,"boss_relics":[{"not_picked":["SlaversCollar","Runic Pyramid"],"picked":"Nuclear Battery"}],"items_purged_floors":[22],"is_endless":false,"potions_floor_spawned":[2,5,6,11,12,14,16,18,20],"killed_by":"Book of Stabbing","ascension_level":19}}