{"host":"zsnmfqgcm92hlreo","time":1613626253,"event":{"mods":["AchievementEnabler","BaseMod","Bestiary","Block Reminder","Colored Map","Colored Powertips","Filter the Spire","Minty Spire (QoL Compilation)","Permanent Neow","Quick Restart","Relic Stats","StSLib","Weighted Paths"],"gold_per_floor":[116,116,41,41,51,51,78,112,112,141,141,172,191,234,234,325,325,398,87,87,100,138,221,221,289,336,424,424,493,578,578,578,703,703,809,885,885,435,1434,1468,1468,1502,1502,1543,920,920,945,945,945,945,945,945,945,261,305,305],"floor_reached":57,"language":"ENG","playtime":3045,"items_purged":["Regret","Prostrate"],"score":3475,"play_id":"2de39369-4628-47a7-96e8-0a3cae32bf59","local_time":"20210217233053","is_ascension_mode":true,"campfire_choices":[{"data":"Vigilance","floor":6.0,"key":"SMITH"},{"data":"Protect","floor":15.0,"key":"SMITH"},{"data":"Wish","floor":24.0,"key":"SMITH"},{"data":"Wish","floor":28.0,"key":"SMITH"},{"floor":32.0,"key":"REST"},{"data":"Ragnarok","floor":41.0,"key":"SMITH"},{"floor":49.0,"key":"RECALL"},{"data":"TalkToTheHand","floor":53.0,"key":"SMITH"}],"circlet_count":0,"master_deck":["AscendersBane","Eruption","Vigilance+1","EmptyFist","WheelKick+1","Scrawl","FearNoEvil","Protect+1","WheelKick","EmptyBody","SpiritShield","CarveReality","FearNoEvil","Wish+1","Fasting2","Wireheading","Wish+1","Swivel","BowlingBash","Wallop","TalkToTheHand+1","Protect+1","Omniscience","Ragnarok+1","WheelKick","Collect+1","Worship+1","ConjureBlade+1","Tantrum"],"relics":["Snecko Eye","WingedGreaves","Akabeko","Whetstone","Meat on the Bone","Pantograph","Golden Idol","FossilizedHelix","CloakClasp","Pandora\u0027s Box","ClockworkSouvenir","MutagenicStrength","Pen Nib","Happy Flower","Damaru","Ginger","Omamori","SlaversCollar","InkBottle","Nunchaku","Toxic Egg 2","Smiling Mask","HornCleat","Kunai","Gremlin Horn","Bronze Scales","OrangePellets","StrikeDummy","Sundial"],"acts_visited":["Exordium","TheCity","TheBeyond","TheEnding"],"potions_floor_usage":[56],"damage_taken":[{"damage":0.0,"enemies":"Jaw Worm","floor":1.0,"turns":2.0},{"damage":0.0,"enemies":"Small Slimes","floor":5.0,"turns":2.0},{"damage":15.0,"enemies":"3 Sentries","floor":7.0,"turns":10.0},{"damage":3.0,"enemies":"Lagavulin","floor":8.0,"turns":5.0},{"damage":20.0,"enemies":"3 Sentries","floor":10.0,"turns":6.0},{"damage":10.0,"enemies":"Lagavulin","floor":12.0,"turns":5.0},{"damage":0.0,"enemies":"2 Louse","floor":13.0,"turns":2.0},{"damage":0.0,"enemies":"3 Sentries","floor":14.0,"turns":3.0},{"damage":16.0,"enemies":"The Guardian","floor":16.0,"turns":8.0},{"damage":0.0,"enemies":"3 Byrds","floor":18.0,"turns":4.0},{"damage":0.0,"enemies":"Shell Parasite","floor":21.0,"turns":2.0},{"damage":11.0,"enemies":"Snake Plant","floor":22.0,"turns":5.0},{"damage":0.0,"enemies":"Gremlin Leader","floor":23.0,"turns":3.0},{"damage":0.0,"enemies":"Book of Stabbing","floor":25.0,"turns":4.0},{"damage":0.0,"enemies":"Slavers","floor":27.0,"turns":5.0},{"damage":5.0,"enemies":"Book of Stabbing","floor":29.0,"turns":4.0},{"damage":0.0,"enemies":"Snecko","floor":30.0,"turns":2.0},{"damage":17.0,"enemies":"Automaton","floor":33.0,"turns":5.0},{"damage":0.0,"enemies":"3 Shapes","floor":35.0,"turns":4.0},{"damage":0.0,"enemies":"Orb Walker","floor":36.0,"turns":3.0},{"damage":0.0,"enemies":"Giant Head","floor":40.0,"turns":3.0},{"damage":0.0,"enemies":"Nemesis","floor":42.0,"turns":5.0},{"damage":0.0,"enemies":"Giant Head","floor":44.0,"turns":4.0},{"damage":0.0,"enemies":"4 Shapes","floor":47.0,"turns":5.0},{"damage":20.0,"enemies":"Awakened One","floor":50.0,"turns":7.0},{"damage":0.0,"enemies":"Donu and Deca","floor":51.0,"turns":4.0},{"damage":0.0,"enemies":"Shield and Spear","floor":55.0,"turns":5.0},{"damage":17,"enemies":"The Heart","floor":56,"turns":7}],"seed_played":"-7383126309532316485","potions_obtained":[{"floor":7.0,"key":"Energy Potion"},{"floor":12.0,"key":"PowerPotion"},{"floor":13.0,"key":"LiquidBronze"},{"floor":14.0,"key":"StancePotion"},{"floor":18.0,"key":"LiquidBronze"},{"floor":27.0,"key":"DuplicationPotion"}],"is_trial":false,"path_per_floor":["M","?","$","?","M","R","E","E","T","E","?","E","M","E","R","B",null,"M","$","?","M","M","E","R","E","T","E","R","E","M","?","R","B",null,"M","M","?","$","?","E","R","E","T","E","$","?","M","?","R","B","B",null,"R","$","E","B",null],"character_chosen":"WATCHER","items_purchased":["ClockworkSouvenir","Swivel","InkBottle","Nunchaku","Kunai","Gremlin Horn","Collect+1","Bronze Scales","OrangePellets","Tantrum","StrikeDummy"],"campfire_rested":1,"item_purchase_floors":[19,19,38,38,45,45,45,54,54,54,54],"current_hp_per_floor":[61,61,61,61,61,61,46,43,43,35,35,37,37,37,37,46,58,58,58,58,58,47,47,47,47,47,47,47,42,42,42,60,45,58,58,58,58,58,58,58,58,58,58,58,58,58,58,72,72,52,72,72,72,72,72,55],"gold":305,"neow_bonus":"BOSS_RELIC","is_daily":false,"chose_seed":false,"campfire_upgraded":6,"win_rate":0.0,"timestamp":1613626253,"path_taken":["M","?","$","?","M","R","E","E","T","E","?","E","M","E","R","BOSS","M","$","?","M","M","E","R","E","T","E","R","E","M","?","R","BOSS","M","M","?","$","?","E","R","E","T","E","$","?","?","?","R","BOSS","BOSS","R","$","E","BOSS"],"items_purchased_type":["Relic","Card","Relic","Relic","Relic","Relic","Card","Relic","Relic","Card","Relic"],"build_version":"2020-12-22","purchased_purges":2,"victory":true,"max_hp_per_floor":[68,68,68,68,68,68,68,68,68,68,62,62,62,62,62,62,62,62,62,62,62,62,62,62,62,62,62,62,62,62,62,62,62,62,62,62,62,62,62,62,62,62,62,62,62,62,62,72,72,72,72,72,72,72,72,72],"relic_stats":{"Happy Flower":[21],"Gremlin Horn":[8,8],"counters":[28,124],"Golden Idol":200,"Pen Nib":[17],"CloakClasp":[372],"Whetstone":["Strike_P","WheelKick"],"Ginger":[5],"Smiling Mask":0,"OrangePellets":[4],"Nunchaku":[11],"Sundial":[0],"Pantograph":47,"Bronze Scales":[108],"Snecko Eye":[215,252,235,213],"Pandora\u0027s Box":["CarveReality","FearNoEvil","Prostrate","BattleHymn","Wish","Fasting2","Wireheading","Wish"],"Kunai":[17],"obtain_stats":[{"Gremlin Horn":45,"CloakClasp":14,"Whetstone":8,"Ginger":27,"Smiling Mask":42,"ClockworkSouvenir":19,"Nunchaku":38,"HornCleat":44,"Sundial":55,"Pantograph":10,"WingedGreaves":2,"Kunai":45,"Toxic Egg 2":40,"InkBottle":38,"Happy Flower":25,"Golden Idol":11,"Damaru":26,"Pen Nib":23,"Omamori":29,"Akabeko":7,"SlaversCollar":34,"OrangePellets":54,"MutagenicStrength":20,"Bronze Scales":54,"Snecko Eye":0,"Pandora\u0027s Box":17,"PureWater":0,"StrikeDummy":54,"FossilizedHelix":12,"Meat on the Bone":9},{"Gremlin Horn":23,"CloakClasp":8,"Whetstone":4,"Ginger":15,"Smiling Mask":22,"ClockworkSouvenir":10,"Nunchaku":20,"HornCleat":23,"Sundial":27,"Pantograph":5,"WingedGreaves":1,"Kunai":23,"Toxic Egg 2":21,"InkBottle":20,"Happy Flower":14,"Golden Idol":5,"Damaru":14,"Pen Nib":13,"Omamori":16,"Akabeko":3,"SlaversCollar":18,"OrangePellets":26,"MutagenicStrength":10,"Bronze Scales":26,"Snecko Eye":0,"Pandora\u0027s Box":9,"PureWater":0,"StrikeDummy":26,"FossilizedHelix":6,"Meat on the Bone":4},{"Gremlin Horn":96,"CloakClasp":35,"Whetstone":19,"Ginger":66,"Smiling Mask":92,"ClockworkSouvenir":47,"Nunchaku":84,"HornCleat":96,"Sundial":117,"Pantograph":25,"WingedGreaves":2,"Kunai":96,"Toxic Egg 2":87,"InkBottle":84,"Happy Flower":61,"Golden Idol":25,"Damaru":61,"Pen Nib":57,"Omamori":70,"Akabeko":14,"SlaversCollar":77,"OrangePellets":112,"MutagenicStrength":47,"Bronze Scales":112,"Snecko Eye":0,"Pandora\u0027s Box":43,"PureWater":0,"StrikeDummy":112,"FossilizedHelix":30,"Meat on the Bone":19}],"InkBottle":[19],"Meat on the Bone":24},"card_choices":[{"not_picked":["ClearTheMind","JustLucky"],"picked":"EmptyFist","floor":1.0},{"not_picked":["BowlingBash","FearNoEvil"],"picked":"WheelKick","floor":5.0},{"not_picked":["FollowUp","Indignation"],"picked":"Scrawl","floor":7.0},{"not_picked":["Evaluate","ThirdEye"],"picked":"FearNoEvil","floor":8.0},{"not_picked":["Pray","Indignation","FlurryOfBlows"],"picked":"SKIP","floor":10.0},{"not_picked":["CrushJoints","Nirvana"],"picked":"Protect","floor":12.0},{"not_picked":["FollowUp","ThirdEye"],"picked":"WheelKick","floor":13.0},{"not_picked":["Perseverance","Study"],"picked":"EmptyBody","floor":14.0},{"not_picked":["DeusExMachina","Alpha"],"picked":"SpiritShield","floor":16.0},{"not_picked":["SashWhip","ThirdEye","JustLucky"],"picked":"SKIP","floor":18.0},{"not_picked":["SashWhip","FlurryOfBlows","ThirdEye"],"picked":"SKIP","floor":21.0},{"not_picked":["CutThroughFate+1","FlyingSleeves"],"picked":"BowlingBash","floor":22.0},{"not_picked":["CutThroughFate","Brilliance"],"picked":"Wallop","floor":23.0},{"not_picked":["ThirdEye","BattleHymn","Adaptation"],"picked":"SKIP","floor":25.0},{"not_picked":["CutThroughFate","PathToVictory"],"picked":"TalkToTheHand","floor":27.0},{"not_picked":["Adaptation","ForeignInfluence","DeceiveReality"],"picked":"SKIP","floor":29.0},{"not_picked":["ClearTheMind","BattleHymn"],"picked":"Protect+1","floor":30.0},{"not_picked":["Ragnarok","LessonLearned"],"picked":"Omniscience","floor":33.0},{"not_picked":["PathToVictory","FollowUp+1","EmptyFist"],"picked":"SKIP","floor":35.0},{"not_picked":["JustLucky","CrushJoints","FlurryOfBlows+1"],"picked":"SKIP","floor":36.0},{"not_picked":["Consecrate+1","SashWhip+1"],"picked":"Ragnarok","floor":40.0},{"not_picked":["Collect+1","FollowUp+1"],"picked":"Scrawl+1","floor":42.0},{"not_picked":["Protect+1","LikeWater"],"picked":"WheelKick","floor":44.0},{"not_picked":["Halt+1","Pray+1","Consecrate"],"picked":"SKIP","floor":47.0},{"not_picked":["CutThroughFate","Crescendo+1","PathToVictory+1"],"picked":"SKIP","floor":55.0}],"player_experience":1219095,"relics_obtained":[{"floor":7.0,"key":"Akabeko"},{"floor":8.0,"key":"Whetstone"},{"floor":9.0,"key":"Meat on the Bone"},{"floor":10.0,"key":"Pantograph"},{"floor":12.0,"key":"FossilizedHelix"},{"floor":14.0,"key":"CloakClasp"},{"floor":23.0,"key":"Pen Nib"},{"floor":25.0,"key":"Happy Flower"},{"floor":26.0,"key":"Damaru"},{"floor":27.0,"key":"Ginger"},{"floor":29.0,"key":"Omamori"},{"floor":40.0,"key":"Toxic Egg 2"},{"floor":42.0,"key":"Smiling Mask"},{"floor":44.0,"key":"HornCleat"},{"floor":55.0,"key":"Sundial"}],"event_choices":[{"damage_healed":0.0,"max_hp_gain":0.0,"max_hp_loss":0.0,"gold_gain":0.0,"event_name":"Big Fish","player_choice":"Box","floor":2.0,"gold_loss":0.0,"damage_taken":0.0,"relics_obtained":["WingedGreaves"],"cards_obtained":["Regret"]},{"damage_healed":0.0,"max_hp_gain":0.0,"max_hp_loss":0.0,"gold_gain":0.0,"event_name":"The Cleric","player_choice":"Leave","floor":4.0,"gold_loss":0.0,"damage_taken":0.0},{"damage_healed":0.0,"max_hp_gain":0.0,"max_hp_loss":6.0,"gold_gain":0.0,"event_name":"Golden Idol","player_choice":"Lose Max HP","floor":11.0,"gold_loss":0.0,"damage_taken":0.0,"relics_obtained":["Golden Idol"]},{"damage_healed":0.0,"max_hp_gain":0.0,"max_hp_loss":0.0,"gold_gain":0.0,"event_name":"Drug Dealer","player_choice":"Inject Mutagens","floor":20.0,"gold_loss":0.0,"damage_taken":0.0,"relics_obtained":["MutagenicStrength"]},{"damage_healed":0.0,"max_hp_gain":0.0,"max_hp_loss":0.0,"gold_gain":0.0,"event_name":"Back to Basics","player_choice":"Simplicity","floor":31.0,"gold_loss":0.0,"damage_taken":0.0,"cards_upgraded":[]},{"cards_removed":["BattleHymn"],"damage_healed":0.0,"max_hp_gain":0.0,"max_hp_loss":0.0,"gold_gain":0.0,"event_name":"Falling","player_choice":"Removed Power","floor":37.0,"gold_loss":0.0,"damage_taken":0.0},{"damage_healed":0.0,"max_hp_gain":0.0,"max_hp_loss":0.0,"gold_gain":999.0,"event_name":"MindBloom","player_choice":"Gold","floor":39.0,"gold_loss":0.0,"damage_taken":0.0,"cards_obtained":["Normality","Normality"]},{"damage_healed":0.0,"max_hp_gain":0.0,"max_hp_loss":0.0,"gold_gain":0.0,"event_name":"Match and Keep!","player_choice":"2 cards matched","floor":46.0,"gold_loss":0.0,"damage_taken":0.0,"cards_obtained":["Worship","ConjureBlade"]},{"cards_removed":["Scrawl"],"damage_healed":4.0,"max_hp_gain":10.0,"max_hp_loss":0.0,"gold_gain":0.0,"event_name":"Bonfire Elementals","player_choice":"Offered Rare","floor":48.0,"gold_loss":0.0,"damage_taken":0.0}],"is_beta":false,"boss_relics":[{"not_picked":["Runic Dome","SacredBark"],"picked":"Pandora\u0027s Box"},{"not_picked":["Tiny House","Velvet Choker"],"picked":"SlaversCollar"}],"items_purged_floors":[3,19],"is_endless":false,"potions_floor_spawned":[7,12,13,14,18,25,27,30,33,35,40,47,55],"ascension_level":20}}