{"host":"xp27heuvanyklt0b","time":1613654292,"event":{"mods":["100% Spire Juice","BaseMod","CapriCore","Koishi","Lobotomy","Minty Spire (QoL Compilation)","StSLib","The Immortal"],"gold_per_floor":[117,117,130,0,19,19,38,0,0,20,20,20,20,55,55,160,160,178,93,115,127,158,170,214,240,275,287,319,356,356],"floor_reached":29,"language":"KOR","playtime":1253,"items_purged":[],"score":270,"play_id":"ad68003e-c741-4a25-bdba-6f38553d4c29","local_time":"20210218221812","is_ascension_mode":false,"campfire_choices":[{"floor":15,"key":"REST"},{"floor":27,"key":"RECALL"}],"circlet_count":0,"master_deck":["SpecialBullet","SpecialBullet","SpecialBullet","SpecialBullet","SpecialBullet","SpecialBullet","SpecialBullet","DisciplinaryCode","SecurityCode","ExtractionCode","TheSmile","OldLady","SolemnVow+1","FairyFestival","RapturousDream","Regret_ego","Adoration","Bloodbath","Harmony","Wellcheers","Twilight+1","TrainingCode","BlackSwan_ego+1","MHz","Horn+1","Mimicry+1","OSAHOGD","GoldRush+1","Lamp+2","HandOfGreed+1","MagicBullet+1","UniverseFragment","RedShoes","CherryBlossom+1","CENSORED_ego+1","Variant","Regret_ego+1","Murderer","CUTE+1","BlackArmy","Regret_ego+1","BlackSwan","Moonlight+1","SoundOfStar+1","PunishingBird","GreenStem+1"],"relics":["CogitoBucket","Molten Egg 2","Bottled Tornado","Astrolabe","MawBank","Blue Candle","HellTrain"],"acts_visited":["Exordium","TheCity"],"potions_floor_usage":[],"damage_taken":[{"damage":6,"enemies":"Cultist","floor":1,"turns":3},{"damage":0,"enemies":"Small Slimes","floor":3,"turns":2},{"damage":2,"enemies":"Jaw Worm","floor":5,"turns":2},{"damage":22,"enemies":"Lots of Slimes","floor":7,"turns":3},{"damage":0,"enemies":"Large Slime","floor":10,"turns":2},{"damage":71,"enemies":"Lagavulin","floor":14,"turns":7},{"damage":6,"enemies":"Hexaghost","floor":16,"turns":9},{"damage":17,"enemies":"Spheric Guardian","floor":18,"turns":3},{"damage":20,"enemies":"3 Byrds","floor":20,"turns":5},{"damage":18,"enemies":"Centurion and Healer","floor":22,"turns":3},{"damage":32,"enemies":"Slavers","floor":24,"turns":3},{"damage":42,"enemies":"Snake Plant","floor":25,"turns":3},{"damage":0,"enemies":"Cultist and Chosen","floor":28,"turns":5},{"damage":66,"enemies":"Chosen and Byrds","floor":29,"turns":5}],"seed_played":"6785767215977167925","potions_obtained":[{"floor":1,"key":"FearPotion"},{"floor":5,"key":"Explosive Potion"},{"floor":22,"key":"ColorlessPotion"},{"floor":24,"key":"PowerPotion"}],"is_trial":false,"path_per_floor":["M","?","M","$","M","R","M","?","T","M","R","$","R","E","R","B",null,"M","?","M","?","M","R","E","M","T","R","M","M"],"character_chosen":"Angela","items_purchased":["Regret_ego","Enlightenment"],"campfire_rested":1,"item_purchase_floors":[4,4],"current_hp_per_floor":[70,70,70,70,70,70,56,56,56,68,68,68,68,16,37,34,70,68,68,69,63,64,64,53,29,29,29,51,0,0],"gold":356,"neow_bonus":"ONE_RANDOM_RARE_CARD","is_daily":false,"chose_seed":false,"campfire_upgraded":0,"win_rate":0.0,"timestamp":1613654292,"path_taken":["M","?","M","$","M","R","M","?","T","M","R","$","R","E","R","BOSS","M","?","M","?","M","R","E","M","T","R","?","M"],"items_purchased_type":["Card","Card"],"build_version":"2020-12-22","purchased_purges":0,"victory":false,"max_hp_per_floor":[70,70,70,70,70,70,70,70,70,70,70,70,70,70,70,70,70,70,70,70,70,70,70,70,70,70,70,70,70,70],"card_choices":[{"not_picked":["CherryBlossoms","Scorched"],"picked":"OldLady","floor":1},{"not_picked":["Diffraction"],"picked":"SolemnVow","floor":1},{"not_picked":["RedEyes"],"picked":"BlueScar","floor":3},{"not_picked":["Murderer","LittlePrince"],"picked":"FairyFestival","floor":3},{"not_picked":["WristCuter"],"picked":"RapturousDream","floor":3},{"not_picked":["RedEyes"],"picked":"Adoration","floor":5},{"not_picked":["CrumblingArmor","WallGazer"],"picked":"Bloodbath","floor":7},{"not_picked":["Regret_ego","Tough"],"picked":"Harmony","floor":7},{"not_picked":["SpiderBud","Porccubus","Murderer"],"picked":"Singing Bowl","floor":10},{"not_picked":["BlackSwan","SpiderBud"],"picked":"Wellcheers","floor":10},{"not_picked":["LifeForTheDareDevil","Wingbeat"],"picked":"Twilight+1","floor":10},{"not_picked":["Amita+1","ShedSkin+1"],"picked":"BlackSwan_ego+1","floor":14},{"not_picked":["CrumblingArmor","GreedKing"],"picked":"MHz","floor":14},{"not_picked":["CherryBlossom+1","SomewhereSpear+1"],"picked":"Horn+1","floor":14},{"not_picked":["CENSORED_ego+1","TheSmile+1"],"picked":"Mimicry+1","floor":16},{"not_picked":["QueenOfHatred","CherryBlossoms"],"picked":"OSAHOGD","floor":16},{"not_picked":["Mimicry+1","Adoration+1"],"picked":"GoldRush+1","floor":16},{"not_picked":["LuminousBraceletRelic","ChangeAnythingRelic","TheresiaRelic"],"picked":"Singing Bowl","floor":18},{"not_picked":["Murderer","Woodsman"],"picked":"UniverseFragment","floor":18},{"not_picked":["WallGazer","Scorched"],"picked":"RedShoes","floor":18},{"not_picked":["Soda+1","Tough+1"],"picked":"CherryBlossom+1","floor":18},{"not_picked":["FeatherOfHonor+1","Regret_ego+1"],"picked":"CENSORED_ego+1","floor":20},{"not_picked":["Scarecrow","BeautyBeast"],"picked":"Variant","floor":20},{"not_picked":["Loneliness+1","Heaven+1"],"picked":"Regret_ego+1","floor":20},{"not_picked":["MeatLantern","HeroicMonk","SpiderBud"],"picked":"Singing Bowl","floor":22},{"not_picked":["CrumblingArmor","WallGazer"],"picked":"Murderer","floor":22},{"not_picked":["Horn+1","FrostShard+1"],"picked":"CUTE+1","floor":22},{"not_picked":["SingingMachine","MeatLantern"],"picked":"BlackArmy","floor":24},{"not_picked":["Reverberation+1","Tough+1"],"picked":"Regret_ego+1","floor":24},{"not_picked":["GalaxyChild","PunishingBird","HappyTeddy"],"picked":"Singing Bowl","floor":25},{"not_picked":["Mercenary","MeatLantern"],"picked":"BlackSwan","floor":25},{"not_picked":["Soda+1","CherryBlossom+1"],"picked":"Moonlight+1","floor":25},{"not_picked":["Reverberation+1","Wingbeat+1"],"picked":"SoundOfStar+1","floor":28},{"not_picked":["QueenOfHatred","CENSORED","PunishingBird"],"picked":"Singing Bowl","floor":28},{"not_picked":["BigBadWolf","BeautyBeast"],"picked":"PunishingBird","floor":28},{"not_picked":["TodaysExpression+1","SomewhereSpear+1"],"picked":"GreenStem+1","floor":28}],"player_experience":339686,"relics_obtained":[{"floor":9,"key":"Molten Egg 2"},{"floor":14,"key":"Bottled Tornado"},{"floor":24,"key":"Blue Candle"}],"event_choices":[{"damage_healed":0,"gold_gain":0,"player_choice":"Grow","damage_taken":0,"max_hp_gain":0,"max_hp_loss":0,"event_name":"Living Wall","floor":2,"gold_loss":0,"cards_upgraded":["SolemnVow"]},{"damage_healed":0,"gold_gain":0,"player_choice":"Left Gold","damage_taken":0,"max_hp_gain":0,"max_hp_loss":0,"event_name":"World of Goop","floor":8,"gold_loss":38},{"damage_healed":0,"gold_gain":0,"player_choice":"Obtained Relic","damage_taken":0,"relics_obtained":["MawBank"],"max_hp_gain":0,"max_hp_loss":0,"event_name":"Addict","floor":19,"gold_loss":85},{"damage_healed":0,"gold_gain":0,"player_choice":"","damage_taken":6,"max_hp_gain":0,"max_hp_loss":0,"event_name":"Knowing Skull","floor":21,"potions_obtained":[],"gold_loss":0,"cards_obtained":[]}],"is_beta":false,"boss_relics":[{"not_picked":["Ectoplasm","Velvet Choker"],"picked":"Astrolabe"}],"items_purged_floors":[],"is_endless":false,"potions_floor_spawned":[1,5,22,24,25],"killed_by":"Chosen and Byrds","ascension_level":0}}