{"host":"srv5asjf43cuzsar","time":1613657847,"event":{"mods":["2.2 Compatiblity","A Magickal Journey","AchievementEnabler","Act Like it!","Astrologer","Bartender","BaseMod","Best Route Mod","Better Third Choice","Card Forge","CatGirl Mod","Clockwork Mod","Conspire","Duelist Mod","Friendly Minions","GifTheSpireLib","Hermit","Hubris","Infinite Spire","Jorbs\u0027s Wanderer Trilogy","Luminous","Mad Scientist","Magitek Elite","Marisa????????","Minty Spire (QoL Compilation)","Pale of the Ancients","Random Character Button","Replay The Spire","StSLib","The Alterego","The Animator","The Construct","The Cursed","The Druid","The Exalted","The Judge","The Jungle","The Mystic","The Necromancer","The Poker Player","The Runesmith","The Saiyan","The Senshi","The Servant 0.9.4","TheBandit","TheSwordswoman"],"gold_per_floor":[116,130,130,148,148,182,182,195,220,234,254,283,301,315,315,413,413,424,424,435,435,454,487,487,522,567,667,873,888,888,904,904,1004,1004,1021,1054,1065,1065,1065,1098,1098,1126,1126,1126,1138,860,860,873,873,873],"floor_reached":51,"language":"ENG","playtime":3783,"items_purged":[],"score":984,"play_id":"7b01adc9-a41e-4725-8e64-1599f95dd664","local_time":"20210218141727","is_ascension_mode":false,"campfire_choices":[{"floor":7,"key":"RECALL"},{"floor":24,"key":"REST"},{"floor":32,"key":"REST"}],"circlet_count":0,"master_deck":["Luminous:Light_Flash_Shower+1","Luminous:Light_Flash_Shower+1","Luminous:Light_Flash_Shower+1","Luminous:Dark_Abyssal_Drop+1","Luminous:Dark_Abyssal_Drop+1","Luminous:Dark_Abyssal_Drop+1","Luminous:Defend_Luminous+1","Luminous:Defend_Luminous+1","Luminous:Defend_Luminous+1","Luminous:Switch_Luminous+1","Luminous:Mana_Barrier_Luminous+1","Luminous:Dark_Apocalypse+1","Luminous:Balance_Ender+1","Luminous:Dark_Moonlight_Spear+1","Luminous:Magic_Accelerate_Luminous+1","Luminous:Light_Glare+1","Luminous:Photic_Meditation_Luminous+1","Luminous:Light_Spectral_Light+1","Luminous:Lania_Blessing_Luminous+1","Luminous:Freud_Wisdom1_Luminous+7","hubris:Wrath","theDuelist:DuelistAscender","WordoMod:Petrified","Luminous:Dark_Pressure_Void+1","Pain","Luminous:Mana_Barrier_Luminous+1","alterego_mod:Bounce+1","Luminous:Hero_Will_Luminous+1","Luminous:Switch_Luminous+1","Luminous:Light_White_Aria+1","ReplayTheSpireMod:Splinters","Luminous:Light_Gather+1","Luminous:Light_White_Aria+1","Luminous:Accumulation_Luminous+1","Luminous:Armageddon_Luminous+1","Luminous:Magic_Guard_Luminous+1","Luminous:Accumulation_Luminous+1","Luminous:Switch_Luminous+1","Luminous:Accumulation_Luminous+1","Luminous:Shadow_Shell_Luminous+1","Luminous:Light_Spectral_Light+1","Magnetism+1","Trip+1","Replay:Bootleg Shield Generator+1"],"relics":["Luminous:MirrorRelic","Hammer of Thor","Seething Fire","Anvil of the Gods","NeowsBlessing","Matryoshka","Bag of Marbles","infinitespire:Satchel","Bottled Lightning","Replay:Ancient Bell","Replay:Baseball","infinitespire:Bottled Soul","hubris:64BitClover","HornCleat","Pen Nib","construct:BoolHorns","Bromod:ArcaneTempo","Guard_Bracelet","Du-Vu Doll","Bromod:ArcaneGuardian","BargainBundle","Sozu","hubris:Backtick","Mummified Hand","Replay:Accelerometer","Strawberry","Bag of Preparation","Black Star","conspire:TopHat","hubris:Potato","Kunai","StoneCalendar","Replay:Ringing Soul","hubris:Towel","BargainBundle"],"acts_visited":["Exordium","TheCity","TheBeyond"],"potions_floor_usage":[16,27,27,50],"damage_taken":[{"damage":0,"enemies":"Jaw Worm","floor":1,"turns":1},{"damage":0,"enemies":"conspire:RoseBush","floor":2,"turns":1},{"damage":0,"enemies":"Small Slimes","floor":4,"turns":1},{"damage":10,"enemies":"Replay:BlueRogue","floor":6,"turns":7},{"damage":0,"enemies":"2 Fungi Beasts","floor":8,"turns":2},{"damage":0,"enemies":"Blue Slaver","floor":10,"turns":3},{"damage":0,"enemies":"Looter","floor":11,"turns":2},{"damage":18,"enemies":"3 Sentries","floor":12,"turns":4},{"damage":5,"enemies":"Red Slaver","floor":13,"turns":4},{"damage":0,"enemies":"Blue Slaver","floor":14,"turns":1},{"damage":34,"enemies":"The Guardian","floor":16,"turns":7},{"damage":9,"enemies":"conspire:FuzzyDice","floor":18,"turns":3},{"damage":0,"enemies":"3 Byrds","floor":20,"turns":4},{"damage":8,"enemies":"conspire:HollyBat","floor":22,"turns":7},{"damage":41,"enemies":"conspire:SneckoGhost","floor":23,"turns":8},{"damage":22,"enemies":"theDuelist:KaibaA2","floor":25,"turns":6},{"damage":12,"enemies":"Colosseum Slavers","floor":27,"turns":3},{"damage":3,"enemies":"Colosseum Nobs","floor":27,"turns":4},{"damage":6,"enemies":"Snecko","floor":29,"turns":5},{"damage":14,"enemies":"Centurion and Healer","floor":31,"turns":3},{"damage":3,"enemies":"Champ","floor":33,"turns":9},{"damage":22,"enemies":"3 Darklings","floor":35,"turns":5},{"damage":0,"enemies":"conspire:MimicChest","floor":36,"turns":6},{"damage":0,"enemies":"Orb Walker","floor":37,"turns":2},{"damage":0,"enemies":"Nemesis","floor":40,"turns":5},{"damage":0,"enemies":"Nemesis","floor":41,"turns":2},{"damage":0,"enemies":"R_Hoarder","floor":42,"turns":5},{"damage":16,"enemies":"Spire Growth","floor":45,"turns":6},{"damage":0,"enemies":"Jaw Worm Horde","floor":48,"turns":2},{"damage":0,"enemies":"Donu and Deca","floor":50,"turns":7}],"seed_played":"-7653164131918629754","potions_obtained":[{"floor":2,"key":"Strength Potion"},{"floor":10,"key":"Venom Potion"},{"floor":11,"key":"SpeedPotion"},{"floor":12,"key":"AttackPotion"},{"floor":16,"key":"Fire Potion"},{"floor":22,"key":"SkillPotion"},{"floor":23,"key":"ColorlessPotion"},{"floor":27,"key":"Block Potion"},{"floor":29,"key":"FearPotion"}],"is_trial":false,"path_per_floor":["M","M","$","M","?","E","R","M","T","M","M","E","M","M","R","B",null,"M","?","M","?","M","E","R","E","T","?","?","M","AVR","M","R","B",null,"M","?","M","AVR","?","E","?","E","T","?","M","$","?","M","R","B",null],"character_chosen":"LuminousClass","items_purchased":["BargainBundle","Luminous:Light_Spectral_Light+1","Magnetism"],"campfire_rested":2,"item_purchase_floors":[46,46,46],"current_hp_per_floor":[75,75,75,75,68,58,58,58,58,58,58,40,40,40,62,39,75,71,71,75,75,74,60,75,60,60,53,53,58,58,53,75,75,75,73,82,82,82,82,82,82,82,82,82,80,83,81,81,81,91],"gold":873,"neow_bonus":"THREE_ENEMY_KILL","is_daily":false,"chose_seed":false,"campfire_upgraded":0,"win_rate":0.0,"timestamp":1613657847,"path_taken":["M","M","$","M","?","E","R","M","T","M","M","E","M","M","R","BOSS","M","?","M","?","?","E","R","E","T","?","?","M","AVR","M","R","BOSS","M","?","M","AVR","?","E","?","E","T","?","M","$","?","M","R","BOSS"],"items_purchased_type":["Relic","Card","Card"],"build_version":"2020-12-22","purchased_purges":0,"victory":true,"max_hp_per_floor":[75,75,75,75,75,75,75,75,75,75,75,75,75,75,75,75,75,75,75,75,75,75,75,75,75,75,75,75,75,75,75,75,75,75,75,82,82,82,82,82,82,82,82,82,85,88,91,91,91,91],"card_choices":[{"not_picked":["Luminous:Switch_Luminous","Luminous:Accumulation_Luminous"],"picked":"Luminous:Mana_Barrier_Luminous","floor":1},{"not_picked":["Luminous:Light_Gather","Luminous:Concentrate_Luminous"],"picked":"Luminous:Light_Sylvan_Lance","floor":2},{"not_picked":["Luminous:Light_Wash_Luminous","Luminous:Switch_Luminous"],"picked":"Luminous:Dark_Apocalypse","floor":4},{"not_picked":["Luminous:Light_Disperse","Luminous:Light_Ray_of_Redemption"],"picked":"Luminous:Balance_Ender","floor":6},{"not_picked":["Luminous:Phantom_Treasure_Luminous","Luminous:Sympathy_Luminous"],"picked":"Luminous:Dark_Moonlight_Spear","floor":8},{"not_picked":["Luminous:Mana_Barrier_Luminous","Luminous:Dark_Dim_Erosion"],"picked":"Luminous:Magic_Accelerate_Luminous","floor":10},{"not_picked":["Luminous:Light_Sylvan_Lance","Luminous:Light_Wash_Luminous"],"picked":"Luminous:Light_Glare","floor":11},{"not_picked":["Luminous:Dark_Pressure_Void","Luminous:Blinding_Pillar_Luminous"],"picked":"Luminous:Photic_Meditation_Luminous","floor":12},{"not_picked":["Luminous:Phantom_Treasure_Luminous","Luminous:Blinding_Pillar_Luminous"],"picked":"Luminous:Light_Spectral_Light","floor":13},{"not_picked":["Luminous:Flash_Blink_Luminous","Luminous:Blinding_Pillar_Luminous"],"picked":"Luminous:Lania_Blessing_Luminous","floor":14},{"not_picked":["Luminous:Balance_Aether_Conduit","Luminous:Arcane_Rage_Luminous"],"picked":"Luminous:Freud_Wisdom1_Luminous","floor":16},{"not_picked":["Writhe","hubris:Gluttony"],"picked":"hubris:Wrath","floor":17},{"not_picked":["Replay:Hysterical Blindness","ReplayTheSpireMod:IOU"],"picked":"theDuelist:DuelistAscender","floor":17},{"not_picked":["Replay:Sluggish","ReplayTheSpireMod:Meltdown Sequence"],"picked":"WordoMod:Petrified","floor":17},{"not_picked":["Luminous:Dark_Raid","Luminous:Light_Wash_Luminous"],"picked":"Luminous:Dark_Pressure_Void","floor":18},{"not_picked":["Luminous:Dark_Raid","Luminous:Light_Glare+1"],"picked":"Luminous:Mana_Barrier_Luminous+1","floor":20},{"not_picked":["Luminous:Mana_Barrier_Luminous+1","Luminous:Light_Gather+1"],"picked":"Luminous:Hero_Will_Luminous","floor":22},{"not_picked":["Luminous:Dark_Pressure_Void","Luminous:Magic_Boost_Luminous"],"picked":"Luminous:Switch_Luminous","floor":23},{"not_picked":["Luminous:Light_Wash_Luminous","Luminous:Dark_Dim_Erosion+1"],"picked":"Luminous:Light_White_Aria","floor":25},{"not_picked":["Luminous:Dark_Dim_Erosion","Luminous:Dark_Pressure_Void"],"picked":"Luminous:Light_Gather","floor":28},{"not_picked":["Luminous:Light_Disperse","Luminous:Balance_Ender"],"picked":"Luminous:Light_White_Aria","floor":29},{"not_picked":["Luminous:Dark_Apocalypse","Luminous:Abyss_Heart_Luminous"],"picked":"Luminous:Accumulation_Luminous","floor":31},{"not_picked":["Luminous:Balance_Baptism","Luminous:Date_of_Light_Luminous"],"picked":"Luminous:Armageddon_Luminous","floor":33},{"not_picked":["Luminous:Light_Wash_Luminous","Luminous:Concentrate_Luminous+1"],"picked":"Luminous:Magic_Guard_Luminous","floor":35},{"not_picked":["Luminous:Dark_Pressure_Void","Luminous:Switch_Luminous+1"],"picked":"Luminous:Accumulation_Luminous+1","floor":36},{"not_picked":["Luminous:Light_Glare+1","Luminous:Dark_Raid"],"picked":"Luminous:Switch_Luminous","floor":37},{"not_picked":["Luminous:Hero_Will_Luminous","Luminous:Light_Sylvan_Lance"],"picked":"Luminous:Accumulation_Luminous+1","floor":40},{"not_picked":["Luminous:Dark_Dim_Erosion","Luminous:Balance_Ender+1","Luminous:Mana_Barrier_Luminous"],"picked":"SKIP","floor":42},{"not_picked":["Luminous:Light_Sylvan_Lance+1","Luminous:Light_Gather"],"picked":"Luminous:Shadow_Shell_Luminous","floor":45},{"not_picked":["Deep Breath","Purity"],"picked":"Trip","floor":47},{"not_picked":["Trip","Thinking Ahead"],"picked":"Replay:Bootleg Shield Generator","floor":47},{"not_picked":["Luminous:Magic_Accelerate_Luminous","Luminous:Light_Wash_Luminous","Luminous:Dark_Morning_Star"],"picked":"SKIP","floor":48}],"player_experience":528050,"relics_obtained":[{"floor":6,"key":"Matryoshka"},{"floor":9,"key":"Bag of Marbles"},{"floor":9,"key":"infinitespire:Satchel"},{"floor":12,"key":"Bottled Lightning"},{"floor":23,"key":"Pen Nib"},{"floor":25,"key":"construct:BoolHorns"},{"floor":26,"key":"Bromod:ArcaneTempo"},{"floor":26,"key":"Guard_Bracelet"},{"floor":27,"key":"Du-Vu Doll"},{"floor":27,"key":"Bromod:ArcaneGuardian"},{"floor":35,"key":"Replay:Accelerometer"},{"floor":36,"key":"Strawberry"},{"floor":40,"key":"conspire:TopHat"},{"floor":40,"key":"hubris:Potato"},{"floor":42,"key":"Kunai"},{"floor":42,"key":"StoneCalendar"},{"floor":43,"key":"Replay:Ringing Soul"}],"event_choices":[{"damage_healed":0,"gold_gain":0,"player_choice":"Read","damage_taken":0,"max_hp_gain":0,"max_hp_loss":0,"event_name":"The Library","floor":21,"gold_loss":0,"cards_obtained":["alterego_mod:Bounce"]},{"damage_healed":0,"gold_gain":0,"player_choice":"Fight","damage_taken":0,"max_hp_gain":0,"max_hp_loss":0,"event_name":"Colosseum","floor":27,"gold_loss":0},{"damage_healed":0,"gold_gain":0,"player_choice":"Fought Nobs","damage_taken":0,"max_hp_gain":0,"max_hp_loss":0,"event_name":"Colosseum","floor":27,"gold_loss":0},{"damage_healed":0,"gold_gain":0,"player_choice":"Ignored","damage_taken":0,"max_hp_gain":0,"max_hp_loss":0,"event_name":"Tomb of Lord Red Mask","floor":39,"gold_loss":0},{"damage_healed":0,"gold_gain":0,"player_choice":"Memory 2","damage_taken":5,"max_hp_gain":0,"max_hp_loss":0,"event_name":"SensoryStone","floor":47,"gold_loss":0}],"is_beta":false,"boss_relics":[{"not_picked":["Bromod:ArcaneGrace","Bromod:ArcaneBarrier"],"picked":"Replay:Ancient Bell"},{"not_picked":["Dream Catcher","Oddly Smooth Stone"],"picked":"Replay:Baseball"},{"not_picked":["Bromod:ArcaneDeflection","ReplayTheSpireMod:Shallot"],"picked":"infinitespire:Bottled Soul"},{"not_picked":["Pondfish Scales","Old Coin"],"picked":"hubris:64BitClover"},{"not_picked":["hubris:CrackedHourglass","Replay:Bronze Core"],"picked":"hubris:Backtick"}],"items_purged_floors":[],"is_endless":false,"potions_floor_spawned":[2,10,11,12,16,18,22,23,27,29,35,36,45,48],"ascension_level":0}}