{"host":"08xvxt5w1s7zc7e5","time":1613658647,"event":{"mods":["AchievementEnabler","BaseMod","DeckTracker","Minty Spire (QoL Compilation)","Quick Restart","StSLib","SuperFastMode"],"gold_per_floor":[112,131,151,167,117,117,190,205,232,246,246,246,211,224,224,323,323,342,332,137,156,156,156],"floor_reached":22,"language":"KOR","playtime":554,"items_purged":["Strike_G"],"score":234,"play_id":"89dd6df2-6515-4136-bbe0-a145bd5ee051","local_time":"20210218233047","is_ascension_mode":true,"campfire_choices":[{"data":"Neutralize","floor":6.0,"key":"SMITH"},{"data":"Dash","floor":12.0,"key":"SMITH"},{"data":"Caltrops","floor":15.0,"key":"SMITH"}],"circlet_count":0,"master_deck":["Strike_G+1","Strike_G+1","Strike_G","Defend_G","Defend_G","Defend_G","Defend_G","Defend_G","Survivor","Neutralize+1","Dagger Spray","Dagger Throw","Dash+1","Well Laid Plans","Backflip","Riddle With Holes","Caltrops+1","Burst","CurseOfTheBell","Backflip+1","Reflex"],"relics":["Ring of the Snake","NeowsBlessing","Darkstone Periapt","Strawberry","Calling Bell","Smiling Mask","White Beast Statue","StoneCalendar","Medical Kit"],"acts_visited":["Exordium","TheCity"],"potions_floor_usage":[19,19,19,22],"damage_taken":[{"damage":0.0,"enemies":"Cultist","floor":1.0,"turns":1.0},{"damage":0.0,"enemies":"Jaw Worm","floor":2.0,"turns":1.0},{"damage":0.0,"enemies":"Small Slimes","floor":3.0,"turns":1.0},{"damage":6.0,"enemies":"Exordium Wildlife","floor":4.0,"turns":5.0},{"damage":5.0,"enemies":"Lots of Slimes","floor":8.0,"turns":4.0},{"damage":1.0,"enemies":"Blue Slaver","floor":10.0,"turns":5.0},{"damage":0.0,"enemies":"3 Louse","floor":14.0,"turns":3.0},{"damage":22.0,"enemies":"Hexaghost","floor":16.0,"turns":11.0},{"damage":1.0,"enemies":"3 Byrds","floor":18.0,"turns":6.0},{"damage":10,"enemies":"2 Thieves","floor":19,"turns":4},{"damage":5,"enemies":"Snecko","floor":21,"turns":6},{"damage":62,"enemies":"Cultist and Chosen","floor":22,"turns":8}],"seed_played":"4148462181822602382","potions_obtained":[{"floor":3.0,"key":"ColorlessPotion"},{"floor":4.0,"key":"SteroidPotion"},{"floor":10.0,"key":"ColorlessPotion"},{"floor":16.0,"key":"Poison Potion"},{"floor":19,"key":"Fire Potion"},{"floor":21,"key":"FearPotion"}],"is_trial":false,"path_per_floor":["M","M","M","M","?","R","T","M","T","M","?","R","$","M","R","B",null,"M","M","$","M","M"],"character_chosen":"THE_SILENT","items_purchased":["Riddle With Holes","Medical Kit"],"campfire_rested":0,"item_purchase_floors":[13,20],"current_hp_per_floor":[63,63,63,57,57,57,57,52,59,58,43,43,43,43,43,21,69,68,58,58,53,0,0],"gold":156,"neow_bonus":"THREE_ENEMY_KILL","is_daily":false,"chose_seed":false,"campfire_upgraded":3,"win_rate":0.0,"timestamp":1613658647,"path_taken":["M","M","M","M","?","R","?","M","T","?","?","R","?","M","R","BOSS","M","M","$","M","M"],"items_purchased_type":["Card","Relic"],"build_version":"2020-12-22","purchased_purges":1,"victory":false,"max_hp_per_floor":[70,70,70,70,70,70,70,70,77,77,77,77,77,77,77,77,83,83,83,83,83,83,83],"card_choices":[{"not_picked":["Accuracy","Flying Knee"],"picked":"Dagger Spray","floor":1.0},{"not_picked":["Cloak And Dagger","Predator"],"picked":"Dagger Throw","floor":2.0},{"not_picked":["Cloak And Dagger","Expertise"],"picked":"Dash","floor":3.0},{"not_picked":["Quick Slash","Cloak And Dagger"],"picked":"Well Laid Plans","floor":4.0},{"not_picked":["Bouncing Flask","Catalyst"],"picked":"Backflip","floor":8.0},{"not_picked":["Dagger Spray","Blade Dance","Choke"],"picked":"SKIP","floor":10.0},{"not_picked":["Deadly Poison","Dodge and Roll"],"picked":"Caltrops","floor":14.0},{"not_picked":["Doppelganger","Night Terror"],"picked":"Burst","floor":16.0},{"not_picked":["Terror","Expertise"],"picked":"Backflip+1","floor":18.0},{"not_picked":["PiercingWail","Deadly Poison"],"picked":"Reflex","floor":19},{"not_picked":["Well Laid Plans","Quick Slash","Storm of Steel"],"picked":"SKIP","floor":21}],"player_experience":384241,"relics_obtained":[{"floor":7.0,"key":"Darkstone Periapt"},{"floor":9.0,"key":"Strawberry"},{"floor":17.0,"key":"Smiling Mask"},{"floor":17.0,"key":"White Beast Statue"},{"floor":17.0,"key":"StoneCalendar"}],"event_choices":[{"cards_removed":["Strike_G"],"damage_healed":0.0,"max_hp_gain":0.0,"max_hp_loss":0.0,"gold_gain":0.0,"event_name":"The Cleric","player_choice":"Card Removal","floor":5.0,"gold_loss":50.0,"damage_taken":0.0},{"damage_healed":0.0,"max_hp_gain":0.0,"max_hp_loss":0.0,"gold_gain":0.0,"event_name":"Shining Light","player_choice":"Entered Light","floor":11.0,"gold_loss":0.0,"damage_taken":15.0,"cards_upgraded":["Strike_G","Strike_G"]}],"is_beta":false,"boss_relics":[{"not_picked":["Sozu","Tiny House"],"picked":"Calling Bell"}],"items_purged_floors":[20],"is_endless":false,"potions_floor_spawned":[3,4,10,16,18,19,21],"killed_by":"Cultist and Chosen","ascension_level":6}}