{"host":"f5gffvlv6a66yqkd","time":1613615598,"event":{"mods":["2.2 Compatiblity","BaseMod","Colored Map","Custom Start","DeckTracker","Keyboard Shortcuts","Minty Spire (QoL Compilation)","Permanent Neow","Quick Restart","Relic Stats","StSLib","SuperFastMode"],"gold_per_floor":[111,128,138,138,150,150,179,179,203,232,249,249,264,264,264,341,341,358,358,372,390,26,26,51,51,105,105,121,121,134,160,160,160,160],"floor_reached":33,"language":"KOR","playtime":908,"items_purged":["Strike_P+1"],"score":520,"play_id":"f0648f6b-71f2-4081-9f35-d9855e3f0829","local_time":"20210218113318","is_ascension_mode":true,"campfire_choices":[{"data":"Eruption","floor":6.0,"key":"SMITH"},{"floor":8.0,"key":"REST"},{"floor":12.0,"key":"RECALL"},{"data":"EmptyBody","floor":15.0,"key":"SMITH"},{"data":"Study","floor":23.0,"key":"SMITH"},{"floor":27.0,"key":"REST"},{"data":"InnerPeace","floor":29.0,"key":"SMITH"},{"data":"Tantrum","floor":32.0,"key":"SMITH"}],"circlet_count":0,"master_deck":["AscendersBane","Defend_P","Defend_P+1","Defend_P","Defend_P","Eruption+1","Vigilance+1","WheelKick+1","InnerPeace+1","Consecrate","CarveReality","EmptyBody+1","MasterReality+1","CutThroughFate+1","Halt+1","FearNoEvil","Flash of Steel","Study+1","Vault","Tantrum+1"],"relics":["PureWater","Boot","Whetstone","War Paint","Pen Nib","Regal Pillow","Astrolabe","FaceOfCleric","Oddly Smooth Stone","Meat on the Bone","Bag of Marbles","Smiling Mask"],"acts_visited":["Exordium","TheCity"],"potions_floor_usage":[],"damage_taken":[{"damage":0.0,"enemies":"2 Louse","floor":1.0,"turns":4.0},{"damage":0.0,"enemies":"Jaw Worm","floor":2.0,"turns":2.0},{"damage":0.0,"enemies":"Cultist","floor":3.0,"turns":3.0},{"damage":0.0,"enemies":"Exordium Thugs","floor":5.0,"turns":2.0},{"damage":32.0,"enemies":"3 Sentries","floor":7.0,"turns":4.0},{"damage":16.0,"enemies":"Gremlin Nob","floor":10.0,"turns":3.0},{"damage":2.0,"enemies":"Exordium Wildlife","floor":11.0,"turns":3.0},{"damage":0.0,"enemies":"2 Fungi Beasts","floor":13.0,"turns":2.0},{"damage":25.0,"enemies":"The Guardian","floor":16.0,"turns":13.0},{"damage":0.0,"enemies":"Shell Parasite","floor":18.0,"turns":3.0},{"damage":0.0,"enemies":"Spheric Guardian","floor":20.0,"turns":3.0},{"damage":8.0,"enemies":"Snake Plant","floor":21.0,"turns":3.0},{"damage":24.0,"enemies":"Slavers","floor":24.0,"turns":5.0},{"damage":0.0,"enemies":"Chosen and Byrds","floor":28.0,"turns":4.0},{"damage":0.0,"enemies":"Snecko","floor":30.0,"turns":2.0},{"damage":2.0,"enemies":"Book of Stabbing","floor":31.0,"turns":4.0},{"damage":64,"enemies":"Champ","floor":33,"turns":10}],"seed_played":"-70147870975981428","potions_obtained":[{"floor":1.0,"key":"FearPotion"},{"floor":5.0,"key":"FearPotion"},{"floor":10.0,"key":"SteroidPotion"}],"is_trial":false,"path_per_floor":["M","M","M","?","M","R","E","R","T","E","M","R","M","T","R","B",null,"M","?","M","M","$","R","E","$","T","R","M","R","M","E","R","B"],"character_chosen":"WATCHER","items_purchased":["Oddly Smooth Stone","Flash of Steel","Study"],"campfire_rested":2,"item_purchase_floors":[22,22,22],"current_hp_per_floor":[61,61,61,61,61,61,29,49,49,33,31,31,31,31,31,6,53,53,53,54,47,47,47,24,24,24,60,61,61,62,61,61,0,0],"gold":160,"neow_bonus":"RANDOM_COMMON_RELIC","is_daily":false,"chose_seed":false,"campfire_upgraded":5,"win_rate":0.0,"timestamp":1613615598,"path_taken":["M","M","M","?","M","R","E","R","T","E","M","R","M","?","R","BOSS","M","?","M","M","$","R","E","?","T","R","M","R","M","E","R","BOSS"],"items_purchased_type":["Relic","Card","Card"],"build_version":"2020-12-22","purchased_purges":1,"victory":false,"max_hp_per_floor":[68,68,68,68,68,68,68,68,68,68,68,68,68,68,68,68,68,68,68,69,70,70,70,71,71,71,71,72,72,73,74,74,74,74],"relic_stats":{"Regal Pillow":15,"FaceOfCleric":6,"counters":[17,70],"Astrolabe":["MasterReality","CutThroughFate","Halt"],"Pen Nib":[12],"Whetstone":["WheelKick","Strike_P"],"War Paint":["Defend_P","Vigilance"],"Boot":[54],"Smiling Mask":0,"obtain_stats":[{"Regal Pillow":14,"FaceOfCleric":19,"Astrolabe":17,"Oddly Smooth Stone":22,"Pen Nib":10,"Bag of Marbles":26,"Whetstone":7,"PureWater":0,"War Paint":9,"Boot":0,"Smiling Mask":31,"Meat on the Bone":24},{"Regal Pillow":8,"FaceOfCleric":10,"Astrolabe":9,"Oddly Smooth Stone":12,"Pen Nib":6,"Bag of Marbles":13,"Whetstone":5,"PureWater":0,"War Paint":5,"Boot":0,"Smiling Mask":16,"Meat on the Bone":13},{"Regal Pillow":23,"FaceOfCleric":39,"Astrolabe":36,"Oddly Smooth Stone":45,"Pen Nib":18,"Bag of Marbles":50,"Whetstone":15,"PureWater":0,"War Paint":15,"Boot":0,"Smiling Mask":60,"Meat on the Bone":50}],"Meat on the Bone":0},"card_choices":[{"not_picked":["Swivel","Perseverance","Protect"],"picked":"SKIP","floor":1.0},{"not_picked":["SignatureMove","Consecrate"],"picked":"WheelKick","floor":2.0},{"not_picked":["Prostrate","Crescendo"],"picked":"InnerPeace","floor":3.0},{"not_picked":["Protect","EmptyBody"],"picked":"Consecrate","floor":5.0},{"not_picked":["ClearTheMind","ThirdEye"],"picked":"CarveReality","floor":7.0},{"not_picked":["SignatureMove","FlurryOfBlows","Consecrate"],"picked":"SKIP","floor":10.0},{"not_picked":["SignatureMove","FlurryOfBlows","Consecrate"],"picked":"SKIP","floor":10.0},{"not_picked":["Crescendo","DevaForm","SashWhip"],"picked":"SKIP","floor":11.0},{"not_picked":["WheelKick","Vengeance"],"picked":"EmptyBody","floor":13.0},{"not_picked":["Halt","EmptyBody+1","FollowUp"],"picked":"SKIP","floor":18.0},{"not_picked":["Perseverance","Protect","Sanctity"],"picked":"SKIP","floor":20.0},{"not_picked":["SashWhip","ReachHeaven"],"picked":"FearNoEvil","floor":21.0},{"not_picked":["Halt","Vengeance+1","DeceiveReality"],"picked":"SKIP","floor":24.0},{"not_picked":["Evaluate+1","WaveOfTheHand","BowlingBash"],"picked":"SKIP","floor":28.0},{"not_picked":["Halt","FollowUp"],"picked":"Vault","floor":30.0},{"not_picked":["Omniscience","Indignation"],"picked":"Tantrum","floor":31.0}],"player_experience":1490819,"relics_obtained":[{"floor":7.0,"key":"Whetstone"},{"floor":9.0,"key":"War Paint"},{"floor":10.0,"key":"Pen Nib"},{"floor":14.0,"key":"Regal Pillow"},{"floor":24.0,"key":"Meat on the Bone"},{"floor":26.0,"key":"Bag of Marbles"},{"floor":31.0,"key":"Smiling Mask"}],"event_choices":[{"damage_healed":0.0,"max_hp_gain":0.0,"max_hp_loss":0.0,"gold_gain":0.0,"event_name":"Liars Game","player_choice":"Ignored","floor":4.0,"gold_loss":0.0,"damage_taken":0.0},{"damage_healed":0.0,"max_hp_gain":0.0,"max_hp_loss":0.0,"gold_gain":0.0,"event_name":"FaceTrader","player_choice":"Trade","floor":19.0,"gold_loss":0.0,"damage_taken":0.0,"relics_obtained":["FaceOfCleric"]}],"is_beta":false,"boss_relics":[{"not_picked":["Runic Dome","Empty Cage"],"picked":"Astrolabe"}],"items_purged_floors":[22],"is_endless":false,"potions_floor_spawned":[1,5,10,16,20,21,28],"killed_by":"Champ","ascension_level":15}}