{"host":"rb2p2z6v6vieend5","time":1613613353,"event":{"mods":["BaseMod","Block Reminder","Colored Map","DeckTracker","Highlight Path","Minty Spire (QoL Compilation)","Random Character Button","Relic Stats"],"gold_per_floor":[116,135,146,146,146,146,146,146],"floor_reached":7,"language":"ENG","playtime":311,"items_purged":[],"score":78,"play_id":"2200f099-42b4-47a7-9705-5bc0362fc4a9","local_time":"20210218025553","is_ascension_mode":true,"campfire_choices":[{"data":"Barricade","floor":6,"key":"SMITH"}],"circlet_count":0,"master_deck":["AscendersBane","Strike_R","Strike_R","Strike_R","Strike_R","Strike_R+1","Defend_R","Defend_R","Defend_R","Defend_R","Bash","Barricade+1","Shockwave","Anger+1","Cleave"],"relics":["Burning Blood","Golden Idol"],"acts_visited":["Exordium"],"potions_floor_usage":[],"damage_taken":[{"damage":9,"enemies":"Small Slimes","floor":1,"turns":6},{"damage":11,"enemies":"2 Louse","floor":2,"turns":4},{"damage":2,"enemies":"Jaw Worm","floor":3,"turns":5},{"damage":50,"enemies":"3 Sentries","floor":7,"turns":5}],"seed_played":"-2377063013884441891","potions_obtained":[{"floor":3,"key":"BlessingOfTheForge"}],"is_trial":false,"path_per_floor":["M","M","M","?","?","R","E"],"character_chosen":"IRONCLAD","items_purchased":[],"campfire_rested":0,"item_purchase_floors":[],"current_hp_per_floor":[65,60,64,64,44,44,0,0],"gold":146,"neow_bonus":"ONE_RANDOM_RARE_CARD","is_daily":false,"chose_seed":false,"campfire_upgraded":1,"win_rate":0.0,"timestamp":1613613353,"path_taken":["M","M","M","?","?","R","E"],"items_purchased_type":[],"build_version":"2020-12-22","purchased_purges":0,"victory":false,"max_hp_per_floor":[75,75,75,68,68,68,68,68],"relic_stats":{"counters":[4,20],"Golden Idol":0,"obtain_stats":[{"Golden Idol":4,"Burning Blood":0},{"Golden Idol":3,"Burning Blood":0},{"Golden Idol":15,"Burning Blood":0}],"Burning Blood":18},"card_choices":[{"not_picked":["Armaments","Seeing Red"],"picked":"Shockwave","floor":1},{"not_picked":["Sword Boomerang","Iron Wave"],"picked":"Anger","floor":2},{"not_picked":["Heavy Blade","True Grit"],"picked":"Cleave","floor":3}],"player_experience":775061,"relics_obtained":[],"event_choices":[{"damage_healed":0,"gold_gain":0,"player_choice":"Lose Max HP","damage_taken":0,"relics_obtained":["Golden Idol"],"max_hp_gain":0,"max_hp_loss":7,"event_name":"Golden Idol","floor":4,"gold_loss":0},{"damage_healed":0,"gold_gain":0,"player_choice":"Entered Light","damage_taken":20,"max_hp_gain":0,"max_hp_loss":0,"event_name":"Shining Light","floor":5,"gold_loss":0,"cards_upgraded":["Anger","Strike_R"]}],"is_beta":false,"boss_relics":[],"items_purged_floors":[],"is_endless":false,"potions_floor_spawned":[3],"killed_by":"3 Sentries","ascension_level":18}}