{"host":"3zmssa4s99zhxek5","time":1613646594,"event":{"mods":["AchievementEnabler","BaseMod","Minty Spire (QoL Compilation)","Permanent Neow","Relic Stats"],"gold_per_floor":[17,31,42,42,55,55,55,55,55,55,70,85,85,116,116,116,116],"floor_reached":16,"language":"KOR","playtime":592,"items_purged":[],"score":204,"play_id":"94d24c96-c92b-4ca8-822a-4122477c7c9c","local_time":"20210218200954","is_ascension_mode":true,"campfire_choices":[{"floor":6,"key":"DIG"},{"floor":8,"key":"DIG"},{"floor":10,"key":"DIG"},{"floor":15,"key":"DIG"}],"circlet_count":0,"master_deck":["AscendersBane","Strike_R","Strike_R","Strike_R","Strike_R","Strike_R","Defend_R","Defend_R","Defend_R","Defend_R","Bash","Anger","Cleave","Iron Wave","Berserk","Whirlwind","Shrug It Off","Twin Strike"],"relics":["Burning Blood","Shovel","The Courier","Pear","Ancient Tea Set","Regal Pillow","Golden Idol","Mummified Hand","WingedGreaves"],"acts_visited":["Exordium"],"potions_floor_usage":[16],"damage_taken":[{"damage":4,"enemies":"Small Slimes","floor":1,"turns":4},{"damage":3,"enemies":"2 Louse","floor":2,"turns":4},{"damage":1,"enemies":"Cultist","floor":3,"turns":3},{"damage":14,"enemies":"3 Louse","floor":5,"turns":4},{"damage":16,"enemies":"Large Slime","floor":11,"turns":5},{"damage":17,"enemies":"Exordium Wildlife","floor":12,"turns":4},{"damage":27,"enemies":"Gremlin Nob","floor":14,"turns":4},{"damage":41,"enemies":"Hexaghost","floor":16,"turns":9}],"seed_played":"6081820652801493711","potions_obtained":[{"floor":5,"key":"SteroidPotion"},{"floor":14,"key":"SkillPotion"}],"is_trial":false,"path_per_floor":["M","M","M","?","M","R","?","R","T","R","M","M","?","E","R","B"],"character_chosen":"IRONCLAD","items_purchased":[],"campfire_rested":0,"item_purchase_floors":[],"current_hp_per_floor":[70,73,75,80,72,72,72,82,82,82,72,61,61,40,40,0,0],"gold":116,"neow_bonus":"ONE_RARE_RELIC","is_daily":false,"chose_seed":false,"campfire_upgraded":0,"win_rate":0.0,"timestamp":1613646594,"path_taken":["M","M","M","?","M","R","?","R","T","R","M","M","?","E","R","BOSS"],"items_purchased_type":[],"build_version":"2020-12-22","purchased_purges":0,"victory":false,"max_hp_per_floor":[75,75,75,80,80,80,80,90,90,90,90,90,81,81,81,81,81],"relic_stats":{"Regal Pillow":0,"Shovel":4,"counters":[8,37],"Golden Idol":6,"Mummified Hand":[1],"obtain_stats":[{"Regal Pillow":10,"Shovel":0,"Pear":8,"Golden Idol":13,"Mummified Hand":14,"The Courier":6,"WingedGreaves":15,"Ancient Tea Set":9,"Burning Blood":0},{"Regal Pillow":4,"Shovel":0,"Pear":4,"Golden Idol":6,"Mummified Hand":7,"The Courier":4,"WingedGreaves":7,"Ancient Tea Set":4,"Burning Blood":0},{"Regal Pillow":15,"Shovel":0,"Pear":15,"Golden Idol":24,"Mummified Hand":28,"The Courier":15,"WingedGreaves":28,"Ancient Tea Set":15,"Burning Blood":0}],"Burning Blood":39},"card_choices":[{"not_picked":["Clash","Iron Wave"],"picked":"Anger","floor":1},{"not_picked":["Body Slam","Searing Blow"],"picked":"Cleave","floor":2},{"not_picked":["Clash","Wild Strike"],"picked":"Iron Wave","floor":3},{"not_picked":["Clash","Rampage"],"picked":"Berserk","floor":5},{"not_picked":["Sever Soul","Thunderclap"],"picked":"Whirlwind","floor":11},{"not_picked":["Headbutt","Flex"],"picked":"Shrug It Off","floor":12},{"not_picked":["Clash","Sever Soul"],"picked":"Twin Strike","floor":14}],"player_experience":1671660,"relics_obtained":[{"floor":6,"key":"The Courier"},{"floor":8,"key":"Pear"},{"floor":9,"key":"Ancient Tea Set"},{"floor":10,"key":"Regal Pillow"},{"floor":14,"key":"Mummified Hand"},{"floor":15,"key":"WingedGreaves"}],"event_choices":[{"damage_healed":0,"gold_gain":0,"player_choice":"Donut","damage_taken":0,"max_hp_gain":5,"max_hp_loss":0,"event_name":"Big Fish","floor":4,"gold_loss":0},{"damage_healed":0,"gold_gain":0,"player_choice":"Leave","damage_taken":0,"max_hp_gain":0,"max_hp_loss":0,"event_name":"The Cleric","floor":7,"gold_loss":0},{"damage_healed":0,"gold_gain":0,"player_choice":"Lose Max HP","damage_taken":0,"relics_obtained":["Golden Idol"],"max_hp_gain":0,"max_hp_loss":9,"event_name":"Golden Idol","floor":13,"gold_loss":0}],"is_beta":false,"boss_relics":[],"items_purged_floors":[],"is_endless":false,"potions_floor_spawned":[5,14],"killed_by":"Hexaghost","ascension_level":20}}