{"host":"y64g3erquapiaw2n","time":1613660844,"event":{"mods":["BaseMod","Colored Map","Colored Powertips","Downfall","Googly Eyes","Minty Spire (QoL Compilation)","Quick Restart","Rare Cards Sparkle","StSLib"],"gold_per_floor":[113,130,130,78,153,180,43,55,55,75,75,94,94,94,94,191,241,259,11,21,21,21,21,41,41,41,55,66,83,14,14,14],"floor_reached":31,"language":"ENG","playtime":1322,"items_purged":[],"score":287,"play_id":"9b1a1dab-001a-4968-bce9-0c3eba381cfa","local_time":"20210218100724","is_ascension_mode":false,"campfire_choices":[{"data":"Infinite Blades","floor":13,"key":"SMITH"},{"floor":15,"key":"REST"},{"floor":23,"key":"REST"},{"floor":25,"key":"REST"}],"circlet_count":0,"master_deck":["Strike_G","Strike_G","Strike_G+1","Strike_G","Strike_G","Defend_G","Defend_G","Defend_G","Defend_G","Defend_G","Survivor","Neutralize","Flying Knee","Blade Dance+1","Dagger Spray","Prepared","Blade Dance","Slice","Infinite Blades+1","PiercingWail","Noxious Fumes","Poisoned Stab","Burst","Quick Slash","Endless Agony","Caltrops","Blade Dance","Bane+1","Decay","Slice","Backstab","Blade Dance","Dagger Spray","Riddle With Holes"],"relics":["Ring of the Snake","NeowsBlessing","Regal Pillow","Letter Opener","Tiny House","TwistedFunnel","FossilizedHelix"],"acts_visited":["Exordium","TheCity"],"potions_floor_usage":[31],"damage_taken":[{"damage":0,"enemies":"Cultist","floor":1,"turns":1},{"damage":0,"enemies":"2 Louse","floor":2,"turns":1},{"damage":0,"enemies":"3 Sentries","floor":6,"turns":1},{"damage":3,"enemies":"Small Slimes","floor":8,"turns":3},{"damage":0,"enemies":"2 Fungi Beasts","floor":10,"turns":2},{"damage":0,"enemies":"Exordium Wildlife","floor":12,"turns":2},{"damage":28,"enemies":"Slime Boss","floor":16,"turns":10},{"damage":40,"enemies":"2 Thieves","floor":18,"turns":4},{"damage":22,"enemies":"Shell Parasite","floor":20,"turns":4},{"damage":28,"enemies":"Centurion and Healer","floor":24,"turns":6},{"damage":23,"enemies":"Cultist and Chosen","floor":27,"turns":5},{"damage":15,"enemies":"Chosen and Byrds","floor":28,"turns":4},{"damage":22,"enemies":"Snecko","floor":29,"turns":5},{"damage":9,"enemies":"Snake Plant","floor":31,"turns":3}],"seed_played":"-2078744218636518962","potions_obtained":[{"floor":2,"key":"BlessingOfTheForge"},{"floor":8,"key":"AttackPotion"},{"floor":17,"key":"BlessingOfTheForge"},{"floor":20,"key":"CunningPotion"}],"is_trial":false,"path_per_floor":["M","M","?","$","?","E","$","M","T","M","?","M","R","?","R","B",null,"M","$","M","?","?","R","M","R","T","M","M","M","$","M"],"character_chosen":"THE_SILENT","items_purchased":["Dagger Spray","Blade Dance","Slice","Infinite Blades","Caltrops","TwistedFunnel","Blade Dance","Riddle With Holes"],"campfire_rested":3,"item_purchase_floors":[4,7,7,7,19,19,19,30],"current_hp_per_floor":[70,70,70,70,59,59,59,56,56,56,61,61,61,61,75,47,80,40,40,18,18,18,57,29,68,68,45,30,8,8,0,0],"gold":14,"neow_bonus":"THREE_ENEMY_KILL","is_daily":false,"chose_seed":false,"campfire_upgraded":1,"win_rate":0.0,"timestamp":1613660844,"path_taken":["M","M","?","$","?","E","$","M","T","M","?","M","R","?","R","BOSS","M","$","M","?","?","R","M","R","T","M","M","M","$","M"],"items_purchased_type":["Card","Card","Card","Card","Card","Relic","Card","Card"],"build_version":"2020-12-22","purchased_purges":0,"victory":false,"max_hp_per_floor":[70,70,70,70,70,70,70,70,70,70,75,75,75,75,75,75,80,80,80,80,80,80,80,80,80,80,80,80,80,80,80,80],"card_choices":[{"not_picked":["Eviscerate","Underhanded Strike"],"picked":"Flying Knee","floor":1},{"not_picked":["Poisoned Stab","Flechettes"],"picked":"Blade Dance","floor":2},{"not_picked":["Doppelganger","Tools of the Trade"],"picked":"Prepared","floor":6},{"not_picked":["Slice","Skewer"],"picked":"PiercingWail","floor":8},{"not_picked":["Reflex","Quick Slash"],"picked":"Noxious Fumes","floor":10},{"not_picked":["PiercingWail","Predator"],"picked":"Poisoned Stab","floor":12},{"not_picked":["After Image","Unload"],"picked":"Burst","floor":16},{"not_picked":["Prepared","Tactician"],"picked":"Quick Slash","floor":17},{"not_picked":["Eviscerate","Acrobatics"],"picked":"Endless Agony","floor":18},{"not_picked":["Riddle With Holes","Calculated Gamble"],"picked":"Bane+1","floor":20},{"not_picked":["Outmaneuver","Dodge and Roll"],"picked":"Slice","floor":24},{"not_picked":["Footwork","Flechettes"],"picked":"Backstab","floor":27},{"not_picked":["Prepared","Malaise"],"picked":"Blade Dance","floor":28},{"not_picked":["Poisoned Stab","Outmaneuver"],"picked":"Dagger Spray","floor":29}],"player_experience":71460,"relics_obtained":[{"floor":6,"key":"Regal Pillow"},{"floor":9,"key":"Letter Opener"},{"floor":26,"key":"FossilizedHelix"}],"event_choices":[{"damage_healed":0,"gold_gain":0,"player_choice":"Grow","damage_taken":0,"max_hp_gain":0,"max_hp_loss":0,"event_name":"Living Wall","floor":3,"gold_loss":0,"cards_upgraded":["Blade Dance"]},{"damage_healed":0,"gold_gain":75,"player_choice":"Gather Gold","damage_taken":11,"max_hp_gain":0,"max_hp_loss":0,"event_name":"World of Goop","floor":5,"gold_loss":0},{"damage_healed":0,"gold_gain":0,"player_choice":"Donut","damage_taken":0,"max_hp_gain":5,"max_hp_loss":0,"event_name":"Big Fish","floor":11,"gold_loss":0},{"damage_healed":0,"gold_gain":0,"player_choice":"Ignored","damage_taken":0,"max_hp_gain":0,"max_hp_loss":0,"event_name":"Golden Wing","floor":14,"gold_loss":0},{"damage_healed":0,"gold_gain":0,"player_choice":"Smashed Altar","damage_taken":0,"max_hp_gain":0,"max_hp_loss":0,"event_name":"Forgotten Altar","floor":21,"gold_loss":0,"cards_obtained":["Decay"]},{"damage_healed":0,"gold_gain":0,"player_choice":"Ignored","damage_taken":0,"max_hp_gain":0,"max_hp_loss":0,"event_name":"Ghosts","floor":22,"gold_loss":0}],"is_beta":false,"boss_relics":[{"not_picked":["Calling Bell","SacredBark"],"picked":"Tiny House"}],"items_purged_floors":[],"is_endless":false,"potions_floor_spawned":[2,8,20,24,28],"killed_by":"Snake Plant","ascension_level":0}}