{"host":"j37i0m9ltjmpbz2t","time":1613651888,"event":{"mods":["BaseMod","Minty Spire (QoL Compilation)","StSLib","WarShipGirlsR/’ΩΩ¢…Ÿ≈ÆR mod"],"gold_per_floor":[10016,10026,10041,9991,9991,10022,10039,10039,10065,4,14,14,45,62,62,139,139,155,155,80,96,16,45,45,75,75,75,91,91,126,177,177,250,250,266,266,278,278,297,328,328,342,367,380,393,393,393,424,424,424,424,424,310,337,337],"floor_reached":56,"language":"ZHS","playtime":1877,"items_purged":["rmod:strick","rmod:defend"],"score":2669,"play_id":"a4858ee4-fed1-4474-b62f-6e932fb359ff","local_time":"20210218203808","is_ascension_mode":true,"campfire_choices":[{"data":"rmod:basicallowance","floor":8.0,"key":"SMITH"},{"floor":12.0,"key":"RECALL"},{"data":"rmod:strick+1","floor":15.0,"key":"PURGE"},{"data":"rmod:defend","floor":24.0,"key":"PURGE"},{"floor":29.0,"key":"DIG"},{"floor":32.0,"key":"DIG"},{"floor":41.0,"key":"DIG"},{"floor":46.0,"key":"DIG"},{"floor":49,"key":"DIG"},{"floor":52,"key":"DIG"}],"circlet_count":5,"master_deck":["AscendersBane","rmod:basicallowance+1","rmod:robin+1","rmod:fuelsupply+1","rmod:royalracing+1","rmod:highspeedmaneuver+1","rmod:royalracing+1"],"relics":["The Courier","Toy Ornithopter","Pear","Anchor","Kunai","Potion Belt","Bag of Preparation","Ornamental Fan","PreservedInsect","HandDrill","Blood Vial","Art of War","Omamori","Unceasing Top","Mummified Hand","Meat on the Bone","Turnip","Orichalcum","Question Card","StrikeDummy","War Paint","Letter Opener","Frozen Egg 2","Incense Burner","Singing Bowl","Blue Candle","Nunchaku","Oddly Smooth Stone","Bronze Scales","Shuriken","Tiny Chest","InkBottle","Strawberry","Happy Flower","Pantograph","Bottled Lightning","Regal Pillow","rmod:equipmentrecovery","Matryoshka","Centennial Puzzle","Juzu Bracelet","Pen Nib","White Beast Statue","Sundial","Whetstone","Du-Vu Doll","Toxic Egg 2","Gremlin Horn","Akabeko","Lantern","Boot","MealTicket","Molten Egg 2","Ancient Tea Set","Bag of Marbles","Vajra","Mercury Hourglass","Dream Catcher","Eternal Feather","HornCleat","Peace Pipe","Lizard Tail","StoneCalendar","rmod:mogul","Ginger","Shovel","Bird Faced Urn","Gambling Chip","Prayer Wheel","Ice Cream","Calipers","Mango","Philosopher\u0027s Stone","rmod:quickrepair","TungstenRod","Torii","Circlet","Chemical X"],"acts_visited":["Exordium","TheCity","TheBeyond","TheEnding"],"potions_floor_usage":[],"damage_taken":[{"damage":5.0,"enemies":"Jaw Worm","floor":1.0,"turns":5.0},{"damage":0.0,"enemies":"2 Louse","floor":2.0,"turns":3.0},{"damage":0.0,"enemies":"Cultist","floor":3.0,"turns":3.0},{"damage":20.0,"enemies":"Gremlin Nob","floor":6.0,"turns":4.0},{"damage":12.0,"enemies":"3 Louse","floor":7.0,"turns":4.0},{"damage":0.0,"enemies":"Lots of Slimes","floor":11.0,"turns":1.0},{"damage":0.0,"enemies":"3 Sentries","floor":13.0,"turns":2.0},{"damage":0.0,"enemies":"Large Slime","floor":14.0,"turns":1.0},{"damage":0.0,"enemies":"Hexaghost","floor":16.0,"turns":2.0},{"damage":0.0,"enemies":"Shell Parasite","floor":18.0,"turns":1.0},{"damage":0.0,"enemies":"Chosen","floor":21.0,"turns":1.0},{"damage":0.0,"enemies":"Book of Stabbing","floor":23.0,"turns":1.0},{"damage":0.0,"enemies":"Slavers","floor":25.0,"turns":1.0},{"damage":0.0,"enemies":"Shelled Parasite and Fungi","floor":28.0,"turns":1.0},{"damage":0.0,"enemies":"Book of Stabbing","floor":30.0,"turns":1.0},{"damage":0.0,"enemies":"Collector","floor":33.0,"turns":1.0},{"damage":0.0,"enemies":"Orb Walker","floor":35.0,"turns":1.0},{"damage":0.0,"enemies":"3 Darklings","floor":37.0,"turns":1.0},{"damage":0.0,"enemies":"Maw","floor":39.0,"turns":1.0},{"damage":0.0,"enemies":"Giant Head","floor":40.0,"turns":1.0},{"damage":0.0,"enemies":"Jaw Worm Horde","floor":42.0,"turns":1.0},{"damage":0.0,"enemies":"Writhing Mass","floor":44.0,"turns":1.0},{"damage":0.0,"enemies":"4 Shapes","floor":45.0,"turns":1.0},{"damage":0,"enemies":"Reptomancer","floor":48,"turns":1},{"damage":0,"enemies":"Awakened One","floor":50,"turns":2},{"damage":0,"enemies":"Shield and Spear","floor":54,"turns":1},{"damage":0,"enemies":"The Heart","floor":55,"turns":3}],"seed_played":"-7294481852575770624","potions_obtained":[{"floor":1.0,"key":"DuplicationPotion"},{"floor":2.0,"key":"Weak Potion"},{"floor":11.0,"key":"BlessingOfTheForge"},{"floor":13.0,"key":"BlessingOfTheForge"},{"floor":14.0,"key":"FairyPotion"},{"floor":16.0,"key":"DistilledChaos"},{"floor":18.0,"key":"Regen Potion"},{"floor":21.0,"key":"LiquidBronze"}],"is_trial":false,"path_per_floor":["M","M","M","?","?","E","M","R","T","$","M","R","E","M","R","B",null,"M","?","?","M","$","E","R","E","T","?","M","R","E","T","R","B",null,"M","?","M","$","M","E","R","M","T","M","M","R","?","E","R","B",null,"R","$","E","B",null],"character_chosen":"PRAEFECT","items_purchased":["Pear","Anchor","Kunai","Potion Belt","Bag of Preparation","Ornamental Fan","PreservedInsect","HandDrill","Blood Vial","Art of War","Omamori","Unceasing Top","Mummified Hand","Meat on the Bone","Turnip","Orichalcum","Question Card","StrikeDummy","rmod:robin","War Paint","Letter Opener","Frozen Egg 2","Incense Burner","Singing Bowl","Blue Candle","Nunchaku","Oddly Smooth Stone","Bronze Scales","Shuriken","Tiny Chest","InkBottle","Strawberry","Happy Flower","Pantograph","Bottled Lightning","Regal Pillow","rmod:equipmentrecovery","Matryoshka","Centennial Puzzle","Juzu Bracelet","Pen Nib","White Beast Statue","Sundial","Whetstone","Du-Vu Doll","Toxic Egg 2","Gremlin Horn","Akabeko","Lantern","Boot","MealTicket","Molten Egg 2","Ancient Tea Set","Bag of Marbles","Vajra","Mercury Hourglass","Dream Catcher","Eternal Feather","HornCleat","Peace Pipe","Lizard Tail","Chemical X"],"campfire_rested":0,"item_purchase_floors":[10,10,10,10,10,10,10,10,10,10,10,10,10,10,10,10,10,10,10,10,10,10,10,10,10,10,10,10,10,10,10,10,10,10,10,10,10,10,10,10,10,10,10,10,10,10,10,10,10,10,10,10,10,10,10,10,10,10,10,10,10,53],"current_hp_per_floor":[63,63,63,63,68,48,36,36,36,53,55,61,65,67,73,99,99,99,93,93,97,101,103,103,105,105,105,107,107,109,109,123,125,125,129,129,133,133,137,139,139,143,143,147,151,151,151,153,153,153,153,153,153,155,155],"gold":337,"neow_bonus":"REMOVE_TWO","is_daily":false,"chose_seed":false,"campfire_upgraded":1,"win_rate":0.0,"timestamp":1613651888,"path_taken":["M","M","M","?","?","E","M","R","T","$","M","R","E","M","R","BOSS","M","?","?","M","$","E","R","E","T","?","M","R","E","?","R","BOSS","M","?","M","$","M","E","R","M","T","M","M","R","?","E","R","BOSS","R","$","E","BOSS"],"items_purchased_type":["Relic","Relic","Relic","Relic","Relic","Relic","Relic","Relic","Relic","Relic","Relic","Relic","Relic","Relic","Relic","Relic","Relic","Relic","Card","Relic","Relic","Relic","Relic","Relic","Relic","Relic","Relic","Relic","Relic","Relic","Relic","Relic","Relic","Relic","Relic","Relic","Relic","Relic","Relic","Relic","Relic","Relic","Relic","Relic","Relic","Relic","Relic","Relic","Relic","Relic","Relic","Relic","Relic","Relic","Relic","Relic","Relic","Relic","Relic","Relic","Relic","Relic"],"build_version":"2020-12-22","purchased_purges":2,"victory":true,"max_hp_per_floor":[75,75,75,75,80,80,80,80,80,97,97,97,99,99,99,99,99,99,99,99,101,101,103,103,105,105,105,107,107,109,109,123,125,125,129,129,133,133,137,139,139,143,143,147,151,151,151,153,153,153,153,153,153,155,155],"card_choices":[{"not_picked":["rmod:lonelyqueen","rmod:highspeedshooting","rmod:victimresponsibility"],"picked":"SKIP","floor":1.0},{"not_picked":["rmod:steelsupply","rmod:sl","rmod:heivgo"],"picked":"SKIP","floor":2.0},{"not_picked":["rmod:sl","rmod:firesupport"],"picked":"rmod:wife","floor":3.0},{"not_picked":["rmod:guardianhero","rmod:supportaircraftcarrier","rmod:fletcherpendant"],"picked":"SKIP","floor":6.0},{"not_picked":["rmod:diamondstrike","rmod:supportescort","rmod:ammunitionsupply"],"picked":"SKIP","floor":7.0},{"not_picked":["rmod:salvage+1","rmod:luckystar+1","rmod:diamondstrike+1"],"picked":"rmod:fuelsupply+1","floor":11.0},{"not_picked":["rmod:rockthrower+1","rmod:shuttlebombing+1","rmod:highspeedshooting+1","rmod:overbreakdown+1"],"picked":"Singing Bowl","floor":13.0},{"not_picked":["rmod:u235+1","rmod:aluminumsupply+1","rmod:diamondstrike+1"],"picked":"rmod:royalracing+1","floor":14.0},{"not_picked":["rmod:stealaluminum+1","rmod:lastglory+1","rmod:supriseattacks+1"],"picked":"rmod:highspeedmaneuver+1","floor":16.0},{"not_picked":["rmod:garrisonisland+1","rmod:heivgo+1","rmod:unsinkable+1"],"picked":"rmod:royalracing+1","floor":18.0},{"not_picked":["rmod:victimresponsibility+1","rmod:intelligenceanalysis+1","rmod:garrisonisland+1","rmod:slowdown+1"],"picked":"Singing Bowl","floor":21.0},{"not_picked":["rmod:selfconfidence+1","rmod:unsinkable+1","rmod:advancebysurprise+1","rmod:supportaircraftcarrier+1"],"picked":"Singing Bowl","floor":23.0},{"not_picked":["rmod:chargemoney+1","rmod:supportaircraftcarrier+1","rmod:capitalist+1","rmod:steelsupply+1"],"picked":"Singing Bowl","floor":25.0},{"not_picked":["rmod:slowdown+1","rmod:combined+1","rmod:steelsupply+1","rmod:garrisonisland+1"],"picked":"Singing Bowl","floor":28.0},{"not_picked":["rmod:gendarmerie+1","rmod:steelsupply+1","rmod:diamondstrike+1","rmod:intelligenceanalysis+1"],"picked":"Singing Bowl","floor":30.0},{"not_picked":["rmod:timeschanged+1","rmod:acesubmarine+1","rmod:lastglory+1","rmod:windflower+1"],"picked":"Singing Bowl","floor":33.0},{"not_picked":["rmod:combined+1","rmod:aluminumsupply+1","rmod:firesupport+1","rmod:generalist+1"],"picked":"Singing Bowl","floor":35.0},{"not_picked":["rmod:circuitoustactics+1","rmod:fuelsupply+1","rmod:combined+1","rmod:intelligenceanalysis+1"],"picked":"Singing Bowl","floor":35.0},{"not_picked":["rmod:luckystar+1","rmod:shuttlebombing+1","rmod:ring+1","rmod:launchingtorpedo+1"],"picked":"Singing Bowl","floor":37.0},{"not_picked":["rmod:unsinkable+1","rmod:combined+1","rmod:desperatesituation+1","rmod:openingtorpedo+1"],"picked":"Singing Bowl","floor":37.0},{"not_picked":["rmod:victimresponsibility+1","rmod:concentratefire+1","rmod:luckystar+1","rmod:aviationdawn+1"],"picked":"Singing Bowl","floor":39.0},{"not_picked":["rmod:tearstotiara+1","rmod:robin+1","rmod:generalist+1","rmod:combined+1"],"picked":"Singing Bowl","floor":39.0},{"not_picked":["rmod:aluminumsupply+1","rmod:goodsister+1","rmod:openingtorpedo+1","rmod:supportaircraftcarrier+1"],"picked":"Singing Bowl","floor":40.0},{"not_picked":["rmod:expedition+1","rmod:heivgo+1","rmod:punchline+1","rmod:tearstotiara+1"],"picked":"Singing Bowl","floor":42.0},{"not_picked":["rmod:combined+1","rmod:fuelsupply+1","rmod:luckystar+1","rmod:openingtorpedo+1"],"picked":"Singing Bowl","floor":42.0},{"not_picked":["rmod:luckystar+1","rmod:aggressivemary+1","rmod:goodsister+1","rmod:supportescort+1"],"picked":"Singing Bowl","floor":44.0},{"not_picked":["rmod:spoils+1","rmod:highspeedmaneuver+1","rmod:intelligenceanalysis+1","rmod:circuitoustactics+1"],"picked":"Singing Bowl","floor":44.0},{"not_picked":["rmod:smokecover+1","rmod:combined+1","rmod:garrisonisland+1","rmod:steelsupply+1"],"picked":"Singing Bowl","floor":45.0},{"not_picked":["rmod:robin+1","rmod:heivgo+1","rmod:diamondstrike+1","rmod:capitalist+1"],"picked":"Singing Bowl","floor":45.0},{"not_picked":["rmod:generalist+1","rmod:wife+1","rmod:expedition+1","rmod:acesubmarine+1"],"picked":"Singing Bowl","floor":48},{"not_picked":["rmod:secretscript+1","rmod:lastglory+1","rmod:firesupport+1","rmod:guardianhero+1"],"picked":"Singing Bowl","floor":54}],"player_experience":236067,"relics_obtained":[{"floor":6.0,"key":"Toy Ornithopter"},{"floor":13.0,"key":"StoneCalendar"},{"floor":25.0,"key":"Ginger"},{"floor":26.0,"key":"Shovel"},{"floor":26.0,"key":"Bird Faced Urn"},{"floor":29.0,"key":"Gambling Chip"},{"floor":30.0,"key":"Prayer Wheel"},{"floor":31.0,"key":"Ice Cream"},{"floor":31.0,"key":"Calipers"},{"floor":32.0,"key":"Mango"},{"floor":40.0,"key":"rmod:quickrepair"},{"floor":41.0,"key":"TungstenRod"},{"floor":43.0,"key":"Torii"},{"floor":46.0,"key":"Circlet"},{"floor":48,"key":"Circlet"},{"floor":49,"key":"Circlet"},{"floor":52,"key":"Circlet"},{"floor":54,"key":"Circlet"}],"event_choices":[{"cards_removed":["rmod:defend"],"damage_healed":0.0,"max_hp_gain":0.0,"max_hp_loss":0.0,"gold_gain":0.0,"event_name":"The Cleric","player_choice":"Card Removal","floor":4.0,"gold_loss":50.0,"damage_taken":0.0},{"damage_healed":0.0,"max_hp_gain":5.0,"max_hp_loss":0.0,"gold_gain":0.0,"event_name":"Big Fish","player_choice":"Donut","floor":5.0,"gold_loss":0.0,"damage_taken":0.0},{"damage_healed":0.0,"max_hp_gain":0.0,"max_hp_loss":0.0,"gold_gain":0.0,"event_name":"Knowing Skull","player_choice":"","floor":19.0,"potions_obtained":[],"gold_loss":0.0,"damage_taken":6.0,"cards_obtained":[]},{"cards_removed":["rmod:defend"],"damage_healed":0.0,"max_hp_gain":0.0,"max_hp_loss":0.0,"gold_gain":0.0,"event_name":"Beggar","player_choice":"Gave Gold","floor":20.0,"gold_loss":75.0,"damage_taken":0.0},{"cards_removed":["rmod:maingunfire"],"damage_healed":0.0,"max_hp_gain":0.0,"max_hp_loss":0.0,"gold_gain":0.0,"event_name":"Back to Basics","player_choice":"Elegance","floor":27.0,"gold_loss":0.0,"damage_taken":0.0},{"cards_removed":["rmod:wife"],"damage_healed":0.0,"max_hp_gain":0.0,"max_hp_loss":0.0,"gold_gain":0.0,"event_name":"Falling","player_choice":"Removed Skill","floor":36.0,"gold_loss":0.0,"damage_taken":0.0},{"damage_healed":38,"gold_gain":0,"player_choice":"Writhe","damage_taken":0,"max_hp_gain":0,"max_hp_loss":0,"event_name":"Winding Halls","floor":47,"gold_loss":0,"cards_obtained":["Writhe"]}],"is_beta":false,"boss_relics":[{"not_picked":["SacredBark","Runic Dome"],"picked":"rmod:mogul"},{"not_picked":["Black Star","Tiny House"],"picked":"Philosopher\u0027s Stone"}],"items_purged_floors":[10,22],"is_endless":false,"potions_floor_spawned":[1,2,11,13,14,16,18,21,23,25,28,30,33,35,37,39,40,42,44,45,48,54],"ascension_level":13}}