{"host":"tyeg9214rgutn7tb","time":1613607000,"event":{"mods":["BaseMod","Colored Map","Custom Start","Downfall","Minty Spire (QoL Compilation)","StSLib"],"gold_per_floor":[199,218,318,329,329,13,38,75,122,134,161,199,11,39,70,181,193,205,229,258,285,247,259,298,310,407,319,331,353,365,409,441,558,570,582,608,620,398,398,398,398,412,412,441,169,188,540,557,577,577,577,609,102,102,102,102],"floor_reached":57,"language":"ENG","playtime":3689,"items_purged":["sneckomod:Strike","Clumsy","sneckomod:Strike"],"score":1747,"play_id":"0226ab47-ac0f-40ca-b386-66f0316742db","local_time":"20210218011000","is_ascension_mode":true,"campfire_choices":[{"floor":1.0,"key":"RECALL"},{"floor":13.0,"key":"REST"},{"data":"sneckomod:UnknownRarePower","floor":18.0,"key":"SMITH"},{"data":"sneckomod:RainOfDice","floor":23.0,"key":"SMITH"},{"floor":27,"key":"REST"},{"data":"downfall:Bewildered","floor":35,"key":"PURGE"},{"floor":43,"key":"REST"},{"floor":54,"key":"REST"}],"circlet_count":0,"master_deck":["sneckomod:Defend","sneckomod:Defend","sneckomod:SnekBite","sneckomod:Unknown","sneckomod:Unknown+1","sneckomod:DiceBlock","sneckomod:DiceBlock","sneckomod:DiceCrush","sneckomod:MorePower","sneckomod:UnknownCommonSkill","sneckomod:QuickMove","sneckomod:UnknownRarePower+1","sneckomod:UnknownRarePower+1","sneckomod:UnknownColorless","sneckomod:SnakeSap","sneckomod:UnknownDexterity+1","sneckomod:SnakeSap","sneckomod:UnknownRareSkill+1","sneckomod:UnknownStrength+1","sneckomod:Unknown2Cost","sneckomod:UnknownUncommonAttack+1","sneckomod:UnknownClassBLUE+1","sneckomod:UnknownRareSkill+1","sneckomod:RainOfDice+1","sneckomod:UnknownDexterity+1","sneckomod:SnakeSap","Wish+1","sneckomod:UnknownRareSkill","sneckomod:Unknown3Cost+1","sneckomod:UnknownDexterity","sneckomod:UnknownRareAttack+1","sneckomod:Unknown3Cost","sneckomod:WideSting+1","sneckomod:UnknownX","expansioncontent:Chronoboost","sneckomod:UnknownColorless+1","sneckomod:UnknownWeak+1","sneckomod:UnknownClassBLUE+1","sneckomod:DefensiveFlair+1","sneckomod:UnknownCommonAttack","sneckomod:UnknownDexterity","sneckomod:UnknownRarePower+1","sneckomod:UnknownBlock+1","sneckomod:UnknownVulnerable+1","sneckomod:MasterEye+1","sneckomod:RainOfDice+1","sneckomod:UnknownVulnerable","sneckomod:UnknownStrength","sneckomod:UnknownDexterity+1"],"relics":["sneckomod:SneckoSoul","downfall:ShatteredFragment","Happy Flower","MawBank","Centennial Puzzle","Lantern","downfall:HeartBlessingRed","downfall:HeartBlessingGreen","Snecko Eye","downfall:HeartBlessingBlue","sneckomod:BabySnecko","Peace Pipe","Sozu","Blue Candle","Letter Opener","Orrery","Smiling Mask","Frozen Egg 2","Bag of Preparation","War Paint","Old Coin","Sundial","Medical Kit","Anchor","Blood Vial"],"acts_visited":["Exordium","TheCity","TheBeyond","TheEnding"],"potions_floor_usage":[44,47,50],"damage_taken":[{"damage":6.0,"enemies":"2 Louse","floor":2.0,"turns":2.0},{"damage":0.0,"enemies":"Jaw Worm","floor":4.0,"turns":4.0},{"damage":4.0,"enemies":"downfall:FleeingMerchant","floor":6.0,"turns":4.0},{"damage":17.0,"enemies":"3 Sentries","floor":8.0,"turns":5.0},{"damage":3.0,"enemies":"Cultist","floor":9.0,"turns":3.0},{"damage":12.0,"enemies":"downfall:LooterAlt","floor":11.0,"turns":4.0},{"damage":13.0,"enemies":"Lagavulin","floor":12.0,"turns":5.0},{"damage":0.0,"enemies":"3 Louse","floor":14.0,"turns":1.0},{"damage":3.0,"enemies":"2 Fungi Beasts","floor":15.0,"turns":4.0},{"damage":0.0,"enemies":"DF_ARCHETYPE_STREAMLINE","floor":16.0,"turns":9.0},{"damage":7.0,"enemies":"Spheric Guardian","floor":19.0,"turns":3.0},{"damage":0.0,"enemies":"Shell Parasite","floor":20.0,"turns":6.0},{"damage":18.0,"enemies":"downfall:FleeingMerchant","floor":21.0,"turns":4.0},{"damage":11.0,"enemies":"Snake Plant","floor":25.0,"turns":2.0},{"damage":12,"enemies":"3 Cultists","floor":29,"turns":4},{"damage":5,"enemies":"Book of Stabbing","floor":31,"turns":2},{"damage":13,"enemies":"Shelled Parasite and Fungi","floor":32,"turns":3},{"damage":18,"enemies":"SI_MIRROR_ARCHETYPE","floor":33,"turns":7},{"damage":9,"enemies":"3 Darklings","floor":36,"turns":3},{"damage":9,"enemies":"downfall:FleeingMerchant","floor":38,"turns":3},{"damage":9,"enemies":"Orb Walker","floor":42,"turns":2},{"damage":25,"enemies":"Nemesis","floor":44,"turns":6},{"damage":22,"enemies":"Jaw Worm Horde","floor":46,"turns":3},{"damage":12,"enemies":"2 Orb Walkers","floor":47,"turns":5},{"damage":0,"enemies":"3 Darklings","floor":48,"turns":3},{"damage":0,"enemies":"Sphere and 2 Shapes","floor":49,"turns":2},{"damage":13,"enemies":"WA_ARCHETYPE_DIVINITY","floor":50,"turns":10},{"damage":70,"enemies":"downfall:CharBossMerchant","floor":52,"turns":7},{"damage":4,"enemies":"downfall:NeowBoss","floor":55,"turns":12},{"damage":24,"enemies":"downfall:NeowBossFinal","floor":56,"turns":13}],"seed_played":"8189434168905836607","potions_obtained":[{"floor":9.0,"key":"AttackPotion"},{"floor":11.0,"key":"SmokeBomb"},{"floor":12.0,"key":"SkillPotion"},{"floor":15.0,"key":"Block Potion"},{"floor":16.0,"key":"BlessingOfTheForge"},{"floor":29,"key":"bronze:BurnAndBuffPotion"},{"floor":31,"key":"EssenceOfSteel"},{"floor":33,"key":"ColorlessPotion"}],"is_trial":false,"path_per_floor":["R","M","?","M","?","$","T","E","M","?","M","E","R","M","M","B",null,"R","M","M","$","?","R","T","M","?","R","?","M","R","E","M","B",null,"R","M","?","$","?","?","T","M","R","E","$","M","?","M","M","B",null,"E","$","R","B","B",null],"character_chosen":"THE_SNECKO","items_purchased":["Happy Flower","sneckomod:MorePower","Letter Opener","expansioncontent:Chronoboost","Orrery","sneckomod:MasterEye+1","War Paint","Medical Kit","Anchor","Blood Vial"],"campfire_rested":4,"item_purchase_floors":[6,6,38,38,38,45,45,53,53,53],"current_hp_per_floor":[81,75,75,75,54,50,50,33,30,30,18,5,32,32,29,29,75,75,68,68,50,83,83,83,72,58,98,98,86,86,81,68,50,88,88,79,74,65,65,65,65,60,91,66,66,44,32,32,32,37,87,17,17,48,46,24],"gold":102,"neow_bonus":"HUNDRED_GOLD","is_daily":false,"chose_seed":false,"campfire_upgraded":2,"win_rate":0.0,"timestamp":1613607000,"path_taken":["R","M","?","M","?","$","T","E","M","?","M","E","R","?","M","BOSS","R","M","M","$","?","R","T","M","?","R","?","M","R","E","M","BOSS","R","M","?","$","?","?","T","M","R","E","$","?","?","M","M","BOSS","E","$","R","BOSS","BOSS"],"items_purchased_type":["Relic","Card","Relic","Card","Relic","Card","Relic","Relic","Relic","Relic"],"build_version":"2020-12-22","purchased_purges":3,"victory":true,"max_hp_per_floor":[90,90,90,90,90,90,90,90,90,90,90,90,90,90,90,90,90,90,90,90,90,90,90,90,90,90,100,100,100,100,100,100,100,100,100,100,100,100,100,100,100,104,104,104,104,104,104,104,104,104,104,104,104,104,104,104],"card_choices":[{"not_picked":["sneckomod:UnknownExhaust","sneckomod:MasterEye"],"picked":"sneckomod:DiceBlock","floor":2.0},{"not_picked":["sneckomod:Memorize","sneckomod:CheapStock"],"picked":"sneckomod:DiceBlock","floor":4.0},{"not_picked":["sneckomod:SoulRoll","sneckomod:UnendingSupply"],"picked":"sneckomod:DiceCrush","floor":6.0},{"not_picked":["sneckomod:CheapStock","sneckomod:QuickBite"],"picked":"sneckomod:UnknownCommonSkill","floor":8.0},{"not_picked":["sneckomod:Nope","sneckomod:DiceBoulder"],"picked":"sneckomod:QuickMove","floor":9.0},{"not_picked":["sneckomod:Unknown2Cost+1","sneckomod:UnknownCommonSkill+1"],"picked":"sneckomod:UnknownRareSkill+1","floor":11.0},{"not_picked":["sneckomod:MasterEye","sneckomod:UnknownStrike"],"picked":"sneckomod:UnknownRarePower","floor":11.0},{"not_picked":["sneckomod:UnknownBlock+1","sneckomod:UnknownStrike+1"],"picked":"sneckomod:UnknownRarePower+1","floor":12.0},{"not_picked":["sneckomod:UnknownCommonAttack","sneckomod:SoulRoll"],"picked":"sneckomod:UnknownColorless","floor":12.0},{"not_picked":["sneckomod:UnknownBlock","sneckomod:RainOfDice"],"picked":"sneckomod:SnakeSap","floor":14.0},{"not_picked":["sneckomod:UnknownUncommonPower+1","sneckomod:Unknown2Cost+1"],"picked":"sneckomod:UnknownDexterity+1","floor":15.0},{"not_picked":["sneckomod:UnendingSupply","sneckomod:SerpentIdol"],"picked":"sneckomod:SnakeSap","floor":15.0},{"not_picked":["sneckomod:UnknownRareAttack","sneckomod:GlitteringGambit"],"picked":"sneckomod:UnknownRareSkill","floor":16.0},{"not_picked":["sneckomod:UnknownStrike+1","sneckomod:UnknownColorless+1"],"picked":"sneckomod:UnknownStrength+1","floor":19.0},{"not_picked":["sneckomod:UnendingSupply","sneckomod:Nope"],"picked":"sneckomod:Unknown2Cost","floor":19.0},{"not_picked":["sneckomod:UnknownClassPURPLE+1","sneckomod:Unknown0Cost+1"],"picked":"sneckomod:UnknownUncommonAttack+1","floor":20.0},{"not_picked":["sneckomod:DefensiveFlair","sneckomod:UnknownClassPURPLE+1"],"picked":"sneckomod:UnknownClassBLUE+1","floor":20.0},{"not_picked":["sneckomod:UnknownRareAttack+1","sneckomod:UnknownColorless+1"],"picked":"sneckomod:UnknownRareSkill+1","floor":21.0},{"not_picked":["sneckomod:Unknown1Cost","sneckomod:UnendingSupply"],"picked":"sneckomod:RainOfDice","floor":21.0},{"not_picked":["sneckomod:UnknownX+1","sneckomod:Unknown1Cost+1"],"picked":"sneckomod:UnknownDexterity+1","floor":29},{"not_picked":["sneckomod:SoulDraw","sneckomod:PureSnecko+1"],"picked":"sneckomod:SnakeSap","floor":29},{"not_picked":["sneckomod:Nope","sneckomod:SoulDraw+1"],"picked":"sneckomod:UnknownRareSkill","floor":31},{"not_picked":["sneckomod:Unknown2Cost+1","sneckomod:UnknownX+1"],"picked":"sneckomod:Unknown3Cost+1","floor":32},{"not_picked":["sneckomod:UnknownUncommonPower","sneckomod:SoulRoll"],"picked":"sneckomod:UnknownDexterity","floor":32},{"not_picked":["sneckomod:UnknownCommonSkill+1","sneckomod:UnknownClassRED+1"],"picked":"sneckomod:UnknownRareAttack+1","floor":33},{"not_picked":["sneckomod:UnknownRareSkill","sneckomod:Mudshield"],"picked":"sneckomod:Unknown3Cost","floor":33},{"not_picked":["sneckomod:QuickBite+1","sneckomod:Nope"],"picked":"sneckomod:WideSting+1","floor":36},{"not_picked":["sneckomod:UnknownDraw","sneckomod:CheapStock+1"],"picked":"sneckomod:UnknownX","floor":38},{"not_picked":["sneckomod:UnknownUncommonSkill+1","sneckomod:Unknown1Cost"],"picked":"sneckomod:UnknownColorless+1","floor":38},{"not_picked":["sneckomod:Rotation","sneckomod:SoulRoll+1"],"picked":"sneckomod:UnknownWeak+1","floor":38},{"not_picked":["sneckomod:DefensiveFlair+1","sneckomod:UnknownClassPURPLE+1"],"picked":"sneckomod:UnknownClassBLUE+1","floor":38},{"not_picked":["sneckomod:GlitteringGambit","sneckomod:UnknownBlock"],"picked":"sneckomod:DefensiveFlair+1","floor":38},{"not_picked":["sneckomod:SoulDraw+1","sneckomod:MasterEye"],"picked":"sneckomod:UnknownCommonAttack","floor":38},{"not_picked":["sneckomod:DiceCrush","sneckomod:UnknownBlock"],"picked":"sneckomod:UnknownDexterity","floor":42},{"not_picked":["sneckomod:UnknownVulnerable+1","sneckomod:UnknownClassPURPLE+1"],"picked":"sneckomod:UnknownRarePower+1","floor":44},{"not_picked":["sneckomod:UnknownColorless+1","sneckomod:Unknown1Cost+1"],"picked":"sneckomod:UnknownBlock+1","floor":44},{"not_picked":["sneckomod:DiceBlock+1","sneckomod:UnknownWeak"],"picked":"sneckomod:UnknownVulnerable+1","floor":44},{"not_picked":["sneckomod:DiceBlock","sneckomod:SnekBeam"],"picked":"sneckomod:RainOfDice+1","floor":46},{"not_picked":["sneckomod:UnknownClassBLUE","sneckomod:SoulRoll"],"picked":"sneckomod:UnknownVulnerable","floor":48},{"not_picked":["sneckomod:MorePower+1","sneckomod:SoulRoll+1"],"picked":"sneckomod:UnknownStrength","floor":49},{"not_picked":["sneckomod:UnknownWeak","sneckomod:QuickMove"],"picked":"sneckomod:UnknownDexterity+1","floor":52}],"player_experience":738915,"relics_obtained":[{"floor":7.0,"key":"MawBank"},{"floor":8.0,"key":"Centennial Puzzle"},{"floor":12.0,"key":"Lantern"},{"floor":31,"key":"Peace Pipe"},{"floor":40,"key":"Smiling Mask"},{"floor":41,"key":"Frozen Egg 2"},{"floor":44,"key":"Bag of Preparation"},{"floor":47,"key":"Old Coin"},{"floor":52,"key":"Sundial"}],"event_choices":[{"damage_healed":0,"gold_gain":0,"player_choice":"Fight","damage_taken":0,"max_hp_gain":0,"max_hp_loss":0,"event_name":"Mysterious Sphere","floor":47,"gold_loss":0}],"is_beta":false,"boss_relics":[{"not_picked":["Calling Bell","Runic Dome"],"picked":"Snecko Eye"},{"not_picked":["Coffee Dripper","expansioncontent:StudyCardRelic"],"picked":"Sozu"}],"items_purged_floors":[38,45,53],"is_endless":false,"potions_floor_spawned":[9,11,12,15,16,25,29,31,33,36,42,47,48],"ascension_level":8}}