{"host":"fuszjwm6fqgjjp4d","time":1613621900,"event":{"mods":["BaseMod","Colored Map","Minty Spire (QoL Compilation)","Permanent Neow","Relic Sorter","Relic Stats","StSLib"],"gold_per_floor":[17,17,17,35,35,35,76,76,76,94,129,129,142,156,156,249,249,263,263,178,68,89,89,89],"floor_reached":23,"language":"ENG","playtime":667,"items_purged":[],"score":398,"play_id":"31666091-1901-4fe2-890b-6fa6a5b15c78","local_time":"20210217221820","is_ascension_mode":true,"campfire_choices":[{"data":"Zap","floor":6,"key":"SMITH"},{"data":"Seek","floor":8,"key":"SMITH"},{"data":"Dualcast","floor":12,"key":"SMITH"},{"data":"Hologram","floor":15,"key":"SMITH"}],"circlet_count":0,"master_deck":["AscendersBane","Strike_B","Strike_B","Strike_B","Defend_B","Defend_B+1","Defend_B","Defend_B","Zap+1","Dualcast+1","Seek+1","Ball Lightning","Ball Lightning","Auto Shields","Turbo","Glacier","Hologram+1","Coolheaded","Creative AI"],"relics":["Cracked Core","Golden Idol","Blue Candle","Bottled Lightning","Pear","Sozu","Bag of Marbles"],"acts_visited":["Exordium","TheCity"],"potions_floor_usage":[7,11,16,16],"damage_taken":[{"damage":13,"enemies":"Small Slimes","floor":1,"turns":4},{"damage":7,"enemies":"Jaw Worm","floor":4,"turns":3},{"damage":15,"enemies":"3 Sentries","floor":7,"turns":5},{"damage":0,"enemies":"2 Louse","floor":10,"turns":2},{"damage":15,"enemies":"Lagavulin","floor":11,"turns":5},{"damage":0,"enemies":"Blue Slaver","floor":13,"turns":2},{"damage":0,"enemies":"Looter","floor":14,"turns":2},{"damage":23,"enemies":"Hexaghost","floor":16,"turns":11},{"damage":6,"enemies":"Spheric Guardian","floor":18,"turns":6},{"damage":12,"enemies":"Shell Parasite","floor":22,"turns":5},{"damage":39,"enemies":"Book of Stabbing","floor":23,"turns":6}],"seed_played":"-6764151780261446463","potions_obtained":[{"floor":4,"key":"Swift Potion"},{"floor":7,"key":"Strength Potion"},{"floor":11,"key":"EntropicBrew"},{"floor":16,"key":"FearPotion"}],"is_trial":false,"path_per_floor":["M","?","?","M","$","R","E","R","T","M","E","R","M","M","R","B",null,"M","?","?","?","M","E"],"character_chosen":"DEFECT","items_purchased":[],"campfire_rested":0,"item_purchase_floors":[],"current_hp_per_floor":[51,51,51,44,44,44,29,29,29,29,24,24,24,24,24,1,56,50,50,50,50,38,0,0],"gold":89,"neow_bonus":"THREE_RARE_CARDS","is_daily":false,"chose_seed":false,"campfire_upgraded":4,"win_rate":0.0,"timestamp":1613621900,"path_taken":["M","?","?","M","?","R","E","R","T","M","E","R","M","?","R","BOSS","M","?","?","?","M","E"],"items_purchased_type":[],"build_version":"2020-12-22","purchased_purges":0,"victory":false,"max_hp_per_floor":[71,64,64,64,64,64,64,64,64,64,74,74,74,74,74,74,74,74,74,74,74,74,74,74],"relic_stats":{"Sozu":1,"counters":[11,51],"Golden Idol":55,"Blue Candle":[0],"obtain_stats":[{"Sozu":17,"Pear":11,"Golden Idol":2,"Blue Candle":7,"Bag of Marbles":20,"Bottled Lightning":9,"Cracked Core":0},{"Sozu":8,"Pear":5,"Golden Idol":1,"Blue Candle":3,"Bag of Marbles":9,"Bottled Lightning":3,"Cracked Core":0},{"Sozu":34,"Pear":19,"Golden Idol":4,"Blue Candle":12,"Bag of Marbles":40,"Bottled Lightning":12,"Cracked Core":0}]},"card_choices":[{"not_picked":["Meteor Strike","Multi-Cast"],"picked":"Seek","floor":0},{"not_picked":["Sweeping Beam","Coolheaded"],"picked":"Ball Lightning","floor":1},{"not_picked":["Blizzard","Genetic Algorithm"],"picked":"Ball Lightning","floor":4},{"not_picked":["Steam","Double Energy"],"picked":"Auto Shields","floor":7},{"not_picked":["Rip and Tear","Reinforced Body"],"picked":"Turbo","floor":10},{"not_picked":["Turbo","Barrage"],"picked":"Glacier","floor":11},{"not_picked":["Darkness","Melter"],"picked":"Hologram","floor":13},{"not_picked":["Consume","Gash"],"picked":"Coolheaded","floor":14},{"not_picked":["All For One","Core Surge"],"picked":"Creative AI","floor":16},{"not_picked":["Chill","Loop","Beam Cell"],"picked":"SKIP","floor":18},{"not_picked":["Turbo","Sunder","Streamline+1"],"picked":"SKIP","floor":22}],"player_experience":1493520,"relics_obtained":[{"floor":7,"key":"Blue Candle"},{"floor":9,"key":"Bottled Lightning"},{"floor":11,"key":"Pear"}],"event_choices":[{"damage_healed":0,"gold_gain":0,"player_choice":"Lose Max HP","damage_taken":0,"relics_obtained":["Golden Idol"],"max_hp_gain":0,"max_hp_loss":7,"event_name":"Golden Idol","floor":2,"gold_loss":0},{"damage_healed":0,"gold_gain":0,"player_choice":"Ignored","damage_taken":0,"max_hp_gain":0,"max_hp_loss":0,"event_name":"Liars Game","floor":3,"gold_loss":0},{"damage_healed":0,"gold_gain":0,"player_choice":"Ignored","damage_taken":0,"max_hp_gain":0,"max_hp_loss":0,"event_name":"Vampires","floor":19,"gold_loss":0},{"damage_healed":0,"gold_gain":0,"player_choice":"Obtained Relic","damage_taken":0,"relics_obtained":["Bag of Marbles"],"max_hp_gain":0,"max_hp_loss":0,"event_name":"Addict","floor":20,"gold_loss":85},{"cards_removed":["Strike_B"],"damage_healed":0,"gold_gain":0,"player_choice":"Upgrade and Remove","damage_taken":0,"max_hp_gain":0,"max_hp_loss":0,"event_name":"Designer","floor":21,"gold_loss":110,"cards_upgraded":["Defend_B"]}],"is_beta":false,"boss_relics":[{"not_picked":["Velvet Choker","Runic Dome"],"picked":"Sozu"}],"items_purged_floors":[],"is_endless":false,"potions_floor_spawned":[4,7,11,16,22],"killed_by":"Book of Stabbing","ascension_level":20}}