{"host":"vk2xyavtylxbvrfq","time":1613683551,"event":{"mods":["Bard","BaseMod","Bestiary","Better Altar","Better Match","Better Note","Better Sensory Stone","Better Skull","Better Vampires","Block Reminder","Bossed Relics","Colored Map","Curses Come First","Displayed Cursed Tome","Downfall","Fox Events","Hermit","Ironclad Rager","Marked Mod","Minty Spire (QoL Compilation)","Quick Restart","Rare Cards Sparkle","Relic Sorter","Reliquary","Robot Space Explorer","StSLib","The Hayseed","The Runesmith","TheSurvivalist","Unceasing Turn Reminder"],"gold_per_floor":[109,74,87,162,162,193,36,422,447,447,467,484,484,500,500,500,500],"floor_reached":16,"language":"ENG","playtime":656,"items_purged":[],"score":176,"play_id":"c42799b1-ab28-4533-b27a-a54424cd132e","local_time":"20210218162551","is_ascension_mode":true,"campfire_choices":[{"data":"hermit:FlashPowder","floor":10,"key":"SMITH"},{"floor":13,"key":"REST"},{"floor":15,"key":"REST"}],"circlet_count":0,"master_deck":["hermit:Strike_Hermit","hermit:Strike_Hermit","hermit:Strike_Hermit","hermit:Strike_Hermit","hermit:Defend_Hermit","hermit:Defend_Hermit","hermit:Defend_Hermit","hermit:Defend_Hermit","hermit:Snapshot","hermit:Covet","hermit:LowProfile","hermit:FlashPowder+1","hermit:FinalCanter","hermit:Grudge","hermit:Headshot","hermit:Midnight"],"relics":["hermit:Momento","NeowsBlessing","Orichalcum","ClockworkSouvenir","Old Coin","Omamori"],"acts_visited":["Exordium"],"potions_floor_usage":[8,8,16],"damage_taken":[{"damage":0,"enemies":"Jaw Worm","floor":1,"turns":1},{"damage":0,"enemies":"Small Slimes","floor":3,"turns":1},{"damage":0,"enemies":"Lagavulin","floor":6,"turns":1},{"damage":14,"enemies":"3 Sentries","floor":8,"turns":14},{"damage":0,"enemies":"Cultist","floor":11,"turns":4},{"damage":23,"enemies":"Gremlin Gang","floor":12,"turns":4},{"damage":12,"enemies":"Large Slime","floor":14,"turns":5},{"damage":63,"enemies":"The Guardian","floor":16,"turns":17}],"seed_played":"-2084058257844287267","potions_obtained":[{"floor":1,"key":"Dexterity Potion"},{"floor":3,"key":"ColorlessPotion"},{"floor":12,"key":"hermit:Tonic"}],"is_trial":false,"path_per_floor":["M","?","M","?","?","E","$","E","T","R","M","M","R","M","R","B"],"character_chosen":"HERMIT","items_purchased":["ClockworkSouvenir"],"campfire_rested":2,"item_purchase_floors":[7],"current_hp_per_floor":[68,75,75,64,75,75,75,61,61,61,61,38,60,48,70,7,7],"gold":500,"neow_bonus":"THREE_ENEMY_KILL","is_daily":false,"chose_seed":false,"campfire_upgraded":1,"win_rate":0.0,"timestamp":1613683551,"path_taken":["M","?","M","?","?","E","$","E","T","R","M","?","R","?","R","BOSS"],"items_purchased_type":["Relic"],"build_version":"2020-12-22","purchased_purges":0,"victory":false,"max_hp_per_floor":[75,75,75,75,75,75,75,75,75,75,75,75,75,75,75,75,75],"card_choices":[{"not_picked":["hermit:FullyLoaded","hermit:TakeAim"],"picked":"hermit:LuckOfTheDraw","floor":1},{"not_picked":["hermit:HighCaliber","hermit:Feint"],"picked":"hermit:LowProfile","floor":3},{"not_picked":["hermit:Vantage","hermit:Brawl"],"picked":"hermit:FlashPowder","floor":6},{"not_picked":["hermit:ItchyTrigger","hermit:Shortfuse"],"picked":"hermit:FinalCanter","floor":8},{"not_picked":["hermit:SprayPray","hermit:ItchyTrigger"],"picked":"hermit:Grudge","floor":11},{"not_picked":["hermit:Brawl","hermit:Scavenge"],"picked":"hermit:Headshot","floor":12},{"not_picked":["hermit:Maintenance","hermit:CursedWeapon"],"picked":"hermit:Midnight","floor":14}],"player_experience":1426287,"relics_obtained":[{"floor":6,"key":"Orichalcum"},{"floor":8,"key":"Old Coin"},{"floor":9,"key":"Omamori"}],"event_choices":[{"damage_healed":18,"gold_gain":0,"player_choice":"Healed","damage_taken":0,"max_hp_gain":0,"max_hp_loss":0,"event_name":"The Cleric","floor":2,"gold_loss":35},{"damage_healed":0,"gold_gain":75,"player_choice":"Gather Gold","damage_taken":11,"max_hp_gain":0,"max_hp_loss":0,"event_name":"World of Goop","floor":4,"gold_loss":0},{"cards_removed":["hermit:LuckOfTheDraw"],"damage_healed":11,"gold_gain":0,"player_choice":"Offered Uncommon","damage_taken":0,"max_hp_gain":0,"max_hp_loss":0,"event_name":"Bonfire Elementals","floor":5,"gold_loss":0}],"is_beta":false,"boss_relics":[],"items_purged_floors":[],"is_endless":false,"potions_floor_spawned":[1,3,12],"killed_by":"The Guardian","ascension_level":6}}