{"host":"x039aayur7qovk2d","time":1613683064,"event":{"mods":["AchievementEnabler","BaseMod","Block Reminder","Colored Map","Colored Powertips","DeckTracker","Googly Eyes","Highlight Path","Minty Spire (QoL Compilation)","Permanent Neow","Quick Restart","Rare Cards Sparkle","Relic Sorter","Relic Stats"],"gold_per_floor":[114,132,132,152,176,219,219,243,269,444,18,36,36,36,36],"floor_reached":14,"language":"ENG","playtime":1043,"items_purged":["Doubt"],"score":92,"play_id":"725e5616-1f3b-42a5-bd02-9ff1d0267917","local_time":"20210218131744","is_ascension_mode":false,"campfire_choices":[{"floor":7,"key":"REST"}],"circlet_count":0,"master_deck":["Strike_G","Strike_G","Strike_G","Strike_G","Strike_G","Defend_G","Defend_G","Defend_G","Defend_G","Survivor","Neutralize","Flying Knee","Bouncing Flask","Dagger Throw","Outmaneuver","Acrobatics","Catalyst","Deadly Poison"],"relics":["Ring of the Snake","Golden Idol","Darkstone Periapt","Bronze Scales","Bag of Preparation","TheAbacus"],"acts_visited":["Exordium"],"potions_floor_usage":[],"damage_taken":[{"damage":0,"enemies":"Small Slimes","floor":1,"turns":3},{"damage":0,"enemies":"Jaw Worm","floor":2,"turns":5},{"damage":0,"enemies":"Cultist","floor":4,"turns":3},{"damage":4,"enemies":"Blue Slaver","floor":5,"turns":4},{"damage":33,"enemies":"3 Sentries","floor":6,"turns":10},{"damage":4,"enemies":"Red Slaver","floor":8,"turns":3},{"damage":38,"enemies":"Exordium Thugs","floor":12,"turns":5},{"damage":13,"enemies":"Lagavulin","floor":14,"turns":2}],"seed_played":"8410510116406027909","potions_obtained":[{"floor":8,"key":"Dexterity Potion"},{"floor":12,"key":"CunningPotion"}],"is_trial":false,"path_per_floor":["M","M","?","M","M","E","R","M","T","?","$","M","$","E"],"character_chosen":"THE_SILENT","items_purchased":["Bag of Preparation","TheAbacus","Deadly Poison"],"campfire_rested":1,"item_purchase_floors":[11,11,11],"current_hp_per_floor":[70,70,53,53,49,16,37,33,33,39,39,1,1,0,0],"gold":36,"neow_bonus":"REMOVE_CARD","is_daily":false,"chose_seed":false,"campfire_upgraded":0,"win_rate":0.0,"timestamp":1613683064,"path_taken":["M","M","?","M","M","E","R","M","T","?","$","M","?","E"],"items_purchased_type":["Relic","Relic","Card"],"build_version":"2020-12-22","purchased_purges":1,"victory":false,"max_hp_per_floor":[70,70,70,70,70,70,70,70,70,76,76,76,76,76,76],"relic_stats":{"Darkstone Periapt":6,"TheAbacus":[6],"counters":[8,35],"Golden Idol":27,"Bronze Scales":[18],"Bag of Preparation":[4],"obtain_stats":[{"Darkstone Periapt":6,"TheAbacus":11,"Golden Idol":3,"Bronze Scales":9,"Bag of Preparation":11,"Ring of the Snake":0},{"Darkstone Periapt":5,"TheAbacus":6,"Golden Idol":2,"Bronze Scales":6,"Bag of Preparation":6,"Ring of the Snake":0},{"Darkstone Periapt":25,"TheAbacus":28,"Golden Idol":8,"Bronze Scales":28,"Bag of Preparation":28,"Ring of the Snake":0}],"Ring of the Snake":[16]},"card_choices":[{"not_picked":["Bane","Sucker Punch"],"picked":"Flying Knee","floor":1},{"not_picked":["Reflex","Expertise"],"picked":"Bouncing Flask","floor":2},{"not_picked":["Concentrate","Outmaneuver"],"picked":"Dagger Throw","floor":4},{"not_picked":["Quick Slash","Underhanded Strike"],"picked":"Outmaneuver","floor":5},{"not_picked":["Masterful Stab","Slice"],"picked":"Acrobatics","floor":6},{"not_picked":["All Out Attack","Leg Sweep"],"picked":"Catalyst","floor":8},{"not_picked":["Unload","Accuracy","Dagger Spray"],"picked":"SKIP","floor":12}],"player_experience":114211,"relics_obtained":[{"floor":6,"key":"Darkstone Periapt"},{"floor":9,"key":"Bronze Scales"}],"event_choices":[{"damage_healed":0,"gold_gain":0,"player_choice":"Take Damage","damage_taken":17,"relics_obtained":["Golden Idol"],"max_hp_gain":0,"max_hp_loss":0,"event_name":"Golden Idol","floor":3,"gold_loss":0},{"damage_healed":0,"gold_gain":175,"player_choice":"AGREE","damage_taken":0,"max_hp_gain":0,"max_hp_loss":0,"event_name":"Liars Game","floor":10,"gold_loss":0,"cards_obtained":["Doubt"]}],"is_beta":false,"boss_relics":[],"items_purged_floors":[11],"is_endless":false,"potions_floor_spawned":[8,12],"killed_by":"Lagavulin","ascension_level":0}}