{"host":"pvi1ua0l3an81qfu","time":1613663436,"event":{"mods":["AchievementEnabler","BaseMod","Curses Come First","Highlight Path","Infinite Spire","Minty Spire (QoL Compilation)","Quick Restart","Replay The Spire","Shop Mod","StSLib"],"gold_per_floor":[109,109,109,122,140,140,169,189,212,231,78,96,96,116,116,116,116],"floor_reached":16,"language":"ENG","playtime":866,"items_purged":["Strike_B"],"score":104,"play_id":"3b535690-596f-4187-9122-3e1aad1d2da5","local_time":"20210218175036","is_ascension_mode":false,"campfire_choices":[{"data":"Zap","floor":6,"key":"SMITH"},{"floor":15,"key":"REST"}],"circlet_count":0,"master_deck":["Strike_B","Strike_B","Strike_B+1","Defend_B","Defend_B","Defend_B","Defend_B","Zap+1","Dualcast","Gash","Pot Of Greed","Reprogram","Pot Of Greed"],"relics":["Cracked Core","Replay:Antivirus Software","Gremlin Food","Grinning Jar"],"acts_visited":["Exordium"],"potions_floor_usage":[16,16],"damage_taken":[{"damage":1,"enemies":"2 Louse","floor":1,"turns":3},{"damage":6,"enemies":"Jaw Worm","floor":4,"turns":3},{"damage":1,"enemies":"Cultist","floor":5,"turns":3},{"damage":23,"enemies":"Gremlin Nob","floor":7,"turns":4},{"damage":10,"enemies":"Looter","floor":8,"turns":3},{"damage":10,"enemies":"Gremlin Gang","floor":10,"turns":4},{"damage":8,"enemies":"Exordium Wildlife","floor":12,"turns":4},{"damage":15,"enemies":"Lots of Slimes","floor":14,"turns":4},{"damage":26,"enemies":"Slime Boss","floor":16,"turns":5}],"seed_played":"-1010311775593025293","potions_obtained":[{"floor":4,"key":"Weak Potion"},{"floor":5,"key":"FearPotion"},{"floor":8,"key":"ColorlessPotion"}],"is_trial":false,"path_per_floor":["M","?","?","M","M","R","E","M","T","M","$","M","?","M","R","B"],"character_chosen":"DEFECT","items_purchased":["Reprogram"],"campfire_rested":1,"item_purchase_floors":[11],"current_hp_per_floor":[81,81,81,75,74,74,51,41,41,31,31,23,23,8,32,6,6],"gold":116,"neow_bonus":"TEN_PERCENT_HP_BONUS","is_daily":false,"chose_seed":false,"campfire_upgraded":1,"win_rate":0.0,"timestamp":1613663436,"path_taken":["M","?","?","?","M","R","E","M","T","M","$","M","?","M","R","BOSS"],"items_purchased_type":["Card"],"build_version":"2020-12-22","purchased_purges":1,"victory":false,"max_hp_per_floor":[82,82,82,82,82,82,82,82,82,82,82,82,82,82,82,82,82],"card_choices":[{"not_picked":["Rebound","Reinforced Body"],"picked":"Gash","floor":1},{"not_picked":["FTL","ReplaySort","Turbo"],"picked":"SKIP","floor":4},{"not_picked":["BootSequence","Melter","Barrage"],"picked":"SKIP","floor":5},{"not_picked":["Rip and Tear","Redo","Mirror Shield"],"picked":"SKIP","floor":7},{"not_picked":["Compile Driver","Cold Snap","Rebound"],"picked":"SKIP","floor":8},{"not_picked":["Streamline","Redo","Beam Cell"],"picked":"SKIP","floor":10},{"not_picked":["BasicCrystalCard","Time Bomb","Stack"],"picked":"SKIP","floor":12},{"not_picked":["BasicCrystalCard","Steam","Biased Cognition"],"picked":"SKIP","floor":14}],"player_experience":185013,"relics_obtained":[{"floor":2,"key":"Replay:Antivirus Software"},{"floor":7,"key":"Gremlin Food"},{"floor":9,"key":"Grinning Jar"}],"event_choices":[{"damage_healed":0,"gold_gain":0,"player_choice":"Bought 0 Potions","damage_taken":0,"max_hp_gain":0,"max_hp_loss":0,"event_name":"The Woman in Blue","floor":3,"gold_loss":0},{"damage_healed":0,"gold_gain":0,"player_choice":"Ignored","damage_taken":0,"max_hp_gain":0,"max_hp_loss":0,"event_name":"NoteForYourself","floor":13,"gold_loss":0}],"is_beta":false,"boss_relics":[],"items_purged_floors":[11],"is_endless":false,"potions_floor_spawned":[4,5,8,14],"killed_by":"Slime Boss","ascension_level":0}}