{"host":"ufhw4cf0hh51lveu","time":1613623732,"event":{"mods":["BaseMod","DeckTracker","Minty Spire (QoL Compilation)","SuperFastMode"],"gold_per_floor":[114,114,114,114,130,130,148,148,148,148,162,179,179,196,196,293,293,307,320,336,336,336,336],"floor_reached":22,"language":"KOR","playtime":559,"items_purged":[],"score":178,"play_id":"14604e5f-c11e-495d-80af-d2942d141f62","local_time":"20210218134852","is_ascension_mode":false,"campfire_choices":[{"data":"Leap","floor":6,"key":"SMITH"},{"data":"Beam Cell","floor":10,"key":"SMITH"},{"data":"Defragment","floor":13,"key":"SMITH"},{"data":"Static Discharge","floor":15,"key":"SMITH"}],"circlet_count":0,"master_deck":["Strike_B","Strike_B","Strike_B","Strike_B","Defend_B","Defend_B","Defend_B","Defend_B","Zap","Dualcast","Shame","Leap+1","Coolheaded","Beam Cell+1","Pain","Sweeping Beam","Defragment+1","Static Discharge+1","Biased Cognition","Ball Lightning+1","Lockon","Compile Driver"],"relics":["Cracked Core","Ice Cream","WarpedTongs","Mercury Hourglass","SlaversCollar"],"acts_visited":["Exordium","TheCity"],"potions_floor_usage":[16,16,19,20],"damage_taken":[{"damage":1,"enemies":"Jaw Worm","floor":1,"turns":3},{"damage":0,"enemies":"Small Slimes","floor":5,"turns":4},{"damage":0,"enemies":"Cultist","floor":7,"turns":4},{"damage":3,"enemies":"Exordium Wildlife","floor":11,"turns":2},{"damage":0,"enemies":"2 Fungi Beasts","floor":12,"turns":2},{"damage":6,"enemies":"Looter","floor":14,"turns":3},{"damage":22,"enemies":"Hexaghost","floor":16,"turns":8},{"damage":17,"enemies":"2 Thieves","floor":18,"turns":3},{"damage":14,"enemies":"3 Byrds","floor":19,"turns":4},{"damage":28,"enemies":"Centurion and Healer","floor":20,"turns":4},{"damage":44,"enemies":"Masked Bandits","floor":22,"turns":3}],"seed_played":"4162167853814057047","potions_obtained":[{"floor":7,"key":"Strength Potion"},{"floor":12,"key":"BlessingOfTheForge"},{"floor":16,"key":"AttackPotion"},{"floor":19,"key":"Ancient Potion"}],"is_trial":false,"path_per_floor":["M","$","?","?","M","R","M","?","T","R","M","M","R","M","R","B",null,"M","M","M","?","?"],"character_chosen":"DEFECT","items_purchased":[],"campfire_rested":0,"item_purchase_floors":[],"current_hp_per_floor":[74,74,74,74,74,74,74,74,74,74,71,71,71,65,65,43,75,58,44,16,41,0,0],"gold":336,"neow_bonus":"ONE_RARE_RELIC","is_daily":false,"chose_seed":false,"campfire_upgraded":4,"win_rate":0.0,"timestamp":1613623732,"path_taken":["M","$","?","?","M","R","M","?","T","R","M","M","R","M","R","BOSS","M","?","M","?","?"],"items_purchased_type":[],"build_version":"2020-12-22","purchased_purges":0,"victory":false,"max_hp_per_floor":[75,75,75,75,75,75,75,75,75,75,75,75,75,75,75,75,75,75,75,75,75,75,75],"card_choices":[{"not_picked":["Gash","Turbo"],"picked":"Leap","floor":1},{"not_picked":["Doom and Gloom","Consume"],"picked":"Coolheaded","floor":5},{"not_picked":["Darkness","Rebound"],"picked":"Beam Cell","floor":7},{"not_picked":["Sunder","BootSequence"],"picked":"Sweeping Beam","floor":11},{"not_picked":["Rebound","Cold Snap"],"picked":"Defragment","floor":12},{"not_picked":["Doom and Gloom","Darkness"],"picked":"Static Discharge","floor":14},{"not_picked":["Echo Form","Amplify"],"picked":"Biased Cognition","floor":16},{"not_picked":["Go for the Eyes+1","Chill"],"picked":"Ball Lightning+1","floor":18},{"not_picked":["Hologram","Hello World"],"picked":"Lockon","floor":19},{"not_picked":["Redo+1","Leap"],"picked":"Compile Driver","floor":20}],"player_experience":38085,"relics_obtained":[{"floor":9,"key":"Mercury Hourglass"}],"event_choices":[{"damage_healed":0,"gold_gain":0,"player_choice":"Ignored","damage_taken":0,"max_hp_gain":0,"max_hp_loss":0,"event_name":"Shining Light","floor":3,"gold_loss":0},{"damage_healed":0,"gold_gain":0,"player_choice":"Ignored","damage_taken":0,"max_hp_gain":0,"max_hp_loss":0,"event_name":"Liars Game","floor":4,"gold_loss":0},{"damage_healed":0,"gold_gain":0,"player_choice":"Rummage","damage_taken":0,"relics_obtained":["WarpedTongs"],"max_hp_gain":0,"max_hp_loss":0,"event_name":"Accursed Blacksmith","floor":8,"gold_loss":0,"cards_obtained":["Pain"]},{"damage_healed":25,"gold_gain":0,"player_choice":"Heal","damage_taken":0,"max_hp_gain":0,"max_hp_loss":0,"event_name":"The Library","floor":21,"gold_loss":0},{"damage_healed":0,"gold_gain":0,"player_choice":"Fought Bandits","damage_taken":0,"max_hp_gain":0,"max_hp_loss":0,"event_name":"Masked Bandits","floor":22,"gold_loss":0}],"is_beta":false,"boss_relics":[{"not_picked":["Nuclear Battery","Fusion Hammer"],"picked":"SlaversCollar"}],"items_purged_floors":[],"is_endless":false,"potions_floor_spawned":[7,12,16,19],"killed_by":"Masked Bandits","ascension_level":0}}