{"host":"q8mjpf3krl0t4p3x","time":1613639528,"event":{"mods":["BaseMod","Colored Map","Colored Powertips","Googly Eyes","Minty Spire (QoL Compilation)","Quick Restart","StSLib","everything is the same but u backflip on backflip","slay the spire mod where everything is the same but ironclad has a cowboy hat"],"gold_per_floor":[369,389,80,98,110,138,138,17,17,48,66,79,89,154,154,225,225,238,268,268,31,46,46,46,58,82,115,115,125,140,15,15,88,88,107,329,349,349,35,35,66,66,91,91,138,150,150,166,166,166],"floor_reached":51,"language":"ENG","playtime":1801,"items_purged":["Normality","True Grit"],"score":1225,"play_id":"ee5c2bb7-3371-497d-a122-78cdc74659ce","local_time":"20210218011208","is_ascension_mode":true,"campfire_choices":[{"data":"Flame Barrier","floor":7,"key":"SMITH"},{"data":"Limit Break","floor":15,"key":"SMITH"},{"floor":23,"key":"REST"},{"floor":24,"key":"REST"},{"floor":32,"key":"REST"},{"data":"Impervious","floor":40,"key":"SMITH"},{"floor":42,"key":"REST"},{"data":"Rage","floor":44,"key":"SMITH"},{"data":"1","floor":47,"key":"LIFT"},{"data":"2","floor":49,"key":"LIFT"}],"circlet_count":0,"master_deck":["AscendersBane","Strike_R+1","Strike_R+1","Strike_R+1","Strike_R+1","Strike_R+1","Defend_R+1","Defend_R+1","Defend_R+1","Defend_R+1","Bash","Rampage","Flame Barrier+1","Headbutt+1","Rage+1","Spot Weakness","Impervious+1","Anger","Limit Break+1","Immolate+1","Whirlwind+1","Immolate+1","Shame","Flex+1","Battle Trance"],"relics":["Burning Blood","Brimstone","The Courier","Orichalcum","Gambling Chip","Champion Belt","WingedGreaves","Runic Pyramid","Red Mask","Whetstone","Pen Nib","Mercury Hourglass","Chemical X","Cursed Key","Vajra","Self Forming Clay","Potion Belt","Dream Catcher","Girya"],"acts_visited":["Exordium","TheCity","TheBeyond"],"potions_floor_usage":[6,14,16,16,25,27,29,33,50,50,50],"damage_taken":[{"damage":14,"enemies":"Cultist","floor":1,"turns":5},{"damage":12,"enemies":"Jaw Worm","floor":2,"turns":2},{"damage":0,"enemies":"2 Louse","floor":4,"turns":2},{"damage":3,"enemies":"Blue Slaver","floor":5,"turns":3},{"damage":32,"enemies":"Gremlin Nob","floor":6,"turns":4},{"damage":18,"enemies":"Lagavulin","floor":10,"turns":5},{"damage":7,"enemies":"Red Slaver","floor":11,"turns":4},{"damage":1,"enemies":"Exordium Wildlife","floor":12,"turns":4},{"damage":0,"enemies":"2 Fungi Beasts","floor":13,"turns":3},{"damage":17,"enemies":"Lagavulin Event","floor":14,"turns":4},{"damage":16,"enemies":"Hexaghost","floor":16,"turns":8},{"damage":39,"enemies":"Shell Parasite","floor":18,"turns":5},{"damage":20,"enemies":"Masked Bandits","floor":19,"turns":3},{"damage":2,"enemies":"Chosen","floor":22,"turns":3},{"damage":18,"enemies":"Centurion and Healer","floor":25,"turns":5},{"damage":43,"enemies":"Book of Stabbing","floor":27,"turns":5},{"damage":6,"enemies":"Sentry and Sphere","floor":29,"turns":5},{"damage":9,"enemies":"Snecko","floor":30,"turns":3},{"damage":16,"enemies":"Automaton","floor":33,"turns":6},{"damage":0,"enemies":"3 Darklings","floor":35,"turns":2},{"damage":4,"enemies":"3 Shapes","floor":37,"turns":2},{"damage":25,"enemies":"Nemesis","floor":41,"turns":5},{"damage":10,"enemies":"2 Orb Walkers","floor":45,"turns":2},{"damage":0,"enemies":"Jaw Worm Horde","floor":46,"turns":2},{"damage":0,"enemies":"Transient","floor":48,"turns":5},{"damage":40,"enemies":"Awakened One","floor":50,"turns":7}],"seed_played":"3946196818123426594","potions_obtained":[{"floor":2,"key":"Swift Potion"},{"floor":6,"key":"LiquidBronze"},{"floor":12,"key":"EssenceOfSteel"},{"floor":14,"key":"HeartOfIron"},{"floor":22,"key":"SkillPotion"},{"floor":27,"key":"Explosive Potion"},{"floor":29,"key":"Explosive Potion"},{"floor":41,"key":"Swift Potion"},{"floor":45,"key":"PowerPotion"},{"floor":48,"key":"Fire Potion"}],"is_trial":false,"path_per_floor":["M","M","$","M","M","E","R","$","T","E","M","M","M","?","R","B",null,"M","?","?","$","M","R","R","M","T","E","?","M","M","$","R","B",null,"M","?","M","?","$","R","E","R","T","R","?","M","R","M","R","B",null],"character_chosen":"IRONCLAD","items_purchased":["Flame Barrier","Brimstone","Headbutt","Orichalcum","Whetstone","SteroidPotion","Chemical X","Vajra","Self Forming Clay"],"campfire_rested":4,"item_purchase_floors":[3,3,3,8,21,21,31,39,39],"current_hp_per_floor":[60,54,54,60,63,37,37,37,37,25,24,29,35,24,24,14,60,27,13,13,13,17,39,61,49,49,12,12,12,9,9,31,21,62,68,68,70,70,70,70,51,71,71,71,67,71,71,71,71,37],"gold":166,"neow_bonus":"TWO_FIFTY_GOLD","is_daily":false,"chose_seed":false,"campfire_upgraded":4,"win_rate":0.0,"timestamp":1613639528,"path_taken":["M","?","$","M","M","E","R","$","T","E","M","M","M","?","R","BOSS","M","?","?","$","M","R","R","M","T","E","?","?","M","$","R","BOSS","M","?","M","?","$","R","E","R","T","R","?","M","R","?","R","BOSS"],"items_purchased_type":["Card","Relic","Card","Relic","Relic","Potion","Relic","Relic","Relic"],"build_version":"2020-12-22","purchased_purges":2,"victory":true,"max_hp_per_floor":[75,75,75,75,75,75,75,75,75,75,75,75,75,75,75,75,75,75,75,75,75,75,75,75,75,75,75,75,75,75,75,75,75,75,75,75,75,71,71,71,71,71,71,71,71,71,71,71,71,71],"card_choices":[{"not_picked":["Sword Boomerang","Heavy Blade"],"picked":"Rampage","floor":1},{"not_picked":["Flex","Disarm"],"picked":"True Grit","floor":2},{"not_picked":["Body Slam","Iron Wave"],"picked":"Rage","floor":4},{"not_picked":["Havoc","Cleave"],"picked":"Spot Weakness","floor":5},{"not_picked":["Warcry","Evolve","Thunderclap"],"picked":"SKIP","floor":6},{"not_picked":["Burning Pact","Pommel Strike"],"picked":"Impervious","floor":10},{"not_picked":["Wild Strike","Dropkick"],"picked":"Anger","floor":11},{"not_picked":["True Grit","Anger","Dropkick"],"picked":"SKIP","floor":12},{"not_picked":["Twin Strike","Seeing Red","Heavy Blade"],"picked":"SKIP","floor":13},{"not_picked":["Thunderclap","Flex"],"picked":"Limit Break","floor":14},{"not_picked":["Bludgeon","Offering"],"picked":"Immolate","floor":16},{"not_picked":["Ghostly Armor","Second Wind"],"picked":"Whirlwind+1","floor":18},{"not_picked":["Shrug It Off","Sword Boomerang","True Grit"],"picked":"SKIP","floor":22},{"not_picked":["Combust","Armaments","Sword Boomerang"],"picked":"SKIP","floor":25},{"not_picked":["True Grit","Twin Strike","Corruption"],"picked":"SKIP","floor":27},{"not_picked":["Cleave","Shrug It Off","Iron Wave+1"],"picked":"SKIP","floor":29},{"not_picked":["Shrug It Off+1","Evolve","Ghostly Armor"],"picked":"SKIP","floor":30},{"not_picked":["Fire Breathing","Headbutt+1","Thunderclap"],"picked":"SKIP","floor":35},{"not_picked":["Dark Embrace+1","Iron Wave","Blood for Blood"],"picked":"SKIP","floor":37},{"not_picked":["Wild Strike","Clothesline+1","Rampage+1"],"picked":"SKIP","floor":41},{"not_picked":["Warcry","Cleave"],"picked":"Flex+1","floor":46},{"not_picked":["Sentinel","Blood for Blood+1"],"picked":"Battle Trance","floor":48}],"player_experience":192024,"relics_obtained":[{"floor":6,"key":"The Courier"},{"floor":9,"key":"Gambling Chip"},{"floor":10,"key":"Champion Belt"},{"floor":14,"key":"WingedGreaves"},{"floor":19,"key":"Red Mask"},{"floor":26,"key":"Pen Nib"},{"floor":27,"key":"Mercury Hourglass"},{"floor":41,"key":"Potion Belt"},{"floor":43,"key":"Dream Catcher"},{"floor":45,"key":"Girya"}],"event_choices":[{"damage_healed":0,"gold_gain":0,"player_choice":"Searched \u00271\u0027 times","damage_taken":0,"max_hp_gain":0,"max_hp_loss":0,"event_name":"Dead Adventurer","floor":14,"gold_loss":0},{"damage_healed":0,"gold_gain":0,"player_choice":"Fought Bandits","damage_taken":0,"max_hp_gain":0,"max_hp_loss":0,"event_name":"Masked Bandits","floor":19,"gold_loss":0},{"damage_healed":0,"gold_gain":0,"player_choice":"Simplicity","damage_taken":0,"max_hp_gain":0,"max_hp_loss":0,"event_name":"Back to Basics","floor":20,"gold_loss":0,"cards_upgraded":["Strike_R","Strike_R","Strike_R","Strike_R","Strike_R","Defend_R","Defend_R","Defend_R","Defend_R"]},{"damage_healed":0,"gold_gain":0,"player_choice":"Copied","damage_taken":0,"max_hp_gain":0,"max_hp_loss":0,"event_name":"Duplicator","floor":28,"gold_loss":0,"cards_obtained":["Immolate"]},{"damage_healed":0,"gold_gain":222,"player_choice":"Wore Mask","damage_taken":0,"max_hp_gain":0,"max_hp_loss":0,"event_name":"Tomb of Lord Red Mask","floor":36,"gold_loss":0},{"damage_healed":0,"gold_gain":0,"player_choice":"Max HP","damage_taken":0,"max_hp_gain":0,"max_hp_loss":4,"event_name":"Winding Halls","floor":38,"gold_loss":0},{"damage_healed":0,"gold_gain":0,"player_choice":"Fight","damage_taken":0,"max_hp_gain":0,"max_hp_loss":0,"event_name":"Mysterious Sphere","floor":45,"gold_loss":0}],"is_beta":false,"boss_relics":[{"not_picked":["SlaversCollar","Tiny House"],"picked":"Runic Pyramid"},{"not_picked":["Black Blood","Fusion Hammer"],"picked":"Cursed Key"}],"items_purged_floors":[3,21],"is_endless":false,"potions_floor_spawned":[2,6,12,13,14,22,27,29,41,45,48],"ascension_level":15}}