{"host":"1dkd4flhdqbv9eyg","time":1613628377,"event":{"mods":["AchievementEnabler","Aspiration","BaseMod","Better Note","DeckTracker","Energized Spire","Evolution","Gold Saver","Minty Spire (QoL Compilation)","Spicy Shops","StSLib"],"gold_per_floor":[271,40,53,63,73,73,105,105,105,105,124,124,124,138,138,266,266,206,0,0,25,25,58,58,58,82,45,61,77,96,121,121,251,251,276,276,340,358,421,421,421,28,28,43,43,376,376,393,393,393,393,393,65,65,65],"floor_reached":54,"language":"ENG","playtime":3392,"items_purged":[],"score":680,"play_id":"ea994df6-2df1-4d6d-a933-39fcda809955","local_time":"20210217220617","is_ascension_mode":false,"campfire_choices":[{"floor":6.0,"key":"RECALL"},{"data":"Evolve","floor":12.0,"key":"SMITH"},{"data":"Warcry","floor":15.0,"key":"SMITH"},{"floor":25.0,"key":"REST"},{"floor":32.0,"key":"REST"},{"data":"Fire Breathing","floor":40,"key":"SMITH"},{"floor":41,"key":"REST"},{"data":"Havoc","floor":47,"key":"SMITH"},{"floor":49,"key":"REST"},{"data":"Immolate","floor":52,"key":"SMITH"}],"circlet_count":0,"master_deck":["Sword Boomerang","Wild Strike","Sword Boomerang","Strike_R","Strike_R","Defend_R","Defend_R","Defend_R+1","Defend_R+1","Bash","Exhume","Havoc+1","Wild Strike","Fire Breathing+1","Clash","Evolve+1","Reckless Charge","Warcry+1","Demon Form","Sword Boomerang","Wild Strike","Dual Wield","Inflame","Shrug It Off","Burning Pact+1","Armaments+1","Iron Wave","Immolate+1","Madness","Anger","Power Through","Wild Strike"],"relics":["Black Blood","EVO:Axolotl","Toy Ornithopter","Orichalcum","War Paint","aspiration:Lifesprig","energizedSpire:OgreHead","Pen Nib","Centennial Puzzle","InkBottle","aspiration:Stabinomicon","PreservedInsect","WingedGreaves","Pocketwatch","Happy Flower","Nunchaku","FossilizedHelix"],"acts_visited":["Exordium","TheCity","TheBeyond","TheEnding"],"potions_floor_usage":[37,39,54],"damage_taken":[{"damage":0.0,"enemies":"Small Slimes","floor":1.0,"turns":3.0},{"damage":1.0,"enemies":"2 Louse","floor":3.0,"turns":3.0},{"damage":0.0,"enemies":"Cultist","floor":4.0,"turns":3.0},{"damage":14.0,"enemies":"Exordium Thugs","floor":5.0,"turns":5.0},{"damage":28.0,"enemies":"Lagavulin","floor":7.0,"turns":5.0},{"damage":9.0,"enemies":"Exordium Wildlife","floor":11.0,"turns":4.0},{"damage":9.0,"enemies":"Looter","floor":14.0,"turns":3.0},{"damage":19.0,"enemies":"Slime Boss","floor":16.0,"turns":7.0},{"damage":21.0,"enemies":"2 Thieves","floor":18.0,"turns":4.0},{"damage":4.0,"enemies":"Chosen","floor":21.0,"turns":4.0},{"damage":42.0,"enemies":"Gremlin Leader","floor":23.0,"turns":5.0},{"damage":0.0,"enemies":"Snecko","floor":28.0,"turns":2.0},{"damage":5.0,"enemies":"Snake Plant","floor":29.0,"turns":3.0},{"damage":19.0,"enemies":"3 Cultists","floor":30.0,"turns":5.0},{"damage":27.0,"enemies":"Sentry and Sphere","floor":31.0,"turns":4.0},{"damage":61,"enemies":"Collector","floor":33,"turns":7},{"damage":24,"enemies":"3 Shapes","floor":35,"turns":2},{"damage":67,"enemies":"2 Orb Walkers","floor":37,"turns":4},{"damage":7,"enemies":"Orb Walker","floor":38,"turns":2},{"damage":10,"enemies":"Mind Bloom Boss Battle","floor":39,"turns":5},{"damage":19,"enemies":"Maw","floor":44,"turns":5},{"damage":12,"enemies":"Writhing Mass","floor":48,"turns":4},{"damage":39,"enemies":"Donu and Deca","floor":50,"turns":5},{"damage":86,"enemies":"Shield and Spear","floor":54,"turns":3}],"seed_played":"3548708704290019232","potions_obtained":[{"floor":3.0,"key":"DistilledChaos"},{"floor":4.0,"key":"ColorlessPotion"},{"floor":5.0,"key":"Ancient Potion"},{"floor":16.0,"key":"Fruit Juice"},{"floor":21.0,"key":"PowerPotion"},{"floor":29.0,"key":"LiquidMemories"},{"floor":31.0,"key":"FairyPotion"},{"floor":35,"key":"Regen Potion"},{"floor":39,"key":"PowerPotion"},{"floor":44,"key":"BlessingOfTheForge"}],"is_trial":false,"path_per_floor":["M","$","M","M","M","R","E","?","T","?","M","R","?","M","R","B",null,"M","$","?","M","?","E","?","R","T","$","M","M","M","M","R","B",null,"M","?","?","M","?","R","R","$","T","M","?","?","R","M","R","B",null,"R","$","E"],"character_chosen":"IRONCLAD","items_purchased":["Toy Ornithopter","Orichalcum","Pen Nib","Centennial Puzzle","Inflame","Happy Flower","Nunchaku","Strength Potion","FossilizedHelix","Wild Strike"],"campfire_rested":4,"item_purchase_floors":[2,2,19,19,27,42,42,42,53,53],"current_hp_per_floor":[80,80,80,80,72,72,58,58,58,63,60,60,60,57,57,54,84,69,69,69,71,71,35,19,44,44,44,50,51,38,17,42,13,84,72,72,22,27,46,46,71,71,71,64,64,64,64,64,80,53,80,80,80,0,0],"gold":65,"neow_bonus":"ONE_RANDOM_RARE_CARD","is_daily":false,"chose_seed":false,"campfire_upgraded":5,"win_rate":0.0,"timestamp":1613628377,"path_taken":["M","$","M","M","M","R","E","?","T","?","M","R","?","M","R","BOSS","M","$","?","M","?","E","?","R","T","?","M","M","M","M","R","BOSS","M","?","?","M","?","R","R","$","T","M","?","?","R","M","R","BOSS","R","$","E"],"items_purchased_type":["Relic","Relic","Relic","Relic","Card","Relic","Relic","Potion","Relic","Card"],"build_version":"2020-12-22","purchased_purges":0,"victory":false,"max_hp_per_floor":[80,80,80,80,80,80,80,74,74,79,79,79,79,79,79,84,84,84,84,84,84,84,84,84,84,84,84,84,84,84,84,84,84,84,84,84,84,84,84,84,84,84,84,84,80,80,80,80,80,80,80,80,80,80,80],"card_choices":[{"not_picked":["Heavy Blade","Clothesline"],"picked":"Havoc","floor":1.0},{"not_picked":["Headbutt","Perfected Strike"],"picked":"Wild Strike","floor":3.0},{"not_picked":["Perfected Strike","Clothesline"],"picked":"Fire Breathing","floor":4.0},{"not_picked":["Perfected Strike","Juggernaut"],"picked":"Clash","floor":5.0},{"not_picked":["Spot Weakness","Flex"],"picked":"Evolve","floor":7.0},{"not_picked":["Fire Breathing","Intimidate"],"picked":"Reckless Charge","floor":11.0},{"not_picked":["Dark Embrace","Shrug It Off"],"picked":"Warcry","floor":14.0},{"not_picked":["Impervious","Exhume"],"picked":"Demon Form","floor":16.0},{"not_picked":["Headbutt","Perfected Strike"],"picked":"Sword Boomerang","floor":18.0},{"not_picked":["Sever Soul","Twin Strike"],"picked":"Wild Strike","floor":21.0},{"not_picked":["Clash","Warcry"],"picked":"Dual Wield","floor":23.0},{"not_picked":["Feel No Pain","Clothesline"],"picked":"Shrug It Off","floor":28.0},{"not_picked":["Bloodletting","Thunderclap"],"picked":"Burning Pact+1","floor":29.0},{"not_picked":["Thunderclap","Body Slam"],"picked":"Armaments+1","floor":30.0},{"not_picked":["Clash+1","Entrench"],"picked":"Iron Wave","floor":31.0},{"not_picked":["Fiend Fire","Offering"],"picked":"Immolate","floor":33},{"not_picked":["Iron Wave+1","Thunderclap","Hemokinesis"],"picked":"SKIP","floor":35},{"not_picked":["HandOfGreed","Transmutation"],"picked":"Madness","floor":36},{"not_picked":["Disarm","Thunderclap","Clothesline+1"],"picked":"SKIP","floor":38},{"not_picked":["Disarm","Body Slam+1"],"picked":"Anger","floor":39},{"not_picked":["Pommel Strike","Demon Form"],"picked":"Power Through","floor":44},{"not_picked":["Flame Barrier+1","Iron Wave","Infernal Blade"],"picked":"SKIP","floor":48}],"player_experience":111427,"relics_obtained":[{"floor":7.0,"key":"War Paint"},{"floor":9.0,"key":"aspiration:Lifesprig"},{"floor":23.0,"key":"InkBottle"},{"floor":24.0,"key":"aspiration:Stabinomicon"},{"floor":26.0,"key":"PreservedInsect"},{"floor":37,"key":"WingedGreaves"},{"floor":39,"key":"Pocketwatch"}],"event_choices":[{"damage_healed":0.0,"max_hp_gain":0.0,"max_hp_loss":6.0,"gold_gain":0.0,"event_name":"Golden Idol","player_choice":"Lose Max HP","floor":8.0,"gold_loss":0.0,"damage_taken":0.0,"relics_obtained":["Golden Idol"]},{"damage_healed":0.0,"max_hp_gain":5.0,"max_hp_loss":0.0,"gold_gain":0.0,"event_name":"Big Fish","player_choice":"Donut","floor":10.0,"gold_loss":0.0,"damage_taken":0.0},{"damage_healed":0.0,"max_hp_gain":0.0,"max_hp_loss":0.0,"gold_gain":0.0,"event_name":"Transmorgrifier","player_choice":"Ignored","floor":13.0,"gold_loss":0.0,"damage_taken":0.0},{"damage_healed":0.0,"max_hp_gain":0.0,"max_hp_loss":0.0,"gold_gain":0.0,"event_name":"betterNote:BetterNote","player_choice":"Ignored","floor":20.0,"gold_loss":0.0,"damage_taken":0.0,"cards_obtained":["Alpha"]},{"cards_removed":["Normality"],"damage_healed":0.0,"max_hp_gain":0.0,"max_hp_loss":0.0,"gold_gain":0.0,"event_name":"Back to Basics","player_choice":"Elegance","floor":22.0,"gold_loss":0.0,"damage_taken":0.0},{"damage_healed":0.0,"max_hp_gain":0.0,"max_hp_loss":0.0,"gold_gain":0.0,"event_name":"Cursed Tome","player_choice":"Obtained Book","floor":24.0,"gold_loss":0.0,"damage_taken":16.0},{"damage_healed":0,"gold_gain":0,"player_choice":"Memory 1","damage_taken":0,"max_hp_gain":0,"max_hp_loss":0,"event_name":"SensoryStone","floor":36,"gold_loss":0},{"damage_healed":0,"gold_gain":0,"player_choice":"Fight","damage_taken":0,"max_hp_gain":0,"max_hp_loss":0,"event_name":"Mysterious Sphere","floor":37,"gold_loss":0},{"damage_healed":0,"gold_gain":0,"player_choice":"Fight","damage_taken":0,"max_hp_gain":0,"max_hp_loss":0,"event_name":"MindBloom","floor":39,"gold_loss":0},{"damage_healed":0,"gold_gain":0,"player_choice":"Max HP","damage_taken":0,"max_hp_gain":0,"max_hp_loss":4,"event_name":"Winding Halls","floor":45,"gold_loss":0},{"damage_healed":0,"gold_gain":333,"player_choice":"Gave Idol","damage_taken":0,"max_hp_gain":0,"max_hp_loss":0,"event_name":"The Moai Head","floor":46,"relics_lost":["Golden Idol"],"gold_loss":0}],"is_beta":false,"boss_relics":[{"not_picked":["Cursed Key","Ectoplasm"],"picked":"energizedSpire:OgreHead"},{"not_picked":["Runic Cube","energizedSpire:DecayingSkull"],"picked":"Black Blood"}],"items_purged_floors":[],"is_endless":false,"potions_floor_spawned":[3,4,5,16,21,29,30,31,35,39,44],"killed_by":"Shield and Spear","ascension_level":0}}