{"host":"8e3sp1tozjyrh64l","time":1613621276,"event":{"mods":["Act Like it!","BaseMod","Better Altar","Better Match","Better Note","Better Sensory Stone","Better Silent Start","Better Skull","Better Third Choice","BetterRewards","Conspire","Curses Come First","Defuse TimeMaze Blight","Infinite Spire","Minty Spire (QoL Compilation)","Permanent Neow","Rare Cards Sparkle","Relic Sorter","Reliquary","Replay The Spire","Shop Mod","Spicy Shops","StSLib","SuperFastMode","The Jungle","The Mystic","The Necromancer","Wandering Minibosses"],"gold_per_floor":[115,115,115,129,153,187,187,221,221,146,146,146,172,192,192,192,192],"floor_reached":16,"language":"ENG","playtime":592,"items_purged":[],"score":116,"play_id":"36cf975a-1f83-4165-b343-aebb6b05a6f4","local_time":"20210217210756","is_ascension_mode":false,"campfire_choices":[{"data":"mysticmod:KeenEdge","floor":7,"key":"SMITH"},{"data":"mysticmod:Dedication","floor":12,"key":"SMITH"},{"data":"mysticmod:HeavyStrike","floor":15,"key":"SMITH"}],"circlet_count":0,"master_deck":["mysticmod:Strike_Mystic","mysticmod:Strike_Mystic","mysticmod:Strike_Mystic","mysticmod:Strike_Mystic","mysticmod:Defend_Mystic","mysticmod:Defend_Mystic","mysticmod:Defend_Mystic","mysticmod:Defend_Mystic","mysticmod:ArcaneDodge","mysticmod:ShockingGrasp+1","mysticmod:Flurry","mysticmod:KeenEdge+1","mysticmod:Fly","mysticmod:Dedication+1","mysticmod:HeavyStrike+1"],"relics":["mysticmod:SpellBook","ReplayTheSpireMod:Lightbulb","conspire:Boomerang","mysticmod:TrainingManual","Kunai","reliquary:NewFriend"],"acts_visited":["Exordium"],"potions_floor_usage":[6,8,16,16],"damage_taken":[{"damage":1,"enemies":"Cultist","floor":1,"turns":3},{"damage":0,"enemies":"Small Slimes","floor":4,"turns":3},{"damage":22,"enemies":"Gremlin Nob","floor":6,"turns":5},{"damage":26,"enemies":"3 Sentries","floor":8,"turns":6},{"damage":22,"enemies":"Gremlin Nob","floor":13,"turns":4},{"damage":2,"enemies":"Jaw Worm","floor":14,"turns":3},{"damage":16,"enemies":"Hexaghost","floor":16,"turns":8}],"seed_played":"4528536147755326991","potions_obtained":[{"floor":4,"key":"Explosive Potion"},{"floor":6,"key":"Fruit Juice"},{"floor":13,"key":"mysticmod:EssenceOfMagic"},{"floor":14,"key":"LifebloodPotion"}],"is_trial":false,"path_per_floor":["M","?","?","M","T","E","R","E","T","$","$","R","E","M","R","B"],"character_chosen":"MYSTIC_CLASS","items_purchased":["mysticmod:Dedication"],"campfire_rested":0,"item_purchase_floors":[10],"current_hp_per_floor":[76,76,81,81,81,64,64,38,38,38,38,38,16,14,14,0,0],"gold":192,"neow_bonus":"UPGRADE_CARD","is_daily":false,"chose_seed":false,"campfire_upgraded":3,"win_rate":0.0,"timestamp":1613621276,"path_taken":["M","?","?","M","?","E","R","E","T","?","$","R","E","M","R","BOSS"],"items_purchased_type":["Card"],"build_version":"2020-12-22","purchased_purges":0,"victory":false,"max_hp_per_floor":[77,77,82,82,82,87,87,87,87,87,87,87,87,87,87,87,87],"card_choices":[{"not_picked":["mysticmod:PowerSlash","mysticmod:PowerAttack"],"picked":"mysticmod:Flurry","floor":1},{"not_picked":["mysticmod:Alacrity","mysticmod:Disengage","mysticmod:CorrosiveTouch"],"picked":"SKIP","floor":4},{"not_picked":["mysticmod:ArcaneAccuracy","mysticmod:ChargedParry"],"picked":"mysticmod:KeenEdge","floor":6},{"not_picked":["mysticmod:CorrosiveTouch","mysticmod:Alacrity"],"picked":"mysticmod:Fly","floor":8},{"not_picked":["mysticmod:Natural20","mysticmod:DiviningBlow"],"picked":"mysticmod:HeavyStrike","floor":13},{"not_picked":["mysticmod:CorrosiveTouch","mysticmod:Dedication","mysticmod:Stoneskin"],"picked":"SKIP","floor":14}],"player_experience":961642,"relics_obtained":[{"floor":5,"key":"ReplayTheSpireMod:Lightbulb"},{"floor":6,"key":"conspire:Boomerang"},{"floor":8,"key":"mysticmod:TrainingManual"},{"floor":9,"key":"Kunai"},{"floor":13,"key":"reliquary:NewFriend"}],"event_choices":[{"damage_healed":0,"gold_gain":0,"player_choice":"Leave","damage_taken":0,"max_hp_gain":0,"max_hp_loss":0,"event_name":"conspire:Investor","floor":2,"gold_loss":0},{"damage_healed":0,"gold_gain":0,"player_choice":"Donut","damage_taken":0,"max_hp_gain":5,"max_hp_loss":0,"event_name":"Big Fish","floor":3,"gold_loss":0}],"is_beta":false,"boss_relics":[],"items_purged_floors":[],"is_endless":false,"potions_floor_spawned":[4,6,13,14],"killed_by":"Hexaghost","ascension_level":0}}