{"host":"5m2js577gj4e7pak","time":1613672764,"event":{"mods":["AchievementEnabler","Act Like it!","BaseMod","Better Match","Better Note","Better Third Choice","BetterRewards","Colored Map","Colored Powertips","Highlight Path","Lobotomy","LobotomyExtend","Minty Spire (QoL Compilation)","Quick Restart","Relic Filter","Relic Sorter","Remove Card Discount Mod","Ruina","Shop Mod","Spicy Shops","StSLib"],"gold_per_floor":[114,114,114,134,150,150,150,163,188,202,128,128,128,145,145,145,145],"floor_reached":16,"language":"ENG","playtime":332,"items_purged":[],"score":97,"play_id":"f4f510e9-a1d8-4582-b0f3-0fde97c968e1","local_time":"20210218192604","is_ascension_mode":true,"campfire_choices":[],"circlet_count":0,"master_deck":["SpecialBullet","SpecialBullet","SpecialBullet","SpecialBullet","SpecialBullet","SpecialBullet","SpecialBullet","SpecialBullet","SecurityCode","ControlCode","Noise","Reverberation","Beak","RapturousDream","OSAHOGD","Lamp+1"],"relics":["CogitoBucket","WantedRequest","Anchor","LetterFromLob","Juzu Bracelet","OrangePellets","Theresia"],"acts_visited":["Exordium"],"potions_floor_usage":[14,14,16],"damage_taken":[{"damage":0,"enemies":"Small Slimes","floor":1,"turns":3},{"damage":1,"enemies":"Jaw Worm","floor":4,"turns":2},{"damage":6,"enemies":"2 Louse","floor":5,"turns":3},{"damage":15,"enemies":"Exordium Thugs","floor":8,"turns":4},{"damage":0,"enemies":"Lots of Slimes","floor":10,"turns":3},{"damage":18,"enemies":"Looter","floor":14,"turns":3},{"damage":53,"enemies":"Hexaghost","floor":16,"turns":9}],"seed_played":"94503209169336922","potions_obtained":[{"floor":1,"key":"Explosive Potion"},{"floor":4,"key":"Energy Potion"},{"floor":5,"key":"Explosive Potion"},{"floor":14,"key":"LiquidMemories"}],"is_trial":false,"path_per_floor":["M","?","?","M","M","R","?","M","T","M","$","M","R","M","R","B"],"character_chosen":"Angela","items_purchased":["OrangePellets"],"campfire_rested":0,"item_purchase_floors":[11],"current_hp_per_floor":[70,70,63,70,70,70,70,66,66,70,70,70,70,52,52,0,0],"gold":145,"neow_bonus":"RANDOM_COMMON_RELIC","is_daily":false,"chose_seed":false,"campfire_upgraded":0,"win_rate":0.0,"timestamp":1613672764,"path_taken":["M","?","?","?","M","R","?","M","T","M","$","M","R","M","R","BOSS"],"items_purchased_type":["Relic"],"build_version":"2020-12-22","purchased_purges":0,"victory":false,"max_hp_per_floor":[70,70,70,70,70,70,70,70,70,70,70,70,70,70,70,70,70],"card_choices":[{"not_picked":["Harmony"],"picked":"Tough","floor":1},{"not_picked":["BloodyDesire"],"picked":"Noise","floor":4},{"not_picked":["Spore"],"picked":"Reverberation","floor":5},{"not_picked":["PunishingBird","Laetitia"],"picked":"Mercenary","floor":8},{"not_picked":["Noise"],"picked":"Beak","floor":8},{"not_picked":["Lantern"],"picked":"RapturousDream","floor":10},{"not_picked":["FairyFestival","WhitesApple"],"picked":"OSAHOGD","floor":14},{"not_picked":["Noise"],"picked":"Lamp","floor":14}],"player_experience":92245,"relics_obtained":[{"floor":1,"key":"LetterFromLob"},{"floor":9,"key":"Juzu Bracelet"}],"event_choices":[{"damage_healed":0,"gold_gain":0,"player_choice":"Grow","damage_taken":0,"max_hp_gain":0,"max_hp_loss":0,"event_name":"Living Wall","floor":2,"gold_loss":0,"cards_upgraded":["Tough"]},{"cards_removed":["InformationCode"],"damage_healed":0,"gold_gain":0,"player_choice":"Card Removal","damage_taken":7,"max_hp_gain":0,"max_hp_loss":0,"event_name":"Golden Wing","floor":3,"gold_loss":0},{"cards_removed":["Tough"],"damage_healed":0,"gold_gain":0,"player_choice":"Card Removal","damage_taken":0,"max_hp_gain":0,"max_hp_loss":0,"event_name":"Wheel of Change","floor":7,"gold_loss":0}],"is_beta":false,"boss_relics":[],"items_purged_floors":[],"is_endless":false,"potions_floor_spawned":[1,4,5,14],"killed_by":"Hexaghost","ascension_level":1}}