{"host":"l46m38yewlsb1e16","time":1613666500,"event":{"mods":["BaseMod","Infinite Spire","Minty Spire (QoL Compilation)","Replay The Spire","Shop Mod","StSLib","The Jungle"],"gold_per_floor":[116,136,10,21,39,68,68,93,140,167,186,186,201,219,219,219,219],"floor_reached":16,"language":"ENG","playtime":1530,"items_purged":["Strike_R"],"score":167,"play_id":"41b916a4-21c9-457b-bd39-5f126d42f740","local_time":"20210218164140","is_ascension_mode":true,"campfire_choices":[{"data":"Fire Breathing","floor":7,"key":"SMITH"},{"data":"Evolve","floor":15,"key":"SMITH"}],"circlet_count":0,"master_deck":["Strike_R","Strike_R","Strike_R","Strike_R","Defend_R","Defend_R","Defend_R","Defend_R","Bash","Juggernaut","Sentinel","Flex","Shrug It Off","Power Through","Rage","Fire Breathing+1","Abandon","Evolve+1","ReplayTheSpireMod:Strike From Hell","Self Repair+1","Clash","ReplayTheSpireMod:Strike From Hell"],"relics":["Pet Ghost","Blue Candle","Tiny Chest","Juzu Bracelet","Iron Core"],"acts_visited":["Exordium"],"potions_floor_usage":[16],"damage_taken":[{"damage":8,"enemies":"Jaw Worm","floor":1,"turns":4},{"damage":8,"enemies":"Small Slimes","floor":2,"turns":5},{"damage":7,"enemies":"2 Louse","floor":4,"turns":4},{"damage":0,"enemies":"Red Slaver","floor":5,"turns":4},{"damage":14,"enemies":"3 Sentries","floor":6,"turns":9},{"damage":31,"enemies":"Gremlin Nob","floor":8,"turns":5},{"damage":9,"enemies":"3 Sentries","floor":10,"turns":5},{"damage":4,"enemies":"Large Slime","floor":11,"turns":4},{"damage":22,"enemies":"Lots of Slimes","floor":13,"turns":6},{"damage":21,"enemies":"Blue Slaver","floor":14,"turns":6},{"damage":18,"enemies":"Slime Boss","floor":16,"turns":3}],"seed_played":"-5271896974300291812","potions_obtained":[{"floor":5,"key":"FearPotion"},{"floor":10,"key":"Venom Potion"},{"floor":11,"key":"ElixirPotion"}],"is_trial":false,"path_per_floor":["M","M","$","M","M","E","R","E","T","E","M","?","M","M","R","B"],"character_chosen":"IRONCLAD","items_purchased":["Shrug It Off"],"campfire_rested":0,"item_purchase_floors":[3],"current_hp_per_floor":[70,68,68,67,73,65,65,40,40,37,39,39,27,16,16,0,0],"gold":219,"neow_bonus":"ONE_RANDOM_RARE_CARD","is_daily":false,"chose_seed":false,"campfire_upgraded":2,"win_rate":0.0,"timestamp":1613666500,"path_taken":["M","M","$","M","M","E","R","E","T","E","M","?","M","M","R","BOSS"],"items_purchased_type":["Card"],"build_version":"2020-12-22","purchased_purges":1,"victory":false,"max_hp_per_floor":[80,80,80,80,80,80,80,80,80,80,80,80,80,80,80,80,80],"card_choices":[{"not_picked":["Dropkick","Flex"],"picked":"Sentinel","floor":1},{"not_picked":["Clash","Sword Boomerang"],"picked":"Flex","floor":2},{"not_picked":["Shockwave","Clash"],"picked":"Power Through","floor":4},{"not_picked":["Clothesline","Power Through"],"picked":"Rage","floor":5},{"not_picked":["Offering","Thunderclap"],"picked":"Fire Breathing","floor":6},{"not_picked":["Combust","Shrug It Off"],"picked":"Abandon","floor":8},{"not_picked":["Dropkick","Replay:Undeath\u0027s Touch"],"picked":"Evolve","floor":10},{"not_picked":["Perfected Strike","Warcry"],"picked":"ReplayTheSpireMod:Strike From Hell","floor":11},{"not_picked":["Twin Strike","ReplayTheSpireMod:Limb From Limb"],"picked":"Clash","floor":13},{"not_picked":["Perfected Strike","Limit Break"],"picked":"ReplayTheSpireMod:Strike From Hell","floor":14}],"player_experience":373361,"relics_obtained":[{"floor":6,"key":"Pet Ghost"},{"floor":8,"key":"Blue Candle"},{"floor":9,"key":"Tiny Chest"},{"floor":10,"key":"Juzu Bracelet"}],"event_choices":[],"is_beta":false,"boss_relics":[],"items_purged_floors":[3],"is_endless":false,"potions_floor_spawned":[5,10,11],"killed_by":"Slime Boss","ascension_level":7}}