{"host":"6dypmz777xraikqf","time":1613673706,"event":{"mods":["AchievementEnabler","BaseMod","BetterRewards","Colored Map","Colored Powertips","Downfall","Highlight Path","Hubris","Infinite Spire","Minty Spire (QoL Compilation)","Replay The Spire","StSLib"],"gold_per_floor":[161,171,16,36,48,79,90,125,125,125,125],"floor_reached":10,"language":"ENG","playtime":1925,"items_purged":["Strike_G"],"score":128,"play_id":"bcdc71ac-8008-4f89-a1cb-8327774f6a0e","local_time":"20210218184146","is_ascension_mode":true,"campfire_choices":[],"circlet_count":0,"master_deck":["AscendersBane","Strike_G+1","Strike_G","Strike_G","Strike_G","Defend_G","Defend_G","Defend_G","Defend_G","Defend_G","Survivor","Neutralize","Crippling Poison","Footwork","Backstab","Escape Plan","Footwork","Cloak And Dagger","hubris:Sniper","Noxious Fumes","Storm of Steel"],"relics":["Tiny House","Kunai","Regal Pillow","Gremlin Food"],"acts_visited":["Exordium"],"potions_floor_usage":[7,8],"damage_taken":[{"damage":2,"enemies":"Cultist","floor":1,"turns":4},{"damage":0,"enemies":"2 Louse","floor":2,"turns":3},{"damage":0,"enemies":"Small Slimes","floor":4,"turns":4},{"damage":8,"enemies":"3 Louse","floor":5,"turns":5},{"damage":3,"enemies":"Lagavulin","floor":6,"turns":12},{"damage":12,"enemies":"Exordium Wildlife","floor":7,"turns":9},{"damage":17,"enemies":"3 Sentries","floor":8,"turns":10},{"damage":43,"enemies":"Gremlin Nob","floor":10,"turns":4}],"seed_played":"-7037836632440014250","potions_obtained":[{"floor":0,"key":"Swift Potion"},{"floor":4,"key":"Milkshake"},{"floor":6,"key":"Block Potion"},{"floor":8,"key":"SpeedPotion"}],"is_trial":false,"path_per_floor":["M","M","$","M","M","E","M","E","T","E"],"character_chosen":"THE_SILENT","items_purchased":["Escape Plan"],"campfire_rested":0,"item_purchase_floors":[3],"current_hp_per_floor":[66,66,66,66,58,55,43,26,26,0,0],"gold":125,"neow_bonus":"BOSS_RELIC","is_daily":false,"chose_seed":false,"campfire_upgraded":0,"win_rate":0.0,"timestamp":1613673706,"path_taken":["M","M","?","M","M","E","M","E","T","E"],"items_purchased_type":["Card"],"build_version":"2020-12-22","purchased_purges":1,"victory":false,"max_hp_per_floor":[75,75,75,75,75,75,75,75,75,75,75],"card_choices":[{"not_picked":["Finisher","Tactician"],"picked":"Crippling Poison","floor":0},{"not_picked":["Underhanded Strike","Infinite Blades"],"picked":"Footwork","floor":1},{"not_picked":["Hidden Blade","Riddle With Holes"],"picked":"Backstab","floor":2},{"not_picked":["Slice","Prepared"],"picked":"Footwork","floor":4},{"not_picked":["All Out Attack","Poisoned Stab"],"picked":"Cloak And Dagger","floor":5},{"not_picked":["hubris:SlightOfHand","Flying Knee"],"picked":"hubris:Sniper","floor":6},{"not_picked":["Prepared","hubris:Sniper"],"picked":"Noxious Fumes","floor":7},{"not_picked":["A Thousand Cuts","Prepared"],"picked":"Storm of Steel","floor":8}],"player_experience":261793,"relics_obtained":[{"floor":6,"key":"Kunai"},{"floor":8,"key":"Regal Pillow"},{"floor":9,"key":"Gremlin Food"}],"event_choices":[],"is_beta":false,"boss_relics":[],"items_purged_floors":[3],"is_endless":false,"potions_floor_spawned":[4,6,8],"killed_by":"Gremlin Nob","ascension_level":12}}