{"host":"dmtlrev5pkc1867p","time":1613660436,"event":{"mods":["A Magickal Journey","AchievementEnabler","BaseMod","Colored Map","Colored Powertips","Downfall","Hermit","Highlight Path","Hubris","Infinite Spire","Marisa¡]Ãú«B¡@Å]²z¨F¡^","Minty Spire (QoL Compilation)","Permanent Neow","Quick Restart","Rare Cards Sparkle","Relic Sorter","Relic Stats","Replay The Spire","StSLib","SuperFastMode","The Construct","The Cursed","The Disciple","The Hierophant","The Necromancer","The Runesmith","The Servant 0.9.4"],"gold_per_floor":[362,568,579,233,233,268,286,321,389,403,403,420,430,159,159,261,261,277,277,277,277],"floor_reached":20,"language":"ZHS","playtime":785,"items_purged":["Parasite"],"score":258,"play_id":"c575ff17-50ef-4725-a7d2-b3d9e04345a3","local_time":"20210218230036","is_ascension_mode":true,"campfire_choices":[{"floor":11.0,"key":"REST"},{"floor":15.0,"key":"REST"}],"circlet_count":0,"master_deck":["Strike_R","Strike_R","Strike_R","Strike_R","Strike_R","Defend_R","Defend_R","Defend_R","Defend_R","Bash","Searing Blow","Shrug It Off","Body Slam","Ghostly Armor","Clothesline","Limit Break","Dual Wield+1","Poisoned Strike","Juggernaut","Warcry+1"],"relics":["Burning Blood","Membership Card","PreservedInsect","Runesmith:AutoHammer","hubris:FunFungus","Art of War","Ginger","Durian","ChewingGum","hubris:Towel"],"acts_visited":["Exordium","TheCity"],"potions_floor_usage":[],"damage_taken":[{"damage":1.0,"enemies":"Cultist","floor":1.0,"turns":4.0},{"damage":1.0,"enemies":"Small Slimes","floor":3.0,"turns":4.0},{"damage":22.0,"enemies":"3 Sentries","floor":6.0,"turns":8.0},{"damage":19.0,"enemies":"infinitespire:Voidling","floor":7.0,"turns":5.0},{"damage":44.0,"enemies":"Lagavulin","floor":8.0,"turns":7.0},{"damage":5.0,"enemies":"3 Louse","floor":10.0,"turns":4.0},{"damage":8.0,"enemies":"Looter","floor":12.0,"turns":5.0},{"damage":9.0,"enemies":"Blue Slaver","floor":13.0,"turns":4.0},{"damage":33.0,"enemies":"Hexaghost","floor":16.0,"turns":13.0},{"damage":58,"enemies":"3 Byrds","floor":18,"turns":10},{"damage":15,"enemies":"Spheric Guardian","floor":20,"turns":5}],"seed_played":"6602035508024943203","potions_obtained":[{"floor":1.0,"key":"DuplicationPotion"},{"floor":8.0,"key":"AttackPotion"},{"floor":10.0,"key":"Elixir"},{"floor":12.0,"key":"SkillPotion"},{"floor":13.0,"key":"Elixir"}],"is_trial":false,"path_per_floor":["M","?","M","$","?","E","M","E","T","M","R","M","M","$","R","B",null,"M","?","M"],"character_chosen":"IRONCLAD","items_purchased":["Membership Card","PreservedInsect","Runesmith:AutoHammer","Durian","Dual Wield+1","Poisoned Strike"],"campfire_rested":2,"item_purchase_floors":[4,4,4,14,14,14],"current_hp_per_floor":[77,77,80,77,77,65,52,25,25,26,49,48,45,50,74,47,73,25,25,10,10],"gold":277,"neow_bonus":"TWO_FIFTY_GOLD","is_daily":false,"chose_seed":false,"campfire_upgraded":0,"win_rate":0.0,"timestamp":1613660436,"path_taken":["M","?","M","$","?","E","M","E","T","?","R","M","M","$","R","BOSS","M","?","M"],"items_purchased_type":["Relic","Relic","Relic","Relic","Card","Card"],"build_version":"2020-12-22","purchased_purges":1,"victory":false,"max_hp_per_floor":[80,80,80,77,77,77,77,77,77,77,77,77,77,82,82,82,82,82,82,82,82],"relic_stats":{"counters":[11,69],"PreservedInsect":62,"Art of War":[5],"Ginger":[5],"obtain_stats":[{"ChewingGum":17,"PreservedInsect":4,"hubris:FunFungus":5,"Art of War":6,"Durian":14,"Membership Card":4,"Runesmith:AutoHammer":4,"Ginger":8,"hubris:Towel":19,"Burning Blood":0},{"ChewingGum":9,"PreservedInsect":2,"hubris:FunFungus":2,"Art of War":3,"Durian":8,"Membership Card":2,"Runesmith:AutoHammer":2,"Ginger":5,"hubris:Towel":10,"Burning Blood":0},{"ChewingGum":54,"PreservedInsect":8,"hubris:FunFungus":8,"Art of War":16,"Durian":41,"Membership Card":8,"Runesmith:AutoHammer":8,"Ginger":28,"hubris:Towel":64,"Burning Blood":0}],"Burning Blood":58},"card_choices":[{"not_picked":["ReplayTheSpireMod:Strike From Hell","Reckless Charge","True Grit"],"picked":"SKIP","floor":1.0},{"not_picked":["True Grit","Sword Boomerang"],"picked":"Searing Blow","floor":2.0},{"not_picked":["Run Through","Combust"],"picked":"Shrug It Off","floor":3.0},{"not_picked":["Exhume","ReplayReversal"],"picked":"Body Slam","floor":6.0},{"not_picked":["Bloodletting","Sword Boomerang","True Grit"],"picked":"SKIP","floor":7.0},{"not_picked":["Iron Wave","ReplayReversal"],"picked":"Ghostly Armor","floor":8.0},{"not_picked":["True Grit","Combust","Clash"],"picked":"SKIP","floor":10.0},{"not_picked":["infinitespire:OneForAll","Flex"],"picked":"Clothesline","floor":12.0},{"not_picked":["Battle Trance","Clash"],"picked":"Limit Break","floor":13.0},{"not_picked":["Limit Break","Bludgeon"],"picked":"Juggernaut","floor":16.0},{"not_picked":["Wild Strike","Clash"],"picked":"Warcry+1","floor":18}],"player_experience":723131,"relics_obtained":[{"floor":5.0,"key":"hubris:FunFungus"},{"floor":6.0,"key":"Art of War"},{"floor":8.0,"key":"Ginger"}],"event_choices":[{"damage_healed":0.0,"max_hp_gain":0.0,"max_hp_loss":0.0,"gold_gain":0.0,"event_name":"Wheel of Change","player_choice":"Relic","floor":5.0,"gold_loss":0.0,"damage_taken":0.0}],"is_beta":false,"boss_relics":[{"not_picked":["SacredBark","Honey Jar"],"picked":"ChewingGum"}],"items_purged_floors":[4],"is_endless":false,"potions_floor_spawned":[1,8,10,12,13],"killed_by":"Spheric Guardian","ascension_level":8}}