{"host":"126yiuos2nq86se7","time":1613627455,"event":{"mods":["2.2 Compatiblity","AchievementEnabler","Act Like it!","BaseMod","Colored Map","Colored Powertips","Friendly Minions","Hermit","Highlight Path","KomeijiMod","Minty Spire (QoL Compilation)","StSLib","SuperFastMode","The Bug Knight","The Hierophant"],"gold_per_floor":[275,294,312,323,334,334,364,364,364,364,381,399,399,415,415,517,517,534,553,553,553],"floor_reached":20,"language":"ENG","playtime":1027,"items_purged":[],"score":180,"play_id":"0f8ad5b3-7896-4513-abe5-2c52a546d4e8","local_time":"20210218165055","is_ascension_mode":false,"campfire_choices":[{"floor":6,"key":"REST"},{"floor":8,"key":"REST"},{"data":"CurseofVladTepes","floor":10,"key":"SMITH"},{"floor":15,"key":"REST"}],"circlet_count":0,"master_deck":["Strike_Remiria","Strike_Remiria","Strike_Remiria","Strike_Remiria","Defend_Remirira","Defend_Remirira","Defend_Remirira","Defend_Remirira","Absorbed","Scratch","CurseofVladTepes+1","FateEnsemble","CurseofVladTepes","StigmaNizer","HeartBreak_Remiria","NightDance","MillenniumVampire","RocketKickup","NaturallyHealing+1"],"relics":["ThirstyCrossSpe","Meat on the Bone","Darkstone Periapt"],"acts_visited":["Exordium","TheCity"],"potions_floor_usage":[16,16,16],"damage_taken":[{"damage":0,"enemies":"Cultist","floor":1,"turns":3},{"damage":1,"enemies":"Jaw Worm","floor":2,"turns":4},{"damage":3,"enemies":"2 Louse","floor":3,"turns":4},{"damage":26,"enemies":"Exordium Thugs","floor":4,"turns":5},{"damage":17,"enemies":"Blue Slaver","floor":5,"turns":6},{"damage":34,"enemies":"3 Sentries","floor":7,"turns":7},{"damage":6,"enemies":"3 Louse","floor":11,"turns":2},{"damage":14,"enemies":"Looter","floor":12,"turns":5},{"damage":0,"enemies":"Blue Slaver","floor":14,"turns":5},{"damage":23,"enemies":"Hexaghost","floor":16,"turns":8},{"damage":54,"enemies":"3 Byrds","floor":18,"turns":6},{"damage":29,"enemies":"Chosen","floor":19,"turns":7},{"damage":49,"enemies":"Sentry and Sphere","floor":20,"turns":6}],"seed_played":"-7472601001315217313","potions_obtained":[{"floor":1,"key":"Swift Potion"},{"floor":2,"key":"Ancient Potion"},{"floor":5,"key":"Energy Potion"},{"floor":14,"key":"EssenceOfSteel"}],"is_trial":false,"path_per_floor":["M","M","M","M","M","R","E","R","T","R","M","M","?","M","R","B",null,"M","M","M"],"character_chosen":"RemiriaScarlet","items_purchased":[],"campfire_rested":3,"item_purchase_floors":[],"current_hp_per_floor":[100,99,96,70,53,83,49,79,79,79,73,59,59,59,89,66,100,58,49,0,0],"gold":553,"neow_bonus":"HUNDRED_GOLD","is_daily":false,"chose_seed":false,"campfire_upgraded":1,"win_rate":0.0,"timestamp":1613627455,"path_taken":["M","M","?","M","M","R","E","R","T","R","M","M","?","M","R","BOSS","M","M","M"],"items_purchased_type":[],"build_version":"2020-12-22","purchased_purges":0,"victory":false,"max_hp_per_floor":[100,100,100,100,100,100,100,100,100,100,100,100,100,100,100,100,100,100,100,100,100],"card_choices":[{"not_picked":["BloodCollect","FastHealing"],"picked":"CurseofVladTepes","floor":1},{"not_picked":["DoubleEdge","BloodCleaner"],"picked":"FateEnsemble","floor":2},{"not_picked":["BloodySuit","ThePrice"],"picked":"CurseofVladTepes","floor":3},{"not_picked":["BloodCollect","Exsanguinate","DemonsDinnerFork_Remiria"],"picked":"SKIP","floor":4},{"not_picked":["BloodySuit","Offensive"],"picked":"StigmaNizer","floor":5},{"not_picked":["DamonLordCradle_Remiria","NightDance"],"picked":"HeartBreak_Remiria","floor":7},{"not_picked":["FierceSweep","TricksterDevil","Warpath"],"picked":"SKIP","floor":11},{"not_picked":["BodyStrengthen","SealingFear"],"picked":"NightDance","floor":12},{"not_picked":["DemonsDinnerFork_Remiria","ServantFlier","BodyStrengthen"],"picked":"SKIP","floor":14},{"not_picked":["ScarletDestiny","AllTheWorldInNightmare"],"picked":"MillenniumVampire","floor":16},{"not_picked":["BloodyMagicSquare+1","Warpath"],"picked":"RocketKickup","floor":18},{"not_picked":["VampireKiss_Remiria+1","DamonLordCradle_Remiria"],"picked":"NaturallyHealing+1","floor":19}],"player_experience":1560577,"relics_obtained":[{"floor":7,"key":"Meat on the Bone"},{"floor":9,"key":"Darkstone Periapt"}],"event_choices":[{"damage_healed":0,"gold_gain":0,"player_choice":"Bought 0 Potions","damage_taken":0,"max_hp_gain":0,"max_hp_loss":0,"event_name":"The Woman in Blue","floor":13,"gold_loss":0}],"is_beta":false,"boss_relics":[{"not_picked":["Coffee Dripper","Snecko Eye","Runic Pyramid"]}],"items_purged_floors":[],"is_endless":false,"potions_floor_spawned":[1,2,5,14],"killed_by":"Sentry and Sphere","ascension_level":0}}