{"host":"8z11jf471qjhqctb","time":1613630988,"event":{"mods":["ATMod(阿瑾Mod)","BaseMod","Minty Spire (QoL Compilation)","MostiFishMod","SOS（斯巴达之子）","StSLib","TestMod","UnlockEverythingMod","simple"],"gold_per_floor":[2116,2216,72,159,224,394,394,484,484,60,196,387,447,537,537,1103,1103,1251,168,168,324,118,240,240,379,784,944,1045,1181,1261,1340,1340,1820,1820,1910,1910,1965,2055,2172,2172,2357,2197,2332,2521,2650,2733,110,710,710,1335,1335,1335,59,509,729],"floor_reached":56,"language":"ZHS","playtime":2527,"items_purged":["Defend_Dante","Defend_Dante","Attack_a+1","LucifercomboA+1","Doubleshoot+1"],"score":1794,"play_id":"ba4e2673-5f34-44a7-913a-72319f807335","local_time":"20210218144948","is_ascension_mode":false,"campfire_choices":[{"data":"AT_ChampionStep","floor":7,"key":"SMITH"},{"data":"Redorb","floor":7,"key":"SMITH"},{"data":"Rebellion","floor":7,"key":"SMITH"},{"data":"Dash2","floor":7,"key":"SMITH"},{"data":"Stylechange","floor":7,"key":"SMITH"},{"data":"LucifercomboA","floor":7,"key":"SMITH"},{"data":"Splesh","floor":7,"key":"SMITH"},{"data":"SSScard","floor":7,"key":"SMITH"},{"floor":7,"key":"REST"},{"data":"Dash1","floor":15,"key":"SMITH"},{"data":"LucifercomboA","floor":15,"key":"SMITH"},{"data":"LucifercomboA","floor":15,"key":"SMITH"},{"data":"Shoot","floor":15,"key":"SMITH"},{"data":"Attack_a","floor":15,"key":"SMITH"},{"data":"Provocation","floor":15,"key":"SMITH"},{"data":"LucifercomboA","floor":15,"key":"SMITH"},{"floor":15,"key":"RECALL"},{"data":"Straight","floor":24,"key":"SMITH"},{"data":"Gilgamesh","floor":24,"key":"SMITH"},{"data":"Gunslinger","floor":24,"key":"SMITH"},{"data":"LucifercomboB","floor":24,"key":"SMITH"},{"floor":24,"key":"REST"},{"floor":32,"key":"REST"},{"data":"Chargeshoot+1","floor":40,"key":"PURGE"},{"data":"Pandora+1","floor":40,"key":"PURGE"},{"data":"Gunslinger+1","floor":40,"key":"PURGE"},{"floor":40,"key":"REST"},{"floor":49,"key":"REST"},{"floor":52,"key":"REST"}],"circlet_count":0,"master_deck":["Attack_a+1","Attack_b+1","Provocation+1","Defend_Dante+1","Defend_Dante+1","Redorb+1","AT_ChampionStep+1","LucifercomboA+1","LucifercomboD+1","SSScard+1","Swordcombo+1","Stinger+1","Lucifer+1","Splesh+1","LucifercomboA+1","Dash2+1","Stylechange+1","Rebellion+1","Ecstasy+1","LucifercomboA+1","Dash1+1","Trickster+1","BeastUppercut+1","LucifercomboB+1","Straight+1","Millionstab+1","Gilgamesh+1","Weaponreturn+1","LucifercomboC+1","Swordmaster+1","Hightime+1","SSScard+1","Dash2+1","LucifercomboB+1","DT+1"],"relics":["SSS","Combocheck","Peace Pipe","Ginger","Turnip","Omamori","Ice Cream","The Courier","DaveBox","testmod-TestBox","AT_ATBox","DSteel32","testmod-Alchemist","SynthV:TestCard","Medical Kit","Happy Flower","Eternal Feather","testmod-LifeArmor","MealTicket","AT_RedTearstoneRing","Blood Vial","testmod-Antiphasic","AT_EbonyIvory","ImprovedEquipment","Orichalcum","Pen Nib","AT_ForceNature","AT_TimeSand","AT_SeraphEmbrace","SynthV:C4","Torii","AT_SunfireAegis","Ancient Tea Set","AT_ImmortalShieldbow","AT_Manta","AT_ChloranthyRing","Sundial","Letter Opener","Darkstone Periapt","Runic Dome","Strawberry","Juzu Bracelet","testmod-TurbochargingSystem","Regal Pillow","Anchor","AT_BladeRuinedKing","Bottled Flame","Vajra","Nunchaku","AT_MibuBalloonWealth","Bag of Marbles","Bottled Lightning","Bag of Preparation","HornCleat","White Beast Statue","testmod-BalancedPeriapt","testmod-OneHitWonder","Ornamental Fan","testmod-RainbowHikingShoes","testmod-RandomTest","testmod-TheFather","Akabeko","Lee\u0027s Waffle","testmod-ArcanaOfDestiny","Whetstone","testmod-Muramasa","AT_BellDemon","Bronze Scales","testmod-IndustrialRevolution","testmod-AssaultLearning"],"acts_visited":["Exordium","TheCity","TheBeyond","TheEnding"],"potions_floor_usage":[5,55],"damage_taken":[{"damage":0,"enemies":"Small Slimes","floor":1,"turns":3},{"damage":0,"enemies":"Jaw Worm","floor":2,"turns":2},{"damage":0,"enemies":"Cultist","floor":4,"turns":1},{"damage":0,"enemies":"Exordium Wildlife","floor":5,"turns":1},{"damage":0,"enemies":"Gremlin Nob","floor":6,"turns":1},{"damage":0,"enemies":"3 Louse","floor":8,"turns":1},{"damage":0,"enemies":"Lots of Slimes","floor":11,"turns":1},{"damage":0,"enemies":"3 Sentries","floor":12,"turns":1},{"damage":0,"enemies":"Looter","floor":13,"turns":1},{"damage":0,"enemies":"3 Louse","floor":14,"turns":1},{"damage":0,"enemies":"The Guardian","floor":16,"turns":2},{"damage":0,"enemies":"Shell Parasite","floor":18,"turns":1},{"damage":0,"enemies":"2 Thieves","floor":21,"turns":2},{"damage":0,"enemies":"Snake Plant","floor":23,"turns":1},{"damage":0,"enemies":"Snecko","floor":25,"turns":1},{"damage":0,"enemies":"Book of Stabbing","floor":27,"turns":1},{"damage":0,"enemies":"3 Cultists","floor":28,"turns":1},{"damage":0,"enemies":"Gremlin Leader","floor":29,"turns":3},{"damage":0,"enemies":"Snake Plant","floor":30,"turns":1},{"damage":0,"enemies":"Sentry and Sphere","floor":31,"turns":1},{"damage":0,"enemies":"Champ","floor":33,"turns":1},{"damage":0,"enemies":"Orb Walker","floor":35,"turns":1},{"damage":0,"enemies":"3 Darklings","floor":37,"turns":1},{"damage":0,"enemies":"4 Shapes","floor":38,"turns":1},{"damage":0,"enemies":"Writhing Mass","floor":39,"turns":2},{"damage":0,"enemies":"Nemesis","floor":41,"turns":1},{"damage":0,"enemies":"Reptomancer","floor":44,"turns":1},{"damage":0,"enemies":"Spire Growth","floor":45,"turns":1},{"damage":0,"enemies":"Maw","floor":46,"turns":1},{"damage":0,"enemies":"4 Shapes","floor":48,"turns":1},{"damage":0,"enemies":"Awakened One","floor":50,"turns":2},{"damage":0,"enemies":"Shield and Spear","floor":54,"turns":1},{"damage":0,"enemies":"The Heart","floor":55,"turns":2}],"seed_played":"-380049945470716167","potions_obtained":[{"floor":2,"key":"DistilledChaos"},{"floor":4,"key":"Energy Potion"},{"floor":6,"key":"Swift Potion"},{"floor":8,"key":"DuplicationPotion"},{"floor":11,"key":"GamblersBrew"},{"floor":37,"key":"SpeedPotion"}],"is_trial":false,"path_per_floor":["M","M","$","M","M","E","R","M","T","$","M","E","M","M","R","B",null,"M","$","?","M","$","M","R","M","T","E","M","E","M","M","R","B",null,"M","?","M","M","M","R","E","$","T","E","M","M","$","M","R","B",null,"R","$","E","B",null],"character_chosen":"DANTE","items_purchased":["SSScard","Swordcombo","Stinger","Lucifer","Splesh","LucifercomboA","Medical Kit","Happy Flower","Eternal Feather","testmod-LifeArmor","MealTicket","AT_RedTearstoneRing","Blood Vial","testmod-Antiphasic","AT_EbonyIvory","ImprovedEquipment","Orichalcum","Pen Nib","AT_TimeSand","AT_ArchangelStaff","SynthV:C4","BeastUppercut","LucifercomboB","AT_SunfireAegis","Ancient Tea Set","AT_ImmortalShieldbow","AT_Manta","AT_ChloranthyRing","Sundial","Dash2","Anchor","AT_BladeRuinedKing","Bottled Flame","Vajra","Nunchaku","AT_MibuBalloonWealth","Bag of Marbles","Bottled Lightning","Bag of Preparation","HornCleat","White Beast Statue","testmod-BalancedPeriapt","testmod-OneHitWonder","Ornamental Fan","testmod-RainbowHikingShoes","testmod-RandomTest","testmod-TheFather","Akabeko","Lee\u0027s Waffle","testmod-ArcanaOfDestiny","Whetstone","testmod-Muramasa","AT_BellDemon","Bronze Scales"],"campfire_rested":6,"item_purchase_floors":[3,3,3,3,3,3,3,3,3,3,3,3,3,3,3,3,3,3,10,10,10,19,19,19,19,19,19,19,22,42,47,47,47,47,47,47,47,47,47,47,47,47,47,47,47,47,53,53,53,53,53,53,53,53],"current_hp_per_floor":[80,80,80,80,80,80,80,80,80,80,80,80,80,80,80,80,80,80,80,80,80,80,80,80,80,80,80,80,80,80,80,80,80,80,80,87,87,87,87,87,87,87,87,87,87,87,87,87,87,87,87,87,87,87,87],"gold":729,"neow_bonus":"RANDOM_COLORLESS","is_daily":false,"chose_seed":false,"campfire_upgraded":19,"win_rate":0.0,"timestamp":1613630988,"path_taken":["M","M","$","M","M","E","R","M","T","$","M","E","M","M","R","BOSS","M","$","?","M","$","M","R","M","T","E","M","E","M","M","R","BOSS","M","?","M","M","M","R","E","$","T","E","M","M","$","M","R","BOSS","R","$","E","BOSS"],"items_purchased_type":["Card","Card","Card","Card","Card","Card","Relic","Relic","Relic","Relic","Relic","Relic","Relic","Relic","Relic","Relic","Relic","Relic","Relic","Relic","Relic","Card","Card","Relic","Relic","Relic","Relic","Relic","Relic","Card","Relic","Relic","Relic","Relic","Relic","Relic","Relic","Relic","Relic","Relic","Relic","Relic","Relic","Relic","Relic","Relic","Relic","Relic","Relic","Relic","Relic","Relic","Relic","Relic"],"build_version":"2020-12-22","purchased_purges":5,"victory":true,"max_hp_per_floor":[80,80,80,80,80,80,80,80,80,80,80,80,80,80,80,80,80,80,80,80,80,80,80,80,80,80,80,80,80,80,80,80,80,80,80,87,87,87,87,87,87,87,87,87,87,87,87,87,87,87,87,87,87,87,87],"card_choices":[{"not_picked":["Dash1","Airhike"],"picked":"LucifercomboA","floor":1},{"not_picked":["Holywater","BeastUppercut","Royaldefend","Gilgamesh"],"picked":"LucifercomboD","floor":2},{"not_picked":["Greenorb","Honeycombofire","LucifercomboB","Gilgamesh"],"picked":"Dash2","floor":4},{"not_picked":["Stinger","Holywater","Shock","Whiteorb"],"picked":"Stylechange","floor":5},{"not_picked":["Millionstab","BeastUppercut","LucifercomboC","Gunslinger"],"picked":"Rebellion","floor":6},{"not_picked":["Millionkick","Dash2","Straight","EbonyIvory"],"picked":"LucifercomboA","floor":8},{"not_picked":["Dash2","Doubleshoot","Millionstab","Royaldefend"],"picked":"Ecstasy","floor":11},{"not_picked":["Stinger","Gunstinger","Goldorb","Millionkick"],"picked":"LucifercomboA","floor":12},{"not_picked":["Royaldefend","Stinger","VitalstarM","Honeycombofire"],"picked":"Dash1","floor":13},{"not_picked":["Chargeshoot","Straight","Splesh","Airhike","Hightime"],"picked":"SKIP","floor":14},{"not_picked":["VitalstarL","Blueorb","Airtrick","Purpleorb"],"picked":"Trickster","floor":16},{"not_picked":["Dash2","Whiteorb","Weaponupgrade","Rebellion"],"picked":"Chargeshoot","floor":18},{"not_picked":["Whiteorb","LucifercomboA","DT","GilgameshcomboA+1"],"picked":"Millionstab+1","floor":21},{"not_picked":["BeastUppercut","LucifercomboD","Greenorb+1","Straight"],"picked":"Gilgamesh","floor":23},{"not_picked":["LucifercomboC","LucifercomboB+1","BeastUppercut","Gunstinger"],"picked":"Pandora+1","floor":25},{"not_picked":["Enemystep","Millionkick","Kick13","Weaponupgrade"],"picked":"Doubleshoot","floor":27},{"not_picked":["Gunstinger+1","Rebellion","Honeycombofire","GilgameshcomboA","Chargeshoot"],"picked":"SKIP","floor":28},{"not_picked":["CoyoteA","Royaldefend","Gilgamesh","Weaponchange+1","Kick13+1"],"picked":"SKIP","floor":29},{"not_picked":["Fullhouse","Royaldefend+1","Millionkick","Hightime","Stinger"],"picked":"SKIP","floor":30},{"not_picked":["Dash2","Fullhouse","Ecstasy","Pandora","Millionkick"],"picked":"SKIP","floor":31},{"not_picked":["Royalguard","VitalstarL","Goldorb","Purpleorb"],"picked":"Weaponreturn","floor":33},{"not_picked":["GilgameshcomboA","Greenorb","LucifercomboD+1","Chargeshoot2"],"picked":"LucifercomboC+1","floor":35},{"not_picked":["Chargeshoot2","Millionstab","GilgameshcomboA+1","VitalstarM+1"],"picked":"Swordmaster+1","floor":37},{"not_picked":["Ecstasy","Darkslayer","Airhike+1","Kick13"],"picked":"Hightime+1","floor":38},{"not_picked":["CoyoteA","Goldorb","GilgameshcomboA","Rebellion+1","VitalstarM+1"],"picked":"SKIP","floor":39},{"not_picked":["Gunstinger+1","Chargeshoot","Shock","LucifercomboA"],"picked":"SSScard+1","floor":41},{"not_picked":["Gilgamesh+1","Ecstasy","LucifercomboA","Kick13+1"],"picked":"LucifercomboB+1","floor":44},{"not_picked":["Gunstinger","Gilgamesh","CoyoteA+1","Millionstab","Pandora+1"],"picked":"SKIP","floor":45},{"not_picked":["Lucifer+1","SSScard+1","Fullhouse+1","Pandora","CoyoteA+1"],"picked":"SKIP","floor":46},{"not_picked":["Greenorb","Gilgamesh+1","LucifercomboB","Holywater+1","BeastUppercut+1"],"picked":"SKIP","floor":48},{"not_picked":["EbonyIvory+1","Chargeshoot2","Fullhouse","Holywater"],"picked":"DT","floor":54}],"player_experience":369,"relics_obtained":[{"floor":1,"key":"SynthV:TestCard"},{"floor":6,"key":"AT_ForceNature"},{"floor":12,"key":"Torii"},{"floor":27,"key":"Letter Opener"},{"floor":29,"key":"Darkstone Periapt"},{"floor":41,"key":"Juzu Bracelet"},{"floor":43,"key":"testmod-TurbochargingSystem"},{"floor":44,"key":"Regal Pillow"},{"floor":54,"key":"testmod-IndustrialRevolution"},{"floor":54,"key":"testmod-AssaultLearning"}],"event_choices":[{"damage_healed":0,"gold_gain":0,"cards_transformed":["Shoot","Shoot"],"player_choice":"Became Test Subject","damage_taken":0,"max_hp_gain":0,"max_hp_loss":0,"event_name":"Drug Dealer","floor":20,"gold_loss":0,"cards_obtained":["Gunslinger","Straight"]},{"damage_healed":0,"gold_gain":0,"player_choice":"Gave Potion","damage_taken":0,"relics_obtained":["Strawberry"],"max_hp_gain":0,"max_hp_loss":0,"event_name":"WeMeetAgain","floor":36,"gold_loss":0}],"is_beta":false,"boss_relics":[{"not_picked":["testmod-Recursion","testmod-PortableAltar","BloodWine"]},{"not_picked":["Fusion Hammer","NightmareShop"],"picked":"Runic Dome"}],"items_purged_floors":[3,3,19,19,42],"is_endless":false,"potions_floor_spawned":[2,4,6,8,11,16,18,25,28,30,37,39,45,48,54],"ascension_level":0}}