{"host":"17aj8307sanlevtk","time":1613667674,"event":{"mods":["BaseMod","Colored Map","Colored Powertips","Conspire","Infinite Spire","Lobotomy","Marked Mod","Minty Spire (QoL Compilation)","Relic Stats","Replay The Spire","StSLib"],"gold_per_floor":[117,117,66,66,85,85,109,109,109],"floor_reached":8,"language":"ENG","playtime":216,"items_purged":[],"score":46,"play_id":"7b5a3276-c0ac-4b0e-9c58-d4bb8c3aa0eb","local_time":"20210218110114","is_ascension_mode":true,"campfire_choices":[{"data":"ReplayTheSpireMod:Strike From Hell","floor":6,"key":"SMITH"}],"circlet_count":0,"master_deck":["Strike_R","Strike_R","Strike_R","Strike_R","Strike_R","Defend_R","Defend_R","Defend_R","Defend_R","Bash","Murderer","ReplayTheSpireMod:Strike From Hell+1","ShyLook","Flex"],"relics":["Burning Blood","CogitoBucket","Shuriken","ReplayTheSpireMod:Lightbulb"],"acts_visited":["Exordium"],"potions_floor_usage":[8,8],"damage_taken":[{"damage":0,"enemies":"Small Slimes","floor":1,"turns":3},{"damage":18,"enemies":"Jaw Worm","floor":5,"turns":3},{"damage":71,"enemies":"Lagavulin","floor":8,"turns":6}],"seed_played":"-2208490647799861191","potions_obtained":[{"floor":1,"key":"ColorlessPotion"},{"floor":5,"key":"Milkshake"}],"is_trial":false,"path_per_floor":["M","?","$","?","M","R","T","E"],"character_chosen":"IRONCLAD","items_purchased":["ReplayTheSpireMod:Strike From Hell"],"campfire_rested":0,"item_purchase_floors":[3],"current_hp_per_floor":[80,80,80,68,56,56,56,0,0],"gold":109,"neow_bonus":"","is_daily":false,"chose_seed":false,"campfire_upgraded":1,"win_rate":0.0,"timestamp":1613667674,"path_taken":["M","?","$","?","?","R","?","E"],"items_purchased_type":["Card"],"build_version":"2020-12-22","purchased_purges":0,"victory":false,"max_hp_per_floor":[80,80,80,80,80,80,80,80,80],"relic_stats":{"counters":[3,12],"Shuriken":[1],"obtain_stats":[{"CogitoBucket":0,"Shuriken":4,"ReplayTheSpireMod:Lightbulb":7,"Burning Blood":0},{"CogitoBucket":0,"Shuriken":1,"ReplayTheSpireMod:Lightbulb":2,"Burning Blood":0},{"CogitoBucket":0,"Shuriken":3,"ReplayTheSpireMod:Lightbulb":6,"Burning Blood":0}],"Burning Blood":6},"card_choices":[{"not_picked":["RedShoes","SpiderBud","Rudolta"],"picked":"Singing Bowl","floor":1},{"not_picked":["FairyFestival","MHz"],"picked":"Murderer","floor":1},{"not_picked":["Searing Blow","ReplayTheSpireMod:Corrosion Curse","Clash"],"picked":"SKIP","floor":1},{"not_picked":["SpiderBud","Funeral"],"picked":"ShyLook","floor":5},{"not_picked":["Rage","Replay:Undeath\u0027s Touch"],"picked":"Flex","floor":5}],"player_experience":580562,"relics_obtained":[{"floor":7,"key":"ReplayTheSpireMod:Lightbulb"}],"event_choices":[{"damage_healed":0,"gold_gain":0,"player_choice":"Leave","damage_taken":0,"max_hp_gain":0,"max_hp_loss":0,"event_name":"conspire:Investor","floor":2,"gold_loss":0},{"damage_healed":0,"gold_gain":0,"player_choice":"Success","damage_taken":12,"relics_obtained":["Shuriken"],"max_hp_gain":0,"max_hp_loss":0,"event_name":"Scrap Ooze","floor":4,"gold_loss":0}],"is_beta":false,"boss_relics":[],"items_purged_floors":[],"is_endless":false,"potions_floor_spawned":[1,5],"killed_by":"Lagavulin","ascension_level":1}}