{"host":"08yfhu6uhosdn245","time":1613612710,"event":{"mods":["2.2 Compatiblity","AchievementEnabler","BaseMod","Bestiary","Colored Map","Colored Powertips","Curses Come First","Highlight Path","Minty Spire (QoL Compilation)","Quick Restart","Relic Stats","StSLib"],"gold_per_floor":[119,130,205,185,203,231,246,246,323,323,323,351,363,378,378,481,481,493,493,513,513,525,525,525],"floor_reached":23,"language":"ENG","playtime":1267,"items_purged":[],"score":223,"play_id":"79ea688b-3fa7-488d-9380-0182e564df93","local_time":"20210217204510","is_ascension_mode":true,"campfire_choices":[{"data":"Spot Weakness","floor":8,"key":"SMITH"},{"data":"Intimidate","floor":10,"key":"SMITH"},{"data":"Searing Blow","floor":15,"key":"SMITH"}],"circlet_count":0,"master_deck":["Strike_R","Strike_R","Strike_R","Strike_R","Defend_R","Defend_R","Defend_R","Defend_R","Bash","Wild Strike","Headbutt","Intimidate+1","Hemokinesis","Spot Weakness+1","True Grit","Searing Blow+1","Pommel Strike","Burning Pact+1","Dark Embrace","Flex","Battle Trance"],"relics":["Burning Blood","Magic Flower","Kunai","Tiny Chest","Philosopher\u0027s Stone","Bag of Marbles"],"acts_visited":["Exordium","TheCity"],"potions_floor_usage":[6,6,6,6,12,12,16,16,18,22,23],"damage_taken":[{"damage":4,"enemies":"2 Louse","floor":1,"turns":3},{"damage":2,"enemies":"Small Slimes","floor":2,"turns":3},{"damage":1,"enemies":"Cultist","floor":5,"turns":3},{"damage":10,"enemies":"Lagavulin","floor":6,"turns":5},{"damage":2,"enemies":"Large Slime","floor":7,"turns":5},{"damage":10,"enemies":"Gremlin Nob","floor":12,"turns":4},{"damage":11,"enemies":"Red Slaver","floor":13,"turns":2},{"damage":18,"enemies":"Exordium Wildlife","floor":14,"turns":4},{"damage":22,"enemies":"Slime Boss","floor":16,"turns":8},{"damage":33,"enemies":"3 Byrds","floor":18,"turns":5},{"damage":21,"enemies":"2 Thieves","floor":20,"turns":4},{"damage":36,"enemies":"Sentry and Sphere","floor":22,"turns":4},{"damage":17,"enemies":"Gremlin Leader","floor":23,"turns":3}],"seed_played":"106752599085772641","potions_obtained":[{"floor":0,"key":"EntropicBrew"},{"floor":0,"key":"ElixirPotion"},{"floor":0,"key":"Regen Potion"},{"floor":4,"key":"DistilledChaos"},{"floor":5,"key":"HeartOfIron"},{"floor":12,"key":"ColorlessPotion"},{"floor":14,"key":"FearPotion"},{"floor":16,"key":"GamblersBrew"},{"floor":20,"key":"AttackPotion"},{"floor":22,"key":"Energy Potion"}],"is_trial":false,"path_per_floor":["M","M","?","?","M","E","M","R","T","R","?","E","M","M","R","B",null,"M","T","M","?","M","E"],"character_chosen":"IRONCLAD","items_purchased":[],"campfire_rested":0,"item_purchase_floors":[],"current_hp_per_floor":[80,80,69,69,74,70,77,77,77,77,77,76,74,65,65,52,80,56,56,44,44,17,0,0],"gold":525,"neow_bonus":"THREE_SMALL_POTIONS","is_daily":false,"chose_seed":false,"campfire_upgraded":3,"win_rate":0.0,"timestamp":1613612710,"path_taken":["M","M","?","?","?","E","M","R","T","R","?","E","M","M","R","BOSS","M","?","M","?","M","E"],"items_purchased_type":[],"build_version":"2020-12-22","purchased_purges":0,"victory":false,"max_hp_per_floor":[80,80,80,80,80,80,80,80,80,80,80,80,80,80,80,80,80,80,80,80,80,80,80,80],"relic_stats":{"counters":[13,53],"Magic Flower":[24],"Tiny Chest":0,"Kunai":[9],"obtain_stats":[{"Magic Flower":6,"Tiny Chest":12,"Philosopher\u0027s Stone":17,"Bag of Marbles":19,"Kunai":9,"Burning Blood":0},{"Magic Flower":4,"Tiny Chest":6,"Philosopher\u0027s Stone":9,"Bag of Marbles":10,"Kunai":5,"Burning Blood":0},{"Magic Flower":14,"Tiny Chest":23,"Philosopher\u0027s Stone":37,"Bag of Marbles":42,"Kunai":19,"Burning Blood":0}],"Burning Blood":90},"card_choices":[{"not_picked":["Inflame","Havoc"],"picked":"Wild Strike","floor":1},{"not_picked":["Pummel","Anger"],"picked":"Headbutt","floor":2},{"not_picked":["Havoc","Clothesline"],"picked":"Intimidate","floor":5},{"not_picked":["Wild Strike","Sword Boomerang"],"picked":"Hemokinesis","floor":6},{"not_picked":["Pummel","True Grit"],"picked":"Spot Weakness","floor":7},{"not_picked":["Second Wind","Infernal Blade"],"picked":"True Grit","floor":12},{"not_picked":["Anger","Fire Breathing"],"picked":"Searing Blow","floor":13},{"not_picked":["True Grit","Perfected Strike"],"picked":"Pommel Strike","floor":14},{"not_picked":["Twin Strike","Wild Strike"],"picked":"Burning Pact+1","floor":18},{"not_picked":["Clash","Iron Wave"],"picked":"Dark Embrace","floor":20},{"not_picked":["Heavy Blade+1","Havoc"],"picked":"Battle Trance","floor":22}],"player_experience":402278,"relics_obtained":[{"floor":6,"key":"Magic Flower"},{"floor":9,"key":"Kunai"},{"floor":12,"key":"Tiny Chest"},{"floor":19,"key":"Bag of Marbles"}],"event_choices":[{"damage_healed":0,"gold_gain":75,"player_choice":"Gather Gold","damage_taken":11,"max_hp_gain":0,"max_hp_loss":0,"event_name":"World of Goop","floor":3,"gold_loss":0},{"damage_healed":0,"gold_gain":0,"player_choice":"Bought 1 Potion","damage_taken":0,"max_hp_gain":0,"max_hp_loss":0,"event_name":"The Woman in Blue","floor":4,"gold_loss":0},{"cards_removed":["Strike_R"],"damage_healed":0,"gold_gain":0,"player_choice":"Purged","damage_taken":0,"max_hp_gain":0,"max_hp_loss":0,"event_name":"Purifier","floor":11,"gold_loss":0},{"damage_healed":0,"gold_gain":0,"player_choice":"1 cards matched","damage_taken":0,"max_hp_gain":0,"max_hp_loss":0,"event_name":"Match and Keep!","floor":21,"gold_loss":0,"cards_obtained":["Flex"]}],"is_beta":false,"boss_relics":[{"not_picked":["Calling Bell","Tiny House"],"picked":"Philosopher\u0027s Stone"}],"items_purged_floors":[],"is_endless":false,"potions_floor_spawned":[5,12,14,16,20,22],"killed_by":"Gremlin Leader","ascension_level":2}}