{"host":"x7btokbb0w2jhl7e","time":1613620896,"event":{"mods":["Act Like it!","BaseMod","Gensokyo","Marisa£®ÏF”Í°°ƒß¿Ì…≥£©","Minty Spire (QoL Compilation)","Quick Restart","StSLib","°æ“≈ŒÔø®≈∆°øREMEMod"],"gold_per_floor":[111,123,123,1,1,29,29,86,140,181,257,499,511,594,606,766,778,804,436,436,507,507,576,576,586,586,277,277,277,277,305,305,365,365],"floor_reached":33,"language":"ZHS","playtime":1303,"items_purged":["Strike_MRS"],"score":443,"play_id":"8feeda84-9409-4ce3-9be1-8b4aa67ea11d","local_time":"20210218120136","is_ascension_mode":true,"campfire_choices":[{"data":"MilkyWay","floor":7.0,"key":"SMITH"},{"data":"CasketOfStar","floor":13.0,"key":"SMITH"},{"data":"DarkMatter","floor":15.0,"key":"SMITH"},{"data":"FinalSpark","floor":24.0,"key":"SMITH"},{"data":"SprinkleStarSeal","floor":29.0,"key":"SMITH"},{"data":"Gensokyo:FourOfAKind","floor":32.0,"key":"SMITH"}],"circlet_count":0,"master_deck":["Strike_MRS","Strike_MRS","Strike_MRS","Defend_MRS","Defend_MRS","Defend_MRS","Defend_MRS","MasterSpark","UpSweep","Gensokyo:RainbowDanmaku+1","MilkyWay+1","Robbery+1","CasketOfStar+1","SprinkleStarSeal+1","DarkMatter+1","FinalSpark+1","MagicAbsorber","UltimateShortwave","Gensokyo:FourOfAKind+1","Gensokyo:FourOfAKind","Gensokyo:FourOfAKind","Gensokyo:FourOfAKind","Gensokyo:AllTheWorldsEvil"],"relics":["BewitchedHakkero","REME_ComplimentaryCards","NeowsBlessing","Strawberry","MawBank","Blood Vial","Bag of Preparation","Nunchaku","Orrery","Juzu Bracelet","Orichalcum","AmplifyWand","Mummified Hand","SimpleLauncher","REME_CardOfGreed","Gensokyo:SongOfSouls","REME_IWantAll"],"acts_visited":["Gensokyo:Gensokyo","Gensokyo:Gensokyoer"],"potions_floor_usage":[],"damage_taken":[{"damage":0.0,"enemies":"Gensokyo:2_Kodama","floor":1.0,"turns":1.0},{"damage":0.0,"enemies":"Gensokyo:Python","floor":2.0,"turns":1.0},{"damage":0.0,"enemies":"Gensokyo:Cirno","floor":6.0,"turns":2.0},{"damage":9.0,"enemies":"Gensokyo:Gryphon","floor":8.0,"turns":4.0},{"damage":0.0,"enemies":"Gensokyo:Aya","floor":10.0,"turns":1.0},{"damage":11.0,"enemies":"Gensokyo:2_Rabbits","floor":11.0,"turns":6.0},{"damage":6.0,"enemies":"Gensokyo:VengefulSpirit","floor":12.0,"turns":3.0},{"damage":4.0,"enemies":"Gensokyo:Cirno","floor":14.0,"turns":6.0},{"damage":14.0,"enemies":"Gensokyo:Reimu","floor":16.0,"turns":5.0},{"damage":0.0,"enemies":"Gensokyo:Chomper","floor":18.0,"turns":2.0},{"damage":0.0,"enemies":"Gensokyo:2_Gloops","floor":21.0,"turns":4.0},{"damage":11.0,"enemies":"Gensokyo:Koishi","floor":23.0,"turns":6.0},{"damage":15.0,"enemies":"Gensokyo:Slime_Group","floor":25.0,"turns":5.0},{"damage":18.0,"enemies":"Gensokyo:Tenshi","floor":31.0,"turns":2.0},{"damage":19,"enemies":"Gensokyo:Eternal_Rivals","floor":33,"turns":2}],"seed_played":"-7206013174849657104","potions_obtained":[{"floor":2.0,"key":"Fire Potion"},{"floor":6.0,"key":"Block Potion"},{"floor":11.0,"key":"Ancient Potion"},{"floor":16.0,"key":"StarNLove"},{"floor":23.0,"key":"Dexterity Potion"}],"is_trial":false,"path_per_floor":["M","M","?","COS","?","E","R","M","T","E","M","M","R","E","R","B",null,"M","$","?","M","?","E","R","M","T","COS","?","R","?","E","R","B"],"character_chosen":"MARISA","items_purchased":["Orrery","Juzu Bracelet"],"campfire_rested":0,"item_purchase_floors":[19,19],"current_hp_per_floor":[75,75,75,75,75,82,82,73,73,73,64,60,60,58,58,46,82,82,82,58,58,54,43,43,30,30,30,30,30,30,14,14,0,0],"gold":365,"neow_bonus":"THREE_ENEMY_KILL","is_daily":false,"chose_seed":false,"campfire_upgraded":6,"win_rate":0.0,"timestamp":1613620896,"path_taken":["M","M","?","COS","?","E","R","M","T","E","M","M","R","E","R","BOSS","M","$","?","M","?","E","R","M","T","COS","?","R","?","E","R","BOSS"],"items_purchased_type":["Relic","Relic"],"build_version":"2020-12-22","purchased_purges":1,"victory":false,"max_hp_per_floor":[75,75,75,75,75,82,82,82,82,82,82,82,82,82,82,82,82,82,82,58,58,54,54,54,54,54,54,54,54,54,54,54,54,54],"card_choices":[{"not_picked":["MysteriousBeam","BlazeAway"],"picked":"MilkyWay","floor":1.0},{"not_picked":["Singularity","EventHorizon","UnstableBomb"],"picked":"SKIP","floor":2.0},{"not_picked":["WitchLeyline+1","NonDirectionalLaser+1"],"picked":"Robbery+1","floor":6.0},{"not_picked":["Occultation","GalacticHalo","JA"],"picked":"SKIP","floor":6.0},{"not_picked":["UnstableBomb","DeepEcoloBomb","GravityBeat"],"picked":"SKIP","floor":8.0},{"not_picked":["OortCloud","GravityBeat"],"picked":"CasketOfStar","floor":10.0},{"not_picked":["DC","Orbital"],"picked":"SprinkleStarSeal","floor":11.0},{"not_picked":["DoubleSpark","GrandCross"],"picked":"DarkMatter","floor":12.0},{"not_picked":["OpenUniverse","CollectingQuirk","PulseMagic"],"picked":"SKIP","floor":14.0},{"not_picked":["BigCrunch","StarDustReverie"],"picked":"FinalSpark","floor":16.0},{"not_picked":["PowerUp+1","StarBarrage+1","UnstableBomb"],"picked":"SKIP","floor":18.0},{"not_picked":["GrandCross","DC+1"],"picked":"MagicAbsorber","floor":19.0},{"not_picked":["SporeBomb","Singularity"],"picked":"UltimateShortwave","floor":19.0},{"not_picked":["EnergyRecoil","ChargeUpSpray","BlazeAway"],"picked":"SKIP","floor":21.0},{"not_picked":["EventHorizon","MeteoricShower","PropBag"],"picked":"SKIP","floor":23.0},{"not_picked":["ShootingEcho+1","DC","GrandCross"],"picked":"SKIP","floor":25.0},{"not_picked":["ShootingEcho+1","MachineGunSpark","GrandCross+1"],"picked":"SKIP","floor":31.0}],"player_experience":269047,"relics_obtained":[{"floor":6.0,"key":"Strawberry"},{"floor":9.0,"key":"MawBank"},{"floor":10.0,"key":"Blood Vial"},{"floor":14.0,"key":"Nunchaku"},{"floor":23.0,"key":"AmplifyWand"},{"floor":26.0,"key":"Mummified Hand"},{"floor":31.0,"key":"REME_IWantAll"}],"event_choices":[],"is_beta":false,"boss_relics":[{"not_picked":["Runic Pyramid","Ectoplasm"],"picked":"BewitchedHakkero"}],"items_purged_floors":[19],"is_endless":false,"potions_floor_spawned":[2,6,11,16,23],"killed_by":"Gensokyo:Eternal_Rivals","ascension_level":3}}