{"host":"ty9fb48q9oru32qm","time":1613657803,"event":{"mods":["2.2 Compatiblity","AchievementEnabler","Act Like it!","Astrologer","BaseMod","Beaked The Cultist","Better Synergies","Block Reminder","Colored Powertips","Conspire","DeckTracker","Downfall","Ekko","Friendly Minions","GifTheSpireLib","Hermit","Hubris","Infinite Spire","Jorbs\u0027s Wanderer Trilogy","Marisa????????","Minty Spire (QoL Compilation)","Permanent Neow","Quick Restart","Random Character Button","Reliquary","Replay The Spire","Somnambulant","StSLib","Stuff the Spire","The Cursed","The Marked","The Runesmith","TheVacant"],"gold_per_floor":[99,110,120,220,234,234,258,274,274,286,321,339,339,339,339],"floor_reached":13,"language":"ENG","playtime":721,"items_purged":[],"score":87,"play_id":"4a9f5c45-d0d4-4033-819e-cf55b4060d91","local_time":"20210218151643","is_ascension_mode":false,"campfire_choices":[{"data":"Sadistic Nature","floor":1,"key":"SMITH"}],"circlet_count":0,"master_deck":["sneckomod:Strike","sneckomod:Strike","sneckomod:Strike","sneckomod:Defend","sneckomod:Defend","sneckomod:Defend","sneckomod:TailWhip","sneckomod:SnekBite","sneckomod:Unknown","sneckomod:Unknown","Sadistic Nature+1","sneckomod:UnknownUncommonAttack","sneckomod:UnknownVulnerable","sneckomod:UnknownExhaust","sneckomod:DiceBlock","sneckomod:Unknown0Cost","sneckomod:SerpentMind"],"relics":["sneckomod:SneckoSoul","Ring of Fangs","Ring of Fury","reliquary:Boomerang","hubris:CrystalStatue"],"acts_visited":["Exordium"],"potions_floor_usage":[],"damage_taken":[{"damage":4,"enemies":"2 Louse","floor":2,"turns":3},{"damage":0,"enemies":"Cultist","floor":3,"turns":2},{"damage":6,"enemies":"Jaw Worm","floor":5,"turns":3},{"damage":17,"enemies":"Exordium Thugs","floor":8,"turns":3},{"damage":16,"enemies":"3 Louse","floor":10,"turns":4},{"damage":9,"enemies":"Gremlin Nob","floor":11,"turns":4},{"damage":8,"enemies":"Exordium Wildlife","floor":12,"turns":4},{"damage":9,"enemies":"3 Sentries","floor":13,"turns":2}],"seed_played":"-8080835182621994186","potions_obtained":[{"floor":8,"key":"FearPotion"},{"floor":10,"key":"Elixir"}],"is_trial":false,"path_per_floor":["R","M","M","?","M","?","T","M","?","M","E","M","E"],"character_chosen":"THE_SNECKO","items_purchased":[],"campfire_rested":0,"item_purchase_floors":[],"current_hp_per_floor":[63,59,59,59,53,53,53,36,36,20,11,3,0,0,0],"gold":339,"neow_bonus":"RANDOM_COLORLESS_2","is_daily":false,"chose_seed":false,"campfire_upgraded":1,"win_rate":0.0,"timestamp":1613657803,"path_taken":["R","M","M","?","?","?","T","M","?","M","E","M","E"],"items_purchased_type":[],"build_version":"2020-12-22","purchased_purges":0,"victory":false,"max_hp_per_floor":[90,90,90,90,90,90,90,90,90,90,90,90,90,90,90],"card_choices":[{"not_picked":["Chrysalis","Midas Touch"],"picked":"Sadistic Nature","floor":0},{"not_picked":["sneckomod:QuickBite","sneckomod:UnknownCommonAttack"],"picked":"sneckomod:UnknownUncommonAttack","floor":2},{"not_picked":["sneckomod:UnknownX","sneckomod:Unknown0Cost"],"picked":"sneckomod:UnknownVulnerable","floor":3},{"not_picked":["sneckomod:WideSting","sneckomod:RainOfDice"],"picked":"sneckomod:UnknownExhaust","floor":5},{"not_picked":["sneckomod:Nope","sneckomod:UnknownDraw"],"picked":"sneckomod:DiceBlock","floor":8},{"not_picked":["sneckomod:UnknownDraw","sneckomod:Memorize"],"picked":"sneckomod:Unknown0Cost","floor":10},{"not_picked":["sneckomod:UnknownBlock","sneckomod:Nope"],"picked":"sneckomod:SerpentMind","floor":11},{"not_picked":["sneckomod:SoulDraw","sneckomod:DiceCrush","sneckomod:UnknownVulnerable"],"picked":"SKIP","floor":12}],"player_experience":313967,"relics_obtained":[{"floor":6,"key":"Ring of Fangs"},{"floor":6,"key":"Ring of Fury"},{"floor":7,"key":"reliquary:Boomerang"},{"floor":11,"key":"hubris:CrystalStatue"}],"event_choices":[{"cards_removed":["Doubt"],"damage_healed":0,"gold_gain":0,"player_choice":"Card Removal","damage_taken":0,"max_hp_gain":0,"max_hp_loss":0,"event_name":"The Cleric","floor":9,"gold_loss":0}],"is_beta":false,"boss_relics":[],"items_purged_floors":[],"is_endless":false,"potions_floor_spawned":[8,10],"killed_by":"3 Sentries","ascension_level":0}}