{"host":"43wsnxh97mgjl5zw","time":1613645808,"event":{"mods":["Aspiration","BaseMod","Colored Map","Colored Powertips","Conspire","Downfall","Halation","Hubris","Minty Spire (QoL Compilation)","Quick Restart","Rare Cards Sparkle","Relic Sorter","Replay The Spire","StSLib"],"gold_per_floor":[116,116,2,19,19,44,59,72,98,98,128,128,145,159,159,237,237,253,253,253],"floor_reached":19,"language":"ENG","playtime":484,"items_purged":[],"score":408,"play_id":"20f293f0-ecd4-4bb9-9abe-ff240d677380","local_time":"20210218125648","is_ascension_mode":true,"campfire_choices":[{"data":"Carnage","floor":10.0,"key":"SMITH"},{"data":"Fire Breathing","floor":15,"key":"SMITH"}],"circlet_count":0,"master_deck":["AscendersBane","Strike_R","Strike_R","Strike_R","Strike_R","Defend_R","Defend_R","Defend_R","Defend_R","Bash+1","Sword Boomerang","Carnage+1","Thunderclap","Fire Breathing+1","Battle Trance","Spot Weakness","Intimidate","conspire:ExplosiveBarrier","Reaper"],"relics":["Burning Blood","NeowsBlessing","Replay:Wax Seal","Nunchaku","Omamori","Smiling Mask","hubris:ScarierMask"],"acts_visited":["Exordium","TheCity"],"potions_floor_usage":[16],"damage_taken":[{"damage":0.0,"enemies":"2 Louse","floor":1.0,"turns":1.0},{"damage":0.0,"enemies":"Cultist","floor":4.0,"turns":1.0},{"damage":0.0,"enemies":"Replay:BlueRogue","floor":6.0,"turns":1.0},{"damage":3.0,"enemies":"conspire:RoseBush","floor":7.0,"turns":6.0},{"damage":9.0,"enemies":"Lots of Slimes","floor":8.0,"turns":3.0},{"damage":8.0,"enemies":"Gremlin Nob","floor":11.0,"turns":3.0},{"damage":6,"enemies":"Looter","floor":13,"turns":2},{"damage":14,"enemies":"3 Louse","floor":14,"turns":4},{"damage":18,"enemies":"Hexaghost","floor":16,"turns":6},{"damage":48,"enemies":"Shell Parasite","floor":18,"turns":6},{"damage":22,"enemies":"3 Byrds","floor":19,"turns":3}],"seed_played":"-2659524564013777865","potions_obtained":[{"floor":4.0,"key":"SkillPotion"},{"floor":6.0,"key":"Fire Potion"},{"floor":14,"key":"SkillPotion"}],"is_trial":false,"path_per_floor":["M","?","$","M","$","E","M","M","T","R","E","?","M","M","R","B",null,"M","M"],"character_chosen":"IRONCLAD","items_purchased":["Replay:Wax Seal","Sword Boomerang"],"campfire_rested":0,"item_purchase_floors":[3,3],"current_hp_per_floor":[74,74,74,75,75,75,75,72,72,72,70,70,70,62,62,50,69,27,10,10],"gold":253,"neow_bonus":"THREE_ENEMY_KILL","is_daily":false,"chose_seed":false,"campfire_upgraded":2,"win_rate":0.0,"timestamp":1613645808,"path_taken":["M","?","$","M","$","E","?","M","T","R","E","?","M","?","R","BOSS","M","M"],"items_purchased_type":["Relic","Card"],"build_version":"2020-12-22","purchased_purges":0,"victory":false,"max_hp_per_floor":[75,75,75,75,75,75,75,75,75,75,75,75,75,75,75,75,75,75,75,75],"card_choices":[{"not_picked":["Clash","Replay:Undeath\u0027s Touch","Armaments"],"picked":"SKIP","floor":1.0},{"not_picked":["Power Through","Headbutt"],"picked":"Carnage","floor":4.0},{"not_picked":["conspire:ExplosiveBarrier","Bloodletting"],"picked":"Thunderclap","floor":6.0},{"not_picked":["Warcry","Wild Strike"],"picked":"Fire Breathing","floor":7.0},{"not_picked":["Sword Boomerang","ReplayTheSpireMod:LeadingStrike"],"picked":"Battle Trance","floor":8.0},{"not_picked":["hubris:SharpeningStone","Fire Breathing"],"picked":"Spot Weakness","floor":11.0},{"not_picked":["Searing Blow","Rupture"],"picked":"Intimidate","floor":13},{"not_picked":["Headbutt","Body Slam"],"picked":"conspire:ExplosiveBarrier","floor":14},{"not_picked":["Berserk","Brutality"],"picked":"Reaper","floor":16},{"not_picked":["Perfected Strike","Heavy Blade","Fire Breathing"],"picked":"SKIP","floor":18}],"player_experience":1265425,"relics_obtained":[{"floor":6.0,"key":"Nunchaku"},{"floor":9.0,"key":"Omamori"},{"floor":11.0,"key":"Smiling Mask"}],"event_choices":[{"damage_healed":0.0,"max_hp_gain":0.0,"max_hp_loss":0.0,"gold_gain":0.0,"event_name":"Upgrade Shrine","player_choice":"Upgraded","floor":2.0,"gold_loss":0.0,"damage_taken":0.0,"cards_upgraded":["Bash"]},{"cards_removed":["Strike_R"],"damage_healed":0.0,"max_hp_gain":0.0,"max_hp_loss":0.0,"gold_gain":0.0,"event_name":"Purifier","player_choice":"Purged","floor":12.0,"gold_loss":0.0,"damage_taken":0.0}],"is_beta":false,"boss_relics":[{"not_picked":["Black Blood","conspire:SpecialSausage"],"picked":"hubris:ScarierMask"}],"items_purged_floors":[],"is_endless":false,"potions_floor_spawned":[4,6,14],"killed_by":"3 Byrds","ascension_level":20}}