{"host":"strpjp9enjjpooof","time":1613610660,"event":{"mods":["Act Like it!","Aspiration","BaseMod","Better Altar","Better Match","Better Note","Better Sensory Stone","Better Skull","Better Third Choice","Colored Powertips","Conspire","Energized Spire","Force Act Four","GifTheSpireLib","Halation","Hubris","Minty Spire (QoL Compilation)","Relic Filter Mod","Reliquary","Replay The Spire","Spicy Shops","Spikes Relics","StSLib","Stuff the Spire","The Blue Laboratory","The Jungle","Together in Spire"],"gold_per_floor":[117,82,99,99,113,113,148,148,148,160,194,211,289,289,343,362,10,20,20,30,365,365,365,442,462,462,31,48,77,77,180,180,195,13,32,47,9,9,20,20,20,47,47,47,62,74,74,74,455,488,488],"floor_reached":52,"language":"ENG","playtime":3584,"items_purged":[],"score":957,"play_id":"27cf0953-6743-4c28-aabd-895b7c937680","local_time":"20210217161100","is_ascension_mode":false,"campfire_choices":[{"data":"Life Link","floor":6,"key":"SMITH"},{"floor":8,"key":"RECALL"},{"floor":23,"key":"REST"},{"floor":26,"key":"REST"},{"floor":30,"key":"REST"},{"floor":38,"key":"REST"},{"floor":40,"key":"REST"},{"data":"Blood for Blood","floor":48,"key":"SMITH"}],"circlet_count":0,"master_deck":["Strike_R","Strike_R","Strike_R+1","Strike_R","Strike_R","Defend_R","Defend_R","Defend_R","Defend_R","Bash","ReplayTheSpireMod:Strike From Hell","Thunderclap","Life Link+1","Havoc+1","Sword Boomerang+1","Bludgeon+1","Sentinel","Flex","The Bomb","StuffTheSpire:Incineration+1","Clothesline","Limit Break","Heavy Blade+1","Dropkick+1","Battle Trance","ReplayTheSpireMod:Necrogeddon","Blind","Ghostly Armor","Fiend Fire","conspire:HitWhereItHurts","Iron Wave+1","Master of Strategy+1","Disarm+1","Iron Wave+1","Ghostly Armor","Heavy Blade+1","Whirlwind+1","Whirlwind","Parasite","Blood for Blood+1","ReplayTheSpireMod:Limb From Limb+1","Metamorphosis","PlatinumSkin","Heavy Blade","Thunderclap","Sentinel","Abandon","Absolvement","Feel No Pain"],"relics":["Burning Blood","Gremlin Food","reliquary:BoilingFlask","hubris:Towel","Runic Pyramid","ExplosiveVial","Old Coin","LugNut","reliquary:TuningFork","reliquary:ExpiredCoupon","ReplayTheSpireMod:Ninjato","StuffTheSpire:EmeraldSignet","halation:PinkSoulGem","Sozu","Ancient Tea Set","ReplayTheSpireMod:Spearhead","BargainBundle","Anchor"],"acts_visited":["Exordium","TheCity","TheBeyond","TheEnding"],"potions_floor_usage":[1,7,7,7,10,36,36,36,39,50,50,51],"damage_taken":[{"damage":6,"enemies":"2 Louse","floor":1,"turns":2},{"damage":0,"enemies":"Cultist","floor":3,"turns":2},{"damage":0,"enemies":"Jaw Worm","floor":5,"turns":1},{"damage":0,"enemies":"Lagavulin","floor":7,"turns":4},{"damage":0,"enemies":"Large Slime","floor":10,"turns":2},{"damage":0,"enemies":"Gremlin Nob","floor":11,"turns":2},{"damage":0,"enemies":"Looter","floor":12,"turns":1},{"damage":5,"enemies":"Shell Parasite","floor":16,"turns":2},{"damage":10,"enemies":"Chosen","floor":18,"turns":2},{"damage":26,"enemies":"Centurion and Healer","floor":20,"turns":4},{"damage":0,"enemies":"conspire:Head Lice","floor":21,"turns":2},{"damage":22,"enemies":"Cultist and Chosen","floor":25,"turns":4},{"damage":10,"enemies":"Shelled Parasite and Fungi","floor":28,"turns":2},{"damage":16,"enemies":"Replay:Snechameleon","floor":29,"turns":3},{"damage":18,"enemies":"Pondfish","floor":31,"turns":5},{"damage":10,"enemies":"Orb Walker","floor":33,"turns":2},{"damage":14,"enemies":"3 Shapes","floor":35,"turns":3},{"damage":44,"enemies":"Transient","floor":36,"turns":5},{"damage":30,"enemies":"4 Shapes","floor":39,"turns":3},{"damage":4,"enemies":"Nemesis","floor":42,"turns":2},{"damage":21,"enemies":"Writhing Mass","floor":45,"turns":4},{"damage":0,"enemies":"Transient","floor":46,"turns":1},{"damage":58,"enemies":"Shield and Spear","floor":50,"turns":5},{"damage":136,"enemies":"The Heart","floor":51,"turns":8}],"seed_played":"7579594848185817933","potions_obtained":[{"floor":0,"key":"Energy Potion"},{"floor":0,"key":"blueLaboratory:BubblePotion"},{"floor":0,"key":"blueLaboratory:EnragingPotion"},{"floor":4,"key":"blueLaboratory:BottledHope"},{"floor":7,"key":"AttackPotion"},{"floor":10,"key":"blueLaboratory:HummingbirdPotion"},{"floor":16,"key":"blueLaboratory:PhilterOfMotion"},{"floor":35,"key":"Explosive Potion"},{"floor":36,"key":"EssenceOfSteel"},{"floor":45,"key":"Swift Potion"},{"floor":47,"key":"ColorlessPotion"},{"floor":47,"key":"Cursed Concoction"}],"is_trial":false,"path_per_floor":["M","?","M","?","M","R","E","R","T","M","E","M","?","?","R","M","$","M","?","M","E","?","R","T","M","R","$","M","E","R","B",null,"M","$","M","M","$","R","M","R","T","E","?","?","M","M","R","R","$","E","B",null],"character_chosen":"IRONCLAD","items_purchased":["ExplosiveVial","The Bomb","StuffTheSpire:Incineration+1","Battle Trance","reliquary:TuningFork","ReplayTheSpireMod:Necrogeddon","Blind","BlessingOfTheForge","Master of Strategy","Ghostly Armor","Metamorphosis","ReplayTheSpireMod:Spearhead","BargainBundle","PlatinumSkin","Heavy Blade","Thunderclap","Sentinel","Abandon","Absolvement"],"campfire_rested":5,"item_purchase_floors":[17,17,17,27,27,27,27,27,34,37,49,49,49,49,49,49,49,49,49],"current_hp_per_floor":[80,80,80,80,80,80,80,80,80,80,80,80,80,80,80,80,80,76,76,56,62,62,80,80,64,80,80,76,66,80,68,45,41,41,33,20,20,33,54,81,81,83,83,83,72,78,90,90,90,38,80],"gold":488,"neow_bonus":"THREE_SMALL_POTIONS","is_daily":false,"chose_seed":false,"campfire_upgraded":2,"win_rate":0.0,"timestamp":1613610660,"path_taken":["M","?","M","?","M","R","E","R","T","?","E","M","?","?","R","M","$","M","?","M","E","?","R","T","?","R","$","M","E","R","BOSS","M","$","?","M","$","R","M","R","T","E","?","?","?","?","R","R","$","E","BOSS"],"items_purchased_type":["Relic","Card","Card","Card","Relic","Card","Card","Potion","Card","Card","Card","Relic","Relic","Card","Card","Card","Card","Card","Card"],"build_version":"2020-12-22","purchased_purges":0,"victory":true,"max_hp_per_floor":[80,80,80,80,80,80,80,80,80,80,80,80,80,80,80,80,80,80,80,80,80,80,80,80,80,80,80,80,80,80,80,45,45,45,45,45,45,45,90,90,90,90,90,90,90,90,90,90,90,90,90],"card_choices":[{"not_picked":["BarbarianYell","Replay:Undeath\u0027s Touch"],"picked":"ReplayTheSpireMod:Strike From Hell","floor":1},{"not_picked":["Pommel Strike","ReplayTheSpireMod:LeadingStrike"],"picked":"Thunderclap","floor":3},{"not_picked":["True Grit","Warcry"],"picked":"Life Link","floor":5},{"not_picked":["Reckless Charge","StuffTheSpire:RockThrow"],"picked":"Havoc","floor":7},{"not_picked":["hubris:SharpeningStone","Anger"],"picked":"Sword Boomerang","floor":10},{"not_picked":["StuffTheSpire:Slingshot","Heavy Blade"],"picked":"Bludgeon","floor":11},{"not_picked":["Anger","hubris:ReadiedAction"],"picked":"Sentinel","floor":12},{"not_picked":["Uppercut","Invigoration"],"picked":"Flex","floor":16},{"not_picked":["Second Wind","StuffTheSpire:Incineration"],"picked":"Clothesline","floor":18},{"not_picked":["Second Wind+1","StuffTheSpire:Incineration"],"picked":"Limit Break","floor":20},{"not_picked":["Thunderclap","Clothesline"],"picked":"Heavy Blade+1","floor":21},{"not_picked":["Flex","hubris:CleavingFinish+1"],"picked":"Dropkick+1","floor":25},{"not_picked":["Anger","True Grit+1"],"picked":"Ghostly Armor","floor":28},{"not_picked":["Headbutt","StuffTheSpire:Slingshot"],"picked":"Fiend Fire","floor":29},{"not_picked":["Demonic Infusion","conspire:Purge"],"picked":"conspire:HitWhereItHurts","floor":31},{"not_picked":["BarbarianYell+1","Thunderclap"],"picked":"Iron Wave+1","floor":33},{"not_picked":["Clash","Anger+1"],"picked":"Disarm+1","floor":35},{"not_picked":["ReplayTheSpireMod:LeadingStrike+1","StuffTheSpire:Slingshot+1"],"picked":"Iron Wave+1","floor":36},{"not_picked":["Iron Wave","Pummel+1"],"picked":"Heavy Blade+1","floor":39},{"not_picked":["Anger","StuffTheSpire:Resist+1"],"picked":"Whirlwind+1","floor":42},{"not_picked":["Wild Strike","Searing Blow+1"],"picked":"Blood for Blood","floor":45},{"not_picked":["hubris:SharpeningStone","StuffTheSpire:Incineration"],"picked":"ReplayTheSpireMod:Limb From Limb+1","floor":46},{"not_picked":["Wild Strike","Headbutt"],"picked":"Feel No Pain","floor":50}],"player_experience":153047,"relics_obtained":[{"floor":7,"key":"Gremlin Food"},{"floor":11,"key":"reliquary:BoilingFlask"},{"floor":21,"key":"Old Coin"},{"floor":24,"key":"LugNut"},{"floor":29,"key":"reliquary:ExpiredCoupon"},{"floor":41,"key":"ReplayTheSpireMod:Ninjato"},{"floor":42,"key":"StuffTheSpire:EmeraldSignet"},{"floor":50,"key":"Anchor"}],"event_choices":[{"damage_healed":20,"gold_gain":0,"player_choice":"Healed","damage_taken":0,"max_hp_gain":0,"max_hp_loss":0,"event_name":"The Cleric","floor":2,"gold_loss":35},{"damage_healed":0,"gold_gain":0,"player_choice":"Got Potions","damage_taken":0,"max_hp_gain":0,"max_hp_loss":0,"event_name":"Lab","floor":4,"gold_loss":0},{"damage_healed":0,"gold_gain":78,"player_choice":"Gained Gold","damage_taken":0,"max_hp_gain":0,"max_hp_loss":0,"event_name":"Golden Wing","floor":13,"gold_loss":0},{"damage_healed":0,"gold_gain":0,"player_choice":"Ignored","damage_taken":0,"max_hp_gain":0,"max_hp_loss":0,"event_name":"Purifier","floor":19,"gold_loss":0},{"damage_healed":0,"gold_gain":0,"player_choice":"Ignored","damage_taken":0,"max_hp_gain":0,"max_hp_loss":0,"event_name":"betterNote:BetterNote","floor":22,"gold_loss":0,"cards_obtained":["Injury"]}],"is_beta":false,"boss_relics":[{"not_picked":["Electric Blood","hubris:TerracottaHorce"],"picked":"halation:Prosthetics"}],"items_purged_floors":[],"is_endless":false,"potions_floor_spawned":[7,10,16,29,31,35,36,45],"ascension_level":0}}