{"host":"2qyxu97h6u4ukicb","time":1613691261,"event":{"mods":["AchievementEnabler","BaseMod","BetterRewards","Colored Map","Colored Powertips","Minty Spire (QoL Compilation)","Replay The Spire","Shop Mod","StSLib"],"gold_per_floor":[109,109,284,296,266,266,280,295,295,312,326,355,401,418,418,418,418],"floor_reached":16,"language":"ENG","playtime":940,"items_purged":[],"score":104,"play_id":"815be3a5-893f-40d6-9330-33aa5a747831","local_time":"20210218173421","is_ascension_mode":false,"campfire_choices":[{"data":"Spot Weakness","floor":6,"key":"SMITH"},{"data":"Rampage","floor":15,"key":"SMITH"}],"circlet_count":0,"master_deck":["Strike_R","Strike_R","Strike_R","Strike_R","Strike_R","Defend_R","Defend_R","Defend_R","Defend_R","Spot Weakness+1","Survivor","Neutralize","Doubt","Sword Boomerang","Rampage+1","Flame Barrier","Carnage+1","Cleave+1","Anger+1"],"relics":["Burning Blood","NeowsBlessing","Molten Egg 2","Onion Ring","Lantern"],"acts_visited":["Exordium"],"potions_floor_usage":[10,12,16],"damage_taken":[{"damage":0,"enemies":"2 Louse","floor":1,"turns":1},{"damage":0,"enemies":"Small Slimes","floor":4,"turns":1},{"damage":0,"enemies":"Cultist","floor":7,"turns":1},{"damage":17,"enemies":"Exordium Wildlife","floor":8,"turns":5},{"damage":3,"enemies":"3 Louse","floor":10,"turns":3},{"damage":14,"enemies":"Exordium Thugs","floor":11,"turns":3},{"damage":31,"enemies":"Lagavulin","floor":12,"turns":7},{"damage":0,"enemies":"Looter","floor":14,"turns":2},{"damage":58,"enemies":"Fading Forest","floor":16,"turns":7}],"seed_played":"5676453125411225225","potions_obtained":[{"floor":1,"key":"Energy Potion"},{"floor":5,"key":"Energy Potion"},{"floor":5,"key":"Doom Potion"},{"floor":12,"key":"SpeedPotion"}],"is_trial":false,"path_per_floor":["M","?","?","M","?","R","M","M","T","M","M","E","T","M","R","B"],"character_chosen":"IRONCLAD","items_purchased":[],"campfire_rested":0,"item_purchase_floors":[],"current_hp_per_floor":[80,80,80,80,80,80,80,69,69,72,64,39,39,45,45,0,0],"gold":418,"neow_bonus":"THREE_ENEMY_KILL","is_daily":false,"chose_seed":false,"campfire_upgraded":2,"win_rate":0.0,"timestamp":1613691261,"path_taken":["M","?","?","M","?","R","?","M","T","M","M","E","?","M","R","BOSS"],"items_purchased_type":[],"build_version":"2020-12-22","purchased_purges":0,"victory":false,"max_hp_per_floor":[80,80,80,80,80,80,80,80,80,80,80,80,80,80,80,80,80],"card_choices":[{"not_picked":["Warcry","Rage"],"picked":"Spot Weakness","floor":1},{"not_picked":["Disarm","Wild Strike"],"picked":"Sword Boomerang","floor":4},{"not_picked":["Wild Strike","ReplayTheSpireMod:Muscle Training","Power Through"],"picked":"SKIP","floor":7},{"not_picked":["Headbutt","Shrug It Off"],"picked":"Rampage","floor":8},{"not_picked":["Havoc","Whirlwind+1"],"picked":"Flame Barrier","floor":10},{"not_picked":["Pommel Strike+1","ReplayReversal"],"picked":"Carnage+1","floor":11},{"not_picked":["ReplayTheSpireMod:Limb From Limb+1","Corruption"],"picked":"Cleave+1","floor":12},{"not_picked":["Twin Strike+1","Uppercut+1"],"picked":"Anger+1","floor":14}],"player_experience":835882,"relics_obtained":[{"floor":9,"key":"Molten Egg 2"},{"floor":12,"key":"Onion Ring"},{"floor":13,"key":"Lantern"}],"event_choices":[{"damage_healed":0,"gold_gain":175,"player_choice":"AGREE","damage_taken":0,"max_hp_gain":0,"max_hp_loss":0,"event_name":"Liars Game","floor":3,"gold_loss":0,"cards_obtained":["Doubt"]},{"damage_healed":0,"gold_gain":0,"player_choice":"Bought 2 Potions","damage_taken":0,"max_hp_gain":0,"max_hp_loss":0,"event_name":"The Woman in Blue","floor":5,"gold_loss":0}],"is_beta":false,"boss_relics":[],"items_purged_floors":[],"is_endless":false,"potions_floor_spawned":[1,8,12],"killed_by":"Fading Forest","ascension_level":0}}