{"host":"0ucmu30xnqs1j0i5","time":1613663365,"event":{"mods":["AchievementEnabler","BaseMod","Colored Map","Colored Powertips","Minty Spire (QoL Compilation)","Quick Restart"],"gold_per_floor":[114,131,147,157,6047,6047,6074,6074,6074,6074,6074,5297,5297,5307,5307,5408,5408,5388,5400,4690,4701,4701,4734,4734,4745,4771,4786,4786,3949,3968,4002,4002,4105,4105,4116,3417,3443,3086,3086,3086,3136,3136,3185,2103,2103,2137,2189,2204,2204,2204],"floor_reached":51,"language":"ZHS","playtime":4079,"items_purged":["Defend_R","Flame Barrier","Defend_R","Strike_R","Defend_R","Defend_R","Burning Pact+1"],"score":811,"play_id":"0af52935-0986-4521-9bab-451fbfde944e","local_time":"20210218234925","is_ascension_mode":false,"campfire_choices":[{"data":"Master of Strategy","floor":6,"key":"SMITH"},{"data":"Burning Pact","floor":8,"key":"SMITH"},{"data":"Warcry","floor":10,"key":"SMITH"},{"data":"Dual Wield","floor":15,"key":"SMITH"},{"data":"Evolve","floor":24,"key":"SMITH"},{"data":"Dual Wield","floor":32,"key":"SMITH"},{"data":"Clash","floor":40,"key":"SMITH"},{"data":"Clash","floor":42,"key":"SMITH"},{"data":"Panache","floor":45,"key":"SMITH"},{"data":"Bash","floor":49,"key":"SMITH"}],"circlet_count":0,"master_deck":["Strike_R+1","Strike_R","Bash+1","Ghostly Armor","Warcry+1","Hemokinesis","Clash+1","Master of Strategy+1","Ghostly Armor","Dual Wield+1","Clash+1","Evolve+1","Fiend Fire","Clash+1","Dual Wield+1","Impervious","Sever Soul","Clash+1","Second Wind+1","Panache+1","Pommel Strike"],"relics":["Black Blood","Toolbox","Matryoshka","Shuriken","Pocketwatch","Paper Frog","Strawberry","Orichalcum","Du-Vu Doll","Lee\u0027s Waffle","Magic Flower","Lizard Tail","Tiny Chest","OrangePellets","Sundial","Ancient Tea Set","Centennial Puzzle","Strange Spoon","Bottled Tornado","Unceasing Top","Pear","Philosopher\u0027s Stone","Potion Belt","Omamori","Orrery","Dream Catcher","Whetstone","Bird Faced Urn","Pen Nib","ClockworkSouvenir","Red Skull","Gambling Chip","Ornamental Fan","PreservedInsect"],"acts_visited":["Exordium","TheCity","TheBeyond"],"potions_floor_usage":[16,19,23,28,33,48,50],"damage_taken":[{"damage":3,"enemies":"Cultist","floor":1,"turns":5},{"damage":2,"enemies":"2 Louse","floor":2,"turns":4},{"damage":9,"enemies":"Small Slimes","floor":3,"turns":4},{"damage":8,"enemies":"Blue Slaver","floor":4,"turns":5},{"damage":18,"enemies":"Lagavulin","floor":7,"turns":7},{"damage":6,"enemies":"Exordium Wildlife","floor":14,"turns":3},{"damage":31,"enemies":"The Guardian","floor":16,"turns":5},{"damage":12,"enemies":"2 Thieves","floor":18,"turns":4},{"damage":16,"enemies":"Chosen","floor":19,"turns":6},{"damage":21,"enemies":"Snake Plant","floor":21,"turns":5},{"damage":323,"enemies":"Book of Stabbing","floor":23,"turns":14},{"damage":0,"enemies":"Chosen and Byrds","floor":25,"turns":4},{"damage":25,"enemies":"Shelled Parasite and Fungi","floor":27,"turns":5},{"damage":25,"enemies":"Colosseum Slavers","floor":28,"turns":4},{"damage":8,"enemies":"3 Cultists","floor":30,"turns":4},{"damage":29,"enemies":"Slavers","floor":31,"turns":4},{"damage":17,"enemies":"Champ","floor":33,"turns":7},{"damage":13,"enemies":"Orb Walker","floor":35,"turns":3},{"damage":9,"enemies":"Mind Bloom Boss Battle","floor":41,"turns":5},{"damage":2,"enemies":"Giant Head","floor":46,"turns":3},{"damage":0,"enemies":"3 Shapes","floor":48,"turns":2},{"damage":63,"enemies":"Time Eater","floor":50,"turns":6}],"seed_played":"949346526444331277","potions_obtained":[{"floor":3,"key":"SkillPotion"},{"floor":14,"key":"Strength Potion"},{"floor":16,"key":"BlessingOfTheForge"},{"floor":27,"key":"GamblersBrew"},{"floor":31,"key":"Weak Potion"},{"floor":35,"key":"Energy Potion"}],"is_trial":false,"path_per_floor":["M","M","M","M","$","R","E","R","T","R","?","$","?","M","R","B",null,"M","M","$","M","?","E","R","M","T","M","?","$","M","E","R","B",null,"M","$","T","$","?","R","?","R","T","$","R","E","T","M","R","B",null],"character_chosen":"IRONCLAD","items_purchased":["FearPotion","Master of Strategy","Ghostly Armor","Toolbox","Matryoshka","Shuriken","Dual Wield","Orichalcum","Du-Vu Doll","Lee\u0027s Waffle","Lizard Tail","Tiny Chest","OrangePellets","Strange Spoon","Bottled Tornado","Unceasing Top","Sever Soul","Potion Belt","Omamori","Orrery","Whetstone","ClockworkSouvenir","Red Skull","Panache","Pommel Strike","Gambling Chip"],"campfire_rested":0,"item_purchase_floors":[5,5,5,5,5,5,12,12,12,12,20,20,20,29,29,29,36,36,36,36,38,44,44,44,44,44],"current_hp_per_floor":[59,63,60,58,58,58,46,46,53,53,53,94,94,94,94,72,94,94,94,94,91,91,94,94,94,94,87,80,80,90,89,89,90,104,104,104,104,104,99,99,99,99,99,99,99,99,99,99,99,54],"gold":2204,"neow_bonus":"TRANSFORM_TWO_CARDS","is_daily":false,"chose_seed":false,"campfire_upgraded":10,"win_rate":0.0,"timestamp":1613663365,"path_taken":["M","M","M","M","$","R","E","R","T","R","?","$","?","M","R","BOSS","M","M","$","?","?","E","R","M","T","M","?","$","M","E","R","BOSS","M","$","?","$","?","R","?","R","T","?","R","E","?","M","R","BOSS"],"items_purchased_type":["Potion","Card","Card","Relic","Relic","Relic","Card","Relic","Relic","Relic","Relic","Relic","Relic","Relic","Relic","Relic","Card","Relic","Relic","Relic","Relic","Relic","Relic","Card","Card","Relic"],"build_version":"2020-12-22","purchased_purges":7,"victory":true,"max_hp_per_floor":[80,80,80,80,80,80,80,80,87,87,87,94,94,94,94,94,94,94,94,94,94,94,94,94,94,94,94,94,94,94,104,104,104,104,104,104,104,104,99,99,99,99,99,99,99,99,99,99,99,99],"card_choices":[{"not_picked":["Thunderclap","Reckless Charge"],"picked":"Warcry","floor":1},{"not_picked":["Shockwave","Anger"],"picked":"Hemokinesis","floor":2},{"not_picked":["Flex","Clothesline"],"picked":"Flame Barrier","floor":3},{"not_picked":["Sword Boomerang","Dark Embrace"],"picked":"Clash","floor":4},{"not_picked":["Second Wind","Iron Wave"],"picked":"Burning Pact","floor":7},{"not_picked":["Thunderclap","Power Through","Intimidate"],"picked":"SKIP","floor":14},{"not_picked":["Headbutt","Thunderclap+1"],"picked":"Clash","floor":18},{"not_picked":["Iron Wave","Headbutt","Thunderclap+1"],"picked":"SKIP","floor":19},{"not_picked":["True Grit","Rampage","Rage"],"picked":"SKIP","floor":21},{"not_picked":["Bludgeon","Flex"],"picked":"Fiend Fire","floor":23},{"not_picked":["Flame Barrier","Shrug It Off","Pummel"],"picked":"SKIP","floor":25},{"not_picked":["Uppercut","Intimidate+1"],"picked":"Clash","floor":27},{"not_picked":["Reckless Charge+1","Metallicize"],"picked":"Dual Wield","floor":30},{"not_picked":["Shrug It Off","Shockwave+1","Flex"],"picked":"SKIP","floor":31},{"not_picked":["Fiend Fire","Double Tap"],"picked":"Impervious","floor":33},{"not_picked":["Armaments","Clothesline+1","Shrug It Off+1"],"picked":"SKIP","floor":35},{"not_picked":["Intimidate","Clothesline+1"],"picked":"Clash+1","floor":36},{"not_picked":["Intimidate+1","Flex+1"],"picked":"Second Wind+1","floor":36},{"not_picked":["Iron Wave+1","Twin Strike","Barricade"],"picked":"SKIP","floor":46},{"not_picked":["Thunderclap","Dropkick","Twin Strike+1"],"picked":"SKIP","floor":48}],"player_experience":48025,"relics_obtained":[{"floor":7,"key":"Pocketwatch"},{"floor":9,"key":"Paper Frog"},{"floor":9,"key":"Strawberry"},{"floor":23,"key":"Sundial"},{"floor":26,"key":"Ancient Tea Set"},{"floor":26,"key":"Centennial Puzzle"},{"floor":31,"key":"Pear"},{"floor":37,"key":"Dream Catcher"},{"floor":41,"key":"Bird Faced Urn"},{"floor":43,"key":"Pen Nib"},{"floor":46,"key":"Ornamental Fan"},{"floor":47,"key":"PreservedInsect"}],"event_choices":[{"damage_healed":0,"gold_gain":0,"player_choice":"Ignored","damage_taken":0,"max_hp_gain":0,"max_hp_loss":0,"event_name":"Liars Game","floor":11,"gold_loss":0},{"cards_removed":["Second Wind"],"damage_healed":0,"gold_gain":0,"player_choice":"Gave Card","damage_taken":0,"relics_obtained":["Magic Flower"],"max_hp_gain":0,"max_hp_loss":0,"event_name":"WeMeetAgain","floor":13,"gold_loss":0},{"damage_healed":0,"gold_gain":0,"player_choice":"Read","damage_taken":0,"max_hp_gain":0,"max_hp_loss":0,"event_name":"The Library","floor":22,"gold_loss":0,"cards_obtained":["Evolve"]},{"damage_healed":0,"gold_gain":0,"player_choice":"Fight","damage_taken":0,"max_hp_gain":0,"max_hp_loss":0,"event_name":"Colosseum","floor":28,"gold_loss":0},{"damage_healed":0,"gold_gain":0,"player_choice":"Fled From Nobs","damage_taken":0,"max_hp_gain":0,"max_hp_loss":0,"event_name":"Colosseum","floor":28,"gold_loss":0},{"damage_healed":0,"gold_gain":0,"player_choice":"Max HP","damage_taken":0,"max_hp_gain":0,"max_hp_loss":5,"event_name":"Winding Halls","floor":39,"gold_loss":0},{"damage_healed":0,"gold_gain":0,"player_choice":"Fight","damage_taken":0,"max_hp_gain":0,"max_hp_loss":0,"event_name":"MindBloom","floor":41,"gold_loss":0}],"is_beta":false,"boss_relics":[{"not_picked":["Black Star","Runic Dome"],"picked":"Black Blood"},{"not_picked":["Mark of Pain","SacredBark"],"picked":"Philosopher\u0027s Stone"}],"items_purged_floors":[5,12,20,29,36,38,44],"is_endless":false,"potions_floor_spawned":[3,14,16,18,27,28,31,35],"ascension_level":0}}