{"host":"2qjaxirufppn0bk8","time":1613628187,"event":{"mods":["AchievementEnabler","BaseMod","Bestiary","Block Reminder","Dark Map","Minty Spire (QoL Compilation)","Quick Restart","RNG Fix","Relic Stats","StSLib","egg","everything is the same but u backflip on backflip"],"gold_per_floor":[111,126,126,126,147,180,201,201,225,240,240,240,168,193,193,319,319,344,619,619,643,664,664,707,725,775,775,775],"floor_reached":27,"language":"ENG","playtime":1852,"items_purged":[],"score":247,"play_id":"92167910-6421-437f-b490-b342699aa082","local_time":"20210218010307","is_ascension_mode":true,"campfire_choices":[{"floor":8,"key":"DIG"},{"floor":11,"key":"DIG"},{"floor":15,"key":"REST"},{"floor":23,"key":"DIG"}],"circlet_count":0,"master_deck":["Bash","Iron Wave","Injury","Pummel","Clothesline","Ghostly Armor","Inflame","Flame Barrier","Clothesline","Power Through","Whirlwind","Immolate","True Grit","Rupture","Perfected Strike","Dual Wield","Demon Form","Reaper","Heavy Blade+1","Metallicize+1"],"relics":["Burning Blood","NeowsBlessing","Golden Idol","Shovel","Letter Opener","Thread and Needle","Bronze Scales","Bottled Lightning","MealTicket","Pandora\u0027s Box","Bottled Flame","Bird Faced Urn","Blood Vial"],"acts_visited":["Exordium","TheCity"],"potions_floor_usage":[6,10,16,16,18,22,24,25],"damage_taken":[{"damage":0,"enemies":"Jaw Worm","floor":1,"turns":1},{"damage":0,"enemies":"2 Louse","floor":2,"turns":1},{"damage":0,"enemies":"Small Slimes","floor":5,"turns":1},{"damage":53,"enemies":"Lagavulin","floor":6,"turns":8},{"damage":6,"enemies":"Blue Slaver","floor":7,"turns":4},{"damage":10,"enemies":"Exordium Thugs","floor":10,"turns":8},{"damage":22,"enemies":"Gremlin Gang","floor":14,"turns":5},{"damage":73,"enemies":"The Guardian","floor":16,"turns":15},{"damage":23,"enemies":"2 Thieves","floor":18,"turns":3},{"damage":27,"enemies":"Spheric Guardian","floor":21,"turns":5},{"damage":7,"enemies":"Snecko","floor":22,"turns":4},{"damage":29,"enemies":"Gremlin Leader","floor":24,"turns":6},{"damage":32,"enemies":"Shelled Parasite and Fungi","floor":25,"turns":7},{"damage":39,"enemies":"Book of Stabbing","floor":27,"turns":5}],"seed_played":"3315023635423791813","potions_obtained":[{"floor":5,"key":"BloodPotion"},{"floor":7,"key":"ColorlessPotion"},{"floor":10,"key":"Regen Potion"},{"floor":14,"key":"Block Potion"},{"floor":16,"key":"Strength Potion"},{"floor":21,"key":"Fire Potion"},{"floor":22,"key":"BloodPotion"},{"floor":24,"key":"FearPotion"}],"is_trial":false,"path_per_floor":["M","M","?","?","M","E","M","R","T","M","R","T","$","M","R","B",null,"M","?","?","M","M","R","E","M","T","E"],"character_chosen":"IRONCLAD","items_purchased":["Flame Barrier"],"campfire_rested":1,"item_purchase_floors":[13],"current_hp_per_floor":[80,80,80,68,74,43,43,43,43,39,39,39,54,38,62,10,80,69,69,69,48,53,53,46,22,22,0,0],"gold":775,"neow_bonus":"THREE_ENEMY_KILL","is_daily":false,"chose_seed":false,"campfire_upgraded":0,"win_rate":0.0,"timestamp":1613628187,"path_taken":["M","?","?","?","M","E","M","R","T","?","R","?","$","M","R","BOSS","M","?","?","M","?","R","E","M","T","E"],"items_purchased_type":["Card"],"build_version":"2020-12-22","purchased_purges":0,"victory":false,"max_hp_per_floor":[80,80,80,80,80,80,80,80,80,80,80,80,80,80,80,80,80,80,80,80,80,80,80,80,80,80,80,80],"relic_stats":{"Blood Vial":2,"Shovel":3,"counters":[14,73],"Golden Idol":75,"Bronze Scales":[202],"Bird Faced Urn":[4],"MealTicket":15,"Pandora\u0027s Box":["Power Through","Whirlwind","Immolate","True Grit","Rupture","Perfected Strike","Dual Wield","Demon Form","Reaper"],"Letter Opener":[5],"obtain_stats":[{"NeowsBlessing":0,"Golden Idol":3,"Thread and Needle":8,"Letter Opener":6,"Burning Blood":0,"Blood Vial":26,"Bottled Flame":23,"Shovel":4,"Bronze Scales":9,"Bird Faced Urn":24,"MealTicket":12,"Pandora\u0027s Box":17,"Bottled Lightning":11},{"NeowsBlessing":0,"Golden Idol":2,"Thread and Needle":5,"Letter Opener":4,"Burning Blood":0,"Blood Vial":13,"Bottled Flame":11,"Shovel":2,"Bronze Scales":5,"Bird Faced Urn":12,"MealTicket":6,"Pandora\u0027s Box":8,"Bottled Lightning":6},{"NeowsBlessing":0,"Golden Idol":2,"Thread and Needle":15,"Letter Opener":11,"Burning Blood":0,"Blood Vial":68,"Bottled Flame":55,"Shovel":2,"Bronze Scales":15,"Bird Faced Urn":61,"MealTicket":23,"Pandora\u0027s Box":43,"Bottled Lightning":23}],"Burning Blood":66},"card_choices":[{"not_picked":["Armaments","Carnage","Shockwave"],"picked":"SKIP","floor":1},{"not_picked":["Disarm","Thunderclap"],"picked":"Iron Wave","floor":2},{"not_picked":["Havoc","Power Through"],"picked":"Pummel","floor":5},{"not_picked":["Twin Strike","Double Tap"],"picked":"Clothesline","floor":6},{"not_picked":["Twin Strike","Rupture"],"picked":"Ghostly Armor","floor":7},{"not_picked":["Anger","Feel No Pain"],"picked":"Inflame","floor":10},{"not_picked":["Iron Wave","Reaper"],"picked":"Clothesline","floor":14},{"not_picked":["Hemokinesis","Blood for Blood"],"picked":"Heavy Blade+1","floor":18},{"not_picked":["Clash","Heavy Blade","Cleave"],"picked":"SKIP","floor":21},{"not_picked":["Perfected Strike+1","Feel No Pain","Headbutt"],"picked":"SKIP","floor":22},{"not_picked":["Intimidate","Twin Strike"],"picked":"Metallicize+1","floor":24},{"not_picked":["Clothesline","Sword Boomerang","Rage"],"picked":"SKIP","floor":25}],"player_experience":102349,"relics_obtained":[{"floor":6,"key":"Letter Opener"},{"floor":8,"key":"Thread and Needle"},{"floor":9,"key":"Bronze Scales"},{"floor":11,"key":"Bottled Lightning"},{"floor":12,"key":"MealTicket"},{"floor":23,"key":"Bottled Flame"},{"floor":24,"key":"Bird Faced Urn"},{"floor":26,"key":"Blood Vial"}],"event_choices":[{"damage_healed":0,"gold_gain":0,"player_choice":"Take Wound","damage_taken":0,"relics_obtained":["Golden Idol"],"max_hp_gain":0,"max_hp_loss":0,"event_name":"Golden Idol","floor":3,"gold_loss":0,"cards_obtained":["Injury"]},{"damage_healed":0,"gold_gain":0,"player_choice":"Success","damage_taken":12,"relics_obtained":["Shovel"],"max_hp_gain":0,"max_hp_loss":0,"event_name":"Scrap Ooze","floor":4,"gold_loss":0},{"damage_healed":0,"gold_gain":275,"player_choice":"Desecrate","damage_taken":0,"max_hp_gain":0,"max_hp_loss":0,"event_name":"Golden Shrine","floor":19,"gold_loss":0,"cards_obtained":["Regret"]},{"cards_removed":["Regret"],"damage_healed":0,"gold_gain":0,"player_choice":"Elegance","damage_taken":0,"max_hp_gain":0,"max_hp_loss":0,"event_name":"Back to Basics","floor":20,"gold_loss":0}],"is_beta":false,"boss_relics":[{"not_picked":["Runic Pyramid","SacredBark"],"picked":"Pandora\u0027s Box"}],"items_purged_floors":[],"is_endless":false,"potions_floor_spawned":[5,7,10,14,16,21,22,24],"killed_by":"Book of Stabbing","ascension_level":1}}