{"host":"ufl0k2so27eic2iy","time":1613653234,"event":{"mods":["100% Spire Juice","BaseMod","ChefMod","Curses Come First","Downfall","Minty Spire (QoL Compilation)","Replay The Spire","StSLib","The Animator","The Cursed","The Marked"],"gold_per_floor":[115,135,135,135,167,167,223,223,223,223,72,33,48,82,82,178,178,203,228,228,228,124,155,155,180,180,180,203,203,203,203],"floor_reached":30,"language":"ENG","playtime":1475,"items_purged":["animator:Strike"],"score":448,"play_id":"89963d59-5146-4a76-842f-9607c030e400","local_time":"20210218130034","is_ascension_mode":true,"campfire_choices":[{"data":"animator:Shion","floor":6.0,"key":"SMITH"},{"floor":8.0,"key":"REST"},{"data":"animator:MayuriKurotsuchi","floor":10.0,"key":"SMITH"},{"data":"animator:Shichika","floor":15.0,"key":"SMITH"},{"floor":24,"key":"REST"},{"floor":29,"key":"REST"}],"circlet_count":0,"master_deck":["AscendersBane","animator:Strike_Bleach+1","animator:Defend_Bleach+1","animator:Strike+1","animator:Defend+1","animator:Defend+1","animator:Defend+1","animator:RenjiArakai","animator:UryuuIshida+1","animator:IsshinKurosaki","animator:Shion+1","animator:SilverFang","animator:EmiyaShirou","animator:MayuriKurotsuchi+1","animator:Lancer","animator:Cocytus+1","animator:Shichika+1","animator:OrihimeInoue","animator:Biyorigo","animator:Shimako","animator:RukiaKuchiki","animator:Archer","animator:ChihayaOhtori","animator:Assassin","animator:Shuna","Decay","animator:SajinKomamura"],"relics":["animator:VividPicture","animator:TheMissingPiece","Golden Idol","Paper Crane","Charon\u0027s Ashes","Garlic","The Courier","Ice Cream"],"acts_visited":["Exordium","TheCity"],"potions_floor_usage":[16,19,28,30],"damage_taken":[{"damage":0.0,"enemies":"Small Slimes","floor":1.0,"turns":3.0},{"damage":0.0,"enemies":"2 Louse","floor":2.0,"turns":2.0},{"damage":4.0,"enemies":"Jaw Worm","floor":5.0,"turns":5.0},{"damage":24.0,"enemies":"3 Sentries","floor":7.0,"turns":6.0},{"damage":5.0,"enemies":"Blue Slaver","floor":13.0,"turns":4.0},{"damage":21.0,"enemies":"Lagavulin","floor":14.0,"turns":8.0},{"damage":6,"enemies":"The Guardian","floor":16,"turns":13},{"damage":6,"enemies":"Chosen","floor":18,"turns":6},{"damage":20,"enemies":"2 Thieves","floor":19,"turns":4},{"damage":13,"enemies":"Slavers","floor":23,"turns":4},{"damage":24,"enemies":"Chosen and Byrds","floor":25,"turns":5},{"damage":4,"enemies":"Shelled Parasite and Fungi","floor":28,"turns":5},{"damage":33,"enemies":"Gremlin Leader","floor":30,"turns":4}],"seed_played":"-7756619209975762324","potions_obtained":[{"floor":5.0,"key":"sneckomod:MuddlingPotion"},{"floor":13.0,"key":"Block Potion"},{"floor":14.0,"key":"animator:FalseLifePotion"},{"floor":23,"key":"Energy Potion"},{"floor":28,"key":"Fire Potion"}],"is_trial":false,"path_per_floor":["M","M","?","?","M","R","E","R","T","R","$","$","M","E","R","B",null,"M","M","?","?","$","E","R","M","T","?","M","R","E"],"character_chosen":"THE_ANIMATOR","items_purchased":["animator:Lancer","animator:Cocytus+1","animator:Archer","animator:ChihayaOhtori"],"campfire_rested":3,"item_purchase_floors":[11,12,22,22],"current_hp_per_floor":[54,54,54,54,50,50,26,42,42,42,42,42,37,17,17,11,44,38,18,29,29,29,17,33,9,9,9,6,23,0,0],"gold":203,"neow_bonus":"TRANSFORM_CARD","is_daily":false,"chose_seed":true,"campfire_upgraded":3,"win_rate":0.0,"timestamp":1613653234,"path_taken":["M","M","?","?","M","R","E","R","T","R","?","$","M","E","R","BOSS","M","M","?","?","?","E","R","?","T","?","M","R","E"],"items_purchased_type":["Card","Card","Card","Card"],"build_version":"2020-12-22","purchased_purges":1,"victory":false,"max_hp_per_floor":[60,60,60,54,54,54,54,54,54,54,54,54,54,55,55,55,55,55,55,55,55,55,56,56,56,56,56,57,57,57,57],"card_choices":[{"not_picked":["animator:ZankiKiguchi","animator:Cocytus"],"picked":"animator:Shion","floor":1.0},{"not_picked":["animator:PandorasActor","animator:Cocytus"],"picked":"animator:SilverFang","floor":2.0},{"not_picked":["animator:Chibimoth","animator:SilverFang"],"picked":"animator:EmiyaShirou","floor":5.0},{"not_picked":["animator:RenjiArakai","animator:UryuuIshida"],"picked":"animator:MayuriKurotsuchi","floor":7.0},{"not_picked":["animator:Geryuganshoop","animator:Shion"],"picked":"animator:Shichika","floor":13.0},{"not_picked":["animator:ZankiKiguchi","animator:LuciaKonohana"],"picked":"animator:OrihimeInoue","floor":14.0},{"not_picked":["animator:Boros","animator:KotoriKanbe"],"picked":"animator:Biyorigo","floor":16},{"not_picked":["animator:Shion","animator:Entoma"],"picked":"animator:Shimako","floor":18},{"not_picked":["animator:IsshinKurosaki","animator:OrihimeInoue"],"picked":"animator:RukiaKuchiki","floor":19},{"not_picked":["animator:Shion","animator:IsshinKurosaki"],"picked":"animator:Assassin","floor":23},{"not_picked":["animator:IkkakuMadarame","animator:Caster"],"picked":"animator:Shuna","floor":25},{"not_picked":["animator:Evileye","animator:HigakiRinne"],"picked":"animator:SajinKomamura","floor":28}],"player_experience":2839545,"relics_obtained":[{"floor":7.0,"key":"Paper Crane"},{"floor":9.0,"key":"Charon\u0027s Ashes"},{"floor":14.0,"key":"Garlic"},{"floor":23,"key":"The Courier"},{"floor":26,"key":"Ice Cream"}],"event_choices":[{"damage_healed":0.0,"max_hp_gain":0.0,"max_hp_loss":6.0,"gold_gain":0.0,"event_name":"Golden Idol","player_choice":"Lose Max HP","floor":4.0,"gold_loss":0.0,"damage_taken":0.0,"relics_obtained":["Golden Idol"]},{"damage_healed":11,"gold_gain":0,"player_choice":"Heal","damage_taken":0,"max_hp_gain":0,"max_hp_loss":0,"event_name":"The Library","floor":20,"gold_loss":0},{"damage_healed":0,"gold_gain":0,"player_choice":"Simplicity","damage_taken":0,"max_hp_gain":0,"max_hp_loss":0,"event_name":"Back to Basics","floor":21,"gold_loss":0,"cards_upgraded":["animator:Strike_Bleach","animator:Defend_Bleach","animator:Strike","animator:Defend","animator:Defend","animator:Defend"]},{"damage_healed":0,"gold_gain":0,"player_choice":"Cursed","damage_taken":0,"max_hp_gain":0,"max_hp_loss":0,"event_name":"Wheel of Change","floor":27,"gold_loss":0,"cards_obtained":["Decay"]}],"is_beta":false,"boss_relics":[{"not_picked":["Busted Crown","SlaversCollar"],"picked":"animator:VividPicture"}],"items_purged_floors":[11],"is_endless":false,"potions_floor_spawned":[5,13,14,23,28],"killed_by":"Gremlin Leader","ascension_level":15}}