{"host":"l7w0by5tm9d5mps5","time":1613656471,"event":{"mods":["AchievementEnabler","BaseMod","BetterRewards","Energized Spire","Minty Spire (QoL Compilation)","Permanent Neow","Reliquary","Replay The Spire","Spire Arcade","StSLib","The Runesmith"],"gold_per_floor":[110,110,120,220,231,231,245,245,323,335,335,335,350,53,53,146,146,159,159,32,32,47,47,47,83,164,177,177,20,58,81,81,81,81],"floor_reached":33,"language":"ENG","playtime":1930,"items_purged":["Strike_B"],"score":454,"play_id":"dfc46fed-4e06-4d61-8602-4d18fc6a7ce6","local_time":"20210218145431","is_ascension_mode":true,"campfire_choices":[{"data":"FTL","floor":6,"key":"SMITH"},{"data":"Crystallizer","floor":8,"key":"SMITH"},{"floor":15,"key":"REST"},{"data":"Chill","floor":23,"key":"SMITH"},{"data":"Machine Learning","floor":28,"key":"SMITH"},{"floor":32,"key":"DIG"}],"circlet_count":0,"master_deck":["AscendersBane","Strike_B","Strike_B","Strike_B","Defend_B","Defend_B","Defend_B","Defend_B","Zap+1","FTL+1","Gash","Beam Cell","Self Repair","Scrape","Scrape","Machine Learning+1","Chill+1","Finesse","Go for the Eyes+1","Beam Cell","ReplayGash","Panic Button+1","Leap","Scrape"],"relics":["energizedSpire:DeadBattery","reliquary:WeakTea","Replay:WaspNest","Golden Idol","reliquary:SharkskinSheath","Coffee Dripper","Nilry\u0027s Codex","Boot","reliquary:Bookmark","Prayer Wheel","Pantograph","reliquary:Sod"],"acts_visited":["Exordium","TheCity"],"potions_floor_usage":[16,16,18,25,31],"damage_taken":[{"damage":1,"enemies":"Cultist","floor":1,"turns":3},{"damage":0,"enemies":"Small Slimes","floor":3,"turns":3},{"damage":2,"enemies":"Jaw Worm","floor":5,"turns":3},{"damage":8,"enemies":"Lots of Slimes","floor":7,"turns":5},{"damage":7,"enemies":"Looter","floor":10,"turns":3},{"damage":3,"enemies":"Blue Slaver","floor":13,"turns":2},{"damage":14,"enemies":"Hexaghost","floor":16,"turns":6},{"damage":15,"enemies":"Shell Parasite","floor":18,"turns":3},{"damage":0,"enemies":"Chosen","floor":22,"turns":4},{"damage":15,"enemies":"Gremlin Leader","floor":25,"turns":6},{"damage":23,"enemies":"Centurion and Healer","floor":27,"turns":4},{"damage":28,"enemies":"Slavers","floor":30,"turns":5},{"damage":12,"enemies":"Snake Plant","floor":31,"turns":2},{"damage":45,"enemies":"Collector","floor":33,"turns":6}],"seed_played":"3196152813851166258","potions_obtained":[{"floor":1,"key":"DuplicationPotion"},{"floor":10,"key":"BlessingOfTheForge"},{"floor":16,"key":"SpeedPotion"},{"floor":21,"key":"Flashbang"},{"floor":21,"key":"Elixir"},{"floor":21,"key":"ColorlessPotion"},{"floor":22,"key":"Energy Potion"},{"floor":27,"key":"Cursed Concoction"},{"floor":30,"key":"AttackPotion"}],"is_trial":false,"path_per_floor":["M","?","M","?","M","R","M","R","T","M","?","?","M","$","R","B",null,"M","?","$","?","M","R","?","E","T","M","R","$","E","M","R","B"],"character_chosen":"DEFECT","items_purchased":["Scrape","reliquary:SharkskinSheath","Finesse","Go for the Eyes+1","reliquary:Bookmark"],"campfire_rested":1,"item_purchase_floors":[14,14,20,20,29],"current_hp_per_floor":[67,67,67,49,47,47,39,39,39,32,32,14,11,11,33,26,63,55,39,39,39,46,46,75,67,67,51,51,51,30,18,18,0,0],"gold":81,"neow_bonus":"BOSS_RELIC","is_daily":false,"chose_seed":false,"campfire_upgraded":4,"win_rate":0.0,"timestamp":1613656471,"path_taken":["M","?","M","?","M","R","M","R","T","?","?","?","M","$","R","BOSS","M","?","$","?","?","R","?","E","T","M","R","?","E","M","R","BOSS"],"items_purchased_type":["Card","Relic","Card","Card","Relic"],"build_version":"2020-12-22","purchased_purges":1,"victory":false,"max_hp_per_floor":[75,75,75,75,75,75,75,75,75,75,75,75,75,75,75,75,75,75,75,75,75,75,75,75,75,75,75,75,75,75,75,75,75,75],"card_choices":[{"not_picked":["Heatsinks","ReplayTheSpireMod:Repulse","Steam"],"picked":"SKIP","floor":1},{"not_picked":["Ball Lightning","Self Repair"],"picked":"FTL","floor":3},{"not_picked":["Chill","Genetic Algorithm"],"picked":"Crystallizer","floor":4},{"not_picked":["Blizzard","ReplayTheSpireMod:System Scan","Turbo"],"picked":"SKIP","floor":5},{"not_picked":["Consume","Stack"],"picked":"Gash","floor":7},{"not_picked":["Lockon","Amplify"],"picked":"Beam Cell","floor":10},{"not_picked":["Barrage","Conserve Battery"],"picked":"Scrape","floor":13},{"not_picked":["Thunder Strike","Hyperbeam"],"picked":"Machine Learning","floor":16},{"not_picked":["Ball Lightning","Storm"],"picked":"Chill","floor":18},{"not_picked":["Go for the Eyes","Genetic Algorithm"],"picked":"Beam Cell","floor":22},{"not_picked":["Reinforced Body","Barrage","Lockon"],"picked":"SKIP","floor":25},{"not_picked":["Go for the Eyes","Stack"],"picked":"ReplayGash","floor":27},{"not_picked":["Storm","Rip and Tear+1"],"picked":"Panic Button+1","floor":30},{"not_picked":["Rip and Tear","Panic Button"],"picked":"Leap","floor":31},{"not_picked":["Sweeping Beam","Heatsinks"],"picked":"Scrape","floor":31}],"player_experience":249496,"relics_obtained":[{"floor":4,"key":"reliquary:WeakTea"},{"floor":9,"key":"Replay:WaspNest"},{"floor":19,"key":"Nilry\u0027s Codex"},{"floor":25,"key":"Boot"},{"floor":30,"key":"Pantograph"},{"floor":32,"key":"reliquary:Sod"}],"event_choices":[{"damage_healed":0,"gold_gain":0,"cards_transformed":["Dualcast"],"player_choice":"Change","damage_taken":0,"max_hp_gain":0,"max_hp_loss":0,"event_name":"Living Wall","floor":11,"gold_loss":0,"cards_obtained":["Self Repair"]},{"damage_healed":0,"gold_gain":0,"player_choice":"Take Damage","damage_taken":18,"relics_obtained":["Golden Idol"],"max_hp_gain":0,"max_hp_loss":0,"event_name":"Golden Idol","floor":12,"gold_loss":0},{"damage_healed":0,"gold_gain":0,"player_choice":"Obtained Book","damage_taken":16,"max_hp_gain":0,"max_hp_loss":0,"event_name":"Cursed Tome","floor":19,"gold_loss":0},{"damage_healed":0,"gold_gain":0,"player_choice":"Got Potions","damage_taken":0,"max_hp_gain":0,"max_hp_loss":0,"event_name":"Lab","floor":21,"gold_loss":0},{"cards_removed":["Crystallizer"],"damage_healed":29,"gold_gain":0,"player_choice":"Offered Uncommon","damage_taken":0,"max_hp_gain":0,"max_hp_loss":0,"event_name":"Bonfire Elementals","floor":24,"gold_loss":0}],"is_beta":false,"boss_relics":[{"not_picked":["energizedSpire:MagnifyingGlass","energizedSpire:OldTV"],"picked":"Coffee Dripper"}],"items_purged_floors":[14],"is_endless":false,"potions_floor_spawned":[1,10,16,22,27,30],"killed_by":"Collector","ascension_level":13}}