{"host":"utqe55yv0jihe4d6","time":1613687835,"event":{"mods":["2.2 Compatiblity","AchievementEnabler","BaseMod","Block Reminder","Colored Map","Colored Powertips","Minty Spire (QoL Compilation)","Quick Restart","Rare Cards Sparkle","Relic Stats","SuperFastMode"],"gold_per_floor":[360,373,373,448,32,32,65,65,90,90,90],"floor_reached":10,"language":"ENG","playtime":330,"items_purged":["Defend_P"],"score":128,"play_id":"b0dc1066-7f6b-414f-9cea-303d77b7f253","local_time":"20210218173715","is_ascension_mode":true,"campfire_choices":[{"data":"Eruption","floor":6.0,"key":"SMITH"}],"circlet_count":0,"master_deck":["AscendersBane","Strike_P+1","Strike_P","Strike_P","Strike_P","Defend_P","Defend_P","Defend_P","Eruption+1","Vigilance","Consecrate","MentalFortress","WheelKick+1"],"relics":["PureWater","Art of War","Ornamental Fan","Incense Burner","Toy Ornithopter"],"acts_visited":["Exordium"],"potions_floor_usage":[10],"damage_taken":[{"damage":0.0,"enemies":"2 Louse","floor":1.0,"turns":2.0},{"damage":8.0,"enemies":"Small Slimes","floor":2.0,"turns":5.0},{"damage":16.0,"enemies":"Gremlin Nob","floor":7.0,"turns":3.0},{"damage":22,"enemies":"3 Sentries","floor":10,"turns":2}],"seed_played":"2411846255314664570","potions_obtained":[{"floor":2.0,"key":"PowerPotion"}],"is_trial":false,"path_per_floor":["M","M","?","?","$","R","E","?","T","E"],"character_chosen":"WATCHER","items_purchased":["Ornamental Fan","Fire Potion"],"campfire_rested":0,"item_purchase_floors":[5,5],"current_hp_per_floor":[61,53,48,37,37,37,21,2,2,0,0],"gold":90,"neow_bonus":"TWO_FIFTY_GOLD","is_daily":false,"chose_seed":false,"campfire_upgraded":1,"win_rate":0.0,"timestamp":1613687835,"path_taken":["M","M","?","?","$","R","E","?","T","E"],"items_purchased_type":["Relic","Potion"],"build_version":"2020-12-22","purchased_purges":1,"victory":false,"max_hp_per_floor":[62,62,62,62,62,62,62,62,62,62,62],"relic_stats":{"counters":[4,12],"Ornamental Fan":[8],"Art of War":[0],"obtain_stats":[{"Ornamental Fan":5,"Art of War":3,"Incense Burner":7,"PureWater":0,"Toy Ornithopter":9},{"Ornamental Fan":2,"Art of War":2,"Incense Burner":3,"PureWater":0,"Toy Ornithopter":3},{"Ornamental Fan":7,"Art of War":7,"Incense Burner":10,"PureWater":0,"Toy Ornithopter":10}],"Toy Ornithopter":5},"card_choices":[{"not_picked":["FlyingSleeves","Sanctity"],"picked":"Consecrate","floor":1.0},{"not_picked":["Prostrate","EmptyBody"],"picked":"MentalFortress","floor":2.0},{"not_picked":["FollowUp","EmptyMind"],"picked":"WheelKick","floor":7.0}],"player_experience":3085825,"relics_obtained":[{"floor":7.0,"key":"Incense Burner"},{"floor":9.0,"key":"Toy Ornithopter"}],"event_choices":[{"damage_healed":0.0,"max_hp_gain":0.0,"max_hp_loss":0.0,"gold_gain":0.0,"event_name":"Scrap Ooze","player_choice":"Success","floor":3.0,"gold_loss":0.0,"damage_taken":5.0,"relics_obtained":["Art of War"]},{"damage_healed":0.0,"max_hp_gain":0.0,"max_hp_loss":0.0,"gold_gain":75.0,"event_name":"World of Goop","player_choice":"Gather Gold","floor":4.0,"gold_loss":0.0,"damage_taken":11.0},{"damage_healed":0.0,"max_hp_gain":0.0,"max_hp_loss":0.0,"gold_gain":0.0,"event_name":"Shining Light","player_choice":"Entered Light","floor":8.0,"gold_loss":0.0,"damage_taken":19.0,"cards_upgraded":["Strike_P","WheelKick"]}],"is_beta":false,"boss_relics":[],"items_purged_floors":[5],"is_endless":false,"potions_floor_spawned":[2],"killed_by":"3 Sentries","ascension_level":20}}