{"host":"xf2qgw60ouc7kuj7","time":1613613575,"event":{"mods":["100% Spire Juice","Act Like it!","BaseMod","Bestiary","Better Match","Better Skull","Curses Come First","Dark Map","Friendly Minions","Gensokyo","Hallownest","HololiveMod","Marisa????????","Marked Mod","Minty Spire (QoL Compilation)","Quick Restart","Rare Cards Sparkle","Relic Stats","Reliquary","Ruina","StSLib","The Bug Knight","Waifu the Spire"],"gold_per_floor":[95,110,330,343,357,392,392,132,132,12,12,12,30,46,46,146,146,166,166,46,63,63,63,63],"floor_reached":23,"language":"ENG","playtime":886,"items_purged":[],"score":191,"play_id":"7b9d6bff-830a-418f-abe0-f8322d5df82d","local_time":"20210217175935","is_ascension_mode":false,"campfire_choices":[{"floor":7,"key":"REST"},{"floor":10,"key":"REST"},{"floor":15,"key":"REST"}],"circlet_count":0,"master_deck":["Moonworks:Ambush","Moonworks:LongDistanceShot","Moonworks:JonathanRush","Moonworks:NicePresent","Moonworks:CloudOfSeagulls","Moonworks:JonathanRush","Moonworks:NicePresent","Moonworks:BigBangBell+1","Moonworks:JonathanRush","Moonworks:HolyNight","Moonworks:EvilSpyWorkPreparation+1","Moonworks:SealedMemories+1","Moonworks:UnluckyCharm+1","Moonworks:ImOnFire+1","Moonworks:WeAreWaruda+1","Moonworks:GoAway+1","Moonworks:IntelligenceOfficer+1","Moonworks:StarBlastingFuse+1","Moonworks:CloudOfSeagulls","Gensokyo:SevenSchoolMysteries"],"relics":["Moonworks:BrokenBomb","Moonworks:Homemark","reliquary:PartyBalloon","reliquary:HotPoker","Toxic Egg 2","Unceasing Top","Pandora\u0027s Box","Gensokyo:ChorusOfJoy","Gensokyo:SpiderMask"],"acts_visited":["Gensokyo:Gensokyo","Gensokyo:Gensokyoer"],"potions_floor_usage":[6,16,21,23],"damage_taken":[{"damage":3,"enemies":"Gensokyo:Gryphon","floor":1,"turns":4},{"damage":10,"enemies":"Gensokyo:2_Kodama","floor":2,"turns":4},{"damage":0,"enemies":"Gensokyo:3_Fairies","floor":4,"turns":4},{"damage":12,"enemies":"Gensokyo:Gryphon_and_Rabbit","floor":5,"turns":6},{"damage":11,"enemies":"Gensokyo:Aya","floor":6,"turns":7},{"damage":2,"enemies":"Gensokyo:LivingMonolith","floor":13,"turns":2},{"damage":13,"enemies":"Gensokyo:3_Kodama","floor":14,"turns":2},{"damage":30,"enemies":"Gensokyo:Reimu","floor":16,"turns":8},{"damage":0,"enemies":"Gensokyo:Chomper","floor":18,"turns":3},{"damage":6,"enemies":"Gensokyo:CosmicMonolith","floor":21,"turns":2},{"damage":62,"enemies":"Gensokyo:Tenshi","floor":23,"turns":2}],"seed_played":"-422709571323941677","potions_obtained":[{"floor":5,"key":"Energy Potion"},{"floor":13,"key":"SpeedPotion"},{"floor":14,"key":"SkillPotion"},{"floor":16,"key":"EssenceOfSteel"},{"floor":21,"key":"AttackPotion"}],"is_trial":false,"path_per_floor":["M","M","?","M","M","E","R","?","T","R","T","$","M","M","R","B",null,"M","?","?","M","?","E"],"character_chosen":"THE_STARBREAKER","items_purchased":[],"campfire_rested":3,"item_purchase_floors":[],"current_hp_per_floor":[57,47,24,24,12,1,19,19,19,37,37,37,35,22,40,10,60,60,60,60,54,54,0,0],"gold":63,"neow_bonus":"HUNDRED_GOLD","is_daily":false,"chose_seed":false,"campfire_upgraded":0,"win_rate":0.0,"timestamp":1613613575,"path_taken":["M","?","?","?","M","E","R","?","T","R","?","$","?","?","R","BOSS","M","?","?","M","?","E"],"items_purchased_type":[],"build_version":"2020-12-22","purchased_purges":0,"victory":false,"max_hp_per_floor":[60,60,60,60,60,60,60,60,60,60,60,60,60,60,60,60,60,60,60,60,60,54,54,54],"relic_stats":{"counters":[11,44],"Pandora\u0027s Box":["Moonworks:EvilSpyWorkPreparation","Moonworks:SealedMemories","Moonworks:UnluckyCharm","Moonworks:ImOnFire","Moonworks:WeAreWaruda","Moonworks:GoAway","Moonworks:IntelligenceOfficer","Moonworks:StarBlastingFuse"],"obtain_stats":[{"Gensokyo:ChorusOfJoy":19,"reliquary:HotPoker":6,"reliquary:PartyBalloon":3,"Moonworks:Homemark":0,"Pandora\u0027s Box":17,"Gensokyo:SpiderMask":20,"Toxic Egg 2":9,"Unceasing Top":11,"Moonworks:BrokenBomb":0},{"Gensokyo:ChorusOfJoy":9,"reliquary:HotPoker":5,"reliquary:PartyBalloon":2,"Moonworks:Homemark":0,"Pandora\u0027s Box":8,"Gensokyo:SpiderMask":9,"Toxic Egg 2":5,"Unceasing Top":5,"Moonworks:BrokenBomb":0},{"Gensokyo:ChorusOfJoy":40,"reliquary:HotPoker":25,"reliquary:PartyBalloon":8,"Moonworks:Homemark":0,"Pandora\u0027s Box":37,"Gensokyo:SpiderMask":40,"Toxic Egg 2":25,"Unceasing Top":25,"Moonworks:BrokenBomb":0}],"Unceasing Top":[4]},"card_choices":[{"not_picked":["Moonworks:CloudOfSeagulls","Moonworks:BigMagnum"],"picked":"Moonworks:JonathanRush","floor":1},{"not_picked":["Moonworks:Flamethrower","Moonworks:ImOnFire"],"picked":"Moonworks:NicePresent","floor":2},{"not_picked":["Moonworks:LulusLuckyEgg","Moonworks:BigMagnum"],"picked":"Moonworks:CloudOfSeagulls","floor":4},{"not_picked":["Moonworks:Flamethrower","Moonworks:DevilHand"],"picked":"Moonworks:JonathanRush","floor":5},{"not_picked":["Moonworks:StiffCrystal","Moonworks:MixPhenomenon"],"picked":"Moonworks:NicePresent","floor":6},{"not_picked":["Moonworks:SealedMemories+1","Moonworks:AngelHand+1"],"picked":"Moonworks:BigBangBell+1","floor":13},{"not_picked":["Moonworks:SakisCookie+1","Moonworks:LulusLuckyEgg+1"],"picked":"Moonworks:JonathanRush","floor":14},{"not_picked":["Moonworks:AccelHyper+1","Moonworks:RocketCannon"],"picked":"Moonworks:HolyNight","floor":16},{"not_picked":["Moonworks:IndiscriminateFireSupport","Moonworks:Assault"],"picked":"Moonworks:CloudOfSeagulls","floor":18},{"not_picked":["Moonworks:DeployBits+1","Moonworks:Heat300Percent+1","Moonworks:IndiscriminateFireSupport"],"picked":"SKIP","floor":21},{"not_picked":["Gensokyo:Doppelganger+1","Gensokyo:SlitMouthedWoman+1"],"picked":"Gensokyo:SevenSchoolMysteries","floor":22}],"player_experience":290068,"relics_obtained":[{"floor":6,"key":"reliquary:HotPoker"},{"floor":9,"key":"Toxic Egg 2"},{"floor":11,"key":"Unceasing Top"}],"event_choices":[{"damage_healed":0,"gold_gain":220,"player_choice":"GO GO RE ","damage_taken":27,"relics_obtained":["reliquary:PartyBalloon"],"max_hp_gain":0,"max_hp_loss":0,"event_name":"betterSkull:BetterSkull","floor":3,"gold_loss":0,"cards_upgraded":[]}],"is_beta":false,"boss_relics":[{"not_picked":["Hololive_ChaosS","Tiny House"],"picked":"Pandora\u0027s Box"}],"items_purged_floors":[],"is_endless":false,"potions_floor_spawned":[5,13,14,16,21],"killed_by":"Gensokyo:Tenshi","ascension_level":0}}