{"host":"6vtgmkkqqeew181q","time":1613623557,"event":{"mods":["BaseMod","Better Skull","Better Third Choice","BetterRewards","Colored Powertips","Downfall","Faster Ascension Climbing","Highlight Path","Minty Spire (QoL Compilation)","Reliquary","Replay The Spire","Spire Birthday Party","StSLib","The IronCluck","The Jungle"],"gold_per_floor":[212,227,227,247,258,293,54,54,101,133,58,58,76,92,92,196,196,216,216,216,232,147,147,147,147,147],"floor_reached":25,"language":"ENG","playtime":1601,"items_purged":["Hallucinations"],"score":211,"play_id":"1dcff6a0-19f0-4924-a7ba-ea9608a80a37","local_time":"20210217204557","is_ascension_mode":false,"campfire_choices":[{"data":"Fission","floor":12,"key":"SMITH"},{"data":"BasicCrystalCard","floor":15,"key":"SMITH"}],"circlet_count":0,"master_deck":["Strike_B","Strike_B","Defend_B","Defend_B","Defend_B","Defend_B","Zap+1","Dualcast","Ball Lightning","Streamline","Self Repair","Leap","Fission+1","BasicCrystalCard+1","Thunder Strike","Amplify","Leap","Loop"],"relics":["Cracked Core","Iron Hammer","Singing Bowl","Ring of Peace","Potion Belt","Replay:Baseball","Ring of Chaos","Gremlin Horn"],"acts_visited":["Exordium","TheCity"],"potions_floor_usage":[16,16,25,25],"damage_taken":[{"damage":1,"enemies":"Cultist","floor":1,"turns":3},{"damage":2,"enemies":"Small Slimes","floor":2,"turns":3},{"damage":1,"enemies":"Jaw Worm","floor":4,"turns":2},{"damage":6,"enemies":"3 Louse","floor":5,"turns":3},{"damage":22,"enemies":"Lagavulin","floor":6,"turns":5},{"damage":10,"enemies":"Gremlin Nob","floor":10,"turns":4},{"damage":0,"enemies":"Looter","floor":13,"turns":2},{"damage":0,"enemies":"Red Slaver","floor":14,"turns":3},{"damage":33,"enemies":"Hexaghost","floor":16,"turns":9},{"damage":0,"enemies":"3 Byrds","floor":18,"turns":5},{"damage":10,"enemies":"Chosen","floor":21,"turns":7},{"damage":93,"enemies":"Gremlin Leader","floor":25,"turns":9}],"seed_played":"-5597715973555496159","potions_obtained":[{"floor":4,"key":"LiquidBronze"},{"floor":6,"key":"SpeedPotion"},{"floor":13,"key":"Swift Potion"},{"floor":14,"key":"Adrenaline Potion"},{"floor":16,"key":"Slimebound:ThreeZeroPotion"}],"is_trial":false,"path_per_floor":["M","M","?","M","M","E","$","?","T","E","$","R","M","M","R","B",null,"M","$","?","M","?","PTL","PTL","E"],"character_chosen":"DEFECT","items_purchased":["Singing Bowl"],"campfire_rested":0,"item_purchase_floors":[7],"current_hp_per_floor":[74,72,72,71,72,50,50,50,50,47,47,47,59,66,66,43,77,79,79,79,79,79,79,79,0,0],"gold":147,"neow_bonus":"HUNDRED_GOLD","is_daily":false,"chose_seed":false,"campfire_upgraded":2,"win_rate":0.0,"timestamp":1613623557,"path_taken":["M","?","?","M","M","E","$","?","T","E","?","R","M","M","R","BOSS","M","$","?","M","?","PTL","PTL","E"],"items_purchased_type":["Relic"],"build_version":"2020-12-22","purchased_purges":1,"victory":false,"max_hp_per_floor":[75,75,75,75,75,75,75,75,75,75,75,75,77,77,77,77,77,79,79,79,79,79,79,79,79,79],"card_choices":[{"not_picked":["Turbo","ReplayTheSpireMod:Reroute Power"],"picked":"Ball Lightning","floor":1},{"not_picked":["Steam","Doom and Gloom"],"picked":"Streamline","floor":2},{"not_picked":["Skim","Scrape"],"picked":"Self Repair","floor":4},{"not_picked":["Genetic Algorithm","Consume"],"picked":"Leap","floor":5},{"not_picked":["Go for the Eyes","Stack","Streamline"],"picked":"SKIP","floor":6},{"not_picked":["Streamline","Chill"],"picked":"Fission","floor":10},{"not_picked":["Beam Cell","Compile Driver","Streamline"],"picked":"Singing Bowl","floor":13},{"not_picked":["Go for the Eyes","Compile Driver"],"picked":"BasicCrystalCard","floor":14},{"not_picked":["Multi-Cast","Reboot"],"picked":"Thunder Strike","floor":16},{"not_picked":["Self Repair+1","Skim","Panic Button+1"],"picked":"Singing Bowl","floor":18},{"not_picked":["Steam","Force Field"],"picked":"Loop","floor":21}],"player_experience":647421,"relics_obtained":[{"floor":6,"key":"Iron Hammer"},{"floor":8,"key":"Ring of Peace"},{"floor":9,"key":"Potion Belt"},{"floor":10,"key":"Replay:Baseball"}],"event_choices":[{"damage_healed":0,"gold_gain":0,"player_choice":"Grow","damage_taken":0,"max_hp_gain":0,"max_hp_loss":0,"event_name":"Living Wall","floor":3,"gold_loss":0,"cards_upgraded":["Zap"]},{"damage_healed":0,"gold_gain":0,"cards_transformed":["Strike_B","Strike_B"],"player_choice":"Became Test Subject","damage_taken":0,"max_hp_gain":0,"max_hp_loss":0,"event_name":"Drug Dealer","floor":20,"gold_loss":0,"cards_obtained":["Amplify","Leap"]},{"damage_healed":0,"gold_gain":0,"player_choice":"Obtained Relic","damage_taken":0,"relics_obtained":["Gremlin Horn"],"max_hp_gain":0,"max_hp_loss":0,"event_name":"Addict","floor":22,"gold_loss":85}],"is_beta":false,"boss_relics":[{"not_picked":["Philosopher\u0027s Stone","Ectoplasm"],"picked":"Ring of Chaos"}],"items_purged_floors":[11],"is_endless":false,"potions_floor_spawned":[4,6,13,14,16],"killed_by":"Gremlin Leader","ascension_level":0}}