{"host":"0dsi8ju7ih3zb7n8","time":1613632346,"event":{"mods":["2.2 Compatiblity","Act Like it!","Astrologer","BaseMod","Downfall","Hermit","Minty Spire (QoL Compilation)","Robot Space Explorer","Spicy Shops","StSLib","The Gatherer","The Marked"],"gold_per_floor":[99,110,110,110,120,120,120,140,174,174,201,226,226,255,274,378,378,378,389,59,59,141,175,175,205,205,218,60,94,94,124,140,240,240,40,53,53,73,223,123,123,148,148,167,167,198,198,198,210,210,210,242,11,11,11,11],"floor_reached":57,"language":"ENG","playtime":3339,"items_purged":[],"score":1687,"play_id":"c14c57e7-a83b-452e-9fb0-2fa0fd9eb8ed","local_time":"20210218081226","daily_mods":["SealedDeck","Heirloom","Flight"],"is_ascension_mode":false,"metric_token":785,"campfire_choices":[{"data":"Gatherer:UpgradeBag","floor":1,"key":"SMITH"},{"data":"1","floor":6,"key":"LIFT"},{"data":"2","floor":10,"key":"LIFT"},{"data":"Gatherer:Herbalism","floor":13,"key":"SMITH"},{"data":"3","floor":18,"key":"LIFT"},{"floor":26,"key":"RECALL"},{"data":"Gatherer:Bulldoze","floor":30,"key":"SMITH"},{"data":"Gatherer:LuckyClover","floor":35,"key":"SMITH"},{"data":"Gatherer:EnergyBasket","floor":40,"key":"SMITH"},{"data":"Gatherer:UpgradeBag","floor":43,"key":"SMITH"},{"data":"Gatherer:EnergyBasket","floor":45,"key":"SMITH"},{"data":"Gatherer:TacticalStrike","floor":47,"key":"SMITH"},{"data":"Gatherer:UpgradeBag","floor":54,"key":"SMITH"}],"circlet_count":0,"master_deck":["Gatherer:DrugPower","Gatherer:FlowerShield","Gatherer:TacticalStrike+1","Gatherer:FlowerFalling","Gatherer:ScherryThrow","Gatherer:TreeGrowth","Gatherer:Snatch+1","Gatherer:WitheringStrike+1","Gatherer:UpgradeBag+1","Gatherer:EnergyBasket+1","Gatherer:FlowerPower","Gatherer:UpgradeBag+1","Gatherer:QuickSynthesis","Gatherer:Duality","Gatherer:Herbalism+1","Gatherer:Photoscythe","Gatherer:FlowerFalling","Gatherer:Bulldoze+1","Gatherer:RecipeChange+1","Gatherer:Liquidism","RitualDagger","Gatherer:ColorfulGarden","Gatherer:EnergyBasket+1","Gatherer:QuickSynthesis","Gatherer:LuckyClover+1","Gatherer:FlowerPower","Gatherer:Polymorphism+1","Gatherer:RecoveryHerb","Gatherer:PoisonMastery","Gatherer:AlchemyTrial","Gatherer:UpgradeBag+1","expansioncontent:LastStand","expansioncontent:Chronoboost","Slimebound:Grow","Gatherer:UpgradeBag","Gatherer:MindSearch","Gatherer:EnergyBasket+1","Gatherer:UpgradeBag+1"],"relics":["Gatherer:AlchemyBag","Girya","Boot","Meat on the Bone","Gatherer:Leftovers","Singing Bowl","sneckomod:SneckoTalon","Dead Branch","bronze:DecasWashers","Pocketwatch","Thread and Needle","TungstenRod","Membership Card","Chemical X","Prayer Wheel","Bird Faced Urn","Centennial Puzzle","bronze:MakeshiftBattery","downfall:HeartBlessingBlue","downfall:HeartBlessingGreen","downfall:HeartBlessingRed","Mummified Hand","hexamod:CandleOfCauterizing","Orichalcum","Kunai","Whetstone","White Beast Statue"],"acts_visited":["Exordium","TheCity","TheBeyond","TheEnding"],"potions_floor_usage":[12,31,31,56,56,56,56,56,56],"damage_taken":[{"damage":0,"enemies":"2 Louse","floor":2,"turns":2},{"damage":0,"enemies":"Cultist","floor":5,"turns":2},{"damage":11,"enemies":"Jaw Worm","floor":8,"turns":3},{"damage":15,"enemies":"Gremlin Nob","floor":9,"turns":3},{"damage":1,"enemies":"3 Sentries","floor":11,"turns":5},{"damage":14,"enemies":"Gremlin Nob","floor":12,"turns":3},{"damage":0,"enemies":"Lagavulin","floor":14,"turns":4},{"damage":11,"enemies":"Exordium Wildlife","floor":15,"turns":3},{"damage":9,"enemies":"WA_ARCHETYPE_RETAIN","floor":16,"turns":5},{"damage":19,"enemies":"Shell Parasite","floor":19,"turns":4},{"damage":5,"enemies":"downfall:FleeingMerchant","floor":20,"turns":4},{"damage":4,"enemies":"Slavers","floor":23,"turns":3},{"damage":0,"enemies":"Gremlin Leader","floor":25,"turns":5},{"damage":0,"enemies":"downfall:LooterAlt2","floor":27,"turns":2},{"damage":0,"enemies":"downfall:FleeingMerchant","floor":28,"turns":4},{"damage":0,"enemies":"Book of Stabbing","floor":29,"turns":4},{"damage":17,"enemies":"Gremlin Leader","floor":31,"turns":3},{"damage":0,"enemies":"Snecko","floor":32,"turns":3},{"damage":10,"enemies":"IC_MUSHROOM_ARCHETYPE","floor":33,"turns":4},{"damage":0,"enemies":"Orb Walker","floor":36,"turns":1},{"damage":4,"enemies":"3 Shapes","floor":38,"turns":4},{"damage":0,"enemies":"Giant Head","floor":42,"turns":3},{"damage":5,"enemies":"Sphere and 2 Shapes","floor":44,"turns":3},{"damage":0,"enemies":"Reptomancer","floor":46,"turns":2},{"damage":0,"enemies":"Transient","floor":49,"turns":5},{"damage":0,"enemies":"SI_POISON_ARCHETYPE","floor":50,"turns":2},{"damage":17,"enemies":"downfall:CharBossMerchant","floor":52,"turns":4},{"damage":0,"enemies":"downfall:NeowBoss","floor":55,"turns":4},{"damage":0,"enemies":"downfall:NeowBossFinal","floor":56,"turns":3}],"seed_played":"-8980869574439781734","potions_obtained":[{"floor":5,"key":"ColorlessPotion"},{"floor":8,"key":"PowerPotion"},{"floor":15,"key":"FearPotion"},{"floor":25,"key":"BottledMiracle"},{"floor":31,"key":"SteroidPotion"},{"floor":32,"key":"champ:CounterPotion"},{"floor":36,"key":"EntropicBrew"},{"floor":49,"key":"Regen Potion"}],"is_trial":true,"path_per_floor":["R","M","?","?","M","R","T","M","E","R","E","E","R","E","M","B",null,"R","M","$","?","T","E","T","E","R","M","$","E","R","E","M","B",null,"R","M","?","M","?","R","T","E","R","M","R","E","R","?","M","B",null,"E","$","R","B","B",null],"character_chosen":"THE_GATHERER","items_purchased":["Dead Branch","Membership Card","Chemical X","Omamori","Prayer Wheel","Gatherer:LuckyClover","Gatherer:UpgradeBag","Whetstone","White Beast Statue"],"campfire_rested":0,"item_purchase_floors":[20,28,28,28,28,28,53,53,53],"current_hp_per_floor":[72,72,72,72,72,72,72,61,46,46,45,43,43,43,44,47,72,72,53,48,42,42,40,40,40,40,40,40,40,40,47,53,69,76,86,90,90,92,92,92,92,92,92,96,96,96,96,89,98,98,98,83,83,83,98,98],"gold":11,"neow_bonus":"","is_daily":false,"chose_seed":false,"campfire_upgraded":9,"win_rate":0.0,"timestamp":1613632346,"path_taken":["R","M","?","?","M","R","T","M","E","R","E","E","R","E","M","BOSS","R","?","$","?","?","E","T","E","R","M","?","E","R","E","M","BOSS","R","M","?","M","?","R","T","E","R","?","R","E","R","?","M","BOSS","E","$","R","BOSS","BOSS"],"items_purchased_type":["Relic","Relic","Relic","Relic","Relic","Card","Card","Relic","Relic"],"build_version":"2020-12-22","purchased_purges":0,"victory":true,"max_hp_per_floor":[72,72,72,72,72,72,72,72,72,72,72,72,72,72,72,72,72,72,72,72,72,72,74,74,74,74,74,74,74,74,76,76,76,76,86,90,90,92,92,92,92,92,92,96,96,96,96,98,98,98,98,98,98,98,98,98],"card_choices":[{"not_picked":["Gatherer:FlowerFalling","Gatherer:Polymorphism"],"picked":"Gatherer:FlowerPower","floor":2},{"not_picked":["Gatherer:SmartManeuver","Gatherer:DrugPower"],"picked":"Gatherer:QuickSynthesis","floor":5},{"not_picked":["Gatherer:PotentialSlash","Gatherer:Convert"],"picked":"Gatherer:Duality","floor":8},{"not_picked":["Gatherer:AcidicSpray","Gatherer:Snatch","Gatherer:SaveValuables"],"picked":"SKIP","floor":9},{"not_picked":["Gatherer:BambuSword","Gatherer:Transmute"],"picked":"Gatherer:Herbalism","floor":11},{"not_picked":["Gatherer:WitheringStrike","Gatherer:TacticalStrike"],"picked":"Gatherer:SealedBomb","floor":12},{"not_picked":["Gatherer:BambuSword","Gatherer:GatherMaterial"],"picked":"Gatherer:Photoscythe","floor":14},{"not_picked":["Gatherer:BambuSword","Gatherer:Misfortune"],"picked":"Gatherer:FlowerFalling","floor":15},{"not_picked":["Gatherer:Overflowing","Gatherer:GrowBook"],"picked":"Gatherer:Bulldoze","floor":16},{"not_picked":["Gatherer:FlowerBeam","Gatherer:EnergyBasket"],"picked":"Gatherer:RecipeChange+1","floor":19},{"not_picked":["Gatherer:FlowerFalling","Gatherer:FlowerBeam"],"picked":"Gatherer:Liquidism","floor":20},{"not_picked":["Gatherer:AcidicSpray","Gatherer:AromaProtection+1","Gatherer:MiningStrike"],"picked":"Singing Bowl","floor":23},{"not_picked":["Gatherer:DrugPower","Gatherer:SaveValuables"],"picked":"Gatherer:ColorfulGarden","floor":25},{"not_picked":["Gatherer:PotentialSlash","Gatherer:Snatch"],"picked":"Gatherer:EnergyBasket","floor":27},{"not_picked":["Gatherer:ScherryThrow","Gatherer:FlowerShield"],"picked":"Gatherer:QuickSynthesis","floor":28},{"not_picked":["Gatherer:PotentialSlash","Gatherer:VenomBarrier"],"picked":"Gatherer:FlowerPower","floor":29},{"not_picked":["Gatherer:ScherryThrow","Gatherer:EchoOfNature","Gatherer:QuickSynthesis"],"picked":"Singing Bowl","floor":31},{"not_picked":["Gatherer:AcidicSpray+1","Gatherer:FlowerFalling"],"picked":"Gatherer:Polymorphism+1","floor":32},{"not_picked":["Gatherer:FlowerShield","Gatherer:TacticalStrike+1"],"picked":"Gatherer:RecoveryHerb","floor":32},{"not_picked":["Gatherer:LuckyClover","Gatherer:GrowBook"],"picked":"Gatherer:PoisonMastery","floor":33},{"not_picked":["Gatherer:Convert+1","Gatherer:SmartManeuver","Gatherer:SaveValuables+1"],"picked":"Singing Bowl","floor":36},{"not_picked":["Gatherer:Frenzy","Gatherer:Convert+1","Gatherer:FragileHammer+1"],"picked":"Singing Bowl","floor":36},{"not_picked":["Gatherer:Convert","Gatherer:PotentialSlash","Gatherer:ScherryThrow+1"],"picked":"Singing Bowl","floor":38},{"not_picked":["Gatherer:Frenzy","Gatherer:AromaProtection"],"picked":"Gatherer:AlchemyTrial","floor":38},{"not_picked":["Gatherer:Nutrients+1","Gatherer:Herbalism"],"picked":"Gatherer:UpgradeBag","floor":42},{"not_picked":["Gatherer:BambuSword","Gatherer:FlowerFalling","Gatherer:Convert+1"],"picked":"Singing Bowl","floor":44},{"not_picked":["Gatherer:SaveValuables+1","Gatherer:FlowerFalling","Gatherer:OddSpoils"],"picked":"Singing Bowl","floor":44},{"not_picked":["Gatherer:DrugPower+1","Gatherer:FlowerFalling"],"picked":"Gatherer:GrowBook","floor":46},{"not_picked":["expansioncontent:Hexaburn","expansioncontent:InvincibleStrength","expansioncontent:HyperBeam"],"picked":"Singing Bowl","floor":48},{"not_picked":["expansioncontent:PrepareCrush","expansioncontent:Hexaburn"],"picked":"expansioncontent:LastStand","floor":48},{"not_picked":["expansioncontent:InvincibleStrength","expansioncontent:YouAreMine"],"picked":"expansioncontent:Chronoboost","floor":48},{"not_picked":["Gatherer:ScherryThrow+1","Gatherer:FragileHammer+1"],"picked":"Gatherer:UpgradeBag","floor":49},{"not_picked":["Gatherer:PotentialSlash","Gatherer:Herbalism"],"picked":"Gatherer:MindSearch","floor":49},{"not_picked":["Gatherer:Frenzy","Gatherer:FinishingStrike"],"picked":"Gatherer:EnergyBasket+1","floor":52}],"player_experience":893421,"relics_obtained":[{"floor":9,"key":"Boot"},{"floor":11,"key":"Meat on the Bone"},{"floor":12,"key":"Gatherer:Leftovers"},{"floor":14,"key":"Singing Bowl"},{"floor":22,"key":"bronze:DecasWashers"},{"floor":23,"key":"Pocketwatch"},{"floor":24,"key":"Thread and Needle"},{"floor":25,"key":"TungstenRod"},{"floor":29,"key":"Bird Faced Urn"},{"floor":31,"key":"Centennial Puzzle"},{"floor":41,"key":"Mummified Hand"},{"floor":42,"key":"hexamod:CandleOfCauterizing"},{"floor":46,"key":"Orichalcum"},{"floor":52,"key":"Kunai"}],"event_choices":[{"damage_healed":0,"gold_gain":0,"player_choice":"Leave","damage_taken":0,"max_hp_gain":0,"max_hp_loss":0,"event_name":"The Cleric","floor":3,"gold_loss":0},{"cards_removed":["Gatherer:SealedBomb"],"damage_healed":0,"gold_gain":0,"player_choice":"Removed Attack","damage_taken":0,"max_hp_gain":0,"max_hp_loss":0,"event_name":"Falling","floor":37,"gold_loss":0}],"is_beta":false,"boss_relics":[{"not_picked":["Coffee Dripper","Runic Dome"],"picked":"sneckomod:SneckoTalon"},{"not_picked":["Black Star","Sozu"],"picked":"bronze:MakeshiftBattery"}],"items_purged_floors":[],"is_endless":false,"potions_floor_spawned":[5,8,15,23,25,31,32,36,44,49,52],"ascension_level":0}}