{"host":"hszimsrtxxc2k25w","time":1613677730,"event":{"mods":["AchievementEnabler","BaseMod","Colored Map","DeckTracker","Minty Spire (QoL Compilation)","Rare Cards Sparkle","SuperFastMode"],"gold_per_floor":[19,36,36,36,36,36,56,56,83,158,158,179,194,194,194,283,283,302,318,243,267,317,317,338,338,338,376,376,376,376],"floor_reached":29,"language":"KOR","playtime":844,"items_purged":["Clash+1"],"score":466,"play_id":"9b7a7a23-f4a7-4a85-9637-bed66ff17aa2","local_time":"20210219044850","is_ascension_mode":true,"campfire_choices":[{"data":"Dark Embrace","floor":6.0,"key":"SMITH"},{"data":"Armaments","floor":8.0,"key":"SMITH"},{"floor":15.0,"key":"REST"},{"data":"Burning Pact","floor":23.0,"key":"SMITH"}],"circlet_count":0,"master_deck":["AscendersBane","Defend_R","Bash","Dark Embrace+1","Reckless Charge","Armaments+1","Evolve","Power Through+1","Rampage+1","Feel No Pain","Burning Pact+1","Pommel Strike+1"],"relics":["Burning Blood","Golden Idol","Bag of Preparation","Ancient Tea Set","Astrolabe","Gambling Chip","Bag of Marbles"],"acts_visited":["Exordium","TheCity"],"potions_floor_usage":[27,27],"damage_taken":[{"damage":8.0,"enemies":"2 Louse","floor":1.0,"turns":4.0},{"damage":10.0,"enemies":"Small Slimes","floor":2.0,"turns":4.0},{"damage":14.0,"enemies":"Jaw Worm","floor":7.0,"turns":4.0},{"damage":8.0,"enemies":"Blue Slaver","floor":12.0,"turns":2.0},{"damage":7.0,"enemies":"2 Fungi Beasts","floor":13.0,"turns":4.0},{"damage":26.0,"enemies":"Hexaghost","floor":16.0,"turns":7.0},{"damage":33.0,"enemies":"Shell Parasite","floor":18.0,"turns":7.0},{"damage":8.0,"enemies":"Chosen","floor":19.0,"turns":7.0},{"damage":3.0,"enemies":"Centurion and Healer","floor":21.0,"turns":6.0},{"damage":14.0,"enemies":"Shelled Parasite and Fungi","floor":24.0,"turns":8.0},{"damage":13,"enemies":"Book of Stabbing","floor":27,"turns":6},{"damage":15,"enemies":"Snecko","floor":29,"turns":8}],"seed_played":"-6428036479170549527","potions_obtained":[{"floor":2.0,"key":"CultistPotion"},{"floor":7.0,"key":"BlessingOfTheForge"},{"floor":16.0,"key":"AttackPotion"},{"floor":24.0,"key":"Weak Potion"},{"floor":27,"key":"HeartOfIron"}],"is_trial":false,"path_per_floor":["M","M","?","?","?","R","M","R","T","?","?","M","M","?","R","B",null,"M","M","$","M","?","R","M","?","T","E","?","M"],"character_chosen":"IRONCLAD","items_purchased":[],"campfire_rested":1,"item_purchase_floors":[],"current_hp_per_floor":[66,62,62,55,55,55,47,47,47,36,25,23,22,22,42,22,57,30,28,28,31,31,31,23,23,23,16,16,1,1],"gold":376,"neow_bonus":"REMOVE_TWO","is_daily":false,"chose_seed":false,"campfire_upgraded":3,"win_rate":0.0,"timestamp":1613677730,"path_taken":["M","M","?","?","?","R","?","R","T","?","?","M","M","?","R","BOSS","M","M","$","M","?","R","M","?","T","E","?","M"],"items_purchased_type":[],"build_version":"2020-12-22","purchased_purges":1,"victory":false,"max_hp_per_floor":[75,75,75,75,68,68,68,68,68,68,68,68,68,68,68,68,68,68,68,68,68,68,68,68,68,68,68,68,68,68],"card_choices":[{"not_picked":["Warcry","Sword Boomerang"],"picked":"Dark Embrace","floor":1.0},{"not_picked":["True Grit","Wild Strike"],"picked":"Reckless Charge","floor":2.0},{"not_picked":["Cleave","Warcry"],"picked":"Armaments","floor":7.0},{"not_picked":["Combust","Clash"],"picked":"Evolve","floor":12.0},{"not_picked":["Thunderclap","Dark Embrace","Cleave"],"picked":"SKIP","floor":13.0},{"not_picked":["Havoc","Twin Strike","Headbutt+1"],"picked":"SKIP","floor":18.0},{"not_picked":["Twin Strike","Sword Boomerang"],"picked":"Feel No Pain","floor":19.0},{"not_picked":["Spot Weakness","Headbutt+1"],"picked":"Burning Pact","floor":21.0},{"not_picked":["Cleave","Thunderclap+1"],"picked":"Pommel Strike+1","floor":24.0},{"not_picked":["Clash","Sentinel","Infernal Blade"],"picked":"SKIP","floor":27}],"player_experience":682464,"relics_obtained":[{"floor":9.0,"key":"Bag of Preparation"},{"floor":26.0,"key":"Gambling Chip"},{"floor":27,"key":"Bag of Marbles"}],"event_choices":[{"cards_removed":["Strike_R"],"damage_healed":0.0,"max_hp_gain":0.0,"max_hp_loss":0.0,"gold_gain":0.0,"event_name":"Living Wall","player_choice":"Forget","floor":3.0,"gold_loss":0.0,"damage_taken":0.0},{"cards_removed":["Strike_R"],"damage_healed":0.0,"max_hp_gain":0.0,"max_hp_loss":0.0,"gold_gain":0.0,"event_name":"Golden Wing","player_choice":"Card Removal","floor":4.0,"gold_loss":0.0,"damage_taken":7.0},{"damage_healed":0.0,"max_hp_gain":0.0,"max_hp_loss":7.0,"gold_gain":0.0,"event_name":"Golden Idol","player_choice":"Lose Max HP","floor":5.0,"gold_loss":0.0,"damage_taken":0.0,"relics_obtained":["Golden Idol"]},{"damage_healed":0.0,"max_hp_gain":0.0,"max_hp_loss":0.0,"gold_gain":75.0,"event_name":"World of Goop","player_choice":"Gather Gold","floor":10.0,"gold_loss":0.0,"damage_taken":11.0},{"damage_healed":0.0,"max_hp_gain":0.0,"max_hp_loss":0.0,"gold_gain":0.0,"event_name":"Scrap Ooze","player_choice":"Success","floor":11.0,"gold_loss":0.0,"damage_taken":11.0,"relics_obtained":["Ancient Tea Set"]},{"damage_healed":0.0,"max_hp_gain":0.0,"max_hp_loss":0.0,"gold_gain":0.0,"event_name":"Liars Game","player_choice":"Ignored","floor":14.0,"gold_loss":0.0,"damage_taken":0.0},{"damage_healed":0.0,"max_hp_gain":0.0,"max_hp_loss":0.0,"gold_gain":50.0,"event_name":"Nest","player_choice":"Stole From Cult","floor":22.0,"gold_loss":0.0,"damage_taken":0.0},{"damage_healed":0.0,"max_hp_gain":0.0,"max_hp_loss":0.0,"gold_gain":0.0,"event_name":"The Mausoleum","player_choice":"Ignored","floor":25.0,"gold_loss":0.0,"damage_taken":0.0},{"cards_removed":["Defend_R"],"damage_healed":0,"gold_gain":0,"player_choice":"Purged","damage_taken":0,"max_hp_gain":0,"max_hp_loss":0,"event_name":"Purifier","floor":28,"gold_loss":0}],"is_beta":false,"boss_relics":[{"not_picked":["Snecko Eye","Black Star"],"picked":"Astrolabe"}],"items_purged_floors":[20],"is_endless":false,"potions_floor_spawned":[2,7,16,24,27],"killed_by":"Snecko","ascension_level":20}}