{"host":"dyzdf8svqmiivg97","time":1613642289,"event":{"mods":["AchievementEnabler","BaseMod","Colored Map","DeckTracker","Minty Spire (QoL Compilation)","Quick Restart","Rare Cards Sparkle","SuperFastMode"],"gold_per_floor":[116,129,79,89,99,99,129,145,145,145,145,178,207,230,242,358,370,364,221,232,246,246,246,246,246],"floor_reached":24,"language":"KOR","playtime":569,"items_purged":["Strike_P"],"score":341,"play_id":"caa00cec-d1da-4520-8d87-dd53a9072d75","local_time":"20210218185809","is_ascension_mode":true,"campfire_choices":[{"data":"Eruption","floor":6.0,"key":"SMITH"},{"floor":11.0,"key":"REST"},{"data":"CrushJoints","floor":15.0,"key":"SMITH"},{"data":"Adaptation","floor":23.0,"key":"SMITH"}],"circlet_count":0,"master_deck":["Strike_P","Defend_P","Defend_P","Defend_P","Defend_P","Eruption+1","Vigilance","InnerPeace","EmptyFist","WheelKick","Indignation","CrushJoints+1","InnerPeace","Blasphemy","Adaptation","Adaptation+1"],"relics":["PureWater","Shovel","Mummified Hand","MawBank","VioletLotus"],"acts_visited":["Exordium","TheCity"],"potions_floor_usage":[],"damage_taken":[{"damage":5.0,"enemies":"2 Louse","floor":1.0,"turns":3.0},{"damage":5.0,"enemies":"Small Slimes","floor":2.0,"turns":4.0},{"damage":0.0,"enemies":"Jaw Worm","floor":4.0,"turns":2.0},{"damage":16.0,"enemies":"Lots of Slimes","floor":5.0,"turns":5.0},{"damage":27.0,"enemies":"3 Sentries","floor":7.0,"turns":6.0},{"damage":0.0,"enemies":"Large Slime","floor":8.0,"turns":2.0},{"damage":0.0,"enemies":"Lagavulin","floor":12.0,"turns":3.0},{"damage":6.0,"enemies":"Looter","floor":13.0,"turns":3.0},{"damage":0.0,"enemies":"Blue Slaver","floor":14.0,"turns":1.0},{"damage":4.0,"enemies":"Slime Boss","floor":16.0,"turns":7.0},{"damage":18.0,"enemies":"2 Thieves","floor":18.0,"turns":4.0},{"damage":3.0,"enemies":"Shell Parasite","floor":20.0,"turns":3.0},{"damage":26.0,"enemies":"Snake Plant","floor":21.0,"turns":2.0},{"damage":0,"enemies":"Slavers","floor":24,"turns":1}],"seed_played":"-2805083776266983015","potions_obtained":[{"floor":2.0,"key":"FearPotion"},{"floor":7.0,"key":"EntropicBrew"},{"floor":12.0,"key":"Swift Potion"},{"floor":13.0,"key":"Block Potion"},{"floor":16.0,"key":"BlessingOfTheForge"},{"floor":21.0,"key":"Weak Potion"}],"is_trial":false,"path_per_floor":["M","M","?","M","M","R","E","M","T","?","R","E","M","M","R","B",null,"M","$","M","M","?","R","E"],"character_chosen":"WATCHER","items_purchased":["Adaptation"],"campfire_rested":1,"item_purchase_floors":[19],"current_hp_per_floor":[60,55,55,55,39,39,12,12,12,12,33,33,27,27,27,23,60,42,42,39,13,13,13,13,13],"gold":246,"neow_bonus":"TRANSFORM_CARD","is_daily":false,"chose_seed":false,"campfire_upgraded":3,"win_rate":0.0,"timestamp":1613642289,"path_taken":["M","M","?","M","M","R","E","M","T","?","R","E","M","M","R","BOSS","M","$","M","M","?","R","E"],"items_purchased_type":["Card"],"build_version":"2020-12-22","purchased_purges":1,"victory":false,"max_hp_per_floor":[72,72,72,72,72,72,72,72,72,72,72,72,72,72,72,72,72,72,72,72,72,72,72,72,72],"card_choices":[{"not_picked":["SashWhip","Prostrate"],"picked":"EmptyFist","floor":1.0},{"not_picked":["BowlingBash","SashWhip"],"picked":"WheelKick","floor":2.0},{"not_picked":["Crescendo","FlurryOfBlows","ClearTheMind"],"picked":"SKIP","floor":4.0},{"not_picked":["Evaluate","Worship"],"picked":"Indignation","floor":5.0},{"not_picked":["ThirdEye","SignatureMove"],"picked":"CrushJoints","floor":7.0},{"not_picked":["Weave","Protect","ThirdEye"],"picked":"SKIP","floor":8.0},{"not_picked":["Weave","ConjureBlade","Wallop"],"picked":"SKIP","floor":12.0},{"not_picked":["WreathOfFlame","FollowUp","Fasting2"],"picked":"SKIP","floor":13.0},{"not_picked":["ReachHeaven","PathToVictory"],"picked":"InnerPeace","floor":14.0},{"not_picked":["LessonLearned","Judgement"],"picked":"Blasphemy","floor":16.0},{"not_picked":["CrushJoints","Protect","EmptyBody"],"picked":"SKIP","floor":18.0},{"not_picked":["Collect","FlyingSleeves","Protect"],"picked":"SKIP","floor":20.0},{"not_picked":["Crescendo","JustLucky","Evaluate"],"picked":"SKIP","floor":21.0}],"player_experience":576821,"relics_obtained":[{"floor":7.0,"key":"Shovel"},{"floor":9.0,"key":"Mummified Hand"},{"floor":12.0,"key":"MawBank"}],"event_choices":[{"cards_removed":["Strike_P"],"damage_healed":0.0,"max_hp_gain":0.0,"max_hp_loss":0.0,"gold_gain":0.0,"event_name":"The Cleric","player_choice":"Card Removal","floor":3.0,"gold_loss":50.0,"damage_taken":0.0},{"damage_healed":0.0,"max_hp_gain":0.0,"max_hp_loss":0.0,"gold_gain":0.0,"event_name":"Shining Light","player_choice":"Ignored","floor":10.0,"gold_loss":0.0,"damage_taken":0.0},{"damage_healed":0.0,"max_hp_gain":0.0,"max_hp_loss":0.0,"gold_gain":0.0,"event_name":"The Library","player_choice":"Read","floor":22.0,"gold_loss":0.0,"damage_taken":0.0,"cards_obtained":["Adaptation"]}],"is_beta":false,"boss_relics":[{"not_picked":["SacredBark","Cursed Key"],"picked":"VioletLotus"}],"items_purged_floors":[19],"is_endless":false,"potions_floor_spawned":[2,7,12,13,16,21],"killed_by":"Slavers","ascension_level":9}}