{"host":"aapp7ew3jk5k1bvd","time":1613657382,"event":{"mods":["AchievementEnabler","BaseMod","Colored Map","Custom Start","Keyboard Shortcuts","Minty Spire (QoL Compilation)","Permanent Neow","Quick Restart","StSLib","SuperFastMode"],"gold_per_floor":[118,132,132,150,173,173,173,190,271,295,307,337,337,351,362,362,462,462,473,473,489,499,372,372,384,384,437,470,485,485,485,37,37,135,135,148,148,48,64,75,75,75,75,75,90,90,90,90,140,140,140],"floor_reached":52,"language":"KOR","playtime":1343,"items_purged":["Strike_G","Decay"],"score":1016,"play_id":"d09afba2-011d-403f-b065-8def5223fc2c","local_time":"20210218230942","is_ascension_mode":true,"campfire_choices":[{"data":"Envenom","floor":6.0,"key":"SMITH"},{"data":"Blade Dance","floor":13.0,"key":"SMITH"},{"data":"Blade Dance","floor":16.0,"key":"SMITH"},{"data":"Blade Dance","floor":24.0,"key":"SMITH"},{"data":"Corpse Explosion","floor":26.0,"key":"SMITH"},{"data":"Escape Plan","floor":30.0,"key":"SMITH"},{"data":"Envenom","floor":33.0,"key":"SMITH"},{"data":"Adrenaline","floor":41,"key":"SMITH"},{"data":"Blade Dance","floor":43,"key":"SMITH"},{"data":"Deflect","floor":46,"key":"SMITH"},{"data":"Deflect","floor":50,"key":"SMITH"}],"circlet_count":0,"master_deck":["Strike_G+1","Strike_G+1","Defend_G","Defend_G+1","Defend_G","Defend_G","Defend_G","Survivor","Neutralize","Envenom+1","Backflip","Backstab+1","Deflect+1","Blade Dance+1","Blade Dance+1","Well Laid Plans","Corpse Explosion","Deflect+1","Corpse Explosion+1","Escape Plan+1","Blade Dance+1","Escape Plan+1","Blade Dance+1","Envenom+1","Adrenaline+1","Deflect+1"],"relics":["Ring of the Snake","Akabeko","StrikeDummy","Oddly Smooth Stone","Kunai","Runic Pyramid","Ancient Tea Set","Bird Faced Urn","Black Star","Whetstone","Thread and Needle"],"acts_visited":["Exordium","TheCity","TheBeyond"],"potions_floor_usage":[36,36,51,51],"damage_taken":[{"damage":2.0,"enemies":"2 Louse","floor":1.0,"turns":5.0},{"damage":1.0,"enemies":"Jaw Worm","floor":2.0,"turns":6.0},{"damage":0.0,"enemies":"Small Slimes","floor":4.0,"turns":3.0},{"damage":0.0,"enemies":"Exordium Wildlife","floor":8.0,"turns":2.0},{"damage":3.0,"enemies":"2 Fungi Beasts","floor":11.0,"turns":4.0},{"damage":2.0,"enemies":"3 Sentries","floor":12.0,"turns":9.0},{"damage":0.0,"enemies":"Red Slaver","floor":14.0,"turns":2.0},{"damage":0.0,"enemies":"3 Louse","floor":15.0,"turns":2.0},{"damage":22.0,"enemies":"Slime Boss","floor":17.0,"turns":11.0},{"damage":0.0,"enemies":"2 Thieves","floor":19.0,"turns":3.0},{"damage":0.0,"enemies":"Chosen","floor":21.0,"turns":4.0},{"damage":0.0,"enemies":"Centurion and Healer","floor":22.0,"turns":4.0},{"damage":1.0,"enemies":"Snake Plant","floor":25.0,"turns":5.0},{"damage":4.0,"enemies":"Book of Stabbing","floor":28.0,"turns":6.0},{"damage":0.0,"enemies":"3 Cultists","floor":29.0,"turns":2.0},{"damage":7.0,"enemies":"Automaton","floor":34.0,"turns":8.0},{"damage":0,"enemies":"3 Darklings","floor":36,"turns":1},{"damage":10,"enemies":"3 Shapes","floor":39,"turns":5},{"damage":13,"enemies":"3 Darklings","floor":40,"turns":4},{"damage":0,"enemies":"Spire Growth","floor":45,"turns":5},{"damage":0,"enemies":"Mind Bloom Boss Battle","floor":49,"turns":8},{"damage":0,"enemies":"Donu and Deca","floor":51,"turns":6}],"seed_played":"-2912687223868146956","potions_obtained":[{"floor":4.0,"key":"BlessingOfTheForge"},{"floor":8.0,"key":"LiquidMemories"},{"floor":11.0,"key":"SpeedPotion"},{"floor":17.0,"key":"Energy Potion"},{"floor":19.0,"key":"CunningPotion"},{"floor":39,"key":"PowerPotion"},{"floor":49,"key":"Poison Potion"}],"is_trial":false,"path_per_floor":["M","M","?","M","T","R","?","M","T","T","M","E","R","M","M","R","B",null,"M","?","M","M","$","R","M","R","T","E","M","R","?","$","R","B",null,"M","?","$","M","M","R","?","R","T","M","R","?","$","?","R","B",null],"character_chosen":"THE_SILENT","items_purchased":["Blade Dance","Bird Faced Urn","Envenom"],"campfire_rested":0,"item_purchase_floors":[23,32,32],"current_hp_per_floor":[61,60,47,47,47,47,47,47,47,47,44,42,42,42,42,42,20,52,52,52,52,52,52,52,51,51,51,47,47,47,47,47,47,46,59,61,61,61,57,48,48,48,48,48,52,52,52,52,58,58,63],"gold":140,"neow_bonus":"THREE_RARE_CARDS","is_daily":false,"chose_seed":false,"campfire_upgraded":11,"win_rate":0.0,"timestamp":1613657382,"path_taken":["M","M","?","M","?","R","?","M","T","T","?","E","R","M","M","R","BOSS","M","?","?","M","$","R","M","R","T","E","M","R","?","$","R","BOSS","M","?","$","?","M","R","?","R","T","M","R","?","$","?","R","BOSS"],"items_purchased_type":["Card","Relic","Card"],"build_version":"2020-12-22","purchased_purges":2,"victory":true,"max_hp_per_floor":[63,63,63,63,63,63,63,63,63,63,63,63,63,63,63,63,63,63,63,63,63,63,63,63,63,63,63,63,63,63,63,63,63,63,63,63,63,63,63,63,63,63,63,63,63,63,63,63,63,63,63],"card_choices":[{"not_picked":["Phantasmal Killer","Night Terror"],"picked":"Envenom","floor":0.0},{"not_picked":["Dagger Throw","Eviscerate"],"picked":"Backflip","floor":1.0},{"not_picked":["Backflip","Calculated Gamble","Terror"],"picked":"SKIP","floor":2.0},{"not_picked":["Backflip","Calculated Gamble","Terror"],"picked":"SKIP","floor":2.0},{"not_picked":["Skewer","Dagger Throw"],"picked":"Backstab","floor":4.0},{"not_picked":["Quick Slash","Skewer"],"picked":"Deflect","floor":8.0},{"not_picked":["Outmaneuver","Deadly Poison","Skewer"],"picked":"SKIP","floor":11.0},{"not_picked":["Quick Slash","Flying Knee"],"picked":"Blade Dance","floor":12.0},{"not_picked":["Underhanded Strike","Slice"],"picked":"Blade Dance","floor":14.0},{"not_picked":["Concentrate","Crippling Poison"],"picked":"Well Laid Plans","floor":15.0},{"not_picked":["Burst","Unload"],"picked":"Corpse Explosion","floor":17.0},{"not_picked":["Expertise+1","Outmaneuver"],"picked":"Deflect","floor":19.0},{"not_picked":["Distraction","Acrobatics","Prepared"],"picked":"SKIP","floor":21.0},{"not_picked":["Expertise","Deflect+1"],"picked":"Escape Plan+1","floor":22.0},{"not_picked":["Acrobatics","Caltrops"],"picked":"Escape Plan","floor":25.0},{"not_picked":["PiercingWail+1","Dagger Throw+1","Catalyst"],"picked":"SKIP","floor":28.0},{"not_picked":["Masterful Stab+1","Quick Slash+1"],"picked":"Blade Dance","floor":29.0},{"not_picked":["Corpse Explosion","Phantasmal Killer"],"picked":"Adrenaline","floor":34.0},{"not_picked":["Underhanded Strike+1","Heel Hook+1","Quick Slash+1"],"picked":"SKIP","floor":36},{"not_picked":["Slice","Crippling Poison","Outmaneuver"],"picked":"SKIP","floor":39},{"not_picked":["Tactician+1","Bane+1","Flying Knee+1"],"picked":"SKIP","floor":40},{"not_picked":["Calculated Gamble","Riddle With Holes","Heel Hook+1"],"picked":"SKIP","floor":45},{"not_picked":["Flying Knee","Underhanded Strike"],"picked":"Deflect+1","floor":49}],"player_experience":1034503,"relics_obtained":[{"floor":5.0,"key":"Akabeko"},{"floor":9.0,"key":"StrikeDummy"},{"floor":10.0,"key":"Oddly Smooth Stone"},{"floor":12.0,"key":"Kunai"},{"floor":27.0,"key":"Ancient Tea Set"},{"floor":44,"key":"Whetstone"},{"floor":49,"key":"Thread and Needle"}],"event_choices":[{"damage_healed":0.0,"max_hp_gain":0.0,"max_hp_loss":0.0,"gold_gain":0.0,"event_name":"Shining Light","player_choice":"Entered Light","floor":3.0,"gold_loss":0.0,"damage_taken":13.0,"cards_upgraded":["Defend_G","Strike_G"]},{"cards_removed":["Strike_G"],"damage_healed":0.0,"max_hp_gain":0.0,"max_hp_loss":0.0,"gold_gain":0.0,"event_name":"Living Wall","player_choice":"Forget","floor":7.0,"gold_loss":0.0,"damage_taken":0.0},{"damage_healed":0.0,"max_hp_gain":0.0,"max_hp_loss":0.0,"gold_gain":0.0,"cards_transformed":["Strike_G"],"event_name":"Transmorgrifier","player_choice":"Transformed","floor":20.0,"gold_loss":0.0,"damage_taken":0.0,"cards_obtained":["Corpse Explosion"]},{"damage_healed":0.0,"max_hp_gain":0.0,"max_hp_loss":0.0,"gold_gain":0.0,"event_name":"The Woman in Blue","player_choice":"Bought 0 Potions","floor":31.0,"gold_loss":0.0,"damage_taken":0.0},{"damage_healed":0,"gold_gain":0,"player_choice":"Cursed","damage_taken":0,"max_hp_gain":0,"max_hp_loss":0,"event_name":"Wheel of Change","floor":37,"gold_loss":0,"cards_obtained":["Decay"]},{"damage_healed":0,"gold_gain":0,"player_choice":"Ignored","damage_taken":0,"max_hp_gain":0,"max_hp_loss":0,"event_name":"Tomb of Lord Red Mask","floor":42,"gold_loss":0},{"damage_healed":0,"gold_gain":0,"player_choice":"Memory 1","damage_taken":0,"max_hp_gain":0,"max_hp_loss":0,"event_name":"SensoryStone","floor":47,"gold_loss":0},{"damage_healed":0,"gold_gain":0,"player_choice":"Fight","damage_taken":0,"max_hp_gain":0,"max_hp_loss":0,"event_name":"MindBloom","floor":49,"gold_loss":0}],"is_beta":false,"boss_relics":[{"not_picked":["Ectoplasm","Cursed Key"],"picked":"Runic Pyramid"},{"not_picked":["Pandora\u0027s Box","Coffee Dripper"],"picked":"Black Star"}],"items_purged_floors":[23,38],"is_endless":false,"potions_floor_spawned":[4,8,11,17,19,21,28,39,49],"ascension_level":7}}