{"host":"mylchucnruboibv3","time":1613682493,"event":{"mods":["Aspiration","Bard","BaseMod","Beaked The Cultist","Colored Map","Conspire","Downfall","GifTheSpireLib","GungeonMod","Halation","Hubris","Infinite Spire","Mad Scientist","Minty Spire (QoL Compilation)","READ ME - Guardian Mod","READ ME - Snecko Mod","Replay The Spire","StSLib","Stuff the Spire","The Construct","The Disciple","The Jungle","The Marked","The Mystic","The Necromancer","The Runesmith","The Servant 0.9.4","The Valiant"],"gold_per_floor":[99,39,39,39,49,65,65,82,113,113,127,141,141,74,91,186,186,186,206,24,79,98,45,45,45,45,45,45],"floor_reached":26,"language":"ENG","playtime":1406,"items_purged":["champ:Strike"],"score":206,"play_id":"7202f40e-dbb6-4c6a-9611-4c2ad5f76465","local_time":"20210218220813","is_ascension_mode":false,"campfire_choices":[{"data":"champ:Taunt","floor":1,"key":"SMITH"},{"data":"champ:FanOfKnives","floor":10,"key":"SMITH"},{"data":"champ:EndlessRage","floor":13,"key":"SMITH"},{"data":"champ:Encircle","floor":18,"key":"SMITH"}],"circlet_count":0,"master_deck":["champ:Strike","champ:Strike","champ:Strike","champ:Defend","champ:Defend","champ:Defend","champ:Defend","champ:Execute","champ:Taunt+1","champ:GutPunch","champ:Shatter","Injury","champ:CrookedStrike","champ:FanOfKnives+1","champ:StanceDance+1","champ:VampiricStrike","champ:EndlessRage+1","champ:Encircle+1","champ:Endure+1","champ:DefensiveShout+1","champ:TornadoPunch","champ:VampiricStrike","champ:FalseCounter+1","expansioncontent:Chronoboost","champ:ShieldWall","champ:SkillfulDodge+1","Apotheosis+1"],"relics":["champ:ChampionCrown","Toxic Egg 2","Vajra","Quantum Egg","halation:Yufonium","Regal Pillow","Replay:Bottled Flurry","ReplayTheSpireMod:ShopPack"],"acts_visited":["Exordium","TheCity"],"potions_floor_usage":[9,9,16,16,21,21,21,26],"damage_taken":[{"damage":30,"enemies":"downfall:FleeingMerchant","floor":2,"turns":4},{"damage":1,"enemies":"Jaw Worm","floor":5,"turns":3},{"damage":0,"enemies":"2 Louse","floor":6,"turns":2},{"damage":10,"enemies":"Small Slimes","floor":8,"turns":3},{"damage":32,"enemies":"Lagavulin","floor":9,"turns":5},{"damage":10,"enemies":"2 Fungi Beasts","floor":11,"turns":2},{"damage":14,"enemies":"Exordium Wildlife","floor":12,"turns":5},{"damage":25,"enemies":"downfall:FleeingMerchant","floor":14,"turns":4},{"damage":10,"enemies":"Exordium Thugs","floor":15,"turns":3},{"damage":21,"enemies":"SI_SHIV_ARCHETYPE","floor":16,"turns":5},{"damage":43,"enemies":"Shell Parasite","floor":19,"turns":7},{"damage":28,"enemies":"downfall:FleeingMerchant","floor":20,"turns":4},{"damage":121,"enemies":"conspire:MimicChest","floor":21,"turns":11},{"damage":11,"enemies":"Spheric Guardian","floor":22,"turns":5},{"damage":35,"enemies":"downfall:FleeingMerchant","floor":26,"turns":2}],"seed_played":"7841438350413492668","potions_obtained":[{"floor":8,"key":"EntropicBrew"},{"floor":11,"key":"champ:CounterPotion"},{"floor":15,"key":"Elixir"},{"floor":16,"key":"Swift Potion"},{"floor":19,"key":"champ:TechniquePotion"},{"floor":21,"key":"Elixir"}],"is_trial":false,"path_per_floor":["R","$","?","?","M","M","T","M","E","R","M","M","R","$","M","B",null,"R","M","$","?","M","?","T","AVR","$"],"character_chosen":"THE_CHAMP","items_purchased":["champ:Shatter","champ:DefensiveShout+1","expansioncontent:Chronoboost"],"campfire_rested":0,"item_purchase_floors":[2,14,20],"current_hp_per_floor":[99,89,89,89,88,88,88,88,76,76,76,67,67,57,52,46,99,99,86,78,12,3,23,23,23,0,0,0],"gold":45,"neow_bonus":"TEN_PERCENT_HP_BONUS","is_daily":false,"chose_seed":false,"campfire_upgraded":4,"win_rate":0.0,"timestamp":1613682493,"path_taken":["R","$","?","?","M","M","T","M","E","R","M","M","R","$","M","BOSS","R","M","$","?","M","?","T","AVR","?"],"items_purchased_type":["Card","Card","Card"],"build_version":"2020-12-22","purchased_purges":1,"victory":false,"max_hp_per_floor":[99,99,99,99,99,99,99,99,99,99,99,99,99,99,99,99,99,99,99,99,99,99,99,99,99,99,99,99],"card_choices":[{"not_picked":["champ:Haymaker","champ:ArenaPreparation"],"picked":"champ:GutPunch","floor":2},{"not_picked":["champ:FocusedDefense+1","champ:EnGarde+1"],"picked":"champ:CrookedStrike","floor":5},{"not_picked":["champ:Endure+1","champ:Backstep+1"],"picked":"champ:FanOfKnives","floor":6},{"not_picked":["champ:CrookedStrike","champ:Shatter"],"picked":"champ:StanceDance+1","floor":8},{"not_picked":["champ:ShieldSlam+1","champ:TornadoPunch"],"picked":"champ:VampiricStrike","floor":9},{"not_picked":["champ:CrownThrow","champ:BladeFlurry"],"picked":"champ:EndlessRage","floor":11},{"not_picked":["champ:ShieldSlam+1","champ:Duel"],"picked":"champ:Encircle","floor":12},{"not_picked":["champ:StanceDance+1","champ:GutPunch"],"picked":"champ:Endure+1","floor":14},{"not_picked":["champ:PreciseThrust","champ:GutPunch"],"picked":"champ:TornadoPunch","floor":15},{"not_picked":["champ:CheapShot","champ:LastStand"],"picked":"champ:VampiricStrike","floor":16},{"not_picked":["champ:PreciseThrust","champ:DeathBlow","champ:AdrenalArmor+1"],"picked":"SKIP","floor":19},{"not_picked":["champ:BladeFlurry","champ:DefensiveShout+1"],"picked":"champ:FalseCounter+1","floor":20},{"not_picked":["champ:PerfectedStrike+1","champ:FalseCounter+1"],"picked":"champ:ShieldWall","floor":21},{"not_picked":["champ:EnGarde+1","champ:PreciseThrust"],"picked":"champ:SkillfulDodge+1","floor":22},{"not_picked":["Chrysalis","Mayhem"],"picked":"Apotheosis","floor":25}],"player_experience":113697,"relics_obtained":[{"floor":7,"key":"Vajra"},{"floor":9,"key":"Quantum Egg"},{"floor":21,"key":"Regal Pillow"},{"floor":24,"key":"Replay:Bottled Flurry"}],"event_choices":[],"is_beta":false,"boss_relics":[{"not_picked":["hubris:CrackedHourglass","Runic Dome"],"picked":"halation:Yufonium"}],"items_purged_floors":[20],"is_endless":false,"potions_floor_spawned":[8,11,15,16,19,21],"killed_by":"downfall:FleeingMerchant","ascension_level":0}}