{"host":"yv7ijgyl7mqt7c0r","time":1613615313,"event":{"mods":["100% Spire Juice","2.2 Compatiblity","Act Like it!","Aspiration","BaseMod","Bestiary","Better Note","Better Skull","CapriCore","Conspire","DeckTracker","Elementarium","Energized Spire","Friendly Minions","Gensokyo","GifTheSpireLib","Hallownest","KinomotoSakuraMod(????)","Mari Mod (Legacy)","Mari\u0027s V1 Patch","Marisa????????","Menagerie","Minty Spire (QoL Compilation)","Prisma Mod","Random Character Button","Reimu??????","Remilia_Scarlet Moed?????·?????3.3.5","StSLib","Stuff the Spire","The Alterego","The Bug Knight","The Jungle","The Senshi","The Servant 0.9.4","TheVelvet","Wandering Minibosses","Yakumo Yukari mod","Yuyuko"],"gold_per_floor":[111,111,123,123,164,164,18,51,75,75,111,111,124,137,137,267,267,292,292,252,270,8,39,62,262,262,277,277,311,327,347,347,471,471,489,28,46,66,66,66],"floor_reached":39,"language":"ENG","playtime":4978,"items_purged":["Hallownest:curseDreamersLament"],"score":608,"play_id":"59160a8a-d9ad-4a81-afee-43904dd37aa2","local_time":"20210217202833","is_ascension_mode":false,"campfire_choices":[{"data":"PrismaMod:ChloeEyeOfTheEuryale","floor":6,"key":"SMITH"},{"data":"PrismaMod:ChloeMordred","floor":10,"key":"SMITH"},{"data":"PrismaMod:ChloeCaladbolg","floor":15,"key":"SMITH"},{"floor":28,"key":"REST"},{"floor":32,"key":"REST"}],"circlet_count":0,"master_deck":["PrismaMod:ChloeCommonAttack","PrismaMod:ChloeCommonAttack","PrismaMod:ChloeCommonAttack","PrismaMod:ChloeCommonDefend","PrismaMod:ChloeCommonDefend","PrismaMod:ChloeCommonDefend","PrismaMod:ChloeCommonDefend","PrismaMod:ChloeCheapAttack","PrismaMod:ChloeCheapDefend","PrismaMod:ChloeEyeOfTheEuryale+1","StuffTheSpire:Injection","Heel Hook","Burst","PrismaMod:ChloeCheapAttackTwo","PrismaMod:ChloeMordred+1","PrismaMod:ChloeCheapAttackTwo","PrismaMod:ChloeCheapDefendTwo","PrismaMod:ChloeCommonAOEAttack","PrismaMod:ChloeCaladbolg+1","PrismaMod:ChloeChristmas","PrismaMod:ChloeCheapAttack","PrismaMod:ChloeAnyCommonTrace","PrismaMod:ChloeExcalibur","ZunPunch:ReiMu","PrismaMod:ChloeExhaustOne","PrismaMod:ChloeBetterTracePools","PrismaMod:ChloeCheapAttack","PrismaMod:ChloeCheapAttack+1","PrismaMod:ChloeMaid+1","PrismaMod:ChloeRhongomyniad","PrismaMod:ChloeDemonicTutor","PrismaMod:ChloeCommonAOEAttack","PrismaMod:ChloeDoubleRelicSpeed","PrismaMod:ChloeCommonAOEAttack","PrismaMod:ChloeAnyPowerTrace","Metamorphosis","PrismaMod:ChloeCheapDefend+1","PrismaMod:ChloeRuleBreaker"],"relics":["PrismaMod:PrismaTraceOn","PureWhite:ReiMu","Golden Idol","aspiration:FrozenJewel","StuffTheSpire:HeavyRock","Pear","Sozu","Sling","Strawberry","conspire:DecoderRing","Pen Nib","conspire:SlowCooker","HollowMod:PaleOreRelic"],"acts_visited":["Menagerie:Menagerie","TheCity","TheBeyond"],"potions_floor_usage":[24,38],"damage_taken":[{"damage":1,"enemies":"Menagerie:StygianBoar","floor":1,"turns":3},{"damage":3,"enemies":"Menagerie:WhisperingWraith","floor":3,"turns":4},{"damage":3,"enemies":"Menagerie:MonstrousExperiment","floor":5,"turns":3},{"damage":9,"enemies":"Menagerie:VoidReaper","floor":8,"turns":5},{"damage":0,"enemies":"Menagerie:Hydra","floor":11,"turns":4},{"damage":0,"enemies":"Menagerie:STYGIAN_BOAR_AND_RABBIT","floor":13,"turns":3},{"damage":0,"enemies":"Menagerie:3_RABBITS","floor":14,"turns":2},{"damage":0,"enemies":"Menagerie:Chimera","floor":16,"turns":4},{"damage":12,"enemies":"conspire:FuzzyDice","floor":18,"turns":5},{"damage":0,"enemies":"2 Thieves","floor":21,"turns":3},{"damage":16,"enemies":"Book of Stabbing","floor":23,"turns":3},{"damage":24,"enemies":"3 Cultists","floor":24,"turns":6},{"damage":24,"enemies":"Snake Plant","floor":27,"turns":3},{"damage":0,"enemies":"Gremlin Leader","floor":29,"turns":1},{"damage":0,"enemies":"Cultist and Chosen","floor":30,"turns":2},{"damage":0,"enemies":"Snecko","floor":31,"turns":3},{"damage":70,"enemies":"Automaton","floor":33,"turns":7},{"damage":13,"enemies":"3 Darklings","floor":35,"turns":3},{"damage":0,"enemies":"Orb Walker","floor":37,"turns":2},{"damage":70,"enemies":"3 Darklings","floor":38,"turns":6}],"seed_played":"8345401770109151967","potions_obtained":[{"floor":5,"key":"Fire Potion"},{"floor":11,"key":"PowerPotion"}],"is_trial":false,"path_per_floor":["M","?","M","?","M","R","$","E","T","R","E","?","M","M","R","B",null,"M","?","?","M","$","E","M","?","T","M","R","E","M","M","R","B",null,"M","$","M","M","M"],"character_chosen":"CHLOE","items_purchased":["PrismaMod:ChloeCheapAttackTwo","PrismaMod:ChloeCheapDefendTwo","PrismaMod:ChloeBetterTracePools","Sling","PrismaMod:ChloeCheapAttack","PrismaMod:ChloeAnyPowerTrace","HollowMod:PaleOreRelic","Metamorphosis"],"campfire_rested":2,"item_purchase_floors":[7,7,22,22,22,36,36,36],"current_hp_per_floor":[74,74,71,53,50,50,50,41,41,41,51,56,56,56,56,56,85,73,73,73,73,73,68,44,44,44,20,47,47,50,50,77,7,92,79,79,79,9,0,0],"gold":66,"neow_bonus":"ONE_RARE_RELIC","is_daily":false,"chose_seed":false,"campfire_upgraded":3,"win_rate":0.0,"timestamp":1613615313,"path_taken":["M","?","?","?","M","R","$","E","T","R","E","?","?","M","R","BOSS","M","?","?","M","$","E","M","?","T","M","R","E","M","M","R","BOSS","M","$","?","M","?"],"items_purchased_type":["Card","Card","Card","Relic","Card","Card","Relic","Card"],"build_version":"2020-12-22","purchased_purges":1,"victory":false,"max_hp_per_floor":[75,75,75,75,75,75,75,75,75,75,85,85,85,85,85,85,85,85,85,85,85,85,92,92,92,92,92,92,92,92,92,92,92,92,92,92,92,92,92,92],"card_choices":[{"not_picked":["PrismaMod:ChloeCheapAttack","PrismaMod:ChloeExhaustTwo"],"picked":"PrismaMod:ChloeEyeOfTheEuryale","floor":1},{"not_picked":["PrismaMod:ChloeCommonAOEAttack","PrismaMod:ChloeDiscardRecovery"],"picked":"PrismaMod:ChloeCheapAttackTwo","floor":3},{"not_picked":["PrismaMod:ChloeBetterTracePools","PrismaMod:ChloeCommonAOEAttack"],"picked":"PrismaMod:ChloeMordred","floor":5},{"not_picked":["PrismaMod:ChloeDiscardRecovery","PrismaMod:ChloeChristmas"],"picked":"PrismaMod:ChloeCommonAOEAttack","floor":8},{"not_picked":["PrismaMod:ChloeExcalibur","PrismaMod:ChloeDiscardRecovery"],"picked":"PrismaMod:ChloeCaladbolg","floor":11},{"not_picked":["PrismaMod:ChloeCheapAttackTwo","PrismaMod:ChloeExhaustOne"],"picked":"PrismaMod:ChloeChristmas","floor":13},{"not_picked":["PrismaMod:ChloeCheapDefend","PrismaMod:ChloeMaid"],"picked":"PrismaMod:ChloeCheapAttack","floor":14},{"not_picked":["PrismaMod:ChloeHalloween","PrismaMod:ChloeCarnivalAOEAttack"],"picked":"PrismaMod:ChloeAnyCommonTrace","floor":16},{"not_picked":["PrismaMod:ChloeUncommonDefend+1","PrismaMod:ChloeCommonAOEAttack"],"picked":"PrismaMod:ChloeExcalibur","floor":18},{"not_picked":["PrismaMod:ChloeEyeOfTheEuryale","PrismaMod:ChloeCommonAOEAttack"],"picked":"PrismaMod:ChloeExhaustOne","floor":21},{"not_picked":["PrismaMod:ChloeCheapDefendTwo","PrismaMod:ChloeExhaustTwo"],"picked":"PrismaMod:ChloeCheapAttack+1","floor":23},{"not_picked":["PrismaMod:ChloeCheapDefend+1","PrismaMod:ChloeCheapAttackTwo"],"picked":"PrismaMod:ChloeMaid+1","floor":24},{"not_picked":["PrismaMod:ChloeCommonAOEAttack","PrismaMod:ChloeCheapAttack"],"picked":"PrismaMod:ChloeRhongomyniad","floor":27},{"not_picked":["PrismaMod:ChloeDiscardRecovery","PrismaMod:ChloeCarnivalAOEAttack","PrismaMod:ChloeExhaustOne+1"],"picked":"SKIP","floor":29},{"not_picked":["PrismaMod:ChloeChristmas","PrismaMod:ChloeCheapDefendTwo+1"],"picked":"PrismaMod:ChloeDemonicTutor","floor":30},{"not_picked":["PrismaMod:ChloeRhongomyniad","PrismaMod:ChloeUncommonDefend"],"picked":"PrismaMod:ChloeCommonAOEAttack","floor":31},{"not_picked":["PrismaMod:ChloeDevil","PrismaMod:ChloeCarnivalDefend"],"picked":"PrismaMod:ChloeDoubleRelicSpeed","floor":33},{"not_picked":["PrismaMod:ChloeCheapAttackTwo","PrismaMod:ChloeExhaustOne+1"],"picked":"PrismaMod:ChloeCommonAOEAttack","floor":35},{"not_picked":["PrismaMod:ChloeDiscardRecovery","PrismaMod:ChloeCommonAOEAttack+1"],"picked":"PrismaMod:ChloeCheapDefend+1","floor":37},{"not_picked":["PrismaMod:ChloeUncommonAOEAttack+1","PrismaMod:ChloeCheapDefendTwo+1"],"picked":"PrismaMod:ChloeRuleBreaker","floor":38}],"player_experience":593577,"relics_obtained":[{"floor":8,"key":"aspiration:FrozenJewel"},{"floor":9,"key":"StuffTheSpire:HeavyRock"},{"floor":11,"key":"Pear"},{"floor":23,"key":"Strawberry"},{"floor":26,"key":"conspire:DecoderRing"},{"floor":29,"key":"Pen Nib"}],"event_choices":[{"damage_healed":0,"gold_gain":0,"player_choice":"Take Damage","damage_taken":18,"relics_obtained":["Golden Idol"],"max_hp_gain":0,"max_hp_loss":0,"event_name":"Golden Idol","floor":4,"gold_loss":0},{"damage_healed":5,"gold_gain":0,"player_choice":"LEAVE ","damage_taken":0,"relics_obtained":[],"max_hp_gain":0,"max_hp_loss":0,"event_name":"betterSkull:BetterSkull","floor":12,"gold_loss":0,"cards_upgraded":[]},{"damage_healed":0,"gold_gain":0,"player_choice":"Hand rover O-miki","damage_taken":0,"max_hp_gain":0,"max_hp_loss":0,"event_name":"ZunEvent","floor":20,"relics_lost":["ZunR:ReiMu"],"gold_loss":0,"cards_obtained":["ZunPunch:ReiMu"]},{"damage_healed":0,"gold_gain":200,"player_choice":"Gold","damage_taken":0,"max_hp_gain":0,"max_hp_loss":0,"event_name":"Wheel of Change","floor":25,"gold_loss":0}],"is_beta":false,"boss_relics":[{"not_picked":["Ectoplasm","aspiration:FutureDiary"],"picked":"Sozu"},{"not_picked":["Fusion Hammer","Philosopher\u0027s Stone"],"picked":"conspire:SlowCooker"}],"items_purged_floors":[7],"is_endless":false,"potions_floor_spawned":[5,11,18,24,29,31,33,35],"killed_by":"4 Shapes","ascension_level":0}}