{"host":"6tclm4iu2bb2z3rt","time":1613674941,"event":{"mods":["BaseMod","Downfall","Minty Spire (QoL Compilation)","Quick Restart","Reliquary","StSLib"],"gold_per_floor":[118,136,136,149,149,149,164,177,223,250,425,425,375,395,395,395,395],"floor_reached":16,"language":"ZHS","playtime":421,"items_purged":[],"score":163,"play_id":"4828cef0-10af-4e8c-a464-2362792ff039","local_time":"20210219030221","is_ascension_mode":true,"campfire_choices":[{"data":"Dark Embrace","floor":6.0,"key":"SMITH"},{"data":"Iron Wave","floor":12.0,"key":"SMITH"},{"floor":15.0,"key":"REST"}],"circlet_count":0,"master_deck":["AscendersBane","Strike_R+1","Strike_R","Strike_R","Strike_R+1","Strike_R","Defend_R","Defend_R","Defend_R","Defend_R","Bash","Dark Embrace+1","Iron Wave+1"],"relics":["Burning Blood","NeowsBlessing","reliquary:Spinner","Singing Bowl"],"acts_visited":["Exordium"],"potions_floor_usage":[16,16],"damage_taken":[{"damage":0.0,"enemies":"2 Louse","floor":1.0,"turns":1.0},{"damage":0.0,"enemies":"Small Slimes","floor":2.0,"turns":1.0},{"damage":0.0,"enemies":"Cultist","floor":4.0,"turns":1.0},{"damage":33.0,"enemies":"Lots of Slimes","floor":7.0,"turns":6.0},{"damage":16.0,"enemies":"Looter","floor":8.0,"turns":4.0},{"damage":17.0,"enemies":"Gremlin Nob","floor":10.0,"turns":4.0},{"damage":7.0,"enemies":"Red Slaver","floor":14.0,"turns":5.0},{"damage":41,"enemies":"Slime Boss","floor":16,"turns":9}],"seed_played":"-7270316536054036629","potions_obtained":[{"floor":4.0,"key":"Energy Potion"},{"floor":7.0,"key":"DuplicationPotion"},{"floor":10.0,"key":"Fire Potion"}],"is_trial":false,"path_per_floor":["M","M","?","M","?","R","M","M","T","E","?","R","?","M","R","B"],"character_chosen":"IRONCLAD","items_purchased":[],"campfire_rested":1,"item_purchase_floors":[],"current_hp_per_floor":[78,80,64,70,75,75,48,38,38,29,29,29,29,30,56,15,15],"gold":395,"neow_bonus":"THREE_ENEMY_KILL","is_daily":false,"chose_seed":false,"campfire_upgraded":2,"win_rate":0.0,"timestamp":1613674941,"path_taken":["M","M","?","M","?","R","M","M","T","E","?","R","?","M","R","BOSS"],"items_purchased_type":[],"build_version":"2020-12-22","purchased_purges":0,"victory":false,"max_hp_per_floor":[80,80,80,80,85,85,85,85,85,87,87,87,87,89,89,89,89],"card_choices":[{"not_picked":["Headbutt","Intimidate","Blood for Blood"],"picked":"SKIP","floor":1.0},{"not_picked":["Sword Boomerang","Havoc"],"picked":"Dark Embrace","floor":2.0},{"not_picked":["Flex","Shockwave","Body Slam"],"picked":"SKIP","floor":4.0},{"not_picked":["Havoc","Uppercut","Armaments"],"picked":"SKIP","floor":7.0},{"not_picked":["Second Wind","Anger"],"picked":"Iron Wave","floor":8.0},{"not_picked":["Dark Embrace","Spot Weakness","Warcry"],"picked":"Singing Bowl","floor":10.0},{"not_picked":["Carnage","Uppercut","Twin Strike"],"picked":"Singing Bowl","floor":14.0}],"player_experience":283522,"relics_obtained":[{"floor":9.0,"key":"reliquary:Spinner"},{"floor":10.0,"key":"Singing Bowl"}],"event_choices":[{"damage_healed":0.0,"max_hp_gain":0.0,"max_hp_loss":0.0,"gold_gain":0.0,"event_name":"Shining Light","player_choice":"Entered Light","floor":3.0,"gold_loss":0.0,"damage_taken":16.0,"cards_upgraded":["Strike_R","Strike_R"]},{"damage_healed":0.0,"max_hp_gain":5.0,"max_hp_loss":0.0,"gold_gain":0.0,"event_name":"Big Fish","player_choice":"Donut","floor":5.0,"gold_loss":0.0,"damage_taken":0.0},{"damage_healed":0.0,"max_hp_gain":0.0,"max_hp_loss":0.0,"gold_gain":175.0,"event_name":"Liars Game","player_choice":"AGREE","floor":11.0,"gold_loss":0.0,"damage_taken":0.0,"cards_obtained":["Doubt"]},{"cards_removed":["Doubt"],"damage_healed":0.0,"max_hp_gain":0.0,"max_hp_loss":0.0,"gold_gain":0.0,"event_name":"The Cleric","player_choice":"Card Removal","floor":13.0,"gold_loss":50.0,"damage_taken":0.0}],"is_beta":false,"boss_relics":[],"items_purged_floors":[],"is_endless":false,"potions_floor_spawned":[4,7,8,10],"killed_by":"Slime Boss","ascension_level":12}}