{"host":"Jitters","time":1613664694,"event":{"mods":["BaseMod","Colored Powertips","Curses Come First","Downfall","Minty Spire (QoL Compilation)","Relic Stats","Reliquary","Shop Mod","Spicy Shops","StSLib"],"gold_per_floor":[99,99,99,99,99,133,156,156,176,176,176,176,196,231,243,343,343,343,360,5,0,0,14,65,92,105,5,105,105,105,105],"floor_reached":29,"language":"ENG","playtime":1618,"items_purged":["Decay"],"score":409,"play_id":"f2d9e8f0-1769-4e73-982e-e54d44ad18eb","local_time":"20210218111134","is_ascension_mode":true,"campfire_choices":[{"data":"bronze:Goto","floor":1,"key":"SMITH"},{"floor":8,"key":"REST"},{"floor":12,"key":"REST"},{"data":"bronze:Assembly","floor":18,"key":"SMITH"},{"floor":27,"key":"REST"}],"circlet_count":0,"master_deck":["bronze:Strike","bronze:Strike","bronze:Defend","bronze:Defend","bronze:Defend","bronze:Defend","bronze:Replicate","bronze:Goto+1","bronze:WhirlingStrike","bronze:ChosenStrike","bronze:ItsAFeature","bronze:Repair","bronze:Frontload","bronze:Deprecate","bronze:DelayedGuard","bronze:Assembly+1","bronze:Iterate","bronze:GetLatest","Necronomicurse","bronze:Boost","bronze:BronzeOrb","bronze:DelayedSlice","bronze:DelayedSlice+1","CurseOfTheBell","CurseOfTheBell","downfall:Bewildered","bronze:HyperBeam","Normality","Clumsy"],"relics":["bronze:BronzeCore","downfall:HeartsMalice","Singing Bowl","reliquary:TatteredRug","Nunchaku","Question Card","Regal Pillow","bronze:ElectromagneticCoil","Bag of Marbles","Centennial Puzzle","Necronomicon","Prayer Wheel","downfall:HeartBlessingBlue","downfall:ExtraCursedBell","Happy Flower","reliquary:PurpleTingedLeaf","hexamod:Sixitude"],"acts_visited":["Exordium","TheCity"],"potions_floor_usage":[15,16,20,25,29],"damage_taken":[{"damage":0,"enemies":"Small Slimes","floor":2,"turns":1},{"damage":0,"enemies":"2 Louse","floor":4,"turns":1},{"damage":0,"enemies":"Cultist","floor":5,"turns":1},{"damage":41,"enemies":"3 Sentries","floor":6,"turns":8},{"damage":10,"enemies":"Lots of Slimes","floor":9,"turns":2},{"damage":5,"enemies":"2 Fungi Beasts","floor":13,"turns":4},{"damage":23,"enemies":"Lagavulin","floor":14,"turns":10},{"damage":7,"enemies":"3 Louse","floor":15,"turns":4},{"damage":27,"enemies":"SI_SHIV_ARCHETYPE","floor":16,"turns":18},{"damage":22,"enemies":"Spheric Guardian","floor":19,"turns":6},{"damage":0,"enemies":"downfall:FleeingMerchant","floor":20,"turns":4},{"damage":0,"enemies":"downfall:FleeingMerchant","floor":21,"turns":4},{"damage":12,"enemies":"3 Byrds","floor":23,"turns":6},{"damage":18,"enemies":"Book of Stabbing","floor":25,"turns":4},{"damage":0,"enemies":"Centurion and Healer","floor":26,"turns":6},{"damage":92,"enemies":"Slavers","floor":29,"turns":5}],"seed_played":"-7424864594497974534","potions_obtained":[{"floor":9,"key":"bronze:BurnAndBuffPotion"},{"floor":14,"key":"Weak Potion"},{"floor":23,"key":"Energy Potion"},{"floor":26,"key":"SneckoOil"}],"is_trial":false,"path_per_floor":["R","M","?","M","M","E","T","R","M","?","?","R","M","E","M","B",null,"R","M","$","$","?","M","T","E","M","R","?","E"],"character_chosen":"THE_AUTOMATON","items_purchased":["EntropicBrew","Bag of Marbles","Centennial Puzzle"],"campfire_rested":3,"item_purchase_floors":[20,20,20],"current_hp_per_floor":[70,70,70,70,72,31,31,52,42,24,24,45,47,31,31,11,72,72,50,52,59,43,38,38,27,34,84,89,0,0,0],"gold":105,"neow_bonus":"THREE_ENEMY_KILL","is_daily":false,"chose_seed":false,"campfire_upgraded":2,"win_rate":0.0,"timestamp":1613664694,"path_taken":["R","M","?","M","M","E","T","R","M","?","?","R","?","E","M","BOSS","R","M","?","$","?","M","T","E","M","R","?","E"],"items_purchased_type":["Potion","Relic","Relic"],"build_version":"2020-11-17","purchased_purges":1,"victory":false,"max_hp_per_floor":[70,70,70,70,72,72,72,72,72,72,72,72,72,72,72,72,72,72,72,74,74,74,74,74,74,74,84,89,89,89,89],"relic_stats":{"Nunchaku":[14],"Regal Pillow":15,"Centennial Puzzle":[9],"Singing Bowl":4,"Happy Flower":[1],"counters":[16,81],"Prayer Wheel":1,"Necronomicon":[2],"Question Card":11,"obtain_stats":[{"Regal Pillow":14,"bronze:ElectromagneticCoil":17,"bronze:BronzeCore":0,"Singing Bowl":3,"Happy Flower":28,"hexamod:Sixitude":28,"downfall:HeartsMalice":0,"reliquary:TatteredRug":6,"Question Card":10,"Nunchaku":7,"Centennial Puzzle":20,"downfall:HeartBlessingBlue":27,"Prayer Wheel":25,"Bag of Marbles":20,"Necronomicon":22,"downfall:ExtraCursedBell":28,"reliquary:PurpleTingedLeaf":28},{"Regal Pillow":7,"bronze:ElectromagneticCoil":9,"bronze:BronzeCore":0,"Singing Bowl":1,"Happy Flower":15,"hexamod:Sixitude":15,"downfall:HeartsMalice":0,"reliquary:TatteredRug":4,"Question Card":5,"Nunchaku":4,"Centennial Puzzle":11,"downfall:HeartBlessingBlue":15,"Prayer Wheel":14,"Bag of Marbles":11,"Necronomicon":12,"downfall:ExtraCursedBell":15,"reliquary:PurpleTingedLeaf":15},{"Regal Pillow":24,"bronze:ElectromagneticCoil":46,"bronze:BronzeCore":0,"Singing Bowl":0,"Happy Flower":76,"hexamod:Sixitude":76,"downfall:HeartsMalice":0,"reliquary:TatteredRug":8,"Question Card":10,"Nunchaku":8,"Centennial Puzzle":56,"downfall:HeartBlessingBlue":76,"Prayer Wheel":70,"Bag of Marbles":56,"Necronomicon":60,"downfall:ExtraCursedBell":76,"reliquary:PurpleTingedLeaf":76}]},"card_choices":[{"not_picked":["bronze:Allocate","bronze:Repulsor"],"picked":"bronze:WhirlingStrike","floor":2},{"not_picked":["bronze:DelayedGuard","bronze:NullPointer"],"picked":"bronze:ChosenStrike","floor":4},{"not_picked":["bronze:Shield","bronze:Branch","bronze:OilSpill"],"picked":"Singing Bowl","floor":5},{"not_picked":["bronze:CutThrough","bronze:InfiniteLoop"],"picked":"bronze:ItsAFeature","floor":6},{"not_picked":["bronze:ChosenStrike","bronze:DigitalCarnage"],"picked":"bronze:Repair","floor":9},{"not_picked":["bronze:BitShift","bronze:ChosenStrike","bronze:InfiniteBeams"],"picked":"bronze:Frontload","floor":13},{"not_picked":["bronze:Separator","bronze:HardenedForm","bronze:MaxOutput"],"picked":"bronze:Deprecate","floor":14},{"not_picked":["bronze:Constructor","bronze:Refactor","bronze:CutThrough"],"picked":"bronze:DelayedGuard","floor":15},{"not_picked":["bronze:Break","bronze:TinkerersToolbox","bronze:Hardcode"],"picked":"bronze:Assembly","floor":16},{"not_picked":["bronze:OilSpill","bronze:Invalidate","bronze:BitShift+1"],"picked":"bronze:Iterate","floor":19},{"not_picked":["bronze:Boost","bronze:DelayedGuard+1","bronze:WhirlingStrike","bronze:Invalidate"],"picked":"Singing Bowl","floor":20},{"not_picked":["bronze:ChosenStrike","bronze:Iterate","bronze:Flail"],"picked":"bronze:GetLatest","floor":21},{"not_picked":["bronze:GetLatest","bronze:DelayedGuard","bronze:BuggyMess+1"],"picked":"bronze:Boost","floor":23},{"not_picked":["bronze:ThunderWave","bronze:ForceShield+1","bronze:Break"],"picked":"bronze:BronzeOrb","floor":25},{"not_picked":["bronze:Branch","bronze:Boost","bronze:OilSpill+1"],"picked":"bronze:DelayedSlice","floor":26},{"not_picked":["bronze:ForceShield","bronze:Overload","bronze:BitShift"],"picked":"bronze:DelayedSlice+1","floor":26}],"player_experience":224203,"relics_obtained":[{"floor":6,"key":"reliquary:TatteredRug"},{"floor":7,"key":"Nunchaku"},{"floor":14,"key":"Regal Pillow"},{"floor":22,"key":"Necronomicon"},{"floor":25,"key":"Prayer Wheel"},{"floor":28,"key":"Happy Flower"},{"floor":28,"key":"reliquary:PurpleTingedLeaf"},{"floor":28,"key":"hexamod:Sixitude"}],"event_choices":[{"damage_healed":0,"gold_gain":0,"player_choice":"Box","damage_taken":0,"relics_obtained":["Singing Bowl"],"max_hp_gain":0,"max_hp_loss":0,"event_name":"Big Fish","floor":3,"gold_loss":0,"cards_obtained":["Regret"]},{"damage_healed":0,"gold_gain":0,"player_choice":"Success","damage_taken":18,"relics_obtained":["Question Card"],"max_hp_gain":0,"max_hp_loss":0,"event_name":"Scrap Ooze","floor":10,"gold_loss":0}],"is_beta":true,"boss_relics":[{"not_picked":["Tiny House","Calling Bell"],"picked":"bronze:ElectromagneticCoil"}],"items_purged_floors":[20],"is_endless":false,"potions_floor_spawned":[9,14,23,26],"killed_by":"Slavers","ascension_level":3}}