{"host":"qc268ltokmxwqyrx","time":1613680729,"event":{"mods":["BaseMod","Colored Map","Colored Powertips","Minty Spire (QoL Compilation)","Relic Stats","Slay the Relics Exporter","StSLib","ojb\u0027s Info Mod"],"gold_per_floor":[113,166,25,25,36,79,79,108,108,134,134,174,201,50,50,131,131,151,169,178,196,196,223,247,247,247,273,273,298,119,119,119,206,206,234,261,281,87,87,121,121,165,218,237,237,272,297,128,128,128,128,128,128,3,29,29,29],"floor_reached":56,"language":"ENG","playtime":8676,"items_purged":["Strike_G","Strike_G","Strike_G+1"],"score":2055,"play_id":"93433e3d-d46f-4ddf-b7d8-13a76105a260","local_time":"20210218143849","is_ascension_mode":true,"campfire_choices":[{"floor":7.0,"key":"REST"},{"data":"Blade Dance","floor":11.0,"key":"SMITH"},{"data":"Noxious Fumes","floor":15.0,"key":"SMITH"},{"data":"Bullet Time","floor":25.0,"key":"SMITH"},{"data":"Noxious Fumes","floor":28.0,"key":"SMITH"},{"data":"RitualDagger","floor":32.0,"key":"SMITH"},{"floor":41.0,"key":"REST"},{"data":"Catalyst","floor":45.0,"key":"SMITH"},{"floor":49.0,"key":"RECALL"},{"data":"Wraith Form v2","floor":53,"key":"SMITH"}],"circlet_count":0,"master_deck":["AscendersBane","Defend_G+1","Defend_G+1","Defend_G+1","Defend_G+1","Defend_G+1","Survivor","Neutralize","Predator","Blade Dance+1","Deadly Poison","Noxious Fumes+1","Dagger Spray","Leg Sweep","Bullet Time+1","Leg Sweep+1","Noxious Fumes+1","Masterful Stab","RitualDagger+1","Backflip","Crippling Poison","Acrobatics","Adrenaline","Catalyst+1","Acrobatics","Prepared","Flechettes","Setup+1","Tactician+1","Finisher","Wraith Form v2+1","Blur","Calculated Gamble"],"relics":["Ring of the Snake","Unceasing Top","CeramicFish","HornCleat","Snake Skull","Runic Pyramid","Ancient Tea Set","Pear","Runic Dome","Akabeko","Tough Bandages","Art of War","Bag of Preparation","Nunchaku"],"acts_visited":["Exordium","TheCity","TheBeyond","TheEnding"],"potions_floor_usage":[51,56,56],"damage_taken":[{"damage":0.0,"enemies":"2 Louse","floor":1.0,"turns":4.0},{"damage":0.0,"enemies":"Cultist","floor":5.0,"turns":3.0},{"damage":32.0,"enemies":"Lagavulin","floor":6.0,"turns":8.0},{"damage":7.0,"enemies":"Small Slimes","floor":8.0,"turns":3.0},{"damage":0.0,"enemies":"Looter","floor":10.0,"turns":3.0},{"damage":17.0,"enemies":"3 Sentries","floor":12.0,"turns":6.0},{"damage":12.0,"enemies":"Exordium Thugs","floor":13.0,"turns":4.0},{"damage":6.0,"enemies":"Hexaghost","floor":16.0,"turns":9.0},{"damage":3.0,"enemies":"2 Thieves","floor":18.0,"turns":5.0},{"damage":1.0,"enemies":"Chosen","floor":21.0,"turns":5.0},{"damage":8.0,"enemies":"Book of Stabbing","floor":23.0,"turns":5.0},{"damage":18.0,"enemies":"Snake Plant","floor":24.0,"turns":5.0},{"damage":0.0,"enemies":"3 Cultists","floor":27.0,"turns":5.0},{"damage":0.0,"enemies":"Snecko","floor":29.0,"turns":6.0},{"damage":12.0,"enemies":"Collector","floor":33.0,"turns":9.0},{"damage":0.0,"enemies":"Orb Walker","floor":35.0,"turns":4.0},{"damage":17.0,"enemies":"3 Darklings","floor":36.0,"turns":6.0},{"damage":2.0,"enemies":"Transient","floor":37.0,"turns":6.0},{"damage":15.0,"enemies":"Nemesis","floor":40.0,"turns":7.0},{"damage":23.0,"enemies":"Giant Head","floor":42.0,"turns":8.0},{"damage":0.0,"enemies":"Maw","floor":44.0,"turns":7.0},{"damage":0.0,"enemies":"Nemesis","floor":46.0,"turns":5.0},{"damage":0.0,"enemies":"3 Darklings","floor":47.0,"turns":6.0},{"damage":12.0,"enemies":"Donu and Deca","floor":50.0,"turns":10.0},{"damage":3,"enemies":"Awakened One","floor":51,"turns":13},{"damage":0,"enemies":"Shield and Spear","floor":55,"turns":5},{"damage":71,"enemies":"The Heart","floor":56,"turns":9}],"seed_played":"3654214261211000756","potions_obtained":[{"floor":5.0,"key":"DuplicationPotion"},{"floor":8.0,"key":"GamblersBrew"},{"floor":13.0,"key":"Poison Potion"},{"floor":18.0,"key":"BlessingOfTheForge"},{"floor":27.0,"key":"SpeedPotion"},{"floor":36.0,"key":"FearPotion"},{"floor":42.0,"key":"Block Potion"},{"floor":44.0,"key":"FearPotion"},{"floor":47.0,"key":"Strength Potion"},{"floor":55,"key":"LiquidMemories"}],"is_trial":false,"path_per_floor":["M","?","$","?","M","E","R","M","T","M","R","E","M","$","R","B",null,"M","?","?","M","?","E","M","R","T","M","R","M","$","?","R","B",null,"M","M","M","$","?","E","R","E","T","M","R","E","M","$","R","B","B",null,"R","$","E","B"],"character_chosen":"THE_SILENT","items_purchased":["PiercingWail","Swift Potion","SkillPotion","Well Laid Plans","DuplicationPotion","Prepared","Flechettes","Bag of Preparation","Calculated Gamble","Dexterity Potion"],"campfire_rested":2,"item_purchase_floors":[3,3,3,14,30,38,38,48,54,54],"current_hp_per_floor":[65,65,65,65,65,33,54,47,47,47,47,30,18,18,18,12,57,54,54,48,47,72,64,46,46,56,56,56,56,56,56,56,44,73,73,56,54,54,54,39,63,40,40,40,40,40,40,40,40,28,25,68,68,68,68,0,0],"gold":29,"neow_bonus":"TEN_PERCENT_HP_BONUS","is_daily":false,"chose_seed":false,"campfire_upgraded":7,"win_rate":0.0,"timestamp":1613680729,"path_taken":["M","?","$","?","?","E","R","M","T","M","R","E","M","$","R","BOSS","M","?","?","M","?","E","M","R","T","M","R","?","$","?","R","BOSS","M","M","M","$","?","E","R","E","T","M","R","E","M","$","R","BOSS","BOSS","R","$","E","BOSS"],"items_purchased_type":["Card","Potion","Potion","Card","Potion","Card","Card","Relic","Card","Potion"],"build_version":"2020-12-22","purchased_purges":3,"victory":false,"max_hp_per_floor":[72,72,72,72,72,72,72,72,72,72,72,72,72,72,72,72,72,72,72,72,72,72,72,72,72,82,82,82,82,82,82,82,82,82,82,82,82,82,82,82,82,82,82,82,82,82,82,82,82,82,82,82,82,82,82,82,82],"relic_stats":{"Tough Bandages":[213],"Nunchaku":[1],"counters":[27,166],"CeramicFish":225,"Snake Skull":[193],"Art of War":[13],"Bag of Preparation":[8],"obtain_stats":[{"Pear":26,"CeramicFish":6,"Snake Skull":12,"Bag of Preparation":48,"Ancient Tea Set":23,"Akabeko":40,"Runic Dome":34,"Tough Bandages":42,"Nunchaku":55,"HornCleat":9,"Art of War":46,"Unceasing Top":4,"Ring of the Snake":0,"Runic Pyramid":17},{"Pear":12,"CeramicFish":3,"Snake Skull":6,"Bag of Preparation":23,"Ancient Tea Set":11,"Akabeko":19,"Runic Dome":15,"Tough Bandages":20,"Nunchaku":26,"HornCleat":4,"Art of War":22,"Unceasing Top":1,"Ring of the Snake":0,"Runic Pyramid":8},{"Pear":60,"CeramicFish":15,"Snake Skull":27,"Bag of Preparation":129,"Ancient Tea Set":55,"Akabeko":103,"Runic Dome":80,"Tough Bandages":111,"Nunchaku":157,"HornCleat":18,"Art of War":123,"Unceasing Top":4,"Ring of the Snake":0,"Runic Pyramid":40}],"Unceasing Top":[1],"Ring of the Snake":[54]},"card_choices":[{"not_picked":["Prepared","Escape Plan"],"picked":"Predator","floor":1.0},{"not_picked":["Tactician","Calculated Gamble"],"picked":"Blade Dance","floor":5.0},{"not_picked":["Predator","Sucker Punch"],"picked":"Deadly Poison","floor":6.0},{"not_picked":["Underhanded Strike","Deflect"],"picked":"Noxious Fumes","floor":8.0},{"not_picked":["Deadly Poison","Slice"],"picked":"Dagger Spray","floor":10.0},{"not_picked":["Deflect","Crippling Poison"],"picked":"Leg Sweep","floor":12.0},{"not_picked":["Outmaneuver","All Out Attack"],"picked":"Backstab","floor":13.0},{"not_picked":["Die Die Die","Grand Finale"],"picked":"Bullet Time","floor":16.0},{"not_picked":["PiercingWail","Prepared"],"picked":"Leg Sweep+1","floor":18.0},{"not_picked":["Tactician","Dodge and Roll","Acrobatics"],"picked":"SKIP","floor":21.0},{"not_picked":["Leg Sweep","Concentrate","Masterful Stab"],"picked":"SKIP","floor":23.0},{"not_picked":["Slice","Dagger Spray"],"picked":"Backflip","floor":24.0},{"not_picked":["Cloak And Dagger","Acrobatics"],"picked":"Crippling Poison","floor":27.0},{"not_picked":["Outmaneuver","Dagger Spray"],"picked":"Acrobatics","floor":29.0},{"not_picked":["Envenom","Burst"],"picked":"Adrenaline","floor":33.0},{"not_picked":["PiercingWail","Poisoned Stab"],"picked":"Catalyst","floor":35.0},{"not_picked":["Leg Sweep","Bane+1"],"picked":"Acrobatics","floor":36.0},{"not_picked":["Flying Knee","Noxious Fumes","Slice"],"picked":"SKIP","floor":37.0},{"not_picked":["Heel Hook+1","Poisoned Stab"],"picked":"Setup+1","floor":40.0},{"not_picked":["Glass Knife","Slice"],"picked":"Tactician+1","floor":42.0},{"not_picked":["Cloak And Dagger","Quick Slash"],"picked":"Finisher","floor":44.0},{"not_picked":["Underhanded Strike","Expertise"],"picked":"Wraith Form v2","floor":46.0},{"not_picked":["Backflip","Escape Plan"],"picked":"Blur","floor":47.0},{"not_picked":["Masterful Stab","Cloak And Dagger+1","Escape Plan"],"picked":"SKIP","floor":55}],"player_experience":1860706,"relics_obtained":[{"floor":6.0,"key":"CeramicFish"},{"floor":9.0,"key":"HornCleat"},{"floor":12.0,"key":"Snake Skull"},{"floor":23.0,"key":"Ancient Tea Set"},{"floor":26.0,"key":"Pear"},{"floor":40.0,"key":"Akabeko"},{"floor":42.0,"key":"Tough Bandages"},{"floor":46.0,"key":"Art of War"},{"floor":55,"key":"Nunchaku"}],"event_choices":[{"damage_healed":0.0,"max_hp_gain":0.0,"max_hp_loss":0.0,"gold_gain":53.0,"event_name":"Golden Wing","player_choice":"Gained Gold","floor":2.0,"gold_loss":0.0,"damage_taken":0.0},{"cards_removed":["PiercingWail"],"damage_healed":0.0,"max_hp_gain":0.0,"max_hp_loss":0.0,"gold_gain":0.0,"event_name":"WeMeetAgain","player_choice":"Gave Card","floor":4.0,"gold_loss":0.0,"damage_taken":0.0,"relics_obtained":["Unceasing Top"]},{"damage_healed":0.0,"max_hp_gain":0.0,"max_hp_loss":0.0,"gold_gain":0.0,"cards_transformed":["Strike_G","Strike_G"],"event_name":"Drug Dealer","player_choice":"Became Test Subject","floor":19.0,"gold_loss":0.0,"damage_taken":0.0,"cards_obtained":["Noxious Fumes","Masterful Stab"]},{"damage_healed":0.0,"max_hp_gain":0.0,"max_hp_loss":0.0,"gold_gain":0.0,"event_name":"Nest","player_choice":"Joined the Cult","floor":20.0,"gold_loss":0.0,"damage_taken":6.0,"cards_obtained":["RitualDagger"]},{"cards_removed":["Well Laid Plans"],"damage_healed":25.0,"max_hp_gain":0.0,"max_hp_loss":0.0,"gold_gain":0.0,"event_name":"Bonfire Elementals","player_choice":"Offered Uncommon","floor":22.0,"gold_loss":0.0,"damage_taken":0.0},{"damage_healed":0.0,"max_hp_gain":0.0,"max_hp_loss":0.0,"gold_gain":0.0,"event_name":"Back to Basics","player_choice":"Simplicity","floor":31.0,"gold_loss":0.0,"damage_taken":0.0,"cards_upgraded":["Strike_G","Defend_G","Defend_G","Defend_G","Defend_G","Defend_G"]},{"cards_removed":["Backstab"],"damage_healed":0.0,"max_hp_gain":0.0,"max_hp_loss":0.0,"gold_gain":0.0,"event_name":"Falling","player_choice":"Removed Attack","floor":39.0,"gold_loss":0.0,"damage_taken":0.0}],"is_beta":false,"boss_relics":[{"not_picked":["Cursed Key","Ring of the Serpent"],"picked":"Runic Pyramid"},{"not_picked":["Velvet Choker","SacredBark"],"picked":"Runic Dome"}],"items_purged_floors":[14,30,38],"is_endless":false,"potions_floor_spawned":[5,8,13,18,27,33,36,42,44,47,55],"killed_by":"The Heart","ascension_level":20}}