{"host":"cpfinhn7bq57frv3","time":1613637098,"event":{"mods":["BaseMod","Minty Spire (QoL Compilation)","Quick Restart"],"gold_per_floor":[109,34,34,45,45,45,57,76,102,102,113,113,132,184,184,288,288,304,229,229,246,89,89,119,19,94,94,111,121,148,164,164,268,268,283,158,178,28,75,75,95,95,95,129,129,129,129,129],"floor_reached":47,"language":"KOR","playtime":2647,"items_purged":["Strike_G","Strike_G","Strike_G","Strike_G"],"score":559,"play_id":"033259be-ca73-4f1b-952d-10a0e209860d","local_time":"20210218173138","is_ascension_mode":true,"campfire_choices":[{"data":"Catalyst","floor":6.0,"key":"SMITH"},{"data":"Accuracy","floor":12.0,"key":"SMITH"},{"floor":15.0,"key":"REST"},{"data":"Burst","floor":23.0,"key":"SMITH"},{"data":"Tactician","floor":27.0,"key":"SMITH"},{"data":"Leg Sweep","floor":32.0,"key":"SMITH"},{"data":"Night Terror","floor":40.0,"key":"SMITH"},{"floor":46,"key":"REST"}],"circlet_count":0,"master_deck":["Defend_G","Defend_G","Defend_G","Defend_G","Survivor","Neutralize","Flash of Steel","Catalyst+1","Escape Plan","Accuracy+1","Blade Dance","After Image+1","Burst+1","Noxious Fumes","Accuracy","Footwork","Leg Sweep+1","Tactician+1","Phantasmal Killer","Backflip","Outmaneuver","Crippling Poison+1","Night Terror+1","Prepared","Masterful Stab+1"],"relics":["Ring of the Snake","Toy Ornithopter","Runic Pyramid","Bag of Marbles","Letter Opener","Paper Crane","Molten Egg 2","HoveringKite","Tough Bandages","Question Card","Du-Vu Doll"],"acts_visited":["Exordium","TheCity","TheBeyond"],"potions_floor_usage":[44,44],"damage_taken":[{"damage":1.0,"enemies":"2 Louse","floor":1.0,"turns":3.0},{"damage":1.0,"enemies":"Cultist","floor":4.0,"turns":5.0},{"damage":0.0,"enemies":"Jaw Worm","floor":7.0,"turns":4.0},{"damage":4.0,"enemies":"Blue Slaver","floor":8.0,"turns":5.0},{"damage":29.0,"enemies":"Exordium Thugs","floor":11.0,"turns":6.0},{"damage":7.0,"enemies":"3 Louse","floor":13.0,"turns":2.0},{"damage":23.0,"enemies":"The Guardian","floor":16.0,"turns":11.0},{"damage":6.0,"enemies":"Chosen","floor":18.0,"turns":7.0},{"damage":0.0,"enemies":"3 Byrds","floor":21.0,"turns":5.0},{"damage":5.0,"enemies":"Book of Stabbing","floor":24.0,"turns":9.0},{"damage":0.0,"enemies":"Snake Plant","floor":28.0,"turns":4.0},{"damage":1.0,"enemies":"Cultist and Chosen","floor":29.0,"turns":7.0},{"damage":19.0,"enemies":"Gremlin Leader","floor":30.0,"turns":6.0},{"damage":26.0,"enemies":"Sentry and Sphere","floor":31.0,"turns":9.0},{"damage":24.0,"enemies":"Automaton","floor":33.0,"turns":8.0},{"damage":0.0,"enemies":"3 Darklings","floor":35.0,"turns":6.0},{"damage":0.0,"enemies":"3 Shapes","floor":37.0,"turns":4.0},{"damage":44.0,"enemies":"2 Orb Walkers","floor":39.0,"turns":6.0},{"damage":34,"enemies":"Jaw Worm Horde","floor":41,"turns":6},{"damage":3,"enemies":"Nemesis","floor":44,"turns":7},{"damage":51,"enemies":"Transient","floor":47,"turns":2}],"seed_played":"-8523507999420659162","potions_obtained":[{"floor":1.0,"key":"Regen Potion"},{"floor":5.0,"key":"Block Potion"},{"floor":5.0,"key":"LiquidBronze"},{"floor":7.0,"key":"Fruit Juice"},{"floor":11.0,"key":"Explosive Potion"},{"floor":13.0,"key":"ColorlessPotion"},{"floor":29.0,"key":"Strength Potion"},{"floor":33.0,"key":"PowerPotion"},{"floor":39.0,"key":"Dexterity Potion"},{"floor":41,"key":"SkillPotion"}],"is_trial":false,"path_per_floor":["M","$","?","M","?","R","M","M","T","?","M","R","M","T","R","B",null,"M","?","?","M","$","R","E","$","T","R","M","M","E","M","R","B",null,"M","$","M","$","?","R","M","?","T","E","?","R","M"],"character_chosen":"THE_SILENT","items_purchased":["Footwork","Leg Sweep"],"campfire_rested":2,"item_purchase_floors":[22,22],"current_hp_per_floor":[69,69,62,61,61,61,61,62,62,67,38,38,31,31,55,32,80,74,74,74,79,79,79,74,74,74,74,74,78,64,57,57,33,80,80,80,80,80,36,36,2,2,2,9,9,33,0,0],"gold":129,"neow_bonus":"RANDOM_COLORLESS","is_daily":false,"chose_seed":false,"campfire_upgraded":6,"win_rate":0.0,"timestamp":1613637098,"path_taken":["M","$","?","M","?","R","?","M","T","?","M","R","M","?","R","BOSS","M","?","?","M","$","R","E","?","T","R","M","?","E","M","R","BOSS","M","$","M","$","?","R","M","?","T","E","?","R","?"],"items_purchased_type":["Card","Card"],"build_version":"2020-12-22","purchased_purges":4,"victory":false,"max_hp_per_floor":[70,70,70,70,70,70,70,75,75,80,80,80,80,80,80,80,80,80,80,80,80,80,80,80,80,80,80,80,80,80,80,80,80,80,80,80,80,80,80,80,80,80,80,80,80,80,80,80],"card_choices":[{"not_picked":["Forethought","Mind Blast"],"picked":"Flash of Steel","floor":0.0},{"not_picked":["Backflip","Underhanded Strike"],"picked":"Catalyst","floor":1.0},{"not_picked":["Bane","Tactician"],"picked":"Escape Plan","floor":4.0},{"not_picked":["Dash","Dagger Throw","Blade Dance"],"picked":"SKIP","floor":7.0},{"not_picked":["Dagger Throw","Masterful Stab"],"picked":"Accuracy","floor":8.0},{"not_picked":["Deadly Poison","Poisoned Stab"],"picked":"Blade Dance","floor":11.0},{"not_picked":["Finisher","Sucker Punch"],"picked":"After Image","floor":13.0},{"not_picked":["Envenom","Malaise"],"picked":"Burst","floor":16.0},{"not_picked":["Deflect","Well Laid Plans"],"picked":"Noxious Fumes","floor":18.0},{"not_picked":["Footwork","Backflip"],"picked":"Accuracy","floor":21.0},{"not_picked":["Flying Knee","Flechettes"],"picked":"Tactician","floor":24.0},{"not_picked":["Blade Dance+1","Acrobatics"],"picked":"Phantasmal Killer","floor":28.0},{"not_picked":["Quick Slash","Sucker Punch+1"],"picked":"Backflip","floor":29.0},{"not_picked":["Distraction+1","Quick Slash+1"],"picked":"Outmaneuver","floor":30.0},{"not_picked":["Backstab+1","Poisoned Stab+1"],"picked":"Crippling Poison+1","floor":31.0},{"not_picked":["Die Die Die+1","Envenom"],"picked":"Night Terror","floor":33.0},{"not_picked":["Slice+1","Quick Slash+1","Bane+1"],"picked":"SKIP","floor":35.0},{"not_picked":["Deadly Poison","Endless Agony+1","Outmaneuver+1"],"picked":"SKIP","floor":37.0},{"not_picked":["Terror","Deflect"],"picked":"Prepared","floor":41},{"not_picked":["A Thousand Cuts","Flying Knee+1","Acrobatics+1"],"picked":"Masterful Stab+1","floor":44}],"player_experience":42841,"relics_obtained":[{"floor":14.0,"key":"Toy Ornithopter"},{"floor":24.0,"key":"Letter Opener"},{"floor":26.0,"key":"Paper Crane"},{"floor":30.0,"key":"Molten Egg 2"},{"floor":39.0,"key":"Tough Bandages"},{"floor":43,"key":"Question Card"},{"floor":44,"key":"Du-Vu Doll"}],"event_choices":[{"cards_removed":["Defend_G"],"damage_healed":0.0,"max_hp_gain":0.0,"max_hp_loss":0.0,"gold_gain":0.0,"event_name":"Golden Wing","player_choice":"Card Removal","floor":3.0,"gold_loss":0.0,"damage_taken":7.0},{"damage_healed":0.0,"max_hp_gain":0.0,"max_hp_loss":0.0,"gold_gain":0.0,"event_name":"Lab","player_choice":"Got Potions","floor":5.0,"gold_loss":0.0,"damage_taken":0.0},{"damage_healed":0.0,"max_hp_gain":5.0,"max_hp_loss":0.0,"gold_gain":0.0,"event_name":"Big Fish","player_choice":"Donut","floor":10.0,"gold_loss":0.0,"damage_taken":0.0},{"cards_removed":["Strike_G"],"damage_healed":0.0,"max_hp_gain":0.0,"max_hp_loss":0.0,"gold_gain":0.0,"event_name":"Beggar","player_choice":"Gave Gold","floor":19.0,"gold_loss":75.0,"damage_taken":0.0},{"damage_healed":0.0,"max_hp_gain":0.0,"max_hp_loss":0.0,"gold_gain":0.0,"event_name":"The Mausoleum","player_choice":"Opened","floor":20.0,"gold_loss":0.0,"damage_taken":0.0,"relics_obtained":["Bag of Marbles"]},{"damage_healed":0.0,"max_hp_gain":0.0,"max_hp_loss":0.0,"gold_gain":0.0,"event_name":"Mysterious Sphere","player_choice":"Fight","floor":39.0,"gold_loss":0.0,"damage_taken":0.0},{"damage_healed":0,"gold_gain":0,"player_choice":"Ignored","damage_taken":0,"max_hp_gain":0,"max_hp_loss":0,"event_name":"Tomb of Lord Red Mask","floor":42,"gold_loss":0},{"damage_healed":0,"gold_gain":0,"player_choice":"Forge","damage_taken":0,"max_hp_gain":0,"max_hp_loss":0,"event_name":"Accursed Blacksmith","floor":45,"gold_loss":0,"cards_upgraded":["After Image"]}],"is_beta":false,"boss_relics":[{"not_picked":["Tiny House","SacredBark"],"picked":"Runic Pyramid"},{"not_picked":["Astrolabe","Black Star"],"picked":"HoveringKite"}],"items_purged_floors":[2,25,36,38],"is_endless":false,"potions_floor_spawned":[1,7,11,13,16,29,33,39,41],"killed_by":"Transient","ascension_level":2}}