{"host":"0rxdudjy6rylha1k","time":1613666732,"event":{"mods":["Aspiration","BaseMod","Colored Map","Colored Powertips","Downfall","Highlight Path","Hubris","Minty Spire (QoL Compilation)","StSLib"],"gold_per_floor":[99,118,118,132,149,149,195,223,223,256,156,174,88,120,137,137,137,137],"floor_reached":16,"language":"ENG","playtime":1169,"items_purged":[],"score":138,"play_id":"7ed60697-ca77-4160-a53b-df01332eb564","local_time":"20210218094532","is_ascension_mode":true,"campfire_choices":[{"floor":1.0,"key":"REST"},{"data":"bronze:Flail","floor":6.0,"key":"SMITH"},{"floor":11.0,"key":"REST"}],"circlet_count":0,"master_deck":["bronze:Strike","bronze:Strike","bronze:Strike","bronze:Strike","bronze:Defend","bronze:Defend","bronze:Defend","bronze:Defend","bronze:Replicate","bronze:Goto","bronze:FollowUp","bronze:Flail+1","bronze:ChosenStrike","bronze:Replicate","bronze:Verify","bronze:Shield","bronze:Mutator","bronze:Verify","bronze:Optimize"],"relics":["bronze:BronzeCore","hubris:Potato","hubris:Towel","bronze:BronzeIdol","Blood Vial","aspiration:FetidBarrel","downfall:HeartBlessingGreen","MealTicket"],"acts_visited":["Exordium"],"potions_floor_usage":[16],"damage_taken":[{"damage":10.0,"enemies":"Jaw Worm","floor":2.0,"turns":5.0},{"damage":1.0,"enemies":"Cultist","floor":4.0,"turns":3.0},{"damage":4.0,"enemies":"Small Slimes","floor":5.0,"turns":3.0},{"damage":13.0,"enemies":"3 Sentries","floor":8.0,"turns":6.0},{"damage":34.0,"enemies":"Gremlin Nob","floor":10.0,"turns":5.0},{"damage":10.0,"enemies":"3 Louse","floor":12.0,"turns":2.0},{"damage":4.0,"enemies":"downfall:FleeingMerchant","floor":13.0,"turns":4.0},{"damage":15.0,"enemies":"3 Sentries","floor":14.0,"turns":6.0},{"damage":0.0,"enemies":"Red Slaver","floor":15.0,"turns":3.0},{"damage":18,"enemies":"IC_STATUS_ARCHETYPE","floor":16,"turns":8}],"seed_played":"5184599429565450160","potions_obtained":[{"floor":5.0,"key":"bronze:FreeFunctionsPotion"},{"floor":12.0,"key":"Energy Potion"},{"floor":14.0,"key":"EssenceOfSteel"},{"floor":15.0,"key":"Dexterity Potion"}],"is_trial":false,"path_per_floor":["R","M","?","M","M","R","T","E","?","E","R","M","$","E","M","B"],"character_chosen":"THE_AUTOMATON","items_purchased":["bronze:Mutator"],"campfire_rested":2,"item_purchase_floors":[13],"current_hp_per_floor":[70,60,60,59,55,55,55,42,42,10,31,23,21,8,10,0,0,0],"gold":137,"neow_bonus":"ONE_RARE_RELIC","is_daily":false,"chose_seed":false,"campfire_upgraded":1,"win_rate":0.0,"timestamp":1613666732,"path_taken":["R","M","?","M","M","R","T","E","?","E","R","M","$","E","M","BOSS"],"items_purchased_type":["Card"],"build_version":"2020-12-22","purchased_purges":0,"victory":false,"max_hp_per_floor":[70,70,70,70,70,70,70,70,70,70,70,70,70,70,70,70,70,70],"card_choices":[{"not_picked":["bronze:WildBeam","bronze:Allocate"],"picked":"bronze:FollowUp","floor":2.0},{"not_picked":["bronze:Deprecate","bronze:FineTuning"],"picked":"bronze:Flail","floor":4.0},{"not_picked":["bronze:Invalidate","bronze:Branch","bronze:Constructor"],"picked":"SKIP","floor":5.0},{"not_picked":["bronze:Overload","bronze:CutThrough"],"picked":"bronze:ChosenStrike","floor":8.0},{"not_picked":["bronze:Invalidate","bronze:Overload"],"picked":"bronze:Verify","floor":10.0},{"not_picked":["bronze:BronzeArmor","bronze:OilSpill","bronze:WhirlingStrike"],"picked":"SKIP","floor":12.0},{"not_picked":["bronze:Iterate","bronze:InfiniteLoop"],"picked":"bronze:Shield","floor":13.0},{"not_picked":["bronze:Invalidate","bronze:ForLoop"],"picked":"bronze:Verify","floor":14.0},{"not_picked":["bronze:Turbo","bronze:BugBarrage"],"picked":"bronze:Optimize","floor":15.0}],"player_experience":2998202,"relics_obtained":[{"floor":7.0,"key":"bronze:BronzeIdol"},{"floor":8.0,"key":"Blood Vial"},{"floor":10.0,"key":"aspiration:FetidBarrel"},{"floor":14.0,"key":"MealTicket"}],"event_choices":[],"is_beta":false,"boss_relics":[],"items_purged_floors":[],"is_endless":false,"potions_floor_spawned":[5,12,14,15],"killed_by":"IC_STATUS_ARCHETYPE","ascension_level":3}}