{"host":"enmin8e0t0h2jpek","time":1613669684,"event":{"mods":["AchievementEnabler","BaseMod","BetterRewards","Colored Map","Colored Powertips","DeckTracker","Gremlin Skip","Highlight Path","Minty Spire (QoL Compilation)","Quick Restart","Rare Cards Sparkle","Relic Stats","Remove Card Discount Mod","Replay The Spire","Shop Mod","StSLib","SuperFastMode","Transform Curses","slay the spire mod where everything is the same but ironclad has a cowboy hat"],"gold_per_floor":[117,192,212,230,245,270,270,300,352,352,368,387,417,4,4,103,103,120,138,154,154,154,186,186,186],"floor_reached":24,"language":"DEU","playtime":4625,"items_purged":[],"score":506,"play_id":"4ada2372-a99f-4d05-8b1a-b56797a9e169","local_time":"20210218183444","is_ascension_mode":true,"campfire_choices":[{"floor":10,"key":"REST"},{"floor":15,"key":"REST"}],"circlet_count":0,"master_deck":["Strike_B","Strike_B","Strike_B","Defend_B","Defend_B","Defend_B","Defend_B","Zap","Dualcast","FTL","FTL","Self Repair","BootSequence","Defragment","Defragment","Defragment","Defragment","Cold Snap","Hologram","Conserve Battery+1","Self Repair","Reinforced Body","Coolheaded+1","Echo Form","Redo","FIFO Queue+1","Turbo"],"relics":["Cracked Core","DataDisk","Gremlin Food","Boot","MerchantsRug","Oddly Smooth Stone","Anchor","Quantum Egg","DollysMirror","Blue Doll","Bottled Flame","Omamori","Bag of Preparation","Snack Pack","Replay:Frozen Program","Coffee Dripper","Replay:Bottled Flurry"],"acts_visited":["Exordium","TheCity"],"potions_floor_usage":[16,16,16,24],"damage_taken":[{"damage":2,"enemies":"Small Slimes","floor":1,"turns":3},{"damage":1,"enemies":"2 Louse","floor":3,"turns":3},{"damage":4,"enemies":"Cultist","floor":4,"turns":4},{"damage":5,"enemies":"Lots of Slimes","floor":5,"turns":4},{"damage":26,"enemies":"Lagavulin","floor":6,"turns":8},{"damage":28,"enemies":"3 Sentries","floor":8,"turns":7},{"damage":6,"enemies":"2 Fungi Beasts","floor":11,"turns":3},{"damage":17,"enemies":"Exordium Thugs","floor":12,"turns":5},{"damage":30,"enemies":"Replay:BlueRogue","floor":13,"turns":6},{"damage":61,"enemies":"Fading Forest","floor":16,"turns":11},{"damage":9,"enemies":"Spheric Guardian","floor":18,"turns":6},{"damage":0,"enemies":"Chosen","floor":19,"turns":7},{"damage":36,"enemies":"Snecko","floor":20,"turns":8},{"damage":53,"enemies":"Slavers","floor":23,"turns":7},{"damage":33,"enemies":"Shelled Parasite and Fungi","floor":24,"turns":2}],"seed_played":"2148896488625722925","potions_obtained":[{"floor":5,"key":"PowerPotion"},{"floor":6,"key":"PowerPotion"},{"floor":13,"key":"SkillPotion"},{"floor":18,"key":"Fire Potion"},{"floor":20,"key":"Milkshake"},{"floor":23,"key":"Dexterity Potion"}],"is_trial":false,"path_per_floor":["M","?","M","M","M","E","?","E","T","R","M","M","E","$","R","B",null,"M","M","M","$","?","E","M"],"character_chosen":"DEFECT","items_purchased":["DataDisk","FTL","Gremlin Food","Ancient Potion","SteroidPotion","Boot","MerchantsRug","Oddly Smooth Stone","Self Repair","BootSequence","Anchor","Defragment","Quantum Egg","DollysMirror","Snack Pack","Replay:Frozen Program"],"campfire_rested":2,"item_purchase_floors":[0,0,0,0,0,0,0,0,0,0,0,0,0,0,14,14],"current_hp_per_floor":[75,64,70,73,75,56,56,35,35,57,58,55,39,39,61,41,75,75,75,60,60,60,30,0,0],"gold":186,"neow_bonus":"","is_daily":false,"chose_seed":false,"campfire_upgraded":0,"win_rate":0.0,"timestamp":1613669684,"path_taken":["M","?","M","M","M","E","?","E","T","R","?","?","E","$","R","BOSS","M","M","M","$","?","E","M"],"items_purchased_type":["Relic","Card","Relic","Potion","Potion","Relic","Relic","Relic","Card","Card","Relic","Card","Relic","Relic","Relic","Relic"],"build_version":"2020-12-22","purchased_purges":0,"victory":false,"max_hp_per_floor":[75,75,75,75,75,75,75,75,75,75,75,75,75,75,75,75,75,75,75,75,75,75,75,75,75],"relic_stats":{"counters":[104,349],"Bag of Preparation":[12],"Boot":[65],"obtain_stats":[{"Replay:Accelerometer":48,"Whetstone":11,"Bottled Tornado":0,"Sling":38,"Boot":0,"Old Coin":8,"Replay:Ringing Soul":4,"Sundial":45,"MealTicket":25,"Fusion Hammer":17,"HandDrill":0,"Replay:Bottled Flurry":28,"Kunai":25,"Replay:Wax Seal":0,"Replay:Bottled Steam":28,"MerchantsRug":4,"Pear":0,"Blue Candle":0,"Counterbalance":36,"Pen Nib":9,"Akabeko":19,"Cables":54,"Runic Dome":34,"Bird Faced Urn":0,"MutagenicStrength":31,"Abe\u0027s Treasure":34,"Unceasing Top":53,"Solar Panel":9,"Carrot":29,"Lantern":0,"Regal Pillow":10,"Singing Bowl":46,"StoneCalendar":38,"Blue Doll":23,"Replay:Multitool":12,"Bag of Preparation":13,"Ancient Tea Set":0,"Pet Ghost":23,"Replay:Rubber Ducky":0,"WingedGreaves":14,"Replay:Bottled Eggs":0,"Potion Belt":45,"Lee\u0027s Waffle":41,"PreservedInsect":0,"Geode":0,"Omamori":0,"Ring of Greed":39,"MawBank":43,"Replay:Arrowhead":11,"Ornamental Fan":48,"Durian":0,"Garlic":0,"Bottled Lightning":7,"ReplayTheSpireMod:Lightbulb":0,"Toy Ornithopter":10,"Divine Protection":0,"Mark of the Bloom":37,"Gremlin Horn":0,"Runic Capacitor":0,"Raider\u0027s Mask":0,"Sozu":34,"Lizard Tail":0,"HornCleat":46,"Replay:Frozen Program":53,"DollysMirror":4,"Strawberry":0,"Prayer Wheel":0,"Iron Hammer":25,"Ring of Shattering":39,"Toxic Egg 2":4,"Girya":0,"Happy Flower":0,"Dead Branch":19,"Oddly Smooth Stone":26,"Letter Opener":28,"Replay:Kaleidoscope":13,"War Paint":41,"Question Card":0,"Du-Vu Doll":8,"OrangePellets":25,"Replay:Baseball":4,"Bottled Flame":8,"ReplayTheSpireMod:Shallot":0,"Shuriken":0,"Bronze Scales":0,"Simple Rune":41,"Onion Ring":6,"Molten Egg 2":26,"ReplayTheSpireMod:TigerMarble":0,"Mirror":0,"Pocketwatch":6,"Meat on the Bone":0,"Darkstone Periapt":26,"ReplayFunnel":41,"Replay:PocketPolymizer":4,"Mango":0,"Incense Burner":6,"Juzu Bracelet":0,"ClockworkSouvenir":12,"Frozen Eye":4,"Dream Catcher":0,"Nunchaku":4,"Replay:Bandana":43,"TheAbacus":7,"Chameleon Ring":0,"Mummified Hand":0,"Pantograph":0,"Gambling Chip":49,"Tiny Chest":39,"Replay:Bottled Snecko":7,"Cracked Core":0,"Gremlin Food":17,"BargainBundle":0,"ReplayTheSpireMod:Ninjato":17,"Replay:Towering Pillar of Hats":41,"Guide Book":0,"Quantum Egg":41,"Replay:WaspNest":12,"Orichalcum":38,"Medical Kit":0,"Mercury Hourglass":11,"Calling Bell":17,"Cauldron":41,"Strange Spoon":0,"CaptainsWheel":17,"Anchor":54,"DataDisk":0,"Bag of Marbles":19,"Snack Pack":14,"Coffee Dripper":17,"Membership Card":39,"FossilizedHelix":0,"ReplayTheSpireMod:ShopPack":19},{"Replay:Accelerometer":25,"Whetstone":7,"Bottled Tornado":63,"Sling":22,"Boot":63,"Old Coin":68,"Replay:Ringing Soul":3,"Sundial":24,"MealTicket":76,"Fusion Hammer":9,"HandDrill":26,"Replay:Bottled Flurry":78,"Kunai":14,"Replay:Wax Seal":63,"Replay:Bottled Steam":50,"MerchantsRug":3,"Pear":34,"Blue Candle":34,"Counterbalance":56,"Pen Nib":5,"Akabeko":10,"Cables":88,"Runic Dome":80,"Bird Faced Urn":63,"MutagenicStrength":79,"Abe\u0027s Treasure":19,"Unceasing Top":87,"Solar Panel":31,"Carrot":16,"Lantern":34,"Regal Pillow":39,"Singing Bowl":24,"StoneCalendar":22,"Blue Doll":48,"Replay:Multitool":7,"Bag of Preparation":98,"Ancient Tea Set":63,"Pet Ghost":14,"Replay:Rubber Ducky":34,"WingedGreaves":42,"Replay:Bottled Eggs":63,"Potion Belt":58,"Lee\u0027s Waffle":57,"PreservedInsect":34,"Geode":34,"Omamori":63,"Ring of Greed":56,"MawBank":23,"Replay:Arrowhead":39,"Ornamental Fan":60,"Durian":34,"Garlic":63,"Bottled Lightning":37,"ReplayTheSpireMod:Lightbulb":34,"Toy Ornithopter":32,"Divine Protection":34,"Mark of the Bloom":56,"Gremlin Horn":34,"Runic Capacitor":63,"Raider\u0027s Mask":34,"Sozu":54,"Lizard Tail":63,"HornCleat":24,"Replay:Frozen Program":61,"DollysMirror":3,"Strawberry":34,"Prayer Wheel":63,"Iron Hammer":14,"Ring of Shattering":56,"Toxic Egg 2":3,"Girya":63,"Happy Flower":34,"Dead Branch":73,"Oddly Smooth Stone":14,"Letter Opener":50,"Replay:Kaleidoscope":71,"War Paint":22,"Question Card":34,"Du-Vu Doll":5,"OrangePellets":14,"Replay:Baseball":28,"Bottled Flame":95,"ReplayTheSpireMod:Shallot":34,"Shuriken":63,"Bronze Scales":63,"Simple Rune":22,"Onion Ring":66,"Molten Egg 2":76,"ReplayTheSpireMod:TigerMarble":63,"Mirror":34,"Pocketwatch":37,"Meat on the Bone":63,"Darkstone Periapt":50,"ReplayFunnel":84,"Replay:PocketPolymizer":35,"Mango":63,"Incense Burner":30,"Juzu Bracelet":34,"ClockworkSouvenir":7,"Frozen Eye":28,"Dream Catcher":26,"Nunchaku":28,"Replay:Bandana":57,"TheAbacus":37,"Chameleon Ring":63,"Mummified Hand":63,"Pantograph":34,"Gambling Chip":86,"Tiny Chest":56,"Replay:Bottled Snecko":5,"Cracked Core":0,"Gremlin Food":43,"BargainBundle":63,"ReplayTheSpireMod:Ninjato":43,"Replay:Towering Pillar of Hats":57,"Guide Book":34,"Quantum Egg":57,"Replay:WaspNest":7,"Orichalcum":22,"Medical Kit":63,"Mercury Hourglass":39,"Calling Bell":43,"Cauldron":22,"Strange Spoon":26,"CaptainsWheel":43,"Anchor":62,"DataDisk":89,"Bag of Marbles":10,"Snack Pack":98,"Coffee Dripper":99,"Membership Card":56,"FossilizedHelix":63,"ReplayTheSpireMod:ShopPack":10},{"Replay:Accelerometer":66,"Whetstone":20,"Bottled Tornado":211,"Sling":60,"Boot":211,"Old Coin":220,"Replay:Ringing Soul":7,"Sundial":65,"MealTicket":238,"Fusion Hammer":28,"HandDrill":73,"Replay:Bottled Flurry":242,"Kunai":42,"Replay:Wax Seal":211,"Replay:Bottled Steam":164,"MerchantsRug":7,"Pear":108,"Blue Candle":108,"Counterbalance":184,"Pen Nib":15,"Akabeko":31,"Cables":262,"Runic Dome":248,"Bird Faced Urn":211,"MutagenicStrength":244,"Abe\u0027s Treasure":55,"Unceasing Top":261,"Solar Panel":94,"Carrot":46,"Lantern":108,"Regal Pillow":125,"Singing Bowl":65,"StoneCalendar":60,"Blue Doll":155,"Replay:Multitool":20,"Bag of Preparation":308,"Ancient Tea Set":211,"Pet Ghost":42,"Replay:Rubber Ducky":108,"WingedGreaves":133,"Replay:Bottled Eggs":211,"Potion Belt":191,"Lee\u0027s Waffle":187,"PreservedInsect":108,"Geode":108,"Omamori":211,"Ring of Greed":184,"MawBank":62,"Replay:Arrowhead":125,"Ornamental Fan":196,"Durian":108,"Garlic":211,"Bottled Lightning":118,"ReplayTheSpireMod:Lightbulb":108,"Toy Ornithopter":102,"Divine Protection":108,"Mark of the Bloom":184,"Gremlin Horn":108,"Runic Capacitor":211,"Raider\u0027s Mask":108,"Sozu":178,"Lizard Tail":211,"HornCleat":65,"Replay:Frozen Program":202,"DollysMirror":7,"Strawberry":108,"Prayer Wheel":211,"Iron Hammer":42,"Ring of Shattering":184,"Toxic Egg 2":7,"Girya":211,"Happy Flower":108,"Dead Branch":232,"Oddly Smooth Stone":42,"Letter Opener":164,"Replay:Kaleidoscope":226,"War Paint":60,"Question Card":108,"Du-Vu Doll":15,"OrangePellets":42,"Replay:Baseball":80,"Bottled Flame":294,"ReplayTheSpireMod:Shallot":108,"Shuriken":211,"Bronze Scales":211,"Simple Rune":60,"Onion Ring":216,"Molten Egg 2":238,"ReplayTheSpireMod:TigerMarble":211,"Mirror":108,"Pocketwatch":118,"Meat on the Bone":211,"Darkstone Periapt":164,"ReplayFunnel":253,"Replay:PocketPolymizer":110,"Mango":211,"Incense Burner":92,"Juzu Bracelet":108,"ClockworkSouvenir":20,"Frozen Eye":80,"Dream Catcher":73,"Nunchaku":80,"Replay:Bandana":187,"TheAbacus":118,"Chameleon Ring":211,"Mummified Hand":211,"Pantograph":108,"Gambling Chip":257,"Tiny Chest":184,"Replay:Bottled Snecko":15,"Cracked Core":0,"Gremlin Food":137,"BargainBundle":211,"ReplayTheSpireMod:Ninjato":137,"Replay:Towering Pillar of Hats":187,"Guide Book":108,"Quantum Egg":187,"Replay:WaspNest":20,"Orichalcum":60,"Medical Kit":211,"Mercury Hourglass":125,"Calling Bell":137,"Cauldron":60,"Strange Spoon":73,"CaptainsWheel":137,"Anchor":205,"DataDisk":265,"Bag of Marbles":31,"Snack Pack":308,"Coffee Dripper":319,"Membership Card":184,"FossilizedHelix":211,"ReplayTheSpireMod:ShopPack":31}]},"card_choices":[{"not_picked":["Crystallizer","Barrage"],"picked":"Defragment","floor":1},{"not_picked":["Rebound","Conserve Battery","Ball Lightning"],"picked":"SKIP","floor":3},{"not_picked":["Beam Cell","Rip and Tear"],"picked":"Cold Snap","floor":4},{"not_picked":["BasicCrystalCard","Steam Power"],"picked":"Hologram","floor":5},{"not_picked":["Melter","Sweeping Beam","ReplayTheSpireMod:System Scan"],"picked":"SKIP","floor":6},{"not_picked":["FTL","ReplaySort"],"picked":"Self Repair","floor":8},{"not_picked":["Stack","Mirror Shield"],"picked":"FIFO Queue","floor":11},{"not_picked":["Time Bomb","Undo"],"picked":"Reinforced Body","floor":12},{"not_picked":["Hello World","Turbo"],"picked":"Coolheaded","floor":13},{"not_picked":["ReplayTheSpireMod:Fabricate Wheel","Hyperbeam"],"picked":"Echo Form","floor":16},{"not_picked":["Conserve Battery","Glacier"],"picked":"Redo","floor":18},{"not_picked":["Rebound","Gash"],"picked":"FIFO Queue+1","floor":19},{"not_picked":["BasicCrystalCard+1","Reinforced Body+1","Blizzard"],"picked":"SKIP","floor":20},{"not_picked":["Ball Lightning","Gash+1"],"picked":"Turbo","floor":23}],"player_experience":77370,"relics_obtained":[{"floor":6,"key":"Blue Doll"},{"floor":8,"key":"Bottled Flame"},{"floor":9,"key":"Omamori"},{"floor":13,"key":"Bag of Preparation"},{"floor":23,"key":"Replay:Bottled Flurry"}],"event_choices":[{"damage_healed":0,"gold_gain":75,"player_choice":"Gather Gold","damage_taken":11,"max_hp_gain":0,"max_hp_loss":0,"event_name":"World of Goop","floor":2,"gold_loss":0},{"damage_healed":0,"gold_gain":0,"cards_transformed":["Strike_B"],"player_choice":"Transformed","damage_taken":0,"max_hp_gain":0,"max_hp_loss":0,"event_name":"Transmorgrifier","floor":7,"gold_loss":0,"cards_obtained":["Conserve Battery"]},{"cards_removed":["FIFO Queue"],"damage_healed":0,"gold_gain":0,"player_choice":"Purged","damage_taken":0,"max_hp_gain":0,"max_hp_loss":0,"event_name":"Purifier","floor":22,"gold_loss":0}],"is_beta":false,"boss_relics":[{"not_picked":["Replay:Grab Bag","Sozu"],"picked":"Coffee Dripper"}],"items_purged_floors":[],"is_endless":false,"potions_floor_spawned":[5,6,8,13,18,20,23],"killed_by":"Shelled Parasite and Fungi","ascension_level":4}}