{"host":"0awa854l6bexpjrv","time":1613630908,"event":{"mods":["BaseMod","Block Reminder","Colored Map","Colored Powertips","Downfall","Highlight Path","Minty Spire (QoL Compilation)","Quick Restart","Rare Cards Sparkle","StSLib","SuperFastMode"],"gold_per_floor":[109,109,129,129,149,149,3,3,56,56,56,20,43,68,68,198,198,211,1,1,14,59,59,75,27,82,82,82,82,117,131,131,255,255,275,298,314,45,45,88,11,35,61,61,76,76,94,112,112,112,112],"floor_reached":50,"language":"ENG","playtime":3333,"items_purged":["Injury","Strike_G+1"],"score":552,"play_id":"e81ab248-3694-4ed0-8275-947c5c489c41","local_time":"20210217224828","is_ascension_mode":true,"campfire_choices":[{"data":"Skewer","floor":6.0,"key":"SMITH"},{"data":"Well Laid Plans","floor":8.0,"key":"SMITH"},{"data":"PiercingWail","floor":11.0,"key":"SMITH"},{"floor":15.0,"key":"REST"},{"data":"RitualDagger","floor":23.0,"key":"SMITH"},{"floor":27.0,"key":"REST"},{"floor":29.0,"key":"REST"},{"floor":32,"key":"REST"},{"floor":44,"key":"REST"},{"floor":46,"key":"REST"},{"floor":49,"key":"REST"}],"circlet_count":0,"master_deck":["Strike_G+1","Defend_G+1","Defend_G+1","Defend_G+1","Defend_G+1","Defend_G+1","Survivor","Neutralize+1","Skewer+1","Well Laid Plans+1","All Out Attack","Heel Hook","PiercingWail+1","Terror","Sucker Punch","Dagger Spray","Unload","Noxious Fumes","Noxious Fumes","Venomology+1","RitualDagger+1","Dash+1","Escape Plan+1","Blade Dance","Dash","Heel Hook+1","A Thousand Cuts","Quick Slash+1","Accuracy","Blade Dance","Blur","Infinite Blades"],"relics":["Ring of the Serpent","Strawberry","Bronze Scales","Golden Idol","Nunchaku","Blood Vial","Lantern","Busted Crown","StrikeDummy","CeramicFish","Omamori"],"acts_visited":["Exordium","TheCity","TheBeyond"],"potions_floor_usage":[30,30,31,33,33,33,35,40,45,45,47,48,48,50,50],"damage_taken":[{"damage":2.0,"enemies":"Jaw Worm","floor":1.0,"turns":5.0},{"damage":3.0,"enemies":"2 Louse","floor":3.0,"turns":3.0},{"damage":2.0,"enemies":"Small Slimes","floor":5.0,"turns":2.0},{"damage":4.0,"enemies":"Blue Slaver","floor":13.0,"turns":4.0},{"damage":0.0,"enemies":"Lots of Slimes","floor":14.0,"turns":2.0},{"damage":35.0,"enemies":"Hexaghost","floor":16.0,"turns":9.0},{"damage":10.0,"enemies":"Chosen","floor":18.0,"turns":5.0},{"damage":2.0,"enemies":"3 Byrds","floor":21.0,"turns":3.0},{"damage":33.0,"enemies":"Sentry and Sphere","floor":24.0,"turns":5.0},{"damage":27,"enemies":"Slavers","floor":30,"turns":4},{"damage":13,"enemies":"Shelled Parasite and Fungi","floor":31,"turns":7},{"damage":55,"enemies":"Collector","floor":33,"turns":10},{"damage":4,"enemies":"3 Darklings","floor":35,"turns":5},{"damage":5,"enemies":"3 Shapes","floor":36,"turns":4},{"damage":17,"enemies":"Spire Growth","floor":37,"turns":4},{"damage":24,"enemies":"Nemesis","floor":40,"turns":5},{"damage":17,"enemies":"Writhing Mass","floor":45,"turns":4},{"damage":10,"enemies":"4 Shapes","floor":47,"turns":5},{"damage":8,"enemies":"3 Darklings","floor":48,"turns":4},{"damage":72,"enemies":"Time Eater","floor":50,"turns":5}],"seed_played":"3260329132086442982","potions_obtained":[{"floor":3.0,"key":"SmokeBomb"},{"floor":5.0,"key":"Fire Potion"},{"floor":13.0,"key":"FearPotion"},{"floor":14.0,"key":"SneckoOil"},{"floor":24.0,"key":"DuplicationPotion"},{"floor":31,"key":"hexamod:SoulburnPotion"},{"floor":40,"key":"Poison Potion"},{"floor":45,"key":"hexamod:SoulburnPotion"},{"floor":48,"key":"Explosive Potion"}],"is_trial":false,"path_per_floor":["M","?","M","?","M","R","$","R","T","?","R","$","M","M","R","B",null,"M","$","?","M","T","R","M","$","T","R","?","R","E","M","R","B",null,"M","M","M","$","?","E","$","T","T","R","M","R","M","M","R","B"],"character_chosen":"THE_SILENT","items_purchased":["Strawberry","Terror","Noxious Fumes","Venomology","Blade Dance","Accuracy","Blade Dance","Fire Potion","Infinite Blades"],"campfire_rested":7,"item_purchase_floors":[7,12,19,19,25,38,38,38,41],"current_hp_per_floor":[61,54,51,51,49,49,56,56,56,56,56,56,52,52,70,35,70,60,60,54,52,52,52,19,19,19,40,40,61,36,25,46,16,70,66,63,48,48,48,31,31,31,31,52,37,58,50,44,65,0,0],"gold":112,"neow_bonus":"TRANSFORM_TWO_CARDS","is_daily":false,"chose_seed":false,"campfire_upgraded":4,"win_rate":0.0,"timestamp":1613630908,"path_taken":["M","?","M","?","M","R","$","R","T","?","R","?","M","M","R","BOSS","M","?","?","M","?","R","M","$","T","R","?","R","E","M","R","BOSS","M","M","M","$","?","E","$","?","T","R","M","R","M","M","R","BOSS"],"items_purchased_type":["Relic","Card","Card","Card","Card","Card","Card","Potion","Card"],"build_version":"2020-12-22","purchased_purges":2,"victory":false,"max_hp_per_floor":[63,63,63,63,63,63,70,70,70,70,70,70,70,70,70,70,70,70,70,70,70,70,70,70,70,70,70,70,70,70,70,70,70,70,70,70,70,70,70,70,70,70,70,70,70,70,70,70,70,70,70],"card_choices":[{"not_picked":["Sucker Punch","Acrobatics"],"picked":"All Out Attack","floor":1.0},{"not_picked":["Catalyst","Skewer"],"picked":"Heel Hook","floor":3.0},{"not_picked":["Slice","Deflect"],"picked":"PiercingWail","floor":5.0},{"not_picked":["Finisher","Reflex"],"picked":"Sucker Punch","floor":13.0},{"not_picked":["Prepared","Deflect"],"picked":"Dagger Spray","floor":14.0},{"not_picked":["Envenom","Night Terror"],"picked":"Unload","floor":16.0},{"not_picked":["Eviscerate","Dagger Throw+1"],"picked":"Noxious Fumes","floor":18.0},{"not_picked":["Underhanded Strike","Dagger Throw"],"picked":"Dash+1","floor":21.0},{"not_picked":["Terror","Dagger Spray"],"picked":"Escape Plan+1","floor":24.0},{"not_picked":["Deadly Poison","Poisoned Stab+1"],"picked":"Dash","floor":30},{"not_picked":["Flying Knee","Backflip"],"picked":"Heel Hook+1","floor":31},{"not_picked":["Venomology","After Image"],"picked":"A Thousand Cuts","floor":33},{"not_picked":[],"picked":"Quick Slash+1","floor":35},{"not_picked":["Flying Knee+1"],"picked":"SKIP","floor":36},{"not_picked":["Deflect"],"picked":"SKIP","floor":37},{"not_picked":[],"picked":"Blur","floor":40},{"not_picked":["Cloak And Dagger"],"picked":"SKIP","floor":45},{"not_picked":["Dagger Throw"],"picked":"SKIP","floor":47},{"not_picked":["Prepared"],"picked":"SKIP","floor":48}],"player_experience":796295,"relics_obtained":[{"floor":9.0,"key":"Bronze Scales"},{"floor":22.0,"key":"Nunchaku"},{"floor":26.0,"key":"Blood Vial"},{"floor":30,"key":"Lantern"},{"floor":40,"key":"StrikeDummy"},{"floor":42,"key":"CeramicFish"},{"floor":43,"key":"Omamori"}],"event_choices":[{"cards_removed":["Strike_G"],"damage_healed":0.0,"max_hp_gain":0.0,"max_hp_loss":0.0,"gold_gain":0.0,"event_name":"Golden Wing","player_choice":"Card Removal","floor":2.0,"gold_loss":0.0,"damage_taken":7.0},{"damage_healed":0.0,"max_hp_gain":0.0,"max_hp_loss":0.0,"gold_gain":0.0,"event_name":"Living Wall","player_choice":"Grow","floor":4.0,"gold_loss":0.0,"damage_taken":0.0,"cards_upgraded":["Neutralize"]},{"damage_healed":0.0,"max_hp_gain":0.0,"max_hp_loss":0.0,"gold_gain":0.0,"event_name":"Golden Idol","player_choice":"Take Wound","floor":10.0,"gold_loss":0.0,"damage_taken":0.0,"relics_obtained":["Golden Idol"],"cards_obtained":["Injury"]},{"damage_healed":0.0,"max_hp_gain":0.0,"max_hp_loss":0.0,"gold_gain":0.0,"event_name":"Nest","player_choice":"Joined the Cult","floor":20.0,"gold_loss":0.0,"damage_taken":6.0,"cards_obtained":["RitualDagger"]},{"damage_healed":0.0,"max_hp_gain":0.0,"max_hp_loss":0.0,"gold_gain":0.0,"event_name":"Back to Basics","player_choice":"Simplicity","floor":28.0,"gold_loss":0.0,"damage_taken":0.0,"cards_upgraded":["Strike_G","Strike_G","Defend_G","Defend_G","Defend_G","Defend_G","Defend_G"]},{"damage_healed":0,"gold_gain":0,"player_choice":"Forge","damage_taken":0,"max_hp_gain":0,"max_hp_loss":0,"event_name":"Accursed Blacksmith","floor":39,"gold_loss":0,"cards_upgraded":["Venomology"]}],"is_beta":false,"boss_relics":[{"not_picked":["Pandora\u0027s Box","Calling Bell"],"picked":"Ring of the Serpent"},{"not_picked":["bronze:MakeshiftBattery","Black Star"],"picked":"Busted Crown"}],"items_purged_floors":[19,38],"is_endless":false,"potions_floor_spawned":[3,5,13,14,18,24,31,40,45,48],"killed_by":"Time Eater","ascension_level":3}}