{"host":"61r95uy0hn86b9iu","time":1613621366,"event":{"mods":["AchievementEnabler","BaseMod","Better Vampires","BetterRewards","Colored Powertips","Hubris","Minty Spire (QoL Compilation)","Shop Mod","StSLib"],"gold_per_floor":[118,118,118,118,118,150,167,187,187,214,118,118,131,150,150,227,227,247,38,72,72,91,91,18,18,43,77,77,77],"floor_reached":28,"language":"ENG","playtime":760,"items_purged":["Strike_B"],"score":700,"play_id":"c3e85e8c-d757-4362-967b-ba145da2a4ac","local_time":"20210217220926","is_ascension_mode":true,"campfire_choices":[{"floor":12,"key":"REST"},{"floor":15,"key":"REST"},{"data":"Fission","floor":23,"key":"SMITH"}],"circlet_count":0,"master_deck":["AscendersBane","Strike_B","Defend_B","Zap","Dualcast+1","Glacier","Loop","Go for the Eyes","Conserve Battery","hubris:PowerSurge","Doom and Gloom","Sweeping Beam","Conserve Battery","Capacitor","Fission+1","Capacitor","Cold Snap","hubris:Ukulele","Apotheosis+1"],"relics":["Cracked Core","hubris:BallOfYels","Symbiotic Virus","CaptainsWheel","Emotion Chip","MerchantsRug","Red Mask","hubris:SoftwareUpdate","Bronze Scales","War Paint"],"acts_visited":["Exordium","TheCity"],"potions_floor_usage":[16,20,20,27],"damage_taken":[{"damage":0,"enemies":"Small Slimes","floor":1,"turns":3},{"damage":26,"enemies":"Gremlin Nob","floor":6,"turns":6},{"damage":0,"enemies":"Jaw Worm","floor":7,"turns":2},{"damage":0,"enemies":"Cultist","floor":8,"turns":3},{"damage":8,"enemies":"Exordium Thugs","floor":13,"turns":3},{"damage":0,"enemies":"Large Slime","floor":14,"turns":3},{"damage":3,"enemies":"The Guardian","floor":16,"turns":8},{"damage":0,"enemies":"Spheric Guardian","floor":18,"turns":4},{"damage":21,"enemies":"Masked Bandits","floor":20,"turns":4},{"damage":8,"enemies":"Shell Parasite","floor":22,"turns":6},{"damage":45,"enemies":"Slavers","floor":27,"turns":4},{"damage":10,"enemies":"3 Cultists","floor":28,"turns":4}],"seed_played":"8416024713121087378","potions_obtained":[{"floor":7,"key":"Explosive Potion"},{"floor":14,"key":"FocusPotion"},{"floor":16,"key":"Block Potion"},{"floor":20,"key":"PowerPotion"}],"is_trial":false,"path_per_floor":["M","?","T","$","T","E","M","M","T","T","$","R","M","M","R","B",null,"M","$","?","?","M","R","$","T","T","E","M"],"character_chosen":"DEFECT","items_purchased":["Glacier","Loop","hubris:BallOfYels","Go for the Eyes","MerchantsRug","Capacitor","Lee\u0027s Waffle","Apotheosis"],"campfire_rested":2,"item_purchase_floors":[0,0,0,0,11,19,19,24],"current_hp_per_floor":[43,43,43,43,43,17,17,17,17,17,17,38,30,30,51,48,65,65,78,57,57,49,49,49,49,49,4,0,0],"gold":77,"neow_bonus":"","is_daily":false,"chose_seed":false,"campfire_upgraded":1,"win_rate":0.0,"timestamp":1613621366,"path_taken":["M","?","?","$","?","E","M","?","T","?","$","R","M","M","R","BOSS","M","$","?","?","M","R","?","?","T","E","M"],"items_purchased_type":["Card","Card","Relic","Card","Relic","Card","Relic","Card"],"build_version":"2020-12-22","purchased_purges":1,"victory":false,"max_hp_per_floor":[71,71,71,71,71,71,71,71,71,71,71,71,71,71,71,71,71,71,78,78,78,78,78,78,78,78,78,78,78],"card_choices":[{"not_picked":["Leap","Cold Snap"],"picked":"Conserve Battery","floor":1},{"not_picked":["Barrage","Stack","Heatsinks"],"picked":"SKIP","floor":6},{"not_picked":["Chaos","Blizzard"],"picked":"Doom and Gloom","floor":7},{"not_picked":["Aggregate","Beam Cell","Cold Snap"],"picked":"SKIP","floor":8},{"not_picked":["All For One","Stack"],"picked":"Sweeping Beam","floor":12},{"not_picked":["Force Field","Sweeping Beam"],"picked":"Conserve Battery","floor":13},{"not_picked":["Rip and Tear","Compile Driver"],"picked":"Capacitor","floor":14},{"not_picked":["Force Field","Storm"],"picked":"Fission","floor":15},{"not_picked":["Beam Cell","Heatsinks","Steam"],"picked":"SKIP","floor":18},{"not_picked":["Melter+1","Auto Shields","Hologram"],"picked":"SKIP","floor":22},{"not_picked":["Steam+1","Aggregate","Auto Shields"],"picked":"SKIP","floor":27}],"player_experience":3372799,"relics_obtained":[{"floor":3,"key":"InkBottle"},{"floor":5,"key":"CaptainsWheel"},{"floor":6,"key":"Emotion Chip"},{"floor":9,"key":"Dream Catcher"},{"floor":20,"key":"Red Mask"},{"floor":25,"key":"hubris:SoftwareUpdate"},{"floor":26,"key":"Bronze Scales"},{"floor":27,"key":"War Paint"}],"event_choices":[{"damage_healed":0,"gold_gain":0,"cards_transformed":["Strike_B"],"player_choice":"Change","damage_taken":0,"max_hp_gain":0,"max_hp_loss":0,"event_name":"Living Wall","floor":2,"gold_loss":0,"cards_obtained":["hubris:PowerSurge"]},{"damage_healed":0,"gold_gain":0,"player_choice":"Fought Bandits","damage_taken":0,"max_hp_gain":0,"max_hp_loss":0,"event_name":"Masked Bandits","floor":20,"gold_loss":0},{"damage_healed":0,"gold_gain":0,"cards_transformed":["Strike_B","Defend_B"],"player_choice":"Became Test Subject","damage_taken":0,"max_hp_gain":0,"max_hp_loss":0,"event_name":"Drug Dealer","floor":21,"gold_loss":0,"cards_obtained":["Cold Snap","hubris:Ukulele"]}],"is_beta":false,"boss_relics":[{"not_picked":["hubris:HollowSoul","hubris:CrackedHourglass"],"picked":"Empty Cage"}],"items_purged_floors":[0],"is_endless":false,"potions_floor_spawned":[7,14,16,20],"killed_by":"3 Cultists","ascension_level":19}}