{"host":"6bsan6hkua32tfq7","time":1613678689,"event":{"mods":["BaseMod","Better Third Choice","Colored Map","Highlight Path","Minty Spire (QoL Compilation)","StSLib"],"gold_per_floor":[210,223,148,162,177,207,207,539,620,620,620],"floor_reached":10,"language":"ENG","playtime":232,"items_purged":[],"score":156,"play_id":"6b54dacb-4dd9-4c2c-914b-90fa44adf207","local_time":"20210218210449","is_ascension_mode":true,"campfire_choices":[{"floor":7,"key":"REST"}],"circlet_count":0,"master_deck":["AscendersBane","Strike_B","Strike_B","Strike_B","Strike_B","Defend_B","Defend_B","Defend_B","Zap","Dualcast","Steam","Self Repair","Gash","Gash","Steam","Gash"],"relics":["Cracked Core","Sundial","Old Coin","Symbiotic Virus"],"acts_visited":["Exordium"],"potions_floor_usage":[6,8,10],"damage_taken":[{"damage":1,"enemies":"Cultist","floor":1,"turns":3},{"damage":0,"enemies":"2 Louse","floor":2,"turns":2},{"damage":15,"enemies":"Small Slimes","floor":4,"turns":4},{"damage":6,"enemies":"Blue Slaver","floor":5,"turns":4},{"damage":29,"enemies":"Lagavulin","floor":6,"turns":7},{"damage":15,"enemies":"3 Sentries","floor":8,"turns":7},{"damage":53,"enemies":"Gremlin Nob","floor":10,"turns":4}],"seed_played":"-718130314340952744","potions_obtained":[{"floor":2,"key":"LiquidMemories"},{"floor":4,"key":"AttackPotion"},{"floor":8,"key":"GamblersBrew"}],"is_trial":false,"path_per_floor":["M","M","?","M","M","E","R","E","T","E"],"character_chosen":"DEFECT","items_purchased":[],"campfire_rested":1,"item_purchase_floors":[],"current_hp_per_floor":[63,63,63,55,56,34,55,47,47,0,0],"gold":620,"neow_bonus":"HUNDRED_GOLD","is_daily":false,"chose_seed":false,"campfire_upgraded":0,"win_rate":0.0,"timestamp":1613678689,"path_taken":["M","?","?","M","M","E","R","E","T","E"],"items_purchased_type":[],"build_version":"2020-12-22","purchased_purges":0,"victory":false,"max_hp_per_floor":[71,71,71,71,71,71,71,71,71,71,71],"card_choices":[{"not_picked":["Turbo","Coolheaded"],"picked":"Steam","floor":1},{"not_picked":["Aggregate","FTL"],"picked":"Self Repair","floor":2},{"not_picked":["Hologram","Skim"],"picked":"Gash","floor":4},{"not_picked":["Hyperbeam","Blizzard"],"picked":"Gash","floor":5},{"not_picked":["Stack","Cold Snap"],"picked":"Steam","floor":6},{"not_picked":["Leap","Turbo"],"picked":"Gash","floor":8}],"player_experience":5434660,"relics_obtained":[{"floor":6,"key":"Sundial"},{"floor":8,"key":"Old Coin"},{"floor":9,"key":"Symbiotic Virus"}],"event_choices":[{"cards_removed":["Defend_B"],"damage_healed":0,"gold_gain":0,"player_choice":"Card Removal","damage_taken":0,"max_hp_gain":0,"max_hp_loss":0,"event_name":"The Cleric","floor":3,"gold_loss":75}],"is_beta":false,"boss_relics":[],"items_purged_floors":[],"is_endless":false,"potions_floor_spawned":[2,4,8],"killed_by":"Gremlin Nob","ascension_level":20}}