{"host":"8ztb9kwpjc2zof9s","time":1613625838,"event":{"mods":["BaseMod","Block Reminder","Curses Come First","Minty Spire (QoL Compilation)","Relic Stats","StSLib"],"gold_per_floor":[363,65,75,25,40,75,75,104,129,129,204,204,204,232,232,232,232],"floor_reached":16,"language":"ENG","playtime":976,"items_purged":[],"score":191,"play_id":"f8078e9b-c328-487c-90ed-544fd882496a","local_time":"20210217212358","is_ascension_mode":true,"campfire_choices":[{"floor":7,"key":"REST"},{"floor":10,"key":"REST"},{"data":"Well Laid Plans","floor":13,"key":"SMITH"},{"floor":15,"key":"REST"}],"circlet_count":0,"master_deck":["AscendersBane","Strike_G","Strike_G+1","Strike_G","Strike_G","Defend_G+1","Defend_G","Defend_G","Defend_G","Defend_G","Survivor","Neutralize+1","Well Laid Plans+1","Cloak And Dagger+1","Deadly Poison","Accuracy","Dash"],"relics":["Ring of the Snake","Mummified Hand","War Paint","Smiling Mask","Whetstone","Juzu Bracelet"],"acts_visited":["Exordium"],"potions_floor_usage":[6,14,16],"damage_taken":[{"damage":0,"enemies":"Cultist","floor":1,"turns":5},{"damage":0,"enemies":"2 Louse","floor":3,"turns":3},{"damage":1,"enemies":"Small Slimes","floor":5,"turns":4},{"damage":36,"enemies":"Gremlin Nob","floor":6,"turns":5},{"damage":20,"enemies":"Lagavulin","floor":8,"turns":8},{"damage":14,"enemies":"3 Sentries","floor":14,"turns":10},{"damage":41,"enemies":"Slime Boss","floor":16,"turns":8}],"seed_played":"-5648333031332015958","potions_obtained":[{"floor":3,"key":"CultistPotion"},{"floor":8,"key":"Fire Potion"},{"floor":14,"key":"PowerPotion"}],"is_trial":false,"path_per_floor":["M","$","M","$","M","E","R","E","T","R","?","?","R","E","R","B"],"character_chosen":"THE_SILENT","items_purchased":["Well Laid Plans","Mummified Hand","Cloak And Dagger"],"campfire_rested":3,"item_purchase_floors":[2,2,4],"current_hp_per_floor":[63,63,63,63,62,26,44,24,24,42,31,31,31,17,35,0,0],"gold":232,"neow_bonus":"TWO_FIFTY_GOLD","is_daily":false,"chose_seed":false,"campfire_upgraded":1,"win_rate":0.0,"timestamp":1613625838,"path_taken":["M","$","M","$","M","E","R","E","T","R","?","?","R","E","R","BOSS"],"items_purchased_type":["Card","Relic","Card"],"build_version":"2020-12-22","purchased_purges":0,"victory":false,"max_hp_per_floor":[63,63,63,63,63,63,63,63,63,63,63,63,63,63,63,63,63],"relic_stats":{"counters":[7,43],"Mummified Hand":[9],"Juzu Bracelet":0,"Whetstone":["Neutralize","Strike_G"],"War Paint":["Cloak And Dagger","Defend_G"],"Smiling Mask":0,"obtain_stats":[{"Mummified Hand":2,"Juzu Bracelet":14,"Whetstone":9,"War Paint":6,"Smiling Mask":8,"Ring of the Snake":0},{"Mummified Hand":1,"Juzu Bracelet":6,"Whetstone":5,"War Paint":4,"Smiling Mask":5,"Ring of the Snake":0},{"Mummified Hand":5,"Juzu Bracelet":35,"Whetstone":25,"War Paint":17,"Smiling Mask":25,"Ring of the Snake":0}],"Ring of the Snake":[14]},"card_choices":[{"not_picked":["Deflect","Acrobatics","Flying Knee"],"picked":"SKIP","floor":1},{"not_picked":["Eviscerate","Poisoned Stab","Dodge and Roll"],"picked":"SKIP","floor":3},{"not_picked":["Dodge and Roll","Terror","Bouncing Flask"],"picked":"SKIP","floor":5},{"not_picked":["Dodge and Roll","Acrobatics"],"picked":"Deadly Poison","floor":6},{"not_picked":["Caltrops","Setup"],"picked":"Accuracy","floor":8},{"not_picked":["Concentrate","Expertise"],"picked":"Dash","floor":14}],"player_experience":355380,"relics_obtained":[{"floor":6,"key":"War Paint"},{"floor":8,"key":"Smiling Mask"},{"floor":9,"key":"Whetstone"},{"floor":14,"key":"Juzu Bracelet"}],"event_choices":[{"damage_healed":0,"gold_gain":75,"player_choice":"Gather Gold","damage_taken":11,"max_hp_gain":0,"max_hp_loss":0,"event_name":"World of Goop","floor":11,"gold_loss":0},{"cards_removed":["Strike_G"],"damage_healed":0,"gold_gain":0,"player_choice":"Forget","damage_taken":0,"max_hp_gain":0,"max_hp_loss":0,"event_name":"Living Wall","floor":12,"gold_loss":0}],"is_beta":false,"boss_relics":[],"items_purged_floors":[],"is_endless":false,"potions_floor_spawned":[3,8,14],"killed_by":"Slime Boss","ascension_level":13}}