{"host":"prxrhpgaxnj4om9r","time":1613613483,"event":{"mods":["AchievementEnabler","BaseMod","Colored Map","DeckTracker","Minty Spire (QoL Compilation)"],"gold_per_floor":[115,115,136,157,157,192,192,192,192],"floor_reached":8,"language":"KOR","playtime":231,"items_purged":[],"score":56,"play_id":"27907e1a-b6fe-4676-b098-0c61fa9ae3fb","local_time":"20210218105803","is_ascension_mode":false,"campfire_choices":[{"floor":7,"key":"REST"}],"circlet_count":0,"master_deck":["Strike_P","Strike_P","Strike_P","Strike_P","Defend_P","Defend_P","Defend_P","Eruption","Vigilance","Enlightenment","FollowUp","Halt","Meditate","Protect"],"relics":["PureWater","Golden Idol","StoneCalendar"],"acts_visited":["Exordium"],"potions_floor_usage":[6,8,8,8],"damage_taken":[{"damage":2,"enemies":"Cultist","floor":1,"turns":3},{"damage":16,"enemies":"Small Slimes","floor":3,"turns":3},{"damage":0,"enemies":"2 Louse","floor":4,"turns":3},{"damage":18,"enemies":"Gremlin Nob","floor":6,"turns":3},{"damage":36,"enemies":"Lagavulin","floor":8,"turns":2}],"seed_played":"-5588007838855947227","potions_obtained":[{"floor":6,"key":"EntropicBrew"}],"is_trial":false,"path_per_floor":["M","?","M","M","?","E","R","E"],"character_chosen":"WATCHER","items_purchased":[],"campfire_rested":1,"item_purchase_floors":[],"current_hp_per_floor":[70,52,36,36,29,11,32,0,0],"gold":192,"neow_bonus":"RANDOM_COLORLESS","is_daily":false,"chose_seed":false,"campfire_upgraded":0,"win_rate":0.0,"timestamp":1613613483,"path_taken":["M","?","M","M","?","E","R","E"],"items_purchased_type":[],"build_version":"2020-12-22","purchased_purges":0,"victory":false,"max_hp_per_floor":[72,72,72,72,72,72,72,72,72],"card_choices":[{"not_picked":["Purity","Blind"],"picked":"Enlightenment","floor":0},{"not_picked":["Swivel","FlurryOfBlows"],"picked":"FollowUp","floor":1},{"not_picked":["Wireheading","WindmillStrike"],"picked":"Halt","floor":3},{"not_picked":["Crescendo","EmptyMind"],"picked":"Meditate","floor":4},{"not_picked":["Wireheading","Consecrate"],"picked":"Protect","floor":6}],"player_experience":506426,"relics_obtained":[{"floor":6,"key":"StoneCalendar"}],"event_choices":[{"damage_healed":0,"gold_gain":0,"player_choice":"Take Damage","damage_taken":18,"relics_obtained":["Golden Idol"],"max_hp_gain":0,"max_hp_loss":0,"event_name":"Golden Idol","floor":2,"gold_loss":0},{"cards_removed":["Defend_P"],"damage_healed":0,"gold_gain":0,"player_choice":"Card Removal","damage_taken":7,"max_hp_gain":0,"max_hp_loss":0,"event_name":"Golden Wing","floor":5,"gold_loss":0}],"is_beta":false,"boss_relics":[],"items_purged_floors":[],"is_endless":false,"potions_floor_spawned":[6],"killed_by":"Lagavulin","ascension_level":0}}