{"host":"kwyq3wo3fj8d4s27","time":1613634364,"event":{"mods":["AchievementEnabler","BaseMod","Colored Map","Highlight Path","Minty Spire (QoL Compilation)","StSLib"],"gold_per_floor":[118,128,128,145,4529,4555,4555,4567,4592,4592,4610,4665,3968,3979,3979,4082,4082,4064,4064,4078,4093,3395,3395,2760,2760,2760,5000,5017,5029,5078,5090,5090,5185,5185,5195,5212,5212,5227,5237,5237,5263,5263,5263,5313,4966,4966,4986,5011,5011,5011,5011,5011,4406,4434,4434],"floor_reached":56,"language":"ENG","playtime":3156,"items_purged":["Strike_P","Strike_P","Strike_P","Strike_P","Parasite","Defend_P"],"score":1532,"play_id":"1c062d23-ba90-4eaf-8e07-5b18ce94357a","local_time":"20210217234604","is_ascension_mode":true,"campfire_choices":[{"floor":7,"key":"RECALL"},{"data":"Defend_P","floor":10,"key":"SMITH"},{"data":"PathToVictory","floor":15,"key":"SMITH"},{"data":"Defend_P","floor":23,"key":"SMITH"},{"data":"Study","floor":25,"key":"SMITH"},{"data":"Nirvana","floor":32,"key":"SMITH"},{"data":"InnerPeace","floor":40,"key":"SMITH"},{"data":"Madness","floor":42,"key":"SMITH"},{"data":"Madness","floor":49,"key":"SMITH"},{"floor":52,"key":"DIG"}],"circlet_count":0,"master_deck":["Defend_P+1","Defend_P+1","Defend_P","Vigilance+1","PathToVictory+1","Establishment","Study+1","Nirvana+1","DeusExMachina","InnerPeace+1","Madness+1","Madness+1","EmptyMind+1"],"relics":["PureWater","NeowsBlessing","ClockworkSouvenir","Strawberry","Shuriken","Smiling Mask","Art of War","Anchor","Sundial","Darkstone Periapt","Orrery","Coffee Dripper","Damaru","Ice Cream","Strange Spoon","Melange","Ancient Tea Set","GoldenEye","Regal Pillow","Runic Pyramid","Bronze Scales","Frozen Egg 2","Shovel","Oddly Smooth Stone","Omamori","Mercury Hourglass","Mummified Hand","OrangePellets","Happy Flower","Pantograph","Nunchaku"],"acts_visited":["Exordium","TheCity","TheBeyond","TheEnding"],"potions_floor_usage":[],"damage_taken":[{"damage":0,"enemies":"Jaw Worm","floor":1,"turns":1},{"damage":0,"enemies":"Cultist","floor":2,"turns":1},{"damage":0,"enemies":"2 Louse","floor":4,"turns":1},{"damage":47,"enemies":"Gremlin Nob","floor":6,"turns":4},{"damage":24,"enemies":"Lots of Slimes","floor":8,"turns":3},{"damage":23,"enemies":"Blue Slaver","floor":11,"turns":3},{"damage":94,"enemies":"Lagavulin Event","floor":12,"turns":8},{"damage":0,"enemies":"Large Slime","floor":14,"turns":5},{"damage":34,"enemies":"Hexaghost","floor":16,"turns":9},{"damage":36,"enemies":"2 Thieves","floor":18,"turns":4},{"damage":1,"enemies":"Chosen","floor":20,"turns":4},{"damage":31,"enemies":"Centurion and Healer","floor":21,"turns":7},{"damage":0,"enemies":"Snecko","floor":28,"turns":4},{"damage":0,"enemies":"Cultist and Chosen","floor":29,"turns":5},{"damage":11,"enemies":"Snake Plant","floor":31,"turns":4},{"damage":3,"enemies":"Champ","floor":33,"turns":8},{"damage":23,"enemies":"3 Darklings","floor":35,"turns":5},{"damage":13,"enemies":"3 Shapes","floor":36,"turns":9},{"damage":0,"enemies":"Spire Growth","floor":38,"turns":4},{"damage":14,"enemies":"Writhing Mass","floor":39,"turns":5},{"damage":40,"enemies":"Nemesis","floor":41,"turns":7},{"damage":26,"enemies":"Mind Bloom Boss Battle","floor":44,"turns":5},{"damage":35,"enemies":"Jaw Worm Horde","floor":47,"turns":5},{"damage":42,"enemies":"Reptomancer","floor":48,"turns":4},{"damage":0,"enemies":"Donu and Deca","floor":50,"turns":3},{"damage":134,"enemies":"Shield and Spear","floor":54,"turns":8},{"damage":85,"enemies":"The Heart","floor":55,"turns":6}],"seed_played":"2432959776104087892","potions_obtained":[{"floor":4,"key":"SkillPotion"},{"floor":6,"key":"DuplicationPotion"},{"floor":11,"key":"SkillPotion"}],"is_trial":false,"path_per_floor":["M","M","?","M","$","E","R","M","T","R","M","?","$","M","R","B",null,"M","?","M","M","$","R","$","R","T","?","M","M","T","M","R","B",null,"M","M","?","M","M","R","E","R","T","?","$","?","M","E","R","B",null,"R","$","E","B",null],"character_chosen":"WATCHER","items_purchased":["ClockworkSouvenir","Strawberry","Shuriken","Sundial","Darkstone Periapt","Orrery","Damaru","Ice Cream","Strange Spoon","Study","Melange","Ancient Tea Set","GoldenEye","Oddly Smooth Stone","Omamori","OrangePellets","Happy Flower","Pantograph"],"campfire_rested":0,"item_purchase_floors":[5,5,5,13,13,13,22,22,22,22,24,24,24,45,45,53,53,53],"current_hp_per_floor":[72,72,72,72,79,79,79,79,79,79,56,79,79,79,79,45,79,43,43,42,69,69,69,69,69,69,69,69,69,69,58,58,55,79,79,66,56,56,48,48,85,85,85,85,82,82,74,82,82,82,82,82,82,41,57],"gold":4434,"neow_bonus":"THREE_ENEMY_KILL","is_daily":false,"chose_seed":false,"campfire_upgraded":8,"win_rate":0.0,"timestamp":1613634364,"path_taken":["M","M","?","M","$","E","R","M","T","R","?","?","$","M","R","BOSS","M","?","?","M","$","R","$","R","T","?","M","M","?","M","R","BOSS","M","M","?","M","M","R","E","R","T","?","$","?","M","E","R","BOSS","R","$","E","BOSS"],"items_purchased_type":["Relic","Relic","Relic","Relic","Relic","Relic","Relic","Relic","Relic","Card","Relic","Relic","Relic","Relic","Relic","Relic","Relic","Relic"],"build_version":"2020-12-22","purchased_purges":6,"victory":true,"max_hp_per_floor":[72,72,72,72,79,79,79,79,79,79,79,79,79,79,79,79,79,79,79,79,79,79,79,79,79,79,79,79,79,79,79,79,79,79,79,79,79,79,85,85,85,85,85,85,82,82,82,82,82,82,82,82,82,82,82],"card_choices":[{"not_picked":["SashWhip","ThirdEye","CutThroughFate"],"picked":"SKIP","floor":1},{"not_picked":["WreathOfFlame","MentalFortress","EmptyBody"],"picked":"SKIP","floor":2},{"not_picked":["SignatureMove","BowlingBash","EmptyFist"],"picked":"SKIP","floor":4},{"not_picked":["Pray","JustLucky","Wireheading"],"picked":"SKIP","floor":6},{"not_picked":["WreathOfFlame","Protect","WheelKick"],"picked":"SKIP","floor":8},{"not_picked":["Judgement","JustLucky","DeceiveReality"],"picked":"SKIP","floor":11},{"not_picked":["Wireheading","CrushJoints"],"picked":"PathToVictory","floor":14},{"not_picked":["Omniscience","Ragnarok"],"picked":"Establishment","floor":16},{"not_picked":["EmptyFist","Crescendo","EmptyMind"],"picked":"SKIP","floor":18},{"not_picked":["SignatureMove","DeceiveReality","FlurryOfBlows+1"],"picked":"SKIP","floor":20},{"not_picked":["Swivel+1","Wallop","WreathOfFlame+1"],"picked":"SKIP","floor":21},{"not_picked":["Evaluate","Tantrum","SashWhip"],"picked":"SKIP","floor":28},{"not_picked":["Halt","CrushJoints"],"picked":"Nirvana","floor":29},{"not_picked":["EmptyBody","FlyingSleeves+1","PathToVictory"],"picked":"SKIP","floor":31},{"not_picked":["Blasphemy","Vault"],"picked":"DeusExMachina","floor":33},{"not_picked":["Vengeance","WindmillStrike+1","WheelKick+1"],"picked":"SKIP","floor":35},{"not_picked":["Weave","ForeignInfluence"],"picked":"InnerPeace","floor":36},{"not_picked":["FlurryOfBlows","FlyingSleeves","ThirdEye+1"],"picked":"SKIP","floor":38},{"not_picked":["EmptyBody","JustLucky+1"],"picked":"EmptyMind+1","floor":39},{"not_picked":["FollowUp","ClearTheMind+1","Consecrate+1"],"picked":"SKIP","floor":41},{"not_picked":["ClearTheMind+1","Crescendo","BattleHymn+1"],"picked":"SKIP","floor":47},{"not_picked":["Prostrate+1","ThirdEye","Protect+1"],"picked":"SKIP","floor":48},{"not_picked":["SashWhip","Evaluate","TalkToTheHand"],"picked":"SKIP","floor":54}],"player_experience":40025,"relics_obtained":[{"floor":6,"key":"Smiling Mask"},{"floor":9,"key":"Art of War"},{"floor":12,"key":"Anchor"},{"floor":30,"key":"Regal Pillow"},{"floor":41,"key":"Bronze Scales"},{"floor":43,"key":"Frozen Egg 2"},{"floor":44,"key":"Shovel"},{"floor":48,"key":"Mercury Hourglass"},{"floor":52,"key":"Mummified Hand"},{"floor":54,"key":"Nunchaku"}],"event_choices":[{"damage_healed":0,"gold_gain":0,"player_choice":"Forge","damage_taken":0,"max_hp_gain":0,"max_hp_loss":0,"event_name":"Accursed Blacksmith","floor":3,"gold_loss":0,"cards_upgraded":["Vigilance"]},{"damage_healed":0,"gold_gain":0,"player_choice":"Searched \u00271\u0027 times","damage_taken":0,"max_hp_gain":0,"max_hp_loss":0,"event_name":"Dead Adventurer","floor":12,"gold_loss":0},{"damage_healed":0,"gold_gain":0,"player_choice":"0 cards matched","damage_taken":0,"max_hp_gain":0,"max_hp_loss":0,"event_name":"Match and Keep!","floor":19,"gold_loss":0,"cards_obtained":[]},{"damage_healed":0,"gold_gain":0,"player_choice":"Paid Fearfully","damage_taken":0,"max_hp_gain":0,"max_hp_loss":0,"event_name":"Masked Bandits","floor":27,"gold_loss":2760},{"damage_healed":0,"gold_gain":0,"player_choice":"Embrace Madness","damage_taken":10,"max_hp_gain":0,"max_hp_loss":0,"event_name":"Winding Halls","floor":37,"gold_loss":0,"cards_obtained":["Madness","Madness"]},{"damage_healed":0,"gold_gain":0,"player_choice":"Fight","damage_taken":0,"max_hp_gain":0,"max_hp_loss":0,"event_name":"MindBloom","floor":44,"gold_loss":0},{"cards_removed":["Eruption"],"damage_healed":0,"gold_gain":0,"player_choice":"Removed Attack","damage_taken":0,"max_hp_gain":0,"max_hp_loss":0,"event_name":"Falling","floor":46,"gold_loss":0}],"is_beta":false,"boss_relics":[{"not_picked":["Velvet Choker","HolyWater"],"picked":"Coffee Dripper"},{"not_picked":["VioletLotus","Philosopher\u0027s Stone"],"picked":"Runic Pyramid"}],"items_purged_floors":[5,13,22,24,45,53],"is_endless":false,"potions_floor_spawned":[4,6,11,14,18,28,29,33,38,39,48,54],"ascension_level":3}}