{"host":"efbmiwe3kdtynlc6","time":1613638847,"event":{"mods":["BaseMod","Colored Map","Minty Spire (QoL Compilation)","StSLib","SuperFastMode","everything is the same but u backflip on backflip"],"gold_per_floor":[110,121,121,9,24,50,50,50,96,96,113,113,130,156,156,233,233,248,25,41,41,51,51,51,51],"floor_reached":24,"language":"KOR","playtime":309,"items_purged":["Strike_R","Strike_R"],"score":412,"play_id":"475237a0-4b52-499a-a582-784fa7c2e58e","local_time":"20210218180047","is_ascension_mode":true,"campfire_choices":[{"data":"Immolate","floor":7.0,"key":"SMITH"},{"data":"Bash","floor":10.0,"key":"SMITH"},{"data":"Pommel Strike","floor":12.0,"key":"SMITH"},{"data":"Dropkick","floor":15.0,"key":"SMITH"},{"floor":23.0,"key":"REST"}],"circlet_count":0,"master_deck":["AscendersBane","Defend_R","Defend_R","Defend_R","Defend_R","Bash+1","Pommel Strike+1","Dropkick+1","Immolate+1","Thunderclap","Evolve","Shockwave","Sword Boomerang","Brutality","Anger"],"relics":["Burning Blood","NeowsBlessing","Ancient Tea Set","Bronze Scales","Shuriken","Runic Dome"],"acts_visited":["Exordium","TheCity"],"potions_floor_usage":[24],"damage_taken":[{"damage":0.0,"enemies":"Cultist","floor":1.0,"turns":1.0},{"damage":0.0,"enemies":"Jaw Worm","floor":2.0,"turns":1.0},{"damage":0.0,"enemies":"Small Slimes","floor":5.0,"turns":1.0},{"damage":51.0,"enemies":"Lagavulin","floor":6.0,"turns":8.0},{"damage":0.0,"enemies":"Blue Slaver","floor":11.0,"turns":1.0},{"damage":0.0,"enemies":"Lots of Slimes","floor":13.0,"turns":1.0},{"damage":8.0,"enemies":"Gremlin Nob","floor":14.0,"turns":3.0},{"damage":20.0,"enemies":"Slime Boss","floor":16.0,"turns":6.0},{"damage":21.0,"enemies":"Shell Parasite","floor":18.0,"turns":2.0},{"damage":7.0,"enemies":"3 Byrds","floor":20.0,"turns":3.0},{"damage":31.0,"enemies":"Shelled Parasite and Fungi","floor":22.0,"turns":3.0},{"damage":46,"enemies":"Slavers","floor":24,"turns":2}],"seed_played":"6628328669891556961","potions_obtained":[{"floor":2.0,"key":"EssenceOfSteel"},{"floor":11.0,"key":"Weak Potion"},{"floor":13.0,"key":"SneckoOil"},{"floor":16.0,"key":"SneckoOil"},{"floor":22.0,"key":"LiquidBronze"}],"is_trial":false,"path_per_floor":["M","M","?","$","M","E","R","?","T","R","M","R","M","E","R","B",null,"M","$","M","?","M","R","E"],"character_chosen":"IRONCLAD","items_purchased":["Dropkick","Evolve","Shockwave"],"campfire_rested":1,"item_purchase_floors":[4,19,19],"current_hp_per_floor":[74,75,68,68,74,29,29,29,29,29,35,35,41,39,39,25,63,48,48,47,47,22,44,0,0],"gold":51,"neow_bonus":"THREE_ENEMY_KILL","is_daily":false,"chose_seed":false,"campfire_upgraded":4,"win_rate":0.0,"timestamp":1613638847,"path_taken":["M","?","?","$","M","E","R","?","T","R","M","R","M","E","R","BOSS","M","$","M","?","M","R","E"],"items_purchased_type":["Card","Card","Card"],"build_version":"2020-12-22","purchased_purges":2,"victory":false,"max_hp_per_floor":[75,75,75,75,75,75,75,75,75,75,75,75,75,75,75,75,75,75,75,75,75,75,75,75,75],"card_choices":[{"not_picked":["Armaments","Twin Strike"],"picked":"Pommel Strike","floor":1.0},{"not_picked":["Clothesline","Iron Wave","Burning Pact"],"picked":"SKIP","floor":2.0},{"not_picked":["Rupture","Spot Weakness","Power Through"],"picked":"SKIP","floor":5.0},{"not_picked":["True Grit","Iron Wave"],"picked":"Immolate","floor":6.0},{"not_picked":["Body Slam","Cleave","Pommel Strike"],"picked":"SKIP","floor":11.0},{"not_picked":["Wild Strike","Twin Strike","Rupture"],"picked":"SKIP","floor":13.0},{"not_picked":["Clothesline","Twin Strike"],"picked":"Thunderclap","floor":14.0},{"not_picked":["Anger","Armaments","Body Slam"],"picked":"SKIP","floor":18.0},{"not_picked":["Shockwave+1","Carnage"],"picked":"Sword Boomerang","floor":20.0},{"not_picked":["Seeing Red","Clothesline","Twin Strike"],"picked":"SKIP","floor":22.0}],"player_experience":327601,"relics_obtained":[{"floor":6.0,"key":"Ancient Tea Set"},{"floor":9.0,"key":"Bronze Scales"},{"floor":14.0,"key":"Shuriken"}],"event_choices":[{"cards_removed":["Strike_R"],"damage_healed":0.0,"max_hp_gain":0.0,"max_hp_loss":0.0,"gold_gain":0.0,"event_name":"Golden Wing","player_choice":"Card Removal","floor":3.0,"gold_loss":0.0,"damage_taken":7.0},{"damage_healed":0.0,"max_hp_gain":0.0,"max_hp_loss":0.0,"gold_gain":0.0,"event_name":"Liars Game","player_choice":"Ignored","floor":8.0,"gold_loss":0.0,"damage_taken":0.0},{"damage_healed":0.0,"max_hp_gain":0.0,"max_hp_loss":0.0,"gold_gain":0.0,"cards_transformed":["Strike_R","Strike_R"],"event_name":"Drug Dealer","player_choice":"Became Test Subject","floor":21.0,"gold_loss":0.0,"damage_taken":0.0,"cards_obtained":["Brutality","Anger"]}],"is_beta":false,"boss_relics":[{"not_picked":["Coffee Dripper","Tiny House"],"picked":"Runic Dome"}],"items_purged_floors":[4,19],"is_endless":false,"potions_floor_spawned":[2,11,13,16,22],"killed_by":"Slavers","ascension_level":20}}