{"host":"a7js9z8d6aod1ovy","time":1613636558,"event":{"mods":["AchievementEnabler","BaseMod","Googly Eyes","GungeonMod","Hermit","Minty Spire (QoL Compilation)","Rare Cards Sparkle","StSLib","SuperFastMode","The Poker Player"],"gold_per_floor":[109,109,121,46,46,46,67,67,93,93,109,109,124,144,144,267,267,287,287,11,34,34,34,34,47,47,47,70,83,98,116,116,116,116],"floor_reached":33,"language":"KOR","playtime":1356,"items_purged":["hermit:Defend_Hermit","hermit:Defend_Hermit"],"score":241,"play_id":"e0ad522e-33eb-4b0d-b1be-dbb53217fa8d","local_time":"20210218172238","is_ascension_mode":false,"campfire_choices":[{"data":"hermit:EternalForm","floor":6,"key":"SMITH"},{"data":"hermit:Snipe","floor":8,"key":"SMITH"},{"floor":12,"key":"REST"},{"floor":15,"key":"REST"},{"data":"hermit:NoHoldsBarred","floor":23,"key":"SMITH"},{"floor":27,"key":"REST"},{"floor":32,"key":"REST"}],"circlet_count":0,"master_deck":["hermit:Strike_Hermit","hermit:Strike_Hermit","hermit:Strike_Hermit","hermit:Defend_Hermit","hermit:Defend_Hermit","hermit:Snapshot","hermit:Covet","hermit:EternalForm+1","hermit:Feint","hermit:DeadMansHand","hermit:Snipe+1","hermit:Vantage","hermit:BigShot","hermit:TakeCover","hermit:BlackWind+1","hermit:BodyArmor+1","hermit:Coalescence","hermit:TakeAim","hermit:NoHoldsBarred+1","hermit:Roulette","hermit:Glare","hermit:Coalescence","hermit:Quickdraw","hermit:LuckOfTheDraw"],"relics":["hermit:Momento","Golden Idol","Happy Flower","Snecko Eye","Ornamental Fan","DemoMod:Bottle"],"acts_visited":["Exordium","TheCity"],"potions_floor_usage":[16,16,29,33],"damage_taken":[{"damage":0,"enemies":"2 Louse","floor":1,"turns":3},{"damage":6,"enemies":"Jaw Worm","floor":3,"turns":3},{"damage":6,"enemies":"Cultist","floor":7,"turns":4},{"damage":9,"enemies":"Exordium Thugs","floor":11,"turns":6},{"damage":13,"enemies":"Large Slime","floor":13,"turns":7},{"damage":7,"enemies":"2 Fungi Beasts","floor":14,"turns":4},{"damage":45,"enemies":"The Guardian","floor":16,"turns":11},{"damage":24,"enemies":"Chosen","floor":18,"turns":8},{"damage":14,"enemies":"2 Thieves","floor":21,"turns":5},{"damage":26,"enemies":"Snake Plant","floor":25,"turns":3},{"damage":13,"enemies":"Shelled Parasite and Fungi","floor":28,"turns":7},{"damage":18,"enemies":"Centurion and Healer","floor":29,"turns":4},{"damage":2,"enemies":"3 Cultists","floor":30,"turns":5},{"damage":0,"enemies":"Snecko","floor":31,"turns":3},{"damage":44,"enemies":"Collector","floor":33,"turns":7}],"seed_played":"-2719756048080567423","potions_obtained":[{"floor":11,"key":"BlessingOfTheForge"},{"floor":13,"key":"Strength Potion"},{"floor":21,"key":"Ancient Potion"},{"floor":30,"key":"DemoMod:BlankPotion"}],"is_trial":false,"path_per_floor":["M","?","M","$","?","R","M","R","T","?","M","R","M","M","R","B",null,"M","?","$","M","T","R","$","M","T","R","M","M","M","M","R","B"],"character_chosen":"HERMIT","items_purchased":["hermit:Coalescence","hermit:TakeAim","hermit:NoHoldsBarred"],"campfire_rested":4,"item_purchase_floors":[20,20,20],"current_hp_per_floor":[75,80,74,74,54,54,48,48,48,41,32,56,43,36,60,15,80,56,56,56,42,42,42,42,16,16,40,27,9,7,7,31,0,0],"gold":116,"neow_bonus":"ONE_RANDOM_RARE_CARD","is_daily":false,"chose_seed":false,"campfire_upgraded":3,"win_rate":0.0,"timestamp":1613636558,"path_taken":["M","?","M","$","?","R","M","R","T","?","M","R","M","M","R","BOSS","M","?","$","?","?","R","?","M","T","R","M","M","M","?","R","BOSS"],"items_purchased_type":["Card","Card","Card"],"build_version":"2020-12-22","purchased_purges":2,"victory":false,"max_hp_per_floor":[75,80,80,80,80,80,80,80,80,80,80,80,80,80,80,80,80,80,80,80,80,80,80,80,80,80,80,80,80,80,80,80,80,80],"card_choices":[{"not_picked":["hermit:Vantage","hermit:GhostlyPresence"],"picked":"hermit:Feint","floor":1},{"not_picked":["hermit:LoneWolf","hermit:Dive"],"picked":"hermit:DeadMansHand","floor":3},{"not_picked":["hermit:FullyLoaded","hermit:Headshot"],"picked":"hermit:Snipe","floor":7},{"not_picked":["hermit:Misfire","hermit:GoldenBullet"],"picked":"hermit:Vantage","floor":11},{"not_picked":["hermit:Snipe","hermit:WideOpen"],"picked":"hermit:BigShot","floor":13},{"not_picked":["hermit:Ricochet","hermit:Desperado"],"picked":"hermit:TakeCover","floor":14},{"not_picked":["hermit:HighNoon","hermit:Reprieve"],"picked":"hermit:BlackWind","floor":16},{"not_picked":["hermit:Vantage","hermit:Ricochet"],"picked":"hermit:BodyArmor+1","floor":18},{"not_picked":["hermit:LuckOfTheDraw","hermit:LowProfile"],"picked":"hermit:Roulette","floor":21},{"not_picked":["hermit:LowProfile","hermit:EternalForm"],"picked":"hermit:Glare","floor":25},{"not_picked":["hermit:Dive","hermit:Roulette"],"picked":"hermit:Coalescence","floor":28},{"not_picked":["hermit:Dive+1","hermit:FullyLoaded"],"picked":"hermit:Quickdraw","floor":29},{"not_picked":["hermit:Adapt","hermit:Virtue","hermit:Scavenge"],"picked":"SKIP","floor":30},{"not_picked":["hermit:Quickdraw","hermit:Dive"],"picked":"hermit:LuckOfTheDraw","floor":31}],"player_experience":33963,"relics_obtained":[{"floor":9,"key":"Happy Flower"},{"floor":22,"key":"Ornamental Fan"},{"floor":26,"key":"DemoMod:Bottle"}],"event_choices":[{"damage_healed":0,"gold_gain":0,"player_choice":"Donut","damage_taken":0,"max_hp_gain":5,"max_hp_loss":0,"event_name":"Big Fish","floor":2,"gold_loss":0},{"damage_healed":0,"gold_gain":0,"player_choice":"Take Damage","damage_taken":20,"relics_obtained":["Golden Idol"],"max_hp_gain":0,"max_hp_loss":0,"event_name":"Golden Idol","floor":5,"gold_loss":0},{"cards_removed":["hermit:Strike_Hermit"],"damage_healed":0,"gold_gain":0,"player_choice":"Card Removal","damage_taken":7,"max_hp_gain":0,"max_hp_loss":0,"event_name":"Golden Wing","floor":10,"gold_loss":0},{"damage_healed":0,"gold_gain":0,"player_choice":"Upgraded","damage_taken":0,"max_hp_gain":0,"max_hp_loss":0,"event_name":"Upgrade Shrine","floor":19,"gold_loss":0,"cards_upgraded":["hermit:BlackWind"]}],"is_beta":false,"boss_relics":[{"not_picked":["Busted Crown","Black Star"],"picked":"Snecko Eye"}],"items_purged_floors":[4,20],"is_endless":false,"potions_floor_spawned":[11,13,21,30],"killed_by":"Collector","ascension_level":0}}