{"host":"ty9fb48q9oru32qm","time":1613652068,"event":{"mods":["2.2 Compatiblity","AchievementEnabler","Act Like it!","Astrologer","BaseMod","Beaked The Cultist","Better Synergies","Block Reminder","Colored Powertips","Conspire","DeckTracker","Downfall","Ekko","Friendly Minions","GifTheSpireLib","Hermit","Hubris","Infinite Spire","Jorbs\u0027s Wanderer Trilogy","Marisa????????","Minty Spire (QoL Compilation)","Permanent Neow","Quick Restart","Random Character Button","Reliquary","Replay The Spire","Somnambulant","StSLib","Stuff the Spire","The Cursed","The Marked","The Runesmith","TheVacant"],"gold_per_floor":[99,116,129,142,142,153,229,240,240,255,286,286,315,315,325,425,425,425],"floor_reached":16,"language":"ENG","playtime":2806,"items_purged":[],"score":114,"play_id":"b09f02af-5a0f-436e-bf25-71fbbc7e748b","local_time":"20210218134108","is_ascension_mode":false,"campfire_choices":[{"data":"Guardian:CurlUp","floor":1,"key":"SMITH"},{"data":"Guardian:RefractedBeam","floor":9,"key":"SMITH"},{"data":"Guardian:RefractedBeam+1","floor":12,"key":"SMITH"}],"circlet_count":0,"master_deck":["Guardian:Strike_Guardian","Guardian:Strike_Guardian","Guardian:Strike_Guardian","Guardian:Defend_Guardian","Guardian:Defend_Guardian","Guardian:Defend_Guardian","Guardian:Defend_Guardian","Guardian:CurlUp+1","Guardian:TwinSlam","Guardian:RollAttack","Guardian:PiercingHide+1","Guardian:Recover","Guardian:RefractedBeam+2","Guardian:TimeBomb","Guardian:SentryBeam","Guardian:FloatingOrbs"],"relics":["Guardian:ModeShifter","conspire:BottledYoYo","MealTicket","Dream Catcher","hubris:Icosahedron"],"acts_visited":["Exordium"],"potions_floor_usage":[],"damage_taken":[{"damage":0,"enemies":"Small Slimes","floor":2,"turns":4},{"damage":0,"enemies":"Cultist","floor":3,"turns":3},{"damage":0,"enemies":"Jaw Worm","floor":4,"turns":4},{"damage":0,"enemies":"Exordium Wildlife","floor":6,"turns":4},{"damage":0,"enemies":"3 Louse","floor":8,"turns":2},{"damage":8,"enemies":"Lots of Slimes","floor":10,"turns":2},{"damage":13,"enemies":"3 Sentries","floor":11,"turns":6},{"damage":15,"enemies":"Lagavulin","floor":13,"turns":9},{"damage":10,"enemies":"downfall:LooterAlt","floor":15,"turns":3},{"damage":32,"enemies":"DF_ARCHETYPE_STREAMLINE","floor":16,"turns":9}],"seed_played":"-3948058765013948496","potions_obtained":[{"floor":4,"key":"Weak Potion"},{"floor":8,"key":"FairyPotion"},{"floor":11,"key":"Swift Potion"}],"is_trial":false,"path_per_floor":["R","M","M","M","?","M","T","M","R","M","E","R","E","?","M","B"],"character_chosen":"GUARDIAN","items_purchased":[],"campfire_rested":0,"item_purchase_floors":[],"current_hp_per_floor":[80,80,80,80,80,80,80,80,80,72,59,59,44,44,34,2,2,2],"gold":425,"neow_bonus":"REMOVE_CARD","is_daily":false,"chose_seed":false,"campfire_upgraded":3,"win_rate":0.0,"timestamp":1613652068,"path_taken":["R","M","M","M","?","M","T","?","R","M","E","R","E","?","M","BOSS"],"items_purchased_type":[],"build_version":"2020-12-22","purchased_purges":0,"victory":false,"max_hp_per_floor":[80,80,80,80,80,80,80,80,80,80,80,80,80,80,80,80,80,80],"card_choices":[{"not_picked":["Guardian:ChargeCore","Guardian:Planning"],"picked":"Guardian:RollAttack","floor":2},{"not_picked":["Guardian:Gem_Purple","Guardian:MultiBeam"],"picked":"Guardian:PiercingHide","floor":3},{"not_picked":["Guardian:Suspension","Guardian:Planning"],"picked":"Guardian:Recover","floor":4},{"not_picked":["Guardian:Gem_Fragmented","Guardian:Gem_Crimson"],"picked":"Guardian:Gem_Purple","floor":6},{"not_picked":["Guardian:Suspension","Guardian:StasisStrike"],"picked":"Guardian:RefractedBeam","floor":8},{"not_picked":["Guardian:ChargeCore","Guardian:Planning"],"picked":"Guardian:TimeBomb","floor":10},{"not_picked":["Guardian:Gem_Green","Guardian:GemFinder"],"picked":"Guardian:Gem_Lightblue","floor":11},{"not_picked":["Guardian:StasisEngine","Guardian:VentSteam"],"picked":"Guardian:SentryBeam","floor":13},{"not_picked":["Guardian:Gem_Cyan","Guardian:Suspension"],"picked":"Guardian:FloatingOrbs","floor":15}],"player_experience":306976,"relics_obtained":[{"floor":7,"key":"conspire:BottledYoYo"},{"floor":11,"key":"MealTicket"},{"floor":13,"key":"Dream Catcher"}],"event_choices":[],"is_beta":false,"boss_relics":[],"items_purged_floors":[],"is_endless":false,"potions_floor_spawned":[4,8,11,15],"killed_by":"DF_ARCHETYPE_STREAMLINE","ascension_level":0}}