{"host":"hemqwg9ve6welna9","time":1613608864,"event":{"mods":["2.2 Compatiblity","AchievementEnabler","BaseMod","Beaked The Cultist","Bestiary","Better Match","Better Note","Better Third Choice","BetterRewards","Curses Come First","Dio Mod","Downfall","Gremlin Mod","Hermit","Highlight Path","Melee Mod","Minty Spire (QoL Compilation)","Permanent Neow","Potionbrewer","Quick Restart","Rare Cards Sparkle","Relic Stats","Reliquary","Robot Space Explorer","SOS（斯巴达之子）","StSLib","SuperFastMode","Td1madao Mod","The Bug Knight","The Cursed","The Disciple","The Forsaken","The Jungle","The Marked","The Runesmith","The Senshi","The Servant 0.9.4","The Wild Card","TheBandit","TheVacant","UnlockEverythingMod","everything is the same but u backflip on backflip"],"gold_per_floor":[116,116,134,154,154,154,79,79,79,91,91,91,119,137,137,233,233,252,252,262,262,274,307,320,320,320,353,353,368,195,470,470,574,574,598,612,662,662,662,662],"floor_reached":39,"language":"ENG","playtime":5343,"items_purged":[],"score":469,"play_id":"17a224d7-4283-4d6d-a995-f0148eaa1199","local_time":"20210217184104","is_ascension_mode":false,"campfire_choices":[{"data":"theWildCard:Odin","floor":6.0,"key":"SMITH"},{"data":"theMarked:Generate","floor":8.0,"key":"SMITH"},{"floor":12.0,"key":"RECALL"},{"data":"theMarked:SoldierOfQuellstein","floor":15.0,"key":"SMITH"},{"data":"theMarked:Levitate","floor":25,"key":"SMITH"},{"data":"theMarked:EternalStudent","floor":28,"key":"SMITH"},{"data":"theMarked:Static","floor":32,"key":"SMITH"}],"circlet_count":0,"master_deck":["theMarked:Strike","theMarked:Strike","theMarked:Strike","theMarked:Strike","theMarked:Strike","theMarked:Defend","theMarked:Defend","theMarked:Defend","theMarked:Defend","theMarked:SoldierOfQuellstein+1","theWildCard:Odin+1","theMarked:MuscleMemory","theMarked:Generate+1","theMarked:Aftermath+1","theMarked:Levitate+1","theMarked:Static+1","theMarked:EternalStudent+1","theMarked:SwordAndMagic","theMarked:Indomitable","theMarked:ChainLightning+1","theMarked:EnhanceMovement+1","theMarked:Frustration","theMarked:OneWithTheBlade+1","theMarked:WardOff","theMarked:Improvise+1","theMarked:UnarmedFury+1","Regret","theMarked:BindingBlade","dioMod:ZaWarudo","theMarked:Friction","theMarked:Memento+1","theMarked:LightningStrikesTwice+1","Enlightenment","Jack Of All Trades","Discovery"],"relics":["theMarked:ArtifactOfAir","Pen Nib","SlaversCollar","theSenshi:FeatherClipsRelic","HollowMod:PaleOreRelic","HollowMod:StagPassRelic","Nunchaku","beaked:SacredDeck","Gambling Chip"],"acts_visited":["Exordium","Exordium","TheBeyond"],"potions_floor_usage":[16,23,29,35],"damage_taken":[{"damage":0.0,"enemies":"2 Louse","floor":1.0,"turns":2.0},{"damage":0.0,"enemies":"Jaw Worm","floor":3.0,"turns":3.0},{"damage":4.0,"enemies":"Small Slimes","floor":4.0,"turns":3.0},{"damage":0.0,"enemies":"Exordium Thugs","floor":10.0,"turns":5.0},{"damage":2.0,"enemies":"Gremlin Nob","floor":13.0,"turns":5.0},{"damage":0.0,"enemies":"3 Louse","floor":14.0,"turns":4.0},{"damage":28,"enemies":"Hexaghost","floor":16,"turns":9},{"damage":0,"enemies":"theJungle:5_Spyders","floor":18,"turns":6},{"damage":12,"enemies":"theJungle:GiantWrat","floor":20,"turns":4},{"damage":8,"enemies":"theJungle:SlimyTreeVines","floor":22,"turns":5},{"damage":6,"enemies":"theJungle:Cassacara","floor":23,"turns":5},{"damage":23,"enemies":"theJungle:JungleHuntersEncounter","floor":24,"turns":5},{"damage":0,"enemies":"theJungle:2_Phrogs","floor":27,"turns":8},{"damage":3,"enemies":"theJungle:Snecko_Cultist_And_Trap","floor":29,"turns":4},{"damage":16,"enemies":"theJungle:TotemBoss","floor":33,"turns":7},{"damage":3,"enemies":"3 Shapes","floor":35,"turns":5},{"damage":20,"enemies":"Orb Walker","floor":36,"turns":3},{"damage":21,"enemies":"Mind Bloom Boss Battle","floor":37,"turns":5},{"damage":34,"enemies":"Spire Growth","floor":39,"turns":5}],"seed_played":"-827349376435319495","potions_obtained":[{"floor":0.0,"key":"BlessingOfTheForge"},{"floor":0.0,"key":"Weak Potion"},{"floor":0.0,"key":"potionbrewer:SplittingPotion"},{"floor":3.0,"key":"potionbrewer:DiscountPotion"},{"floor":10.0,"key":"SkillPotion"},{"floor":22,"key":"hexamod:SoulburnPotion"},{"floor":24,"key":"AttackPotion"},{"floor":29,"key":"potionbrewer:MidasPotion"},{"floor":33,"key":"EssenceOfSteel"}],"is_trial":false,"path_per_floor":["M","?","M","M","?","R","?","R","T","M","?","R","E","M","R","B",null,"M","?","M","?","M","E","M","R","T","E","R","M","$","?","R","B",null,"M","M","?","?","M"],"character_chosen":"THE_DEFAULT","items_purchased":["theMarked:Improvise","theMarked:UnarmedFury"],"campfire_rested":0,"item_purchase_floors":[30,30],"current_hp_per_floor":[72,72,72,68,68,68,68,68,68,68,68,68,66,66,66,38,72,72,72,60,60,63,63,46,46,46,52,52,55,55,55,55,45,72,72,58,43,33,0,0],"gold":662,"neow_bonus":"THREE_SMALL_POTIONS","is_daily":false,"chose_seed":false,"campfire_upgraded":6,"win_rate":0.0,"timestamp":1613608864,"path_taken":["M","?","M","M","?","R","?","R","T","M","?","R","E","M","R","BOSS","M","?","M","?","M","E","M","R","T","E","R","?","$","?","R","BOSS","M","M","?","?","M"],"items_purchased_type":["Card","Card"],"build_version":"2020-12-22","purchased_purges":0,"victory":false,"max_hp_per_floor":[72,72,72,72,72,72,72,72,72,72,72,72,72,72,72,72,72,72,72,72,72,72,72,72,72,72,72,72,72,72,72,72,72,72,72,72,72,72,72,72],"relic_stats":{"Nunchaku":[5],"counters":[19,93],"Gambling Chip":[1],"Pen Nib":[14],"obtain_stats":[{"theMarked:ArtifactOfAir":0,"SlaversCollar":17,"Nunchaku":27,"Gambling Chip":37,"beaked:SacredDeck":34,"Pen Nib":13,"theSenshi:FeatherClipsRelic":21,"HollowMod:PaleOreRelic":23,"HollowMod:StagPassRelic":26},{"theMarked:ArtifactOfAir":0,"SlaversCollar":7,"Nunchaku":13,"Gambling Chip":18,"beaked:SacredDeck":15,"Pen Nib":5,"theSenshi:FeatherClipsRelic":9,"HollowMod:PaleOreRelic":11,"HollowMod:StagPassRelic":12},{"theMarked:ArtifactOfAir":0,"SlaversCollar":31,"Nunchaku":64,"Gambling Chip":88,"beaked:SacredDeck":75,"Pen Nib":18,"theSenshi:FeatherClipsRelic":41,"HollowMod:PaleOreRelic":51,"HollowMod:StagPassRelic":56}]},"card_choices":[{"not_picked":["theMarked:Convert","theMarked:WastefulAttack"],"picked":"theMarked:StartUp","floor":1.0},{"not_picked":["theMarked:TakeCover","theMarked:PowerFlow"],"picked":"theMarked:MuscleMemory","floor":3.0},{"not_picked":["theMarked:Electrify","theMarked:ElectricStrings"],"picked":"theMarked:Generate","floor":4.0},{"not_picked":["theMarked:Generate","theMarked:ElectricStrings"],"picked":"theMarked:Aftermath","floor":10.0},{"not_picked":["theMarked:Parry","theMarked:WardOff"],"picked":"theMarked:Levitate","floor":13.0},{"not_picked":["theMarked:HeightenedSenses","theMarked:Parkour"],"picked":"theMarked:Static","floor":14.0},{"not_picked":["theMarked:Challenge","theMarked:DispelDoubt"],"picked":"theMarked:EternalStudent","floor":16},{"not_picked":["theMarked:MysticalArsenal","theMarked:TakeCover+1"],"picked":"theMarked:SwordAndMagic","floor":18},{"not_picked":["theMarked:BanishingStrike","theMarked:RepellingDischarge"],"picked":"theMarked:Indomitable","floor":20},{"not_picked":["theMarked:WardOff","theMarked:Parkour"],"picked":"theMarked:ChainLightning+1","floor":22},{"not_picked":["theMarked:Determination","theMarked:SwordAndMagic"],"picked":"theMarked:EnhanceMovement+1","floor":23},{"not_picked":["theMarked:HeightenedSenses+1","theMarked:ElectricStrings"],"picked":"theMarked:Frustration","floor":24},{"not_picked":["theMarked:Pokerface","theMarked:Improvise"],"picked":"theMarked:OneWithTheBlade+1","floor":27},{"not_picked":["theMarked:DispelDoubt","theMarked:Panic"],"picked":"theMarked:WardOff","floor":29},{"not_picked":["theMarked:BiggerThanFate","theMarked:Challenge"],"picked":"theMarked:BindingBlade","floor":33},{"not_picked":["theMarked:Seal","theMarked:SwordAndMagic+1"],"picked":"theMarked:Friction","floor":35},{"not_picked":["theMarked:SelfDefenseTraining","theMarked:WastefulAttack+1"],"picked":"theMarked:Memento+1","floor":36},{"not_picked":["theMarked:Frustration+1","theMarked:TwofoldDefense"],"picked":"theMarked:LightningStrikesTwice+1","floor":37},{"not_picked":["Deep Breath","Madness"],"picked":"Enlightenment","floor":38},{"not_picked":["Metamorphosis","Good Instincts"],"picked":"Jack Of All Trades","floor":38},{"not_picked":["Good Instincts","Trip"],"picked":"Discovery","floor":38}],"player_experience":16161,"relics_obtained":[{"floor":13.0,"key":"Pen Nib"},{"floor":23,"key":"HollowMod:PaleOreRelic"},{"floor":26,"key":"HollowMod:StagPassRelic"},{"floor":27,"key":"Nunchaku"},{"floor":37,"key":"Gambling Chip"}],"event_choices":[{"damage_healed":0.0,"max_hp_gain":0.0,"max_hp_loss":0.0,"gold_gain":0.0,"event_name":"betterMatch:BetterMatch","player_choice":"2","floor":7.0,"gold_loss":0.0,"damage_taken":0.0,"cards_obtained":[]},{"damage_healed":0.0,"max_hp_gain":0.0,"max_hp_loss":0.0,"gold_gain":0.0,"event_name":"Living Wall","player_choice":"Grow","floor":11.0,"gold_loss":0.0,"damage_taken":0.0,"cards_upgraded":["theMarked:Aftermath"]},{"cards_removed":["theMarked:StartUp"],"damage_healed":0,"gold_gain":0,"player_choice":"Offered Uncommon","damage_taken":0,"max_hp_gain":0,"max_hp_loss":0,"event_name":"Bonfire Elementals","floor":19,"gold_loss":0},{"damage_healed":0,"gold_gain":0,"player_choice":"Gave Potion","damage_taken":0,"relics_obtained":["theSenshi:FeatherClipsRelic"],"max_hp_gain":0,"max_hp_loss":0,"event_name":"WeMeetAgain","floor":21,"gold_loss":0},{"damage_healed":0,"gold_gain":275,"player_choice":"Desecrate","damage_taken":0,"max_hp_gain":0,"max_hp_loss":0,"event_name":"Golden Shrine","floor":31,"gold_loss":0,"cards_obtained":["Regret"]},{"damage_healed":0,"gold_gain":0,"player_choice":"Fight","damage_taken":0,"max_hp_gain":0,"max_hp_loss":0,"event_name":"MindBloom","floor":37,"gold_loss":0},{"damage_healed":0,"gold_gain":0,"player_choice":"Memory 3","damage_taken":10,"max_hp_gain":0,"max_hp_loss":0,"event_name":"SensoryStone","floor":38,"gold_loss":0}],"is_beta":false,"boss_relics":[{"not_picked":["reliquary:Ember","reliquary:Craggleroot"],"picked":"SlaversCollar"},{"not_picked":["theMarked:Eyepatch","reliquary:WritOfMandamus"],"picked":"beaked:SacredDeck"}],"items_purged_floors":[],"is_endless":false,"potions_floor_spawned":[3,10,22,24,29,33],"killed_by":"Spire Growth","ascension_level":0}}