{"host":"r6z36w6seh15s9tg","time":1613673762,"event":{"mods":["ATMod(∞¢Ë™Mod)","Act Like it!","Arknights","BaseMod","Gensokyo","Minty Spire (QoL Compilation)","Reimu£®≤©¿ˆ¡È√Œ£©","Remilia£®¿Ÿ√◊¿Ú—«£©","StSLib","The Marked","The Senshi","The Servant 0.9.4","WarShipGirlsR/’ΩΩ¢…Ÿ≈ÆR mod","°æ“≈ŒÔø®≈∆°øREMEMod"],"gold_per_floor":[113,113,113,113,127,127,158,18,18,18,18,18,18,51,51,155,155,175,193,193,173,173,308,319,60,60,60,60],"floor_reached":27,"language":"ZHS","playtime":2364,"items_purged":[],"score":235,"play_id":"cc20af8f-08d9-4b14-b7fd-43d6e0aebfae","local_time":"20210219024242","is_ascension_mode":false,"campfire_choices":[{"data":"AT_RealColorLess","floor":6,"key":"SMITH"},{"floor":12,"key":"REST"},{"data":"rmod:stealaluminum","floor":15,"key":"SMITH"}],"circlet_count":0,"master_deck":["rmod:strick","rmod:strick","rmod:defend","rmod:defend","rmod:defend","rmod:basicallowance","rmod:maingunfire","AT_RealColorLess+1","ats:Roar Of Ursus+1","rmod:intelligenceanalysis","rmod:rockthrower+1","rmod:salvage","rmod:stealaluminum+1","Clumsy","rmod:abidefaith","CurseOfTheBell","rmod:fletcherpendant","rmod:generalist+1","Gensokyo:LittleGreenMen","rmod:luckystar","rmod:supportaircraftcarrier+1","rmod:circuitoustactics+1"],"relics":["rmod:firstchargereward","AT_ATBox","REME_ComplimentaryCards","Calipers","Pear","ats:Originium","Art of War","WingedGreaves","MealTicket","Gensokyo:NagashiBinaDoll","AT_ArchangelStaff","Calling Bell","Oddly Smooth Stone","AT_TheCollector","AT_GuinsooRageblade","Gensokyo:DayTheSeaSplit","Bottled Tornado","AntiCross","Blood Vial"],"acts_visited":["Gensokyo:Gensokyo","Gensokyo:Gensokyoer"],"potions_floor_usage":[7,23,23,27],"damage_taken":[{"damage":4,"enemies":"Gensokyo:Python","floor":1,"turns":3},{"damage":12,"enemies":"Gensokyo:2_Kodama","floor":5,"turns":4},{"damage":14,"enemies":"Gensokyo:Cirno","floor":7,"turns":7},{"damage":5,"enemies":"Gensokyo:Aya","floor":14,"turns":5},{"damage":20,"enemies":"Gensokyo:Kokoro","floor":16,"turns":7},{"damage":21,"enemies":"Gensokyo:Chomper","floor":18,"turns":4},{"damage":18,"enemies":"Gensokyo:CosmicMonolith","floor":19,"turns":4},{"damage":16,"enemies":"Gensokyo:Koishi","floor":23,"turns":5},{"damage":19,"enemies":"Gensokyo:3_Gloops","floor":24,"turns":4},{"damage":29,"enemies":"Gensokyo:Tenshi","floor":27,"turns":1}],"seed_played":"-8517293220797685148","potions_obtained":[{"floor":5,"key":"GrandPatriotsElixir:ReiMu"},{"floor":16,"key":"DuplicationPotion"},{"floor":19,"key":"PowerPotion"},{"floor":23,"key":"AttackPotion"}],"is_trial":false,"path_per_floor":["M","?","?","?","M","R","E","?","T","?","?","R","$","E","R","B",null,"M","M","?","?","?","E","M","$","T","E"],"character_chosen":"PRAEFECT","items_purchased":["AntiCross"],"campfire_rested":1,"item_purchase_floors":[25],"current_hp_per_floor":[64,59,29,29,17,17,3,3,3,3,3,26,41,56,56,36,78,57,39,39,39,39,23,4,19,19,0,0],"gold":60,"neow_bonus":"ONE_RARE_RELIC","is_daily":false,"chose_seed":false,"campfire_upgraded":2,"win_rate":0.0,"timestamp":1613673762,"path_taken":["M","?","?","?","?","R","E","?","T","?","?","R","?","E","R","BOSS","M","?","?","?","?","E","?","$","T","E"],"items_purchased_type":["Relic"],"build_version":"2020-12-22","purchased_purges":0,"victory":false,"max_hp_per_floor":[68,78,78,78,78,78,78,78,78,78,78,78,78,78,78,78,78,78,78,71,71,71,71,71,71,71,71,71],"card_choices":[{"not_picked":["rmod:firesupport","rmod:diamondstrike"],"picked":"rmod:intelligenceanalysis","floor":1},{"not_picked":["rmod:unsinkable","rmod:fletcherpendant"],"picked":"rmod:salvage","floor":5},{"not_picked":["rmod:luckystar","rmod:advancebysurprise"],"picked":"rmod:stealaluminum","floor":7},{"not_picked":["rmod:slowdown","rmod:ammunitionsupply","rmod:tearstotiara"],"picked":"SKIP","floor":14},{"not_picked":["rmod:saltedfish","rmod:auspiciousomen"],"picked":"rmod:abidefaith","floor":16},{"not_picked":["rmod:supportescort","rmod:wolves"],"picked":"rmod:fletcherpendant","floor":18},{"not_picked":["rmod:firesupport+1","rmod:fuelsupply"],"picked":"rmod:generalist+1","floor":19},{"not_picked":["Gensokyo:HAARP","Gensokyo:SpontaneousHumanCombustion"],"picked":"Gensokyo:LittleGreenMen","floor":20},{"not_picked":[],"picked":"rmod:luckystar","floor":21},{"not_picked":["rmod:robin","rmod:intelligenceanalysis+1"],"picked":"rmod:supportaircraftcarrier+1","floor":23},{"not_picked":["rmod:combined","rmod:diamondstrike"],"picked":"rmod:circuitoustactics+1","floor":24}],"player_experience":101554,"relics_obtained":[{"floor":7,"key":"ats:Originium"},{"floor":7,"key":"Art of War"},{"floor":9,"key":"MealTicket"},{"floor":14,"key":"ats:Originium"},{"floor":14,"key":"AT_ArchangelStaff"},{"floor":17,"key":"Oddly Smooth Stone"},{"floor":17,"key":"AT_TheCollector"},{"floor":17,"key":"AT_GuinsooRageblade"},{"floor":23,"key":"ats:Originium"},{"floor":23,"key":"Bottled Tornado"},{"floor":26,"key":"Blood Vial"}],"event_choices":[],"is_beta":false,"boss_relics":[{"not_picked":["Snecko Eye","REME_DemonsWealth"],"picked":"Calling Bell"}],"items_purged_floors":[],"is_endless":false,"potions_floor_spawned":[5,16,19,23],"killed_by":"Gensokyo:Tenshi","ascension_level":0}}