{"host":"bxn2em57qlx5u4i0","time":1613615002,"event":{"mods":["BaseMod","Colored Map","Colored Powertips","Highlight Path","Minty Spire (QoL Compilation)","Random Character Button","Relic Sorter","Relic Stats","StSLib","SuperFastMode"],"gold_per_floor":[110,35,35,53,53,92,92,117,117,117,133,171,171,206,206,206,206],"floor_reached":16,"language":"ENG","playtime":280,"items_purged":["Defend_G"],"score":336,"play_id":"7e2153d6-cf68-4ae1-a38d-20d6dace56b5","local_time":"20210217212322","is_ascension_mode":true,"campfire_choices":[{"data":"Crippling Poison","floor":7,"key":"SMITH"},{"data":"Neutralize","floor":10,"key":"SMITH"},{"data":"Caltrops","floor":15,"key":"SMITH"}],"circlet_count":0,"master_deck":["AscendersBane","Strike_G","Strike_G+1","Strike_G","Strike_G","Defend_G+1","Defend_G","Defend_G","Defend_G","Survivor","Neutralize+1","PiercingWail","Crippling Poison+1","Heel Hook","Bullet Time","Caltrops+1"],"relics":["Ring of the Snake","NeowsBlessing","Golden Idol","FossilizedHelix","Eternal Feather","Pocketwatch","Tiny Chest"],"acts_visited":["Exordium"],"potions_floor_usage":[12,14],"damage_taken":[{"damage":0,"enemies":"Jaw Worm","floor":1,"turns":1},{"damage":0,"enemies":"2 Louse","floor":4,"turns":1},{"damage":0,"enemies":"Gremlin Nob","floor":6,"turns":1},{"damage":0,"enemies":"Cultist","floor":8,"turns":4},{"damage":0,"enemies":"Looter","floor":11,"turns":3},{"damage":17,"enemies":"3 Sentries","floor":12,"turns":7},{"damage":0,"enemies":"Gremlin Nob","floor":14,"turns":4},{"damage":28,"enemies":"Slime Boss","floor":16,"turns":8}],"seed_played":"-8951415362703830285","potions_obtained":[{"floor":4,"key":"PowerPotion"},{"floor":8,"key":"DistilledChaos"},{"floor":12,"key":"SmokeBomb"}],"is_trial":false,"path_per_floor":["M","$","?","M","?","E","R","M","T","R","M","E","?","E","R","B"],"character_chosen":"THE_SILENT","items_purchased":[],"campfire_rested":0,"item_purchase_floors":[],"current_hp_per_floor":[59,59,59,59,59,59,59,59,59,60,60,43,25,25,34,6,6],"gold":206,"neow_bonus":"THREE_ENEMY_KILL","is_daily":false,"chose_seed":false,"campfire_upgraded":3,"win_rate":0.0,"timestamp":1613615002,"path_taken":["M","$","?","M","?","E","R","M","T","R","?","E","?","E","R","BOSS"],"items_purchased_type":[],"build_version":"2020-12-22","purchased_purges":1,"victory":false,"max_hp_per_floor":[66,66,60,60,60,60,60,60,60,60,60,60,60,60,60,60,60],"relic_stats":{"counters":[8,29],"Golden Idol":35,"Eternal Feather":10,"Tiny Chest":0,"obtain_stats":[{"NeowsBlessing":0,"Golden Idol":3,"Eternal Feather":9,"Tiny Chest":14,"FossilizedHelix":6,"Ring of the Snake":0,"Pocketwatch":12},{"NeowsBlessing":0,"Golden Idol":1,"Eternal Feather":4,"Tiny Chest":7,"FossilizedHelix":3,"Ring of the Snake":0,"Pocketwatch":6},{"NeowsBlessing":0,"Golden Idol":1,"Eternal Feather":7,"Tiny Chest":21,"FossilizedHelix":3,"Ring of the Snake":0,"Pocketwatch":17}],"Ring of the Snake":[16],"Pocketwatch":[24]},"card_choices":[{"not_picked":["Underhanded Strike","Cloak And Dagger"],"picked":"PiercingWail","floor":1},{"not_picked":["A Thousand Cuts","Acrobatics"],"picked":"Crippling Poison","floor":4},{"not_picked":["Deflect","PiercingWail","Finisher"],"picked":"SKIP","floor":6},{"not_picked":["Flying Knee","PiercingWail"],"picked":"Heel Hook","floor":8},{"not_picked":["Cloak And Dagger","Riddle With Holes","Flying Knee"],"picked":"SKIP","floor":11},{"not_picked":["Setup","Concentrate"],"picked":"Bullet Time","floor":12},{"not_picked":["Acrobatics","Concentrate"],"picked":"Caltrops","floor":14}],"player_experience":3038865,"relics_obtained":[{"floor":6,"key":"FossilizedHelix"},{"floor":9,"key":"Eternal Feather"},{"floor":12,"key":"Pocketwatch"},{"floor":14,"key":"Tiny Chest"}],"event_choices":[{"damage_healed":0,"gold_gain":0,"player_choice":"Lose Max HP","damage_taken":0,"relics_obtained":["Golden Idol"],"max_hp_gain":0,"max_hp_loss":6,"event_name":"Golden Idol","floor":3,"gold_loss":0},{"cards_removed":["Strike_G"],"damage_healed":0,"gold_gain":0,"player_choice":"Offered Basic","damage_taken":0,"max_hp_gain":0,"max_hp_loss":0,"event_name":"Bonfire Elementals","floor":5,"gold_loss":0},{"damage_healed":0,"gold_gain":0,"player_choice":"Entered Light","damage_taken":18,"max_hp_gain":0,"max_hp_loss":0,"event_name":"Shining Light","floor":13,"gold_loss":0,"cards_upgraded":["Defend_G","Strike_G"]}],"is_beta":false,"boss_relics":[],"items_purged_floors":[2],"is_endless":false,"potions_floor_spawned":[4,8,11,12],"killed_by":"Slime Boss","ascension_level":20}}