{"host":"y76x98twjnyyxs83","time":1613681063,"event":{"mods":["BaseMod","Colored Powertips","Minty Spire (QoL Compilation)","Permanent Neow","Quick Restart","Rare Cards Sparkle","Relic Stats","StSLib"],"gold_per_floor":[117,134,134,154,172,172,172,186,212,243,259,274,309,321,333,345,345],"floor_reached":16,"language":"ENG","playtime":568,"items_purged":[],"score":282,"play_id":"f3b6d818-7efd-49d7-945e-4792c2167aa3","local_time":"20210219044423","is_ascension_mode":true,"campfire_choices":[{"data":"FlurryOfBlows","floor":7,"key":"SMITH"},{"floor":15,"key":"REST"}],"circlet_count":0,"master_deck":["AscendersBane","Strike_P","Strike_P","Strike_P+1","Defend_P","Defend_P","Defend_P","Defend_P","Eruption","Vigilance","CutThroughFate+1","FlurryOfBlows+1","InnerPeace","JustLucky","Adaptation","FlyingSleeves","FlurryOfBlows","Omniscience"],"relics":["Busted Crown","Whetstone","MealTicket","MawBank"],"acts_visited":["Exordium"],"potions_floor_usage":[10,13,13,14],"damage_taken":[{"damage":8,"enemies":"Small Slimes","floor":1,"turns":4},{"damage":0,"enemies":"2 Louse","floor":2,"turns":3},{"damage":0,"enemies":"Cultist","floor":4,"turns":2},{"damage":1,"enemies":"Looter","floor":5,"turns":3},{"damage":3,"enemies":"Blue Slaver","floor":8,"turns":4},{"damage":16,"enemies":"3 Sentries","floor":10,"turns":5},{"damage":9,"enemies":"Gremlin Gang","floor":11,"turns":4},{"damage":16,"enemies":"Large Slime","floor":12,"turns":5},{"damage":0,"enemies":"Gremlin Nob","floor":13,"turns":3},{"damage":0,"enemies":"Blue Slaver","floor":14,"turns":2},{"damage":24,"enemies":"The Guardian","floor":16,"turns":8}],"seed_played":"-2274064637542819735","potions_obtained":[{"floor":2,"key":"Dexterity Potion"},{"floor":4,"key":"Explosive Potion"},{"floor":10,"key":"FearPotion"},{"floor":13,"key":"SmokeBomb"}],"is_trial":false,"path_per_floor":["M","M","?","M","M","?","R","M","T","E","M","M","E","M","R","B"],"character_chosen":"WATCHER","items_purchased":[],"campfire_rested":1,"item_purchase_floors":[],"current_hp_per_floor":[53,53,46,46,45,45,45,42,42,26,17,1,1,1,21,0,0],"gold":345,"neow_bonus":"BOSS_RELIC","is_daily":false,"chose_seed":false,"campfire_upgraded":1,"win_rate":0.0,"timestamp":1613681063,"path_taken":["M","M","?","M","M","?","R","M","T","E","M","M","E","M","R","BOSS"],"items_purchased_type":[],"build_version":"2020-12-22","purchased_purges":0,"victory":false,"max_hp_per_floor":[68,68,68,68,68,68,68,68,68,68,68,68,68,68,68,68,68],"relic_stats":{"Busted Crown":18,"counters":[11,43],"MealTicket":0,"Whetstone":["CutThroughFate","Strike_P"],"MawBank":36,"obtain_stats":[{"Busted Crown":0,"MealTicket":10,"Whetstone":9,"PureWater":0,"MawBank":13},{"Busted Crown":0,"MealTicket":6,"Whetstone":5,"PureWater":0,"MawBank":9},{"Busted Crown":0,"MealTicket":21,"Whetstone":16,"PureWater":0,"MawBank":33}]},"card_choices":[{"not_picked":[],"picked":"CutThroughFate","floor":1},{"not_picked":[],"picked":"FlurryOfBlows","floor":2},{"not_picked":[],"picked":"InnerPeace","floor":4},{"not_picked":["ThirdEye"],"picked":"SKIP","floor":5},{"not_picked":["ClearTheMind"],"picked":"SKIP","floor":8},{"not_picked":["Study"],"picked":"SKIP","floor":10},{"not_picked":[],"picked":"FlyingSleeves","floor":11},{"not_picked":[],"picked":"FlurryOfBlows","floor":12},{"not_picked":[],"picked":"Omniscience","floor":13}],"player_experience":1193391,"relics_obtained":[{"floor":9,"key":"Whetstone"},{"floor":10,"key":"MealTicket"},{"floor":13,"key":"MawBank"}],"event_choices":[{"cards_removed":["Strike_P"],"damage_healed":0,"gold_gain":0,"player_choice":"Card Removal","damage_taken":7,"max_hp_gain":0,"max_hp_loss":0,"event_name":"Golden Wing","floor":3,"gold_loss":0},{"damage_healed":0,"gold_gain":0,"player_choice":"2 cards matched","damage_taken":0,"max_hp_gain":0,"max_hp_loss":0,"event_name":"Match and Keep!","floor":6,"gold_loss":0,"cards_obtained":["JustLucky","Adaptation"]}],"is_beta":false,"boss_relics":[],"items_purged_floors":[],"is_endless":false,"potions_floor_spawned":[2,4,10,13],"killed_by":"The Guardian","ascension_level":20}}