{"host":"q8mjpf3krl0t4p3x","time":1613637717,"event":{"mods":["BaseMod","Colored Map","Colored Powertips","Googly Eyes","Minty Spire (QoL Compilation)","Quick Restart","StSLib","everything is the same but u backflip on backflip","slay the spire mod where everything is the same but ironclad has a cowboy hat"],"gold_per_floor":[113,9,84,49,49,49,49,49,75,89,117,117,129,60,60,137,137,155,155,155,5,16,44,44,44,44,62,73,84,84,84],"floor_reached":30,"language":"ENG","playtime":1079,"items_purged":[],"score":481,"play_id":"f5dabfe5-9adb-4418-ac31-6d74313c8151","local_time":"20210218004157","is_ascension_mode":true,"campfire_choices":[{"data":"Apotheosis","floor":6.0,"key":"SMITH"},{"floor":8.0,"key":"REST"},{"data":"Searing Blow+1","floor":15.0,"key":"SMITH"},{"data":"Limit Break","floor":24,"key":"SMITH"}],"circlet_count":0,"master_deck":["AscendersBane","Strike_R","Strike_R","Strike_R","Strike_R","Strike_R","Defend_R","Defend_R","Defend_R","Defend_R","Bash","Apotheosis+1","Anger","Iron Wave","Searing Blow+2","Battle Trance","Spot Weakness","Feed","Offering","Limit Break+1","Shrug It Off+1"],"relics":["Black Blood","Vajra","Anchor","Enchiridion","NlothsMask","Lee\u0027s Waffle","Oddly Smooth Stone"],"acts_visited":["Exordium","TheCity"],"potions_floor_usage":[29,29],"damage_taken":[{"damage":6.0,"enemies":"Small Slimes","floor":1.0,"turns":4.0},{"damage":6.0,"enemies":"2 Louse","floor":10.0,"turns":3.0},{"damage":18.0,"enemies":"3 Sentries","floor":11.0,"turns":8.0},{"damage":1.0,"enemies":"Jaw Worm","floor":13.0,"turns":4.0},{"damage":37.0,"enemies":"Hexaghost","floor":16.0,"turns":9.0},{"damage":43.0,"enemies":"3 Byrds","floor":18.0,"turns":6.0},{"damage":22.0,"enemies":"Chosen","floor":22.0,"turns":5.0},{"damage":39,"enemies":"Book of Stabbing","floor":23,"turns":6},{"damage":18,"enemies":"3 Cultists","floor":27,"turns":5},{"damage":39,"enemies":"Centurion and Healer","floor":28,"turns":7},{"damage":15,"enemies":"Cultist and Chosen","floor":29,"turns":6},{"damage":26,"enemies":"Snake Plant","floor":30,"turns":4}],"seed_played":"25425733365388741","potions_obtained":[{"floor":16.0,"key":"BloodPotion"},{"floor":22.0,"key":"Fire Potion"},{"floor":28,"key":"Block Potion"}],"is_trial":false,"path_per_floor":["M","$","?","?","?","R","$","R","T","M","E","?","M","$","R","B",null,"M","?","?","$","M","E","R","$","T","M","M","M","M"],"character_chosen":"IRONCLAD","items_purchased":["Anger","Iron Wave","Feed","Lee\u0027s Waffle"],"campfire_rested":1,"item_purchase_floors":[2,2,14,21],"current_hp_per_floor":[50,50,39,57,62,62,62,80,80,80,68,68,73,73,73,42,71,60,39,39,91,85,62,62,62,62,60,37,38,12,12],"gold":84,"neow_bonus":"RANDOM_COLORLESS_2","is_daily":false,"chose_seed":false,"campfire_upgraded":3,"win_rate":0.0,"timestamp":1613637717,"path_taken":["M","$","?","?","?","R","$","R","T","M","E","?","M","$","R","BOSS","M","?","?","$","?","E","R","$","T","M","M","M","M"],"items_purchased_type":["Card","Card","Card","Relic"],"build_version":"2020-12-22","purchased_purges":0,"victory":false,"max_hp_per_floor":[75,75,75,75,80,80,80,80,80,80,80,80,80,80,80,80,80,84,84,84,91,95,99,99,99,99,103,107,111,111,111],"card_choices":[{"not_picked":["HandOfGreed","Magnetism"],"picked":"Apotheosis","floor":0.0},{"not_picked":["Heavy Blade","Sever Soul","Clash"],"picked":"SKIP","floor":1.0},{"not_picked":["Sword Boomerang","Havoc"],"picked":"Searing Blow","floor":10.0},{"not_picked":["Spot Weakness","Flame Barrier"],"picked":"Battle Trance","floor":11.0},{"not_picked":["Burning Pact","Warcry"],"picked":"Spot Weakness","floor":13.0},{"not_picked":["Brutality","Corruption"],"picked":"Offering","floor":16.0},{"not_picked":["Blood for Blood","Second Wind","Evolve+1"],"picked":"SKIP","floor":18.0},{"not_picked":["Body Slam","Bloodletting","Pommel Strike"],"picked":"SKIP","floor":22.0},{"not_picked":["Clothesline","Flex"],"picked":"Limit Break","floor":23},{"not_picked":["Uppercut","Bloodletting"],"picked":"Shrug It Off+1","floor":27},{"not_picked":["Flex","Anger","Thunderclap"],"picked":"SKIP","floor":28},{"not_picked":["Wild Strike","True Grit","Seeing Red"],"picked":"SKIP","floor":29}],"player_experience":192024,"relics_obtained":[{"floor":9.0,"key":"Vajra"},{"floor":11.0,"key":"Anchor"},{"floor":19.0,"key":"Enchiridion"},{"floor":23,"key":"Oddly Smooth Stone"}],"event_choices":[{"damage_healed":0.0,"max_hp_gain":0.0,"max_hp_loss":0.0,"gold_gain":75.0,"event_name":"World of Goop","player_choice":"Gather Gold","floor":3.0,"gold_loss":0.0,"damage_taken":11.0},{"damage_healed":18.0,"max_hp_gain":0.0,"max_hp_loss":0.0,"gold_gain":0.0,"event_name":"The Cleric","player_choice":"Healed","floor":4.0,"gold_loss":35.0,"damage_taken":0.0},{"damage_healed":0.0,"max_hp_gain":5.0,"max_hp_loss":0.0,"gold_gain":0.0,"event_name":"Big Fish","player_choice":"Donut","floor":5.0,"gold_loss":0.0,"damage_taken":0.0},{"damage_healed":0.0,"max_hp_gain":0.0,"max_hp_loss":0.0,"gold_gain":0.0,"event_name":"Living Wall","player_choice":"Grow","floor":12.0,"gold_loss":0.0,"damage_taken":0.0,"cards_upgraded":["Searing Blow"]},{"damage_healed":0.0,"max_hp_gain":0.0,"max_hp_loss":0.0,"gold_gain":0.0,"event_name":"Cursed Tome","player_choice":"Obtained Book","floor":19.0,"gold_loss":0.0,"damage_taken":21.0},{"damage_healed":0.0,"max_hp_gain":0.0,"max_hp_loss":0.0,"gold_gain":0.0,"event_name":"FaceTrader","player_choice":"Trade","floor":20.0,"gold_loss":0.0,"damage_taken":0.0,"relics_obtained":["NlothsMask"]}],"is_beta":false,"boss_relics":[{"not_picked":["Snecko Eye","SlaversCollar"],"picked":"Black Blood"}],"items_purged_floors":[],"is_endless":false,"potions_floor_spawned":[16,22,28],"killed_by":"Snake Plant","ascension_level":15}}