{"host":"xz7n3qy1zq36rzpg","time":1613637089,"event":{"mods":["BaseMod","Colored Map","Colored Powertips","Highlight Path","Minty Spire (QoL Compilation)","Quick Restart","Shop Mod"],"gold_per_floor":[119,131,141,153,169,169,196,196,249,249,263,263,281,291,291,392,392,406,316,332,332,183,183,215,233,533,533,533,533],"floor_reached":28,"language":"ENG","playtime":1340,"items_purged":[],"score":290,"play_id":"2ecb03cc-1d74-4790-8681-9997aecb8723","local_time":"20210218093129","is_ascension_mode":true,"campfire_choices":[{"data":"Zap","floor":6,"key":"SMITH"},{"floor":8,"key":"REST"},{"data":"Hologram","floor":12,"key":"SMITH"},{"floor":15,"key":"REST"},{"data":"Beam Cell","floor":23,"key":"SMITH"}],"circlet_count":0,"master_deck":["Strike_B","Strike_B","Strike_B","Defend_B","Defend_B","Defend_B","Defend_B","Zap+1","Dualcast","Hologram+1","Lockon","Beam Cell+1","Cold Snap","Biased Cognition","Sweeping Beam+1","Defragment","Reboot","Go for the Eyes+1","Ball Lightning","Leap","All For One","Defragment","Writhe"],"relics":["Cracked Core","NeowsBlessing","Bottled Lightning","Juzu Bracelet","Cursed Key","Gremlin Horn","Old Coin","CultistMask"],"acts_visited":["Exordium","TheCity"],"potions_floor_usage":[11,16,20,22],"damage_taken":[{"damage":0,"enemies":"Cultist","floor":1,"turns":1},{"damage":0,"enemies":"Jaw Worm","floor":2,"turns":1},{"damage":0,"enemies":"Small Slimes","floor":3,"turns":1},{"damage":19,"enemies":"Red Slaver","floor":4,"turns":4},{"damage":9,"enemies":"Looter","floor":5,"turns":3},{"damage":25,"enemies":"3 Sentries","floor":7,"turns":8},{"damage":10,"enemies":"3 Louse","floor":11,"turns":3},{"damage":0,"enemies":"Exordium Thugs","floor":13,"turns":2},{"damage":13,"enemies":"Exordium Wildlife","floor":14,"turns":2},{"damage":37,"enemies":"Slime Boss","floor":16,"turns":7},{"damage":10,"enemies":"3 Byrds","floor":18,"turns":3},{"damage":5,"enemies":"Chosen","floor":20,"turns":3},{"damage":24,"enemies":"Book of Stabbing","floor":24,"turns":5},{"damage":12,"enemies":"Centurion and Healer","floor":25,"turns":5},{"damage":33,"enemies":"Snake Plant","floor":28,"turns":2}],"seed_played":"2729322029996875454","potions_obtained":[{"floor":2,"key":"SpeedPotion"},{"floor":5,"key":"Dexterity Potion"},{"floor":7,"key":"Regen Potion"},{"floor":14,"key":"Energy Potion"},{"floor":16,"key":"SkillPotion"},{"floor":24,"key":"EssenceOfSteel"}],"is_trial":false,"path_per_floor":["M","M","M","M","M","R","E","R","T","?","M","R","M","M","R","B",null,"M","?","M","?","$","R","E","M","T","?","M"],"character_chosen":"DEFECT","items_purchased":["Fruit Juice","Leap"],"campfire_rested":2,"item_purchase_floors":[22,22],"current_hp_per_floor":[75,75,75,56,47,47,22,44,44,44,43,43,43,30,52,15,75,65,65,60,60,65,65,41,29,29,29,0,0],"gold":533,"neow_bonus":"THREE_ENEMY_KILL","is_daily":false,"chose_seed":false,"campfire_upgraded":3,"win_rate":0.0,"timestamp":1613637089,"path_taken":["M","M","?","M","?","R","E","R","T","?","M","R","M","M","R","BOSS","M","?","M","?","?","R","E","M","T","?","M"],"items_purchased_type":["Potion","Card"],"build_version":"2020-12-22","purchased_purges":0,"victory":false,"max_hp_per_floor":[75,75,75,75,75,75,75,75,75,75,75,75,75,75,75,75,75,75,75,75,75,80,80,80,80,80,80,80,80],"card_choices":[{"not_picked":["Conserve Battery","Beam Cell"],"picked":"Hologram","floor":1},{"not_picked":["Conserve Battery","Redo"],"picked":"Lockon","floor":2},{"not_picked":["Scrape","Barrage"],"picked":"Beam Cell","floor":3},{"not_picked":["Barrage","Force Field","Aggregate"],"picked":"SKIP","floor":4},{"not_picked":["Streamline","Turbo"],"picked":"Cold Snap","floor":5},{"not_picked":["Streamline","Darkness"],"picked":"Biased Cognition","floor":7},{"not_picked":["Go for the Eyes","Compile Driver","Heatsinks"],"picked":"SKIP","floor":11},{"not_picked":["Storm","Turbo"],"picked":"Sweeping Beam","floor":13},{"not_picked":["Barrage","Sweeping Beam"],"picked":"Defragment","floor":14},{"not_picked":["Thunder Strike","Hyperbeam"],"picked":"Reboot","floor":16},{"not_picked":["Barrage","Redo"],"picked":"Go for the Eyes+1","floor":18},{"not_picked":["Biased Cognition","Turbo"],"picked":"Ball Lightning","floor":20},{"not_picked":["Ball Lightning","Skim+1"],"picked":"All For One","floor":24},{"not_picked":["Redo","Cold Snap"],"picked":"Defragment","floor":25}],"player_experience":536632,"relics_obtained":[{"floor":7,"key":"Bottled Lightning"},{"floor":9,"key":"Juzu Bracelet"},{"floor":24,"key":"Gremlin Horn"},{"floor":26,"key":"Old Coin"}],"event_choices":[{"damage_healed":0,"gold_gain":0,"player_choice":"Ignored","damage_taken":0,"max_hp_gain":0,"max_hp_loss":0,"event_name":"Liars Game","floor":10,"gold_loss":0},{"cards_removed":["Strike_B"],"damage_healed":0,"gold_gain":0,"player_choice":"Upgrade and Remove","damage_taken":0,"max_hp_gain":0,"max_hp_loss":0,"event_name":"Designer","floor":19,"gold_loss":90,"cards_upgraded":["Sweeping Beam"]},{"damage_healed":0,"gold_gain":0,"player_choice":"Ignored","damage_taken":0,"max_hp_gain":0,"max_hp_loss":0,"event_name":"N\u0027loth","floor":21,"gold_loss":0},{"damage_healed":0,"gold_gain":0,"player_choice":"Trade","damage_taken":0,"relics_obtained":["CultistMask"],"max_hp_gain":0,"max_hp_loss":0,"event_name":"FaceTrader","floor":27,"gold_loss":0}],"is_beta":false,"boss_relics":[{"not_picked":["Ectoplasm","Pandora\u0027s Box"],"picked":"Cursed Key"}],"items_purged_floors":[],"is_endless":false,"potions_floor_spawned":[2,5,7,14,16,24,25],"killed_by":"Snake Plant","ascension_level":4}}