{"host":"xe7vird6mhwsic73","time":1613681347,"event":{"mods":["BaseMod","Highlight Path","Minty Spire (QoL Compilation)","Relic Stats","StSLib"],"gold_per_floor":[117,67,80,80,93,126,126,150,150,186,186,211,232,232,232,232,232],"floor_reached":16,"language":"ENG","playtime":927,"items_purged":[],"score":118,"play_id":"5e564051-e70a-4ffd-8676-1e7eb7a9545c","local_time":"20210218154907","is_ascension_mode":true,"campfire_choices":[{"floor":7,"key":"REST"},{"floor":15,"key":"REST"}],"circlet_count":0,"master_deck":["Strike_P","Strike_P","Strike_P","Strike_P","Defend_P","Defend_P","Defend_P","Eruption+1","Vigilance","InnerPeace","FlurryOfBlows","Injury","ThirdEye","MentalFortress","ThirdEye","TalkToTheHand","Crescendo"],"relics":["PureWater","NeowsBlessing","Golden Idol","Toy Ornithopter","Juzu Bracelet","Yang"],"acts_visited":["Exordium"],"potions_floor_usage":[10,13],"damage_taken":[{"damage":0,"enemies":"Cultist","floor":1,"turns":1},{"damage":0,"enemies":"2 Louse","floor":3,"turns":1},{"damage":0,"enemies":"Small Slimes","floor":5,"turns":1},{"damage":49,"enemies":"Gremlin Nob","floor":6,"turns":5},{"damage":3,"enemies":"Looter","floor":8,"turns":4},{"damage":19,"enemies":"Lagavulin","floor":10,"turns":10},{"damage":5,"enemies":"Red Slaver","floor":12,"turns":5},{"damage":7,"enemies":"Exordium Wildlife","floor":13,"turns":5},{"damage":41,"enemies":"The Guardian","floor":16,"turns":14}],"seed_played":"-3443752761631126411","potions_obtained":[{"floor":1,"key":"Swift Potion"},{"floor":8,"key":"ColorlessPotion"},{"floor":12,"key":"SmokeBomb"}],"is_trial":false,"path_per_floor":["M","?","M","?","M","E","R","M","T","E","?","M","M","?","R","B"],"character_chosen":"WATCHER","items_purchased":[],"campfire_rested":2,"item_purchase_floors":[],"current_hp_per_floor":[72,72,72,72,72,23,44,41,41,27,27,22,20,20,41,0,0],"gold":232,"neow_bonus":"THREE_ENEMY_KILL","is_daily":false,"chose_seed":false,"campfire_upgraded":0,"win_rate":0.0,"timestamp":1613681347,"path_taken":["M","?","M","?","M","E","R","M","T","E","?","M","M","?","R","BOSS"],"items_purchased_type":[],"build_version":"2020-12-22","purchased_purges":0,"victory":false,"max_hp_per_floor":[72,72,72,72,72,72,72,72,72,72,72,72,72,72,72,72,72],"relic_stats":{"counters":[9,46],"Golden Idol":31,"Yang":[44],"Juzu Bracelet":1,"obtain_stats":[{"NeowsBlessing":0,"Golden Idol":4,"Yang":10,"Juzu Bracelet":9,"PureWater":0,"Toy Ornithopter":6},{"NeowsBlessing":0,"Golden Idol":2,"Yang":6,"Juzu Bracelet":5,"PureWater":0,"Toy Ornithopter":4},{"NeowsBlessing":0,"Golden Idol":2,"Yang":22,"Juzu Bracelet":12,"PureWater":0,"Toy Ornithopter":8}],"Toy Ornithopter":10},"card_choices":[{"not_picked":["Protect","Consecrate"],"picked":"InnerPeace","floor":1},{"not_picked":["ReachHeaven","Protect"],"picked":"FlurryOfBlows","floor":3},{"not_picked":["Perseverance","JustLucky"],"picked":"ThirdEye","floor":5},{"not_picked":["Alpha","ThirdEye"],"picked":"MentalFortress","floor":6},{"not_picked":["Prostrate","WheelKick"],"picked":"ThirdEye","floor":8},{"not_picked":["Swivel","FearNoEvil"],"picked":"TalkToTheHand","floor":10},{"not_picked":["CrushJoints","BowlingBash","SashWhip"],"picked":"SKIP","floor":12},{"not_picked":["MentalFortress","FlyingSleeves"],"picked":"Crescendo","floor":13}],"player_experience":188663,"relics_obtained":[{"floor":6,"key":"Toy Ornithopter"},{"floor":9,"key":"Juzu Bracelet"},{"floor":10,"key":"Yang"}],"event_choices":[{"cards_removed":["Defend_P"],"damage_healed":0,"gold_gain":0,"player_choice":"Card Removal","damage_taken":0,"max_hp_gain":0,"max_hp_loss":0,"event_name":"The Cleric","floor":2,"gold_loss":50},{"damage_healed":0,"gold_gain":0,"player_choice":"Take Wound","damage_taken":0,"relics_obtained":["Golden Idol"],"max_hp_gain":0,"max_hp_loss":0,"event_name":"Golden Idol","floor":4,"gold_loss":0,"cards_obtained":["Injury"]},{"damage_healed":0,"gold_gain":0,"player_choice":"Upgraded","damage_taken":0,"max_hp_gain":0,"max_hp_loss":0,"event_name":"Upgrade Shrine","floor":11,"gold_loss":0,"cards_upgraded":["Eruption"]},{"damage_healed":0,"gold_gain":0,"player_choice":"Searched \u00271\u0027 times","damage_taken":0,"max_hp_gain":0,"max_hp_loss":0,"event_name":"Dead Adventurer","floor":14,"gold_loss":0}],"is_beta":false,"boss_relics":[],"items_purged_floors":[],"is_endless":false,"potions_floor_spawned":[1,8,12],"killed_by":"The Guardian","ascension_level":1}}