{"host":"67dbklwnaq0pv002","time":1613633247,"event":{"mods":["2.2 Compatiblity","AchievementEnabler","Act Like it!","BaseMod","Colored Map","Colored Powertips","Custom Start","Marisa£¨Ùöéë¡¡Øª×âÞÞ£©","Minty Spire (QoL Compilation)","Quick Restart","StSLib","The Hierophant"],"gold_per_floor":[110,60,60,24,46,73,73,105,130,130,184,59,59,62,62,103,103,122,22,22,22,22,76,1,133,133,129,129],"floor_reached":27,"language":"KOR","playtime":1103,"items_purged":["hierophant:Strike_Hierophant","hierophant:Strike_Hierophant"],"score":254,"play_id":"553200bc-efe3-454b-9022-b092dddbecbd","local_time":"20210218162727","is_ascension_mode":false,"campfire_choices":[{"data":"hierophant:ConvertCurrency","floor":7.0,"key":"SMITH"},{"data":"hierophant:PassingBell","floor":10.0,"key":"SMITH"},{"data":"hierophant:HolyVerse","floor":13.0,"key":"SMITH"},{"data":"hierophant:Charity","floor":15.0,"key":"SMITH"}],"circlet_count":0,"master_deck":["hierophant:Punish","hierophant:Defend_Hierophant","hierophant:Defend_Hierophant","hierophant:ChurchCoffers","hierophant:Doubloon+1","hierophant:CursedGold+1","hierophant:ConvertCurrency+1","hierophant:Doubloon+1","hierophant:PassingBell+1","hierophant:Doubloon+1","hierophant:Charity+1","hierophant:Doubloon+1","hierophant:Doubloon","hierophant:RecallFunds","hierophant:HolyVerse+1","hierophant:Cornucopia","hierophant:RustyCrate","hierophant:Doubloon","hierophant:Doubloon","hierophant:MintersHammer","hierophant:SecretStash","Necronomicurse","hierophant:Refuge","hierophant:Doubloon","hierophant:Encroach"],"relics":["hierophant:PropheticMaskRelic","Anchor","Blood Vial","Orichalcum","Black Star","Necronomicon","Centennial Puzzle","InkBottle","Bottled Tornado"],"acts_visited":["Exordium","TheCity"],"potions_floor_usage":[],"damage_taken":[{"damage":0.0,"enemies":"2 Louse","floor":1.0,"turns":2.0},{"damage":1.0,"enemies":"Jaw Worm","floor":5.0,"turns":4.0},{"damage":0.0,"enemies":"Cultist","floor":6.0,"turns":4.0},{"damage":6.0,"enemies":"Large Slime","floor":8.0,"turns":4.0},{"damage":4.0,"enemies":"3 Sentries","floor":11.0,"turns":4.0},{"damage":0.0,"enemies":"Blue Slaver","floor":14.0,"turns":2.0},{"damage":30.0,"enemies":"Hexaghost","floor":16.0,"turns":6.0},{"damage":19.0,"enemies":"Shell Parasite","floor":18.0,"turns":4.0},{"damage":13.0,"enemies":"Book of Stabbing","floor":23.0,"turns":3.0},{"damage":0.0,"enemies":"3 Byrds","floor":25.0,"turns":2.0},{"damage":39,"enemies":"Gremlin Leader","floor":27,"turns":2}],"seed_played":"-11972228164064904","potions_obtained":[{"floor":5.0,"key":"GamblersBrew"},{"floor":8.0,"key":"BlessingOfTheForge"},{"floor":14.0,"key":"PowerPotion"},{"floor":16.0,"key":"Explosive Potion"},{"floor":25.0,"key":"Regen Potion"}],"is_trial":false,"path_per_floor":["M","?","?","$","M","M","R","M","T","R","E","$","R","M","R","B",null,"M","$","?","?","?","E","$","M","T","E"],"character_chosen":"HIEROPHANT","items_purchased":["hierophant:ConvertCurrency","hierophant:HolyVerse","hierophant:Refuge"],"campfire_rested":0,"item_purchase_floors":[4,12,24],"current_hp_per_floor":[75,75,60,60,59,59,59,53,53,53,51,51,51,53,53,25,75,56,56,56,56,40,29,29,31,31,0,0],"gold":129,"neow_bonus":"RANDOM_COMMON_RELIC","is_daily":false,"chose_seed":false,"campfire_upgraded":4,"win_rate":0.0,"timestamp":1613633247,"path_taken":["M","?","?","?","?","M","R","M","T","R","E","$","R","M","R","BOSS","M","$","?","?","?","E","?","?","T","E"],"items_purchased_type":["Card","Card","Card"],"build_version":"2020-12-22","purchased_purges":2,"victory":false,"max_hp_per_floor":[75,75,75,75,75,75,75,75,75,75,75,75,75,75,75,75,75,75,75,75,75,75,75,75,75,75,75,75],"card_choices":[{"not_picked":["hierophant:FlamingChariot","hierophant:Smite"],"picked":"hierophant:CursedGold","floor":1.0},{"not_picked":["hierophant:DisplayOfPower","hierophant:Shelter"],"picked":"hierophant:PassingBell","floor":5.0},{"not_picked":["hierophant:SealAway","hierophant:Sermon"],"picked":"hierophant:Charity","floor":6.0},{"not_picked":["hierophant:Empathy","hierophant:Prophecy"],"picked":"hierophant:Doubloon","floor":8.0},{"not_picked":["hierophant:Martyrdom","hierophant:Mercenaries"],"picked":"hierophant:RecallFunds","floor":11.0},{"not_picked":["hierophant:Sermon","hierophant:RepressedViolence","hierophant:Dazzle"],"picked":"SKIP","floor":14.0},{"not_picked":["hierophant:Determination","hierophant:Invocation"],"picked":"hierophant:Cornucopia","floor":16.0},{"not_picked":["hierophant:Charity+1","hierophant:HammerAndAnvil"],"picked":"hierophant:RustyCrate","floor":18.0},{"not_picked":["hierophant:FlamingChariot","hierophant:AuricBeam","hierophant:Purify+1"],"picked":"SKIP","floor":23.0},{"not_picked":["hierophant:AuricBeam","hierophant:Zeal"],"picked":"hierophant:Encroach","floor":25.0}],"player_experience":650292,"relics_obtained":[{"floor":9.0,"key":"Blood Vial"},{"floor":11.0,"key":"Orichalcum"},{"floor":22.0,"key":"Necronomicon"},{"floor":23.0,"key":"Centennial Puzzle"},{"floor":23.0,"key":"InkBottle"},{"floor":26.0,"key":"Bottled Tornado"}],"event_choices":[{"cards_removed":["hierophant:Strike_Hierophant"],"damage_healed":0.0,"max_hp_gain":0.0,"max_hp_loss":0.0,"gold_gain":0.0,"event_name":"The Cleric","player_choice":"Card Removal","floor":2.0,"gold_loss":50.0,"damage_taken":0.0},{"damage_healed":0.0,"max_hp_gain":0.0,"max_hp_loss":0.0,"gold_gain":0.0,"event_name":"Shining Light","player_choice":"Entered Light","floor":3.0,"gold_loss":0.0,"damage_taken":15.0,"cards_upgraded":["hierophant:Strike_Hierophant","hierophant:CursedGold"]},{"cards_removed":["hierophant:Strike_Hierophant"],"damage_healed":0.0,"max_hp_gain":0.0,"max_hp_loss":0.0,"gold_gain":0.0,"event_name":"Back to Basics","player_choice":"Elegance","floor":20.0,"gold_loss":0.0,"damage_taken":0.0},{"damage_healed":0.0,"max_hp_gain":0.0,"max_hp_loss":0.0,"gold_gain":0.0,"cards_transformed":["hierophant:Defend_Hierophant","hierophant:Defend_Hierophant"],"event_name":"Drug Dealer","player_choice":"Became Test Subject","floor":21.0,"gold_loss":0.0,"damage_taken":0.0,"cards_obtained":["hierophant:MintersHammer","hierophant:SecretStash"]},{"damage_healed":0.0,"max_hp_gain":0.0,"max_hp_loss":0.0,"gold_gain":0.0,"event_name":"Cursed Tome","player_choice":"Obtained Book","floor":22.0,"gold_loss":0.0,"damage_taken":16.0}],"is_beta":false,"boss_relics":[{"not_picked":["Coffee Dripper","Busted Crown"],"picked":"Black Star"}],"items_purged_floors":[12,19],"is_endless":false,"potions_floor_spawned":[5,8,14,16,25],"killed_by":"Gremlin Leader","ascension_level":0}}