{"host":"nowlnq08cups5y6x","time":1613668083,"event":{"mods":["2.2 Compatiblity","AchievementEnabler","Aspiration","BaseMod","Beaked The Cultist","Better Altar","Better Match","Better Note","Better Sensory Stone","Better Silent Start","Better Skull","Better Third Choice","BetterRewards","Card Forge","Colored Map","Colored Powertips","Conspire","Curses Come First","Defuse TimeMaze Blight","Energized Spire","Filter the Spire","Gold Saver","Grow up Mod","Halation","Highlight Path","Hubris","Hyrulean Relics","Infinite Spire","Minty Spire (QoL Compilation)","Permanent Neow","Rare Cards Sparkle","Relic Filter Mod","Reliquary","Remove Card Discount Mod","Replay The Spire","SacredBarkPlus","Shop Mod","Spicy Shops","StS++","StSLib","The Cursed","Transform Curses","UnlockEverythingMod"],"gold_per_floor":[114,114,114,289,304,323,72,98,147,164,164,199,209,226,226,322,322,332,223,423,423,423,423,455,467,494,494,527,537,552,562,562,636,686,702,746,746,746,759,759,787,800,826,838,864,910,910,925,925,925,925,925,925,952,952],"floor_reached":56,"language":"ENG","playtime":2823,"items_purged":[],"score":2313,"play_id":"81ec31f3-76c9-48b6-a6b8-872d70129f25","local_time":"20210218120803","is_ascension_mode":true,"campfire_choices":[{"floor":15,"key":"RECALL"},{"data":"beaked:Windmill","floor":23,"key":"SMITH"},{"floor":27,"key":"REST"},{"floor":49,"key":"REST"},{"floor":52,"key":"REST"}],"circlet_count":0,"master_deck":["AscendersBane","beaked:Strike_Y","beaked:Strike_Y","beaked:Strike_Y","beaked:Strike_Y","beaked:Strike_Y","beaked:Defend_Y","beaked:Defend_Y","beaked:Defend_Y","beaked:Defend_Y","beaked:Ceremony+1","beaked:Ceremony+1","beaked:Ceremony+1","beaked:WindBringer+1","Apotheosis+1","beaked:Windmill+1","beaked:MaddeningMurmurs+1","beaked:MaddeningMurmurs+1","beaked:Windmill+1","beaked:Windmill+1","beaked:Windmill+1","Replay:Fractal Strike+1","Replay:Fractal Strike+1","beaked:Foresight+1","beaked:MaddeningMurmurs+1","beaked:AwakenedForm+1","beaked:FakeOut+1","beaked:MimicWarrior+1","beaked:Windmill+1","hubris:Fate+1","beaked:Foresight+1","beaked:TuckingFeathers+1","beaked:MachineEssence+1","beaked:Pecker+1","beaked:Poke+1","beaked:Insight+1","beaked:DarkTribute+1","beaked:Daydream+1","beaked:TuckingFeathers+1","beaked:Foresight+1","beaked:Foresight+1","beaked:Windmill","beaked:Overpower","beaked:TuckingFeathers","beaked:Windmill+1","beaked:Windmill","beaked:Tradeoff","beaked:Overpower","beaked:Windmill","beaked:Evade+1"],"relics":["beaked:MendingPlumage","Hammer of Thor","Seething Fire","Anvil of the Gods","Torii","halation:PinkSoulGem","Membership Card","aspiration:EmptySkull","ReplayTheSpireMod:CursedCoin","StrikeDummy","ReplayFunnel","Ancient Tea Set","hubris:TerracottaHorce","MerchantsRug","PreservedInsect","reliquary:RosewoodLute","halation:PromiseList","Tiny House","Matryoshka","halation:EternalFortune","ReplayTheSpireMod:Shallot","beaked:ThroatLozenge","Anchor","reliquary:Aerogel","hubris:CuriousFeather","conspire:TopHat"],"acts_visited":["Exordium","TheCity","TheBeyond","TheEnding"],"potions_floor_usage":[8,18,28,44,50,55,55],"damage_taken":[{"damage":7,"enemies":"Small Slimes","floor":1,"turns":4},{"damage":23,"enemies":"Jaw Worm","floor":5,"turns":4},{"damage":0,"enemies":"2 Louse","floor":6,"turns":3},{"damage":39,"enemies":"3 Sentries","floor":8,"turns":5},{"damage":8,"enemies":"Exordium Thugs","floor":10,"turns":2},{"damage":35,"enemies":"Lagavulin","floor":12,"turns":5},{"damage":17,"enemies":"Blue Slaver","floor":13,"turns":4},{"damage":12,"enemies":"2 Fungi Beasts","floor":14,"turns":4},{"damage":33,"enemies":"Slime Boss","floor":16,"turns":5},{"damage":8,"enemies":"3 Byrds","floor":18,"turns":4},{"damage":28,"enemies":"Slavers","floor":24,"turns":3},{"damage":15,"enemies":"Shell Parasite","floor":25,"turns":3},{"damage":1,"enemies":"conspire:Head Lice","floor":28,"turns":4},{"damage":13,"enemies":"Shelled Parasite and Fungi","floor":29,"turns":4},{"damage":1,"enemies":"conspire:HollyBat","floor":30,"turns":7},{"damage":0,"enemies":"3 Cultists","floor":31,"turns":3},{"damage":23,"enemies":"hubris:MusketHawk","floor":33,"turns":6},{"damage":31,"enemies":"3 Darklings","floor":35,"turns":4},{"damage":0,"enemies":"Orb Walker","floor":39,"turns":1},{"damage":65,"enemies":"Nemesis","floor":41,"turns":7},{"damage":1,"enemies":"Jaw Worm Horde","floor":42,"turns":3},{"damage":58,"enemies":"Transient","floor":44,"turns":5},{"damage":0,"enemies":"R_Hoarder","floor":45,"turns":3},{"damage":0,"enemies":"2 Orb Walkers","floor":46,"turns":1},{"damage":0,"enemies":"Sphere and 2 Shapes","floor":48,"turns":3},{"damage":64,"enemies":"Awakened One","floor":50,"turns":6},{"damage":105,"enemies":"Shield and Spear","floor":54,"turns":5},{"damage":151,"enemies":"The Heart","floor":55,"turns":7}],"seed_played":"-5647077138409092795","potions_obtained":[{"floor":5,"key":"PowerPotion"},{"floor":6,"key":"Venom Potion"},{"floor":8,"key":"infinitespire:BlackPotion"},{"floor":13,"key":"LiquidMemories"},{"floor":24,"key":"LiquidBronze"},{"floor":28,"key":"SkillPotion"},{"floor":45,"key":"Adrenaline Potion"},{"floor":54,"key":"Energy Potion"}],"is_trial":false,"path_per_floor":["M","?","?","?","M","M","$","E","T","M","?","E","M","M","R","B",null,"M","$","?","?","?","R","E","M","T","R","E","M","M","M","R_BF","B",null,"M","?","?","?","M","R","E","M","T","M","E","?","?","M","R","B",null,"R","$","E","B",null],"character_chosen":"BEAKED_THE_CULTIST","items_purchased":["Membership Card","aspiration:EmptySkull","ReplayTheSpireMod:CursedCoin","beaked:MaddeningMurmurs","beaked:Windmill","StrikeDummy","Pocketwatch","beaked:Windmill","MerchantsRug"],"campfire_rested":3,"item_purchase_floors":[7,7,7,7,7,7,19,19,19],"current_hp_per_floor":[67,77,87,97,94,112,122,122,132,136,146,140,146,160,170,170,218,240,250,260,270,280,290,289,300,310,330,340,350,360,370,380,390,405,410,420,433,443,453,463,478,488,498,475,498,508,518,546,558,568,578,588,598,566,560],"gold":952,"neow_bonus":"ONE_RARE_RELIC","is_daily":false,"chose_seed":false,"campfire_upgraded":1,"win_rate":0.0,"timestamp":1613668083,"path_taken":["M","?","?","?","M","M","$","E","T","?","?","E","M","M","R","BOSS","M","$","?","?","?","R","E","M","T","R","E","M","M","M","R_BF","BOSS","M","?","?","?","?","R","E","M","T","M","E","?","?","M","R","BOSS","R","$","E","BOSS"],"items_purchased_type":["Relic","Relic","Relic","Card","Card","Relic","Relic","Card","Relic"],"build_version":"2020-12-22","purchased_purges":0,"victory":true,"max_hp_per_floor":[70,80,90,100,110,120,130,140,150,160,170,180,190,200,210,220,230,240,250,260,270,280,290,300,310,320,330,340,350,360,370,380,390,405,415,425,438,448,458,468,478,488,498,508,518,528,538,548,558,568,578,588,598,608,618],"card_choices":[{"not_picked":["beaked:Brace","beaked:Recite"],"picked":"beaked:WindBringer","floor":1},{"not_picked":["beaked:Mantra","beaked:CursingBlood"],"picked":"beaked:Windmill","floor":5},{"not_picked":["beaked:BounceBack","beaked:Cower"],"picked":"beaked:MaddeningMurmurs","floor":6},{"not_picked":["beaked:Overexert","beaked:TuckingFeathers"],"picked":"beaked:Windmill","floor":8},{"not_picked":["beaked:Pecker","beaked:Hexing"],"picked":"beaked:Windmill","floor":10},{"not_picked":["beaked:SurvivalInstinct","beaked:TuckingFeathers"],"picked":"beaked:Foresight","floor":12},{"not_picked":["beaked:Insight","ReplayTheSpireMod:Prepare the Ceremony"],"picked":"beaked:MaddeningMurmurs","floor":13},{"not_picked":["beaked:FeelMyPain","beaked:Tradeoff","beaked:Brace"],"picked":"SKIP","floor":14},{"not_picked":["beaked:CheekyTricks","beaked:ShadowFade"],"picked":"beaked:FakeOut","floor":16},{"not_picked":["beaked:WarriorSpirit","beaked:Flinch+1"],"picked":"beaked:MimicWarrior","floor":18},{"not_picked":["beaked:DigDeep","ReplayTheSpireMod:Prepare the Ceremony"],"picked":"beaked:Foresight","floor":24},{"not_picked":["beaked:DigDeep","beaked:Negation"],"picked":"beaked:TuckingFeathers","floor":25},{"not_picked":["ReplayTheSpireMod:Prepare the Ceremony","beaked:DigDeeper+1"],"picked":"beaked:MachineEssence","floor":28},{"not_picked":["beaked:Molting","beaked:HuntressSpirit"],"picked":"beaked:Pecker","floor":29},{"not_picked":["beaked:DigDeeper","beaked:SurvivalInstinct"],"picked":"beaked:Poke","floor":30},{"not_picked":["beaked:TuckingFeathers","beaked:Poke"],"picked":"beaked:Insight","floor":31},{"not_picked":["beaked:ScreechingChant","beaked:FakeOut"],"picked":"beaked:DarkTribute","floor":33},{"not_picked":["beaked:Devastation+1","beaked:Resilience"],"picked":"beaked:Daydream","floor":34},{"not_picked":["beaked:BraceForImpact+1","ReplayTheSpireMod:Prepare the Ceremony"],"picked":"beaked:TuckingFeathers","floor":35},{"not_picked":["beaked:Flinch","beaked:BraceForImpact"],"picked":"beaked:Foresight","floor":36},{"not_picked":["beaked:Poke+1","beaked:KnowThyFoe"],"picked":"beaked:Foresight","floor":36},{"not_picked":["beaked:Tweet","beaked:Flinch+1"],"picked":"beaked:Overpower","floor":39},{"not_picked":["beaked:HuntressEssence+1","beaked:DigDeeper"],"picked":"beaked:TuckingFeathers","floor":41},{"not_picked":["beaked:Devastation","beaked:Flinch"],"picked":"beaked:Windmill+1","floor":42},{"not_picked":["beaked:Evade","beaked:Flinch+1"],"picked":"beaked:Windmill","floor":44},{"not_picked":["beaked:Mantra","beaked:DesperateSwing"],"picked":"beaked:Tradeoff","floor":45},{"not_picked":["beaked:Tweet","ReplayTheSpireMod:Wings of Steel"],"picked":"beaked:Overpower","floor":46},{"not_picked":["beaked:SurvivalInstinct+1","beaked:Insight+1"],"picked":"beaked:Windmill","floor":48},{"not_picked":["beaked:HuntressEssence","beaked:Tradeoff"],"picked":"beaked:Evade+1","floor":54}],"player_experience":521335,"relics_obtained":[{"floor":8,"key":"ReplayFunnel"},{"floor":12,"key":"Ancient Tea Set"},{"floor":24,"key":"PreservedInsect"},{"floor":26,"key":"reliquary:RosewoodLute"},{"floor":28,"key":"halation:PromiseList"},{"floor":36,"key":"Matryoshka"},{"floor":41,"key":"ReplayTheSpireMod:Shallot"},{"floor":43,"key":"beaked:ThroatLozenge"},{"floor":43,"key":"Anchor"},{"floor":45,"key":"reliquary:Aerogel"},{"floor":46,"key":"hubris:CuriousFeather"},{"floor":54,"key":"conspire:TopHat"}],"event_choices":[{"damage_healed":77,"gold_gain":0,"player_choice":"Embrace Burn","damage_taken":0,"max_hp_gain":0,"max_hp_loss":80,"event_name":"betterThird:BetterShining","floor":3,"gold_loss":0},{"damage_healed":0,"gold_gain":175,"player_choice":"AGREE","damage_taken":114,"max_hp_gain":0,"max_hp_loss":0,"event_name":"betterThird:BetterSerpent","floor":4,"gold_loss":0},{"cards_removed":["Replay:Fractal Strike"],"damage_healed":5,"gold_gain":0,"player_choice":"Offered Special","damage_taken":0,"max_hp_gain":0,"max_hp_loss":0,"event_name":"Bonfire Elementals","floor":11,"gold_loss":0},{"damage_healed":0,"gold_gain":200,"player_choice":"Gold","damage_taken":0,"max_hp_gain":0,"max_hp_loss":0,"event_name":"Wheel of Change","floor":20,"gold_loss":0},{"cards_removed":["beaked:AwakenedForm"],"damage_healed":0,"gold_gain":0,"player_choice":"Take \u0026 Give","damage_taken":0,"max_hp_gain":0,"max_hp_loss":0,"event_name":"betterNote:BetterNote","floor":21,"gold_loss":0,"cards_obtained":["hubris:Fate"]},{"damage_healed":0,"gold_gain":0,"player_choice":"Ignored","damage_taken":0,"max_hp_gain":0,"max_hp_loss":0,"event_name":"Purifier","floor":22,"gold_loss":0},{"damage_healed":0,"gold_gain":0,"player_choice":"Fight","damage_taken":0,"max_hp_gain":0,"max_hp_loss":0,"event_name":"Mysterious Sphere","floor":46,"gold_loss":0},{"cards_removed":["beaked:Strike_Y"],"damage_healed":0,"gold_gain":0,"player_choice":"Removed Attack","damage_taken":0,"max_hp_gain":0,"max_hp_loss":0,"event_name":"Falling","floor":47,"gold_loss":0}],"is_beta":false,"boss_relics":[{"not_picked":["Replay:Bronze Core","Abe\u0027s Treasure"],"picked":"hubris:TerracottaHorce"},{"not_picked":["Empty Cage","conspire:SlowCooker"],"picked":"Tiny House"}],"items_purged_floors":[],"is_endless":false,"potions_floor_spawned":[5,6,8,10,13,14,24,25,28,29,33,39,42,45,54],"ascension_level":16}}