{"host":"hbrjinenk1akq1dy","time":1613666302,"event":{"mods":["BaseMod","Colored Map","Colored Powertips","Highlight Path","Minty Spire (QoL Compilation)","Quick Restart","StSLib","SuperFastMode"],"gold_per_floor":[118,134,134,152,165,165,192,192,192,205,205,205,205,232,232,328,328,341,356,356,271,47,75,75,75,98,128,128,158,178,194,194,297,297,312,312,1,51,65,65,95,95,95,95,120,155,155,175,175,175],"floor_reached":51,"language":"ENG","playtime":5443,"items_purged":["Deadly Poison"],"score":954,"play_id":"51bbd52b-18ea-4cf2-a44c-cf791f128fb0","local_time":"20210219003822","is_ascension_mode":true,"campfire_choices":[{"data":"Leg Sweep","floor":6.0,"key":"SMITH"},{"data":"Cloak And Dagger","floor":8.0,"key":"SMITH"},{"data":"Dagger Spray","floor":13.0,"key":"SMITH"},{"floor":15.0,"key":"REST"},{"data":"Cloak And Dagger","floor":24.0,"key":"SMITH"},{"data":"Infinite Blades","floor":28.0,"key":"SMITH"},{"data":"Burst","floor":32.0,"key":"SMITH"},{"data":"Adrenaline","floor":40,"key":"SMITH"},{"data":"Trip","floor":44,"key":"SMITH"},{"data":"Well Laid Plans","floor":47,"key":"SMITH"},{"data":"Bite","floor":49,"key":"SMITH"}],"circlet_count":0,"master_deck":["Defend_G","Defend_G","Defend_G","Defend_G","Defend_G+1","Survivor","Neutralize+1","Cloak And Dagger+1","Leg Sweep+1","Dagger Spray+1","Well Laid Plans+1","Corpse Explosion","Cloak And Dagger+1","Skewer+1","Bite","Bite","Bite","Bite+1","Bite+1","Infinite Blades+1","Burst+1","Heel Hook+1","Adrenaline+1","Slice+1","PiercingWail+1","Trip+1","Backstab+1","Accuracy+1"],"relics":["Ring of the Snake","Bronze Scales","Oddly Smooth Stone","Shuriken","CaptainsWheel","Regal Pillow","Sozu","Bag of Marbles","HandDrill","HornCleat","Nilry\u0027s Codex","Bag of Preparation","Smiling Mask","Omamori","HoveringKite","Gremlin Horn","WingedGreaves","Blood Vial","Mummified Hand","Whetstone","Orichalcum"],"acts_visited":["Exordium","TheCity","TheBeyond"],"potions_floor_usage":[],"damage_taken":[{"damage":0.0,"enemies":"Small Slimes","floor":1.0,"turns":3.0},{"damage":0.0,"enemies":"Jaw Worm","floor":2.0,"turns":4.0},{"damage":0.0,"enemies":"2 Louse","floor":4.0,"turns":2.0},{"damage":1.0,"enemies":"Blue Slaver","floor":5.0,"turns":3.0},{"damage":16.0,"enemies":"3 Sentries","floor":7.0,"turns":13.0},{"damage":0.0,"enemies":"Large Slime","floor":10.0,"turns":5.0},{"damage":7.0,"enemies":"Gremlin Nob","floor":14.0,"turns":3.0},{"damage":12.0,"enemies":"Slime Boss","floor":16.0,"turns":10.0},{"damage":0.0,"enemies":"3 Byrds","floor":18.0,"turns":3.0},{"damage":0.0,"enemies":"Spheric Guardian","floor":19.0,"turns":4.0},{"damage":13.0,"enemies":"Book of Stabbing","floor":23.0,"turns":5.0},{"damage":0.0,"enemies":"Gremlin Leader","floor":27.0,"turns":4.0},{"damage":3.0,"enemies":"Slavers","floor":29.0,"turns":3.0},{"damage":0.0,"enemies":"Shelled Parasite and Fungi","floor":30.0,"turns":3.0},{"damage":7.0,"enemies":"Snecko","floor":31.0,"turns":4.0},{"damage":13,"enemies":"Collector","floor":33,"turns":8},{"damage":0,"enemies":"3 Shapes","floor":35,"turns":3},{"damage":13,"enemies":"Mind Bloom Boss Battle","floor":38,"turns":6},{"damage":0,"enemies":"Orb Walker","floor":39,"turns":2},{"damage":5,"enemies":"Reptomancer","floor":41,"turns":5},{"damage":6,"enemies":"Nemesis","floor":45,"turns":7},{"damage":24,"enemies":"Reptomancer","floor":46,"turns":4},{"damage":1,"enemies":"Maw","floor":48,"turns":6},{"damage":45,"enemies":"Awakened One","floor":50,"turns":9}],"seed_played":"-1798822564955475902","potions_obtained":[{"floor":2.0,"key":"DistilledChaos"},{"floor":4.0,"key":"SkillPotion"},{"floor":7.0,"key":"Poison Potion"}],"is_trial":false,"path_per_floor":["M","M","?","M","M","R","E","R","T","M","?","?","R","E","R","B",null,"M","M","?","?","$","E","R","?","T","E","R","E","M","M","R","B",null,"M","?","$","?","M","R","E","?","T","R","E","E","R","M","R","B",null],"character_chosen":"THE_SILENT","items_purchased":["HandDrill","Infinite Blades","Gremlin Horn"],"campfire_rested":1,"item_purchase_floors":[22,22,37],"current_hp_per_floor":[70,70,56,56,55,55,39,39,39,39,6,29,29,22,58,46,70,70,70,49,49,49,42,42,26,26,38,38,35,39,40,40,43,49,49,49,49,42,44,44,49,49,49,49,43,29,29,47,47,14],"gold":175,"neow_bonus":"RANDOM_COMMON_RELIC","is_daily":false,"chose_seed":false,"campfire_upgraded":10,"win_rate":0.0,"timestamp":1613666302,"path_taken":["M","M","?","M","M","R","E","R","T","M","?","?","R","E","R","BOSS","M","M","?","?","$","E","R","?","T","E","R","E","M","M","R","BOSS","M","?","$","?","M","R","E","?","T","R","E","E","R","M","R","BOSS"],"items_purchased_type":["Relic","Card","Relic"],"build_version":"2020-12-22","purchased_purges":1,"victory":true,"max_hp_per_floor":[70,70,70,70,70,70,70,70,70,70,70,70,70,70,70,70,70,70,70,49,49,49,49,49,49,49,49,49,49,49,49,49,49,49,49,49,49,49,49,49,49,49,49,49,49,49,49,49,49,49],"card_choices":[{"not_picked":["Blade Dance","Heel Hook"],"picked":"Deadly Poison","floor":1.0},{"not_picked":["Outmaneuver","Masterful Stab","Choke"],"picked":"SKIP","floor":2.0},{"not_picked":["Deflect","Masterful Stab"],"picked":"Cloak And Dagger","floor":4.0},{"not_picked":["Cloak And Dagger","Acrobatics"],"picked":"Leg Sweep","floor":5.0},{"not_picked":["Slice","Skewer"],"picked":"Dagger Spray","floor":7.0},{"not_picked":["Flechettes","Glass Knife"],"picked":"Well Laid Plans","floor":10.0},{"not_picked":["Catalyst","Footwork","Backstab"],"picked":"SKIP","floor":14.0},{"not_picked":["Wraith Form v2","Doppelganger"],"picked":"Corpse Explosion","floor":16.0},{"not_picked":["Backflip","PiercingWail"],"picked":"Cloak And Dagger","floor":18.0},{"not_picked":["Backstab","Flying Knee+1"],"picked":"Skewer","floor":19.0},{"not_picked":["Deflect","Escape Plan","Expertise"],"picked":"SKIP","floor":23.0},{"not_picked":["Skewer","Setup","Endless Agony"],"picked":"SKIP","floor":27.0},{"not_picked":["Backflip","Deflect"],"picked":"Burst","floor":29.0},{"not_picked":["Deflect","Choke"],"picked":"Heel Hook+1","floor":30.0},{"not_picked":["Quick Slash+1","Crippling Poison","Prepared+1"],"picked":"SKIP","floor":31.0},{"not_picked":["Doppelganger","Tools of the Trade"],"picked":"Adrenaline","floor":33},{"not_picked":["Eviscerate","Dagger Spray","Flying Knee+1"],"picked":"SKIP","floor":35},{"not_picked":["Footwork+1","Flying Knee+1"],"picked":"Slice+1","floor":38},{"not_picked":["Catalyst","Cloak And Dagger"],"picked":"PiercingWail+1","floor":39},{"not_picked":["Bullet Time","Bane+1","Underhanded Strike+1"],"picked":"SKIP","floor":41},{"not_picked":["Deep Breath","Magnetism"],"picked":"Trip","floor":42},{"not_picked":["Outmaneuver+1","Predator"],"picked":"Backstab+1","floor":45},{"not_picked":["Burst","Caltrops+1","Dagger Throw"],"picked":"SKIP","floor":46},{"not_picked":["Prepared","Calculated Gamble"],"picked":"Accuracy+1","floor":48}],"player_experience":209321,"relics_obtained":[{"floor":7.0,"key":"Oddly Smooth Stone"},{"floor":9.0,"key":"Shuriken"},{"floor":14.0,"key":"Regal Pillow"},{"floor":23.0,"key":"HornCleat"},{"floor":25.0,"key":"Nilry\u0027s Codex"},{"floor":26.0,"key":"Bag of Preparation"},{"floor":27.0,"key":"Smiling Mask"},{"floor":29.0,"key":"Omamori"},{"floor":38,"key":"WingedGreaves"},{"floor":41,"key":"Blood Vial"},{"floor":43,"key":"Mummified Hand"},{"floor":45,"key":"Whetstone"},{"floor":46,"key":"Orichalcum"}],"event_choices":[{"damage_healed":0.0,"max_hp_gain":0.0,"max_hp_loss":0.0,"gold_gain":0.0,"event_name":"Shining Light","player_choice":"Entered Light","floor":3.0,"gold_loss":0.0,"damage_taken":14.0,"cards_upgraded":["Defend_G","Neutralize"]},{"damage_healed":0.0,"max_hp_gain":0.0,"max_hp_loss":0.0,"gold_gain":0.0,"event_name":"Scrap Ooze","player_choice":"Success","floor":11.0,"gold_loss":0.0,"damage_taken":33.0,"relics_obtained":["CaptainsWheel"]},{"damage_healed":23.0,"max_hp_gain":0.0,"max_hp_loss":0.0,"gold_gain":0.0,"event_name":"Big Fish","player_choice":"Banana","floor":12.0,"gold_loss":0.0,"damage_taken":0.0},{"damage_healed":0.0,"max_hp_gain":0.0,"max_hp_loss":21.0,"gold_gain":0.0,"event_name":"Vampires","player_choice":"Became a vampire","floor":20.0,"gold_loss":0.0,"damage_taken":0.0,"cards_obtained":["Bite","Bite","Bite","Bite","Bite"]},{"damage_healed":0.0,"max_hp_gain":0.0,"max_hp_loss":0.0,"gold_gain":0.0,"event_name":"Addict","player_choice":"Obtained Relic","floor":21.0,"gold_loss":85.0,"damage_taken":0.0,"relics_obtained":["Bag of Marbles"]},{"damage_healed":0.0,"max_hp_gain":0.0,"max_hp_loss":0.0,"gold_gain":0.0,"event_name":"Cursed Tome","player_choice":"Obtained Book","floor":25.0,"gold_loss":0.0,"damage_taken":16.0},{"damage_healed":0,"gold_gain":0,"player_choice":"Ignored","damage_taken":0,"max_hp_gain":0,"max_hp_loss":0,"event_name":"Tomb of Lord Red Mask","floor":36,"gold_loss":0},{"damage_healed":0,"gold_gain":0,"player_choice":"Fight","damage_taken":0,"max_hp_gain":0,"max_hp_loss":0,"event_name":"MindBloom","floor":38,"gold_loss":0},{"damage_healed":0,"gold_gain":0,"player_choice":"Memory 1","damage_taken":0,"max_hp_gain":0,"max_hp_loss":0,"event_name":"SensoryStone","floor":42,"gold_loss":0}],"is_beta":false,"boss_relics":[{"not_picked":["Runic Dome","Tiny House"],"picked":"Sozu"},{"not_picked":["Runic Pyramid","Velvet Choker"],"picked":"HoveringKite"}],"items_purged_floors":[37],"is_endless":false,"potions_floor_spawned":[2,4,7,10,18,31,33,38,46],"ascension_level":4}}