{"host":"8fnghcq8tvbg6z9e","time":1613655524,"event":{"mods":["BaseMod","Downfall","Minty Spire (QoL Compilation)","Quick Restart","StSLib"],"gold_per_floor":[99,99,99,154,154,54,80,108,108,128,38,48,60,70,83,180,180,180,196,196,196,296,310,337,287,187,204,217,45,70,70,70,70,70],"floor_reached":32,"language":"ZHS","playtime":1543,"items_purged":["sneckomod:Strike"],"score":333,"play_id":"254dd368-3d69-4746-b4f7-a38120fac99d","local_time":"20210218213844","is_ascension_mode":false,"campfire_choices":[{"data":"sneckomod:SnekBite","floor":1.0,"key":"SMITH"},{"data":"sneckomod:WideSting","floor":6.0,"key":"SMITH"},{"data":"sneckomod:CheapStock","floor":18,"key":"SMITH"},{"data":"sneckomod:SerpentIdol","floor":26,"key":"SMITH"}],"circlet_count":0,"master_deck":["sneckomod:TailWhip","sneckomod:SnekBite+1","sneckomod:Unknown+1","sneckomod:Unknown","sneckomod:UnknownStrike","sneckomod:WideSting+1","sneckomod:UnknownBoss","sneckomod:UnknownClassBLUE","sneckomod:SerpentIdol+1","sneckomod:UnknownClassBLUE","sneckomod:UnknownStrike","sneckomod:SerpentIdol","sneckomod:WideSting","sneckomod:CheapStock+1","sneckomod:UnknownRareAttack","sneckomod:UnknownClassPURPLE","sneckomod:UnknownClassPURPLE","sneckomod:UnknownClassPURPLE","sneckomod:UnknownClassPURPLE","sneckomod:UnknownClassPURPLE","BattleHymn","sneckomod:UnknownRareSkill","sneckomod:UnknownCommonSkill","sneckomod:UnknownCommonAttack","sneckomod:UnknownX","sneckomod:UnknownX","sneckomod:UnknownCommonAttack","TalkToTheHand","sneckomod:Unknown0Cost","BattleHymn","sneckomod:UnknownClassPURPLE","sneckomod:WideSting+1","sneckomod:UnknownClassBLUE","TalkToTheHand","sneckomod:Unknown3Cost","sneckomod:UnknownClassPURPLE","sneckomod:UnknownClassRED+1","sneckomod:UnendingSupply","sneckomod:UnknownVulnerable","sneckomod:UnendingSupply","CutThroughFate","sneckomod:UnknownCommonSkill"],"relics":["sneckomod:SneckoSoul","downfall:HeartsMalice","downfall:HeartBlessingBlue","Centennial Puzzle","Ice Cream","sneckomod:SneckoBoss","Ginger","InkBottle","Nunchaku","downfall:HeartBlessingGreen","Orrery","Omamori"],"acts_visited":["Exordium","TheCity"],"potions_floor_usage":[13,14,22,27,29,30],"damage_taken":[{"damage":0.0,"enemies":"Cultist","floor":2.0,"turns":1.0},{"damage":0.0,"enemies":"Small Slimes","floor":3.0,"turns":1.0},{"damage":0.0,"enemies":"Jaw Worm","floor":5.0,"turns":1.0},{"damage":10.0,"enemies":"Gremlin Nob","floor":8.0,"turns":4.0},{"damage":7.0,"enemies":"Large Slime","floor":10.0,"turns":6.0},{"damage":10.0,"enemies":"downfall:FleeingMerchant","floor":11.0,"turns":4.0},{"damage":0,"enemies":"3 Louse","floor":12,"turns":3},{"damage":0,"enemies":"Blue Slaver","floor":13,"turns":1},{"damage":2,"enemies":"Red Slaver","floor":14,"turns":2},{"damage":0,"enemies":"2 Fungi Beasts","floor":15,"turns":1},{"damage":64,"enemies":"WA_ARCHETYPE_RETAIN","floor":16,"turns":14},{"damage":21,"enemies":"Spheric Guardian","floor":19,"turns":4},{"damage":36,"enemies":"SI_SHIV_ARCHETYPE","floor":22,"turns":6},{"damage":3,"enemies":"3 Byrds","floor":23,"turns":4},{"damage":29,"enemies":"Cultist and Chosen","floor":27,"turns":5},{"damage":0,"enemies":"Sentry and Sphere","floor":28,"turns":3},{"damage":9,"enemies":"downfall:FleeingMerchant","floor":29,"turns":4},{"damage":16,"enemies":"Gremlin Leader","floor":30,"turns":5},{"damage":28,"enemies":"Shelled Parasite and Fungi","floor":32,"turns":3}],"seed_played":"-3172425231797143850","potions_obtained":[{"floor":8.0,"key":"BlessingOfTheForge"},{"floor":10.0,"key":"Fire Potion"},{"floor":12,"key":"DistilledChaos"},{"floor":13,"key":"Guardian:BlockOnCardUsePotion"},{"floor":14,"key":"PowerPotion"},{"floor":22,"key":"CultistPotion"},{"floor":27,"key":"DistilledChaos"},{"floor":31,"key":"CultistPotion"}],"is_trial":false,"path_per_floor":["R","M","M","T","M","R","T","E","?","M","$","M","M","M","M","B",null,"R","M","?","?","?","M","T","?","R","M","M","$","E","?","M"],"character_chosen":"THE_SNECKO","items_purchased":["Orrery"],"campfire_rested":0,"item_purchase_floors":[29],"current_hp_per_floor":[90,90,90,90,90,100,100,90,95,95,85,85,85,83,83,29,105,105,84,84,84,48,48,48,85,85,56,56,47,31,31,3,3,3],"gold":70,"neow_bonus":"THREE_ENEMY_KILL","is_daily":false,"chose_seed":false,"campfire_upgraded":4,"win_rate":0.0,"timestamp":1613655524,"path_taken":["R","M","?","?","M","R","T","E","?","M","?","M","M","M","M","BOSS","R","M","?","?","?","M","T","?","R","M","M","$","E","?","M"],"items_purchased_type":["Relic"],"build_version":"2020-12-22","purchased_purges":1,"victory":false,"max_hp_per_floor":[90,90,90,90,90,100,100,100,105,105,105,105,105,105,105,105,105,105,105,105,105,105,108,108,108,108,108,108,108,108,108,108,108,108],"card_choices":[{"not_picked":["sneckomod:DiceCrush","sneckomod:PureSnecko"],"picked":"sneckomod:UnknownStrike","floor":2.0},{"not_picked":["sneckomod:SoulRoll","sneckomod:SnekBeam"],"picked":"sneckomod:WideSting","floor":3.0},{"not_picked":["sneckomod:SnakeSap","sneckomod:UnknownDraw"],"picked":"sneckomod:UnknownBoss","floor":5.0},{"not_picked":["sneckomod:UnknownBlock","sneckomod:RainOfDice"],"picked":"sneckomod:UnknownClassBLUE","floor":8.0},{"not_picked":["sneckomod:DefensiveFlair","sneckomod:SnekBeam"],"picked":"sneckomod:SerpentIdol","floor":10.0},{"not_picked":["sneckomod:DiceCrush","sneckomod:PureSnecko"],"picked":"sneckomod:UnknownClassBLUE","floor":11.0},{"not_picked":["sneckomod:PureSnecko","sneckomod:RainOfDice"],"picked":"sneckomod:UnknownStrike","floor":12},{"not_picked":["sneckomod:SnekBeam","sneckomod:CheapStock"],"picked":"sneckomod:SerpentIdol","floor":13},{"not_picked":["sneckomod:SoulExchange","sneckomod:DiceBlock"],"picked":"sneckomod:WideSting","floor":14},{"not_picked":["sneckomod:PureSnecko","sneckomod:UnknownX"],"picked":"sneckomod:CheapStock","floor":15},{"not_picked":["sneckomod:Restock","sneckomod:UnknownRarePower"],"picked":"sneckomod:UnknownRareAttack","floor":16},{"not_picked":["CarveReality","SignatureMove"],"picked":"BattleHymn","floor":19},{"not_picked":["sneckomod:Unknown1Cost","sneckomod:SoulRoll"],"picked":"sneckomod:UnknownRareSkill","floor":19},{"not_picked":["Evaluate","Meditate"],"picked":"TalkToTheHand","floor":22},{"not_picked":["sneckomod:SoulDraw","sneckomod:UnknownX"],"picked":"sneckomod:Unknown0Cost","floor":22},{"not_picked":["JustLucky","EmptyFist"],"picked":"BattleHymn","floor":23},{"not_picked":["sneckomod:TrashToTreasure+1","sneckomod:UnknownX"],"picked":"sneckomod:UnknownClassPURPLE","floor":23},{"not_picked":["sneckomod:MasterEye","sneckomod:UnknownClassPURPLE"],"picked":"sneckomod:WideSting+1","floor":27},{"not_picked":["sneckomod:UnknownStrike","sneckomod:RainOfDice+1"],"picked":"sneckomod:UnknownClassBLUE","floor":28},{"not_picked":["ReachHeaven","EmptyFist"],"picked":"TalkToTheHand","floor":29},{"not_picked":["sneckomod:UnknownClassPURPLE","sneckomod:UnknownUncommonPower"],"picked":"sneckomod:Unknown3Cost","floor":29},{"not_picked":["sneckomod:DiceCrush","sneckomod:TrashToTreasure"],"picked":"sneckomod:UnknownClassPURPLE","floor":29},{"not_picked":["sneckomod:DiceBlock","sneckomod:UnknownDraw"],"picked":"sneckomod:UnknownClassRED+1","floor":29},{"not_picked":["sneckomod:SoulCleanse+1","sneckomod:Nope+1"],"picked":"sneckomod:UnendingSupply","floor":29},{"not_picked":["sneckomod:IronFang+1","sneckomod:UnknownX"],"picked":"sneckomod:UnknownVulnerable","floor":29},{"not_picked":["sneckomod:DiceBlock","sneckomod:DangerNoodle"],"picked":"sneckomod:UnendingSupply","floor":29},{"not_picked":["DevaForm","Nirvana"],"picked":"CutThroughFate","floor":30},{"not_picked":["sneckomod:QuickBite","sneckomod:IronFang"],"picked":"sneckomod:UnknownCommonSkill","floor":30}],"player_experience":184184,"relics_obtained":[{"floor":7.0,"key":"Centennial Puzzle"},{"floor":8.0,"key":"Ice Cream"},{"floor":22,"key":"Ginger"},{"floor":22,"key":"InkBottle"},{"floor":24,"key":"Nunchaku"},{"floor":30,"key":"Omamori"}],"event_choices":[{"damage_healed":0.0,"max_hp_gain":5.0,"max_hp_loss":0.0,"gold_gain":0.0,"event_name":"Big Fish","player_choice":"Donut","floor":9.0,"gold_loss":0.0,"damage_taken":0.0},{"damage_healed":0,"gold_gain":0,"player_choice":"Ignored","damage_taken":0,"max_hp_gain":0,"max_hp_loss":0,"event_name":"Ghosts","floor":21,"gold_loss":0}],"is_beta":false,"boss_relics":[{"not_picked":["Philosopher\u0027s Stone","Runic Dome"],"picked":"sneckomod:SneckoBoss"}],"items_purged_floors":[11],"is_endless":false,"potions_floor_spawned":[8,10,12,13,14,16,19,22,23,27],"killed_by":"Shelled Parasite and Fungi","ascension_level":0}}