{"host":"vk2xyavtylxbvrfq","time":1613661706,"event":{"mods":["Bard","BaseMod","Bestiary","Better Altar","Better Match","Better Note","Better Sensory Stone","Better Skull","Better Vampires","Block Reminder","Bossed Relics","Colored Map","Curses Come First","Displayed Cursed Tome","Downfall","Fox Events","Hermit","Ironclad Rager","Marked Mod","Minty Spire (QoL Compilation)","Quick Restart","Rare Cards Sparkle","Relic Sorter","Reliquary","Robot Space Explorer","StSLib","The Hayseed","The Runesmith","TheSurvivalist","Unceasing Turn Reminder"],"gold_per_floor":[119,119,26,40,40,40,40,64,64,339,378,403,403,441,441,561,561,574,624,5,5,23,37,37,37,86,125,18,18,31,74,74,74,74],"floor_reached":33,"language":"ENG","playtime":1112,"items_purged":[],"score":352,"play_id":"171d2adf-affd-4a44-89cf-80308dfad359","local_time":"20210218102146","is_ascension_mode":true,"campfire_choices":[{"data":"Mayhem","floor":6.0,"key":"SMITH"},{"floor":13.0,"key":"REST"},{"floor":15.0,"key":"REST"},{"floor":24.0,"key":"REST"},{"data":"hermit:Showdown","floor":29.0,"key":"SMITH"},{"floor":32,"key":"REST"}],"circlet_count":0,"master_deck":["hermit:Strike_Hermit","hermit:Strike_Hermit","hermit:Strike_Hermit+1","hermit:Strike_Hermit","hermit:Defend_Hermit","hermit:Defend_Hermit","hermit:Defend_Hermit","hermit:Defend_Hermit","hermit:Snapshot","hermit:Covet","hermit:Showdown+1","Mayhem+1","hermit:Determination+1","hermit:HoleUp","Injury","hermit:Malice","hermit:Coalescence","Regret","hermit:ShadowCloak","hermit:SprayPray","hermit:Spite","hermit:Reprieve","hermit:FlashPowder","hermit:Determination","hermit:FlashPowder","hermit:Quickdraw","hermit:Showdown+1","hermit:Quickdraw+1","hermit:Deadeye","hermit:BigShot","hermit:ShadowCloak","hermit:Manifest"],"relics":["hermit:ClaspedLocket","NeowsBlessing","Golden Idol","Shuriken","Oddly Smooth Stone","Dead Branch","Lee\u0027s Waffle","reliquary:Buckler","reliquary:WeakTea","reliquary:Stiletto","Eternal Feather","Red Mask"],"acts_visited":["Exordium","TheCity"],"potions_floor_usage":[33],"damage_taken":[{"damage":0.0,"enemies":"Jaw Worm","floor":1.0,"turns":1.0},{"damage":0.0,"enemies":"Small Slimes","floor":4.0,"turns":1.0},{"damage":0.0,"enemies":"Cultist","floor":8.0,"turns":2.0},{"damage":20.0,"enemies":"3 Sentries","floor":11.0,"turns":7.0},{"damage":0.0,"enemies":"3 Louse","floor":12.0,"turns":4.0},{"damage":53.0,"enemies":"Gremlin Nob","floor":14.0,"turns":6.0},{"damage":1.0,"enemies":"Slime Boss","floor":16.0,"turns":9.0},{"damage":28.0,"enemies":"2 Thieves","floor":18.0,"turns":5.0},{"damage":0.0,"enemies":"Spheric Guardian","floor":22.0,"turns":3.0},{"damage":35.0,"enemies":"Snecko","floor":23.0,"turns":6.0},{"damage":19.0,"enemies":"Gremlin Leader","floor":27.0,"turns":6.0},{"damage":13.0,"enemies":"Shelled Parasite and Fungi","floor":30.0,"turns":4.0},{"damage":10,"enemies":"Masked Bandits","floor":31,"turns":3},{"damage":90,"enemies":"Automaton","floor":33,"turns":6}],"seed_played":"3687785148184466948","potions_obtained":[{"floor":1.0,"key":"Explosive Potion"},{"floor":11.0,"key":"SkillPotion"},{"floor":14.0,"key":"sneckomod:MuddlingPotion"},{"floor":16.0,"key":"champ:CounterPotion"},{"floor":18.0,"key":"SkillPotion"},{"floor":31,"key":"Guardian:BlockOnCardUsePotion"}],"is_trial":false,"path_per_floor":["M","?","$","M","?","R","?","M","T","?","E","M","R","E","R","B",null,"M","?","$","?","M","M","R","$","T","E","$","R","M","?","R","B"],"character_chosen":"HERMIT","items_purchased":["hermit:Determination","hermit:CalledShot","hermit:Determination","Lee\u0027s Waffle","reliquary:Buckler","reliquary:WeakTea","hermit:FlashPowder","hermit:Deadeye","hermit:BigShot"],"campfire_rested":4,"item_purchase_floors":[3,3,20,20,20,20,20,28,28],"current_hp_per_floor":[68,68,68,68,68,68,68,68,68,68,48,48,70,17,39,38,66,42,42,82,82,82,47,71,71,71,57,57,75,63,57,82,0,0],"gold":74,"neow_bonus":"THREE_ENEMY_KILL","is_daily":false,"chose_seed":false,"campfire_upgraded":2,"win_rate":0.0,"timestamp":1613661706,"path_taken":["M","?","$","M","?","R","?","?","T","?","E","M","R","E","R","BOSS","M","?","$","?","?","M","R","?","T","E","$","R","M","?","R","BOSS"],"items_purchased_type":["Card","Card","Card","Relic","Relic","Relic","Card","Card","Card"],"build_version":"2020-12-22","purchased_purges":0,"victory":false,"max_hp_per_floor":[75,75,75,75,75,75,75,75,75,75,75,75,75,75,75,75,75,75,75,82,82,82,82,82,82,82,82,82,82,82,82,82,82,82],"card_choices":[{"not_picked":["hermit:LuckOfTheDraw","hermit:TrackingShot"],"picked":"hermit:Showdown","floor":1.0},{"not_picked":["Secret Technique","Good Instincts"],"picked":"Mayhem","floor":2.0},{"not_picked":["hermit:Ricochet","hermit:Misfire"],"picked":"hermit:HoleUp","floor":4.0},{"not_picked":["hermit:Dive","hermit:Brawl"],"picked":"hermit:Coalescence","floor":8.0},{"not_picked":["hermit:Desperado","hermit:Quickdraw"],"picked":"hermit:ShadowCloak","floor":11.0},{"not_picked":["hermit:Midnight","hermit:Headshot"],"picked":"hermit:SprayPray","floor":12.0},{"not_picked":["hermit:Glare","hermit:Gambit"],"picked":"hermit:Spite","floor":14.0},{"not_picked":["hermit:OverwhelmingPower","hermit:FinalCanter"],"picked":"hermit:Reprieve","floor":16.0},{"not_picked":["hermit:Glare","hermit:GhostlyPresence"],"picked":"hermit:FlashPowder","floor":18.0},{"not_picked":["hermit:Dive+1","hermit:Ricochet+1"],"picked":"hermit:Quickdraw","floor":22.0},{"not_picked":["hermit:TrackingShot+1","hermit:CalledShot+1"],"picked":"hermit:Showdown+1","floor":23.0},{"not_picked":["hermit:HighNoon","hermit:Showdown"],"picked":"hermit:Quickdraw+1","floor":27.0},{"not_picked":["hermit:Dive","hermit:Cheat"],"picked":"hermit:ShadowCloak","floor":30.0},{"not_picked":["hermit:Roulette+1","hermit:Feint+1"],"picked":"hermit:Manifest","floor":31}],"player_experience":1418997,"relics_obtained":[{"floor":9.0,"key":"Shuriken"},{"floor":11.0,"key":"Oddly Smooth Stone"},{"floor":14.0,"key":"Dead Branch"},{"floor":26.0,"key":"reliquary:Stiletto"},{"floor":27.0,"key":"Eternal Feather"},{"floor":31,"key":"Red Mask"}],"event_choices":[{"damage_healed":0.0,"max_hp_gain":0.0,"max_hp_loss":0.0,"gold_gain":1.0,"event_name":"betterStone:BetterStone","player_choice":"1","floor":2.0,"gold_loss":0.0,"damage_taken":0.0},{"damage_healed":0.0,"max_hp_gain":0.0,"max_hp_loss":0.0,"gold_gain":0.0,"event_name":"Golden Idol","player_choice":"Take Wound","floor":5.0,"gold_loss":0.0,"damage_taken":0.0,"relics_obtained":["Golden Idol"],"cards_obtained":["Injury"]},{"damage_healed":0.0,"max_hp_gain":0.0,"max_hp_loss":0.0,"gold_gain":0.0,"cards_transformed":["hermit:CalledShot"],"event_name":"Transmorgrifier","player_choice":"Transformed","floor":7.0,"gold_loss":0.0,"damage_taken":0.0,"cards_obtained":["hermit:Malice"]},{"damage_healed":0.0,"max_hp_gain":0.0,"max_hp_loss":0.0,"gold_gain":275.0,"event_name":"Golden Shrine","player_choice":"Desecrate","floor":10.0,"gold_loss":0.0,"damage_taken":0.0,"cards_obtained":["Regret"]},{"damage_healed":0.0,"max_hp_gain":0.0,"max_hp_loss":0.0,"gold_gain":100.0,"event_name":"The Joust","player_choice":"Bet on Murderer","floor":19.0,"gold_loss":50.0,"damage_taken":0.0},{"cards_removed":["Mayhem"],"damage_healed":0.0,"max_hp_gain":0.0,"max_hp_loss":0.0,"gold_gain":0.0,"event_name":"betterNote:BetterNote","player_choice":"Give","floor":21.0,"gold_loss":0.0,"damage_taken":0.0,"cards_obtained":["None"]},{"damage_healed":0,"gold_gain":0,"player_choice":"Fought Bandits","damage_taken":0,"max_hp_gain":0,"max_hp_loss":0,"event_name":"Masked Bandits","floor":31,"gold_loss":0}],"is_beta":false,"boss_relics":[{"not_picked":["Runic Pyramid","SacredBark"],"picked":"hermit:ClaspedLocket"}],"items_purged_floors":[],"is_endless":false,"potions_floor_spawned":[1,11,14,16,18,31],"killed_by":"Automaton","ascension_level":6}}