{"host":"mydft8i2zzydgggw","time":1613629074,"event":{"mods":["AchievementEnabler","BaseMod","Colored Map","Colored Powertips","DeckTracker","Keyboard Shortcuts","Minty Spire (QoL Compilation)","Rare Cards Sparkle","Relic Stats","StSLib","SuperFastMode","Together in Spire","everything is the same but u backflip on backflip"],"gold_per_floor":[119,139,64,84,104,104,104,104],"floor_reached":7,"language":"KOR","playtime":168,"items_purged":[],"score":80,"play_id":"6a7b0d54-f78b-4482-89b2-6edf2b2537d3","local_time":"20210218151754","is_ascension_mode":true,"campfire_choices":[{"data":"Fission","floor":6,"key":"SMITH"}],"circlet_count":0,"master_deck":["AscendersBane","Strike_B","Strike_B","Strike_B","Defend_B","Defend_B","Defend_B","Defend_B","Zap","Dualcast","Fission+1","Beam Cell","Cold Snap","Go for the Eyes"],"relics":["Cracked Core"],"acts_visited":["Exordium"],"potions_floor_usage":[],"damage_taken":[{"damage":2,"enemies":"Jaw Worm","floor":1,"turns":3},{"damage":4,"enemies":"2 Louse","floor":2,"turns":3},{"damage":0,"enemies":"Cultist","floor":4,"turns":3},{"damage":9,"enemies":"2 Fungi Beasts","floor":5,"turns":3},{"damage":56,"enemies":"Gremlin Nob","floor":7,"turns":4}],"seed_played":"-7396777932014343014","potions_obtained":[{"floor":2,"key":"LiquidBronze"},{"floor":5,"key":"Strength Potion"}],"is_trial":false,"path_per_floor":["M","M","?","M","M","R","E"],"character_chosen":"DEFECT","items_purchased":[],"campfire_rested":0,"item_purchase_floors":[],"current_hp_per_floor":[62,58,58,58,49,49,0,0],"gold":104,"neow_bonus":"THREE_RARE_CARDS","is_daily":false,"chose_seed":false,"campfire_upgraded":1,"win_rate":0.0,"timestamp":1613629074,"path_taken":["M","M","?","M","M","R","E"],"items_purchased_type":[],"build_version":"2020-12-22","purchased_purges":0,"victory":false,"max_hp_per_floor":[64,64,64,64,64,64,64,64],"relic_stats":{"counters":[5,16],"obtain_stats":[{"Cracked Core":0},{"Cracked Core":0},{"Cracked Core":0}]},"card_choices":[{"not_picked":["Reboot","Multi-Cast"],"picked":"Fission","floor":0},{"not_picked":["Redo","Leap","Stack"],"picked":"SKIP","floor":1},{"not_picked":["Coolheaded","Self Repair"],"picked":"Beam Cell","floor":2},{"not_picked":["Rebound","Coolheaded"],"picked":"Cold Snap","floor":4},{"not_picked":["Coolheaded","Steam"],"picked":"Go for the Eyes","floor":5}],"player_experience":277676,"relics_obtained":[],"event_choices":[{"cards_removed":["Strike_B"],"damage_healed":0,"gold_gain":0,"player_choice":"Card Removal","damage_taken":0,"max_hp_gain":0,"max_hp_loss":0,"event_name":"The Cleric","floor":3,"gold_loss":75}],"is_beta":false,"boss_relics":[],"items_purged_floors":[],"is_endless":false,"potions_floor_spawned":[2,5],"killed_by":"Gremlin Nob","ascension_level":17}}