{"host":"t9zjxed0utvsfjwc","time":1613631008,"event":{"mods":["2.2 Compatiblity","Act Like it!","Aspiration","BaseMod","Better Altar","Better Match","Better Note","Better Sensory Stone","Better Skull","Better Third Choice","Block Reminder","Colored Map","Colored Powertips","Conspire","Defuse TimeMaze Blight","Energized Spire","GifTheSpireLib","Hermit","Highlight Path","Hubris","Infinite Spire","Marked Mod","Minty Spire (QoL Compilation)","Quick Restart","Rare Cards Sparkle","Relic Sorter","Relic Stats","Reliquary","Replay The Spire","Ruina","StSLib","Stuff the Spire","The Blue Laboratory","The Jungle","The Marked","Unceasing Turn Reminder","Wandering Minibosses","everything is the same but u backflip on backflip"],"gold_per_floor":[112,112,112,148,170,182,182],"floor_reached":6,"language":"ENG","playtime":217,"items_purged":[],"score":38,"play_id":"7a271317-0007-4e70-b11a-e57d7208c155","local_time":"20210218065008","is_ascension_mode":true,"campfire_choices":[],"circlet_count":0,"master_deck":["hermit:Strike_Hermit","hermit:Strike_Hermit","hermit:Strike_Hermit","hermit:Strike_Hermit","hermit:Defend_Hermit","hermit:Defend_Hermit","hermit:Defend_Hermit","hermit:Defend_Hermit","hermit:Snapshot","hermit:Covet","Finesse"],"relics":["Ring of Chaos","aspiration:Nostalgia","Burning Blood","Girya","Replay:Bandana","The Courier"],"acts_visited":["Exordium"],"potions_floor_usage":[],"damage_taken":[{"damage":0,"enemies":"Small Slimes","floor":1,"turns":3},{"damage":0,"enemies":"Cultist","floor":4,"turns":3},{"damage":0,"enemies":"Jaw Worm","floor":5,"turns":4},{"damage":37,"enemies":"Lagavulin","floor":6,"turns":5}],"seed_played":"-4073721606278591140","potions_obtained":[{"floor":1,"key":"blueLaboratory:NullPotion"}],"is_trial":false,"path_per_floor":["M","?","$","M","M","E"],"character_chosen":"HERMIT","items_purchased":["aspiration:Nostalgia","Girya","Replay:Bandana","The Courier"],"campfire_rested":0,"item_purchase_floors":[3,3,3,3],"current_hp_per_floor":[75,75,18,24,30,0,0],"gold":182,"neow_bonus":"BOSS_RELIC","is_daily":false,"chose_seed":false,"campfire_upgraded":0,"win_rate":0.0,"timestamp":1613631008,"path_taken":["M","?","?","?","M","E"],"items_purchased_type":["Relic","Relic","Relic","Relic"],"build_version":"2020-12-22","purchased_purges":0,"victory":false,"max_hp_per_floor":[75,75,75,75,75,75,75],"relic_stats":{"counters":[4,15],"obtain_stats":[{"Girya":3,"Replay:Bandana":3,"aspiration:Nostalgia":3,"Ring of Chaos":0,"The Courier":3,"hermit:Momento":0,"Burning Blood":3},{"Girya":1,"Replay:Bandana":1,"aspiration:Nostalgia":1,"Ring of Chaos":0,"The Courier":1,"hermit:Momento":0,"Burning Blood":1},{"Girya":3,"Replay:Bandana":3,"aspiration:Nostalgia":3,"Ring of Chaos":0,"The Courier":3,"hermit:Momento":0,"Burning Blood":3}],"Burning Blood":12},"card_choices":[{"not_picked":["hermit:Manifest","hermit:Desperado","hermit:Feint"],"picked":"SKIP","floor":1},{"not_picked":["Forethought","ReplayTheSpireMod:Trickstab"],"picked":"Finesse","floor":2},{"not_picked":["hermit:WideOpen","hermit:Scavenge","hermit:BodyArmor"],"picked":"SKIP","floor":4},{"not_picked":["hermit:ItchyTrigger","hermit:Combo","hermit:DeadMansHand"],"picked":"SKIP","floor":5}],"player_experience":489047,"relics_obtained":[],"event_choices":[{"damage_healed":0,"gold_gain":1,"player_choice":"1","damage_taken":0,"max_hp_gain":0,"max_hp_loss":0,"event_name":"betterStone:BetterStone","floor":2,"gold_loss":0}],"is_beta":false,"boss_relics":[],"items_purged_floors":[],"is_endless":false,"potions_floor_spawned":[1],"killed_by":"Lagavulin","ascension_level":1}}