{"host":"dkr0dog13pegamnp","time":1613655699,"event":{"mods":["AchievementEnabler","BaseMod","Minty Spire (QoL Compilation)","Rare Cards Sparkle","StSLib","SuperFastMode","everything is the same but u backflip on backflip"],"gold_per_floor":[117,117,137,137,87,122,122,154,154,30,30,49,62,95,95,195,195,215,229,429,442,453,453,45,63,63,83,83,93,109,120,120,219,219,232,232,242,259,275,275,300,300,300,315,17,17,46,62,62,62,62,62,11,45,45],"floor_reached":56,"language":"KOR","playtime":2781,"items_purged":["Strike_G"],"score":1721,"play_id":"976104b3-a421-4eca-bced-3ee02870bf22","local_time":"20210218224139","is_ascension_mode":true,"campfire_choices":[{"data":"Footwork","floor":7.0,"key":"SMITH"},{"data":"Dagger Spray","floor":11.0,"key":"SMITH"},{"floor":15.0,"key":"REST"},{"data":"Tactician","floor":23.0,"key":"SMITH"},{"data":"Calculated Gamble","floor":28.0,"key":"SMITH"},{"floor":32.0,"key":"REST"},{"data":"Parasite","floor":40.0,"key":"PURGE"},{"data":"Bullet Time","floor":42.0,"key":"SMITH"},{"data":"Tactician","floor":46.0,"key":"SMITH"},{"floor":49,"key":"RECALL"},{"data":"Burst","floor":52,"key":"SMITH"}],"circlet_count":0,"master_deck":["Defend_G","Defend_G","Defend_G","Defend_G","Defend_G","Survivor","Neutralize","Footwork+1","Calculated Gamble+1","Backflip","Dagger Spray+1","Noxious Fumes","Corpse Explosion","Tactician+1","Crippling Poison","Bouncing Flask","Footwork+1","Backflip","Reflex+1","Burst+1","Bullet Time+1","Acrobatics+1","Deadly Poison+1","Acrobatics+1","Prepared+1","Escape Plan","Tactician+1"],"relics":["Ring of the Snake","NeowsBlessing","Incense Burner","PreservedInsect","Prayer Wheel","Darkstone Periapt","Empty Cage","Mummified Hand","TheAbacus","Peace Pipe","Runic Pyramid","Letter Opener","Ginger","Pen Nib","Eternal Feather"],"acts_visited":["Exordium","TheCity","TheBeyond","TheEnding"],"potions_floor_usage":[55,55],"damage_taken":[{"damage":0.0,"enemies":"2 Louse","floor":1.0,"turns":1.0},{"damage":0.0,"enemies":"Jaw Worm","floor":3.0,"turns":1.0},{"damage":0.0,"enemies":"Gremlin Nob","floor":6.0,"turns":1.0},{"damage":28.0,"enemies":"3 Sentries","floor":8.0,"turns":16.0},{"damage":0.0,"enemies":"Small Slimes","floor":12.0,"turns":4.0},{"damage":0.0,"enemies":"3 Louse","floor":13.0,"turns":2.0},{"damage":20.0,"enemies":"Gremlin Nob","floor":14.0,"turns":5.0},{"damage":26.0,"enemies":"Hexaghost","floor":16.0,"turns":12.0},{"damage":1.0,"enemies":"Shell Parasite","floor":18.0,"turns":7.0},{"damage":0.0,"enemies":"3 Byrds","floor":19.0,"turns":3.0},{"damage":16.0,"enemies":"Centurion and Healer","floor":21.0,"turns":9.0},{"damage":16.0,"enemies":"Shelled Parasite and Fungi","floor":22.0,"turns":6.0},{"damage":0.0,"enemies":"Snake Plant","floor":25.0,"turns":4.0},{"damage":7.0,"enemies":"Sentry and Sphere","floor":27.0,"turns":4.0},{"damage":8.0,"enemies":"Shelled Parasite and Fungi","floor":29.0,"turns":7.0},{"damage":0.0,"enemies":"Chosen and Byrds","floor":30.0,"turns":4.0},{"damage":0.0,"enemies":"Centurion and Healer","floor":31.0,"turns":6.0},{"damage":18.0,"enemies":"Champ","floor":33.0,"turns":12.0},{"damage":0.0,"enemies":"3 Darklings","floor":35.0,"turns":4.0},{"damage":1.0,"enemies":"3 Shapes","floor":37.0,"turns":4.0},{"damage":59.0,"enemies":"Writhing Mass","floor":38.0,"turns":7.0},{"damage":0.0,"enemies":"Maw","floor":39.0,"turns":6.0},{"damage":0.0,"enemies":"Nemesis","floor":41.0,"turns":7.0},{"damage":3.0,"enemies":"Transient","floor":44.0,"turns":5.0},{"damage":0.0,"enemies":"Giant Head","floor":47.0,"turns":6.0},{"damage":0,"enemies":"Sphere and 2 Shapes","floor":48,"turns":4},{"damage":8,"enemies":"Awakened One","floor":50,"turns":12},{"damage":15,"enemies":"Shield and Spear","floor":54,"turns":4},{"damage":14,"enemies":"The Heart","floor":55,"turns":9}],"seed_played":"2264668248980735187","potions_obtained":[{"floor":1.0,"key":"LiquidBronze"},{"floor":16.0,"key":"Ancient Potion"},{"floor":19.0,"key":"SteroidPotion"},{"floor":25.0,"key":"EntropicBrew"},{"floor":29.0,"key":"Weak Potion"},{"floor":33.0,"key":"SteroidPotion"},{"floor":35.0,"key":"LiquidBronze"},{"floor":37.0,"key":"FairyPotion"},{"floor":39.0,"key":"Poison Potion"}],"is_trial":false,"path_per_floor":["M","?","M","?","?","E","R","E","T","$","R","M","M","E","R","B",null,"M","M","?","M","M","R","$","M","T","M","R","M","M","M","R","B",null,"M","?","M","M","M","R","E","R","T","M","$","R","E","M","R","B",null,"R","$","E","B",null],"character_chosen":"THE_SILENT","items_purchased":["Dagger Spray","Mummified Hand","TheAbacus","Ginger","Dexterity Potion"],"campfire_rested":2,"item_purchase_floors":[10,24,24,45,53],"current_hp_per_floor":[63,56,56,56,56,56,56,28,28,28,28,28,28,8,29,3,53,52,52,52,36,20,20,20,20,20,13,13,5,5,5,26,8,55,55,55,54,27,27,27,27,27,27,24,24,24,24,24,24,16,59,59,59,44,30],"gold":45,"neow_bonus":"THREE_ENEMY_KILL","is_daily":false,"chose_seed":false,"campfire_upgraded":7,"win_rate":0.0,"timestamp":1613655699,"path_taken":["M","?","M","?","?","E","R","E","T","$","R","M","M","E","R","BOSS","M","M","?","M","?","R","$","M","T","M","R","M","M","M","R","BOSS","M","?","M","M","M","R","E","R","T","M","$","R","E","M","R","BOSS","R","$","E","BOSS"],"items_purchased_type":["Card","Relic","Relic","Relic","Potion"],"build_version":"2020-12-22","purchased_purges":1,"victory":true,"max_hp_per_floor":[70,70,70,70,70,70,70,70,70,70,70,70,70,70,70,70,70,70,70,70,70,70,70,70,70,70,70,70,70,70,70,70,70,70,70,70,70,76,76,73,73,73,73,73,73,73,73,73,73,73,73,73,73,73,73],"card_choices":[{"not_picked":["Riddle With Holes","PiercingWail"],"picked":"Footwork","floor":1.0},{"not_picked":["Well Laid Plans","Blade Dance","Deflect"],"picked":"SKIP","floor":3.0},{"not_picked":["Deflect","Outmaneuver"],"picked":"Calculated Gamble","floor":6.0},{"not_picked":["Expertise","Dagger Throw"],"picked":"Backflip","floor":8.0},{"not_picked":["Cloak And Dagger","Blur"],"picked":"Noxious Fumes","floor":12.0},{"not_picked":["Bane","Infinite Blades","Predator"],"picked":"SKIP","floor":12.0},{"not_picked":["Prepared","Dash"],"picked":"Corpse Explosion","floor":13.0},{"not_picked":["Outmaneuver","Dodge and Roll","Setup"],"picked":"SKIP","floor":13.0},{"not_picked":["Dash","Setup"],"picked":"Tactician","floor":14.0},{"not_picked":["Dagger Spray","Deflect"],"picked":"Crippling Poison","floor":18.0},{"not_picked":["Deflect","Slice","Dagger Throw"],"picked":"SKIP","floor":18.0},{"not_picked":["Infinite Blades","Dodge and Roll+1"],"picked":"Bouncing Flask","floor":19.0},{"not_picked":["Crippling Poison","Underhanded Strike","Dash+1"],"picked":"SKIP","floor":19.0},{"not_picked":["Crippling Poison","Acrobatics"],"picked":"Footwork+1","floor":21.0},{"not_picked":["Calculated Gamble","Quick Slash+1","Outmaneuver"],"picked":"SKIP","floor":21.0},{"not_picked":["Prepared","Dodge and Roll"],"picked":"Backflip","floor":22.0},{"not_picked":["PiercingWail","Blade Dance","Crippling Poison"],"picked":"SKIP","floor":22.0},{"not_picked":["Backstab","Quick Slash+1","Riddle With Holes"],"picked":"SKIP","floor":25.0},{"not_picked":["Choke","Accuracy","Masterful Stab+1"],"picked":"SKIP","floor":25.0},{"not_picked":["Crippling Poison","Die Die Die","Cloak And Dagger"],"picked":"SKIP","floor":27.0},{"not_picked":["All Out Attack","Terror+1","Bane"],"picked":"SKIP","floor":27.0},{"not_picked":["Bane","Setup","Sucker Punch"],"picked":"SKIP","floor":29.0},{"not_picked":["Predator","Poisoned Stab+1","Sucker Punch"],"picked":"SKIP","floor":29.0},{"not_picked":["Masterful Stab+1","Cloak And Dagger","Outmaneuver"],"picked":"SKIP","floor":30.0},{"not_picked":["Bane","Calculated Gamble","Terror+1"],"picked":"SKIP","floor":30.0},{"not_picked":["Flechettes","Noxious Fumes"],"picked":"Reflex+1","floor":31.0},{"not_picked":["Underhanded Strike","Dash"],"picked":"Burst","floor":31.0},{"not_picked":["Storm of Steel","Envenom"],"picked":"Bullet Time","floor":33.0},{"not_picked":["Bane","Cloak And Dagger+1"],"picked":"Acrobatics+1","floor":35.0},{"not_picked":["Bane","Prepared","Sucker Punch"],"picked":"SKIP","floor":35.0},{"not_picked":["Finisher","Terror+1"],"picked":"Deadly Poison+1","floor":37.0},{"not_picked":["Deflect","Noxious Fumes+1","Accuracy"],"picked":"SKIP","floor":37.0},{"not_picked":["Accuracy+1","Flying Knee+1"],"picked":"Acrobatics+1","floor":38.0},{"not_picked":["Dodge and Roll","Cloak And Dagger+1","Flying Knee"],"picked":"SKIP","floor":38.0},{"not_picked":["Sucker Punch","Dagger Spray"],"picked":"Prepared+1","floor":39.0},{"not_picked":["Riddle With Holes+1","Dodge and Roll","Flying Knee+1"],"picked":"SKIP","floor":39.0},{"not_picked":["Noxious Fumes","All Out Attack+1","Deadly Poison"],"picked":"SKIP","floor":41.0},{"not_picked":["Setup","Infinite Blades"],"picked":"Escape Plan","floor":44.0},{"not_picked":["Glass Knife","Blade Dance+1"],"picked":"Tactician","floor":44.0},{"not_picked":["Tactician","Flying Knee","Dodge and Roll+1"],"picked":"SKIP","floor":47.0},{"not_picked":["Prepared","Deadly Poison+1","Grand Finale"],"picked":"SKIP","floor":48},{"not_picked":["Cloak And Dagger","Deadly Poison","Accuracy"],"picked":"SKIP","floor":48},{"not_picked":["All Out Attack","Expertise+1","Deadly Poison"],"picked":"SKIP","floor":54}],"player_experience":60644,"relics_obtained":[{"floor":6.0,"key":"Incense Burner"},{"floor":8.0,"key":"PreservedInsect"},{"floor":9.0,"key":"Prayer Wheel"},{"floor":14.0,"key":"Darkstone Periapt"},{"floor":26.0,"key":"Peace Pipe"},{"floor":41.0,"key":"Letter Opener"},{"floor":47.0,"key":"Pen Nib"},{"floor":54,"key":"Eternal Feather"}],"event_choices":[{"cards_removed":["Strike_G"],"damage_healed":0.0,"max_hp_gain":0.0,"max_hp_loss":0.0,"gold_gain":0.0,"event_name":"Golden Wing","player_choice":"Card Removal","floor":2.0,"gold_loss":0.0,"damage_taken":7.0},{"damage_healed":0.0,"max_hp_gain":0.0,"max_hp_loss":0.0,"gold_gain":0.0,"event_name":"Liars Game","player_choice":"Ignored","floor":4.0,"gold_loss":0.0,"damage_taken":0.0},{"cards_removed":["Strike_G"],"damage_healed":0.0,"max_hp_gain":0.0,"max_hp_loss":0.0,"gold_gain":0.0,"event_name":"The Cleric","player_choice":"Card Removal","floor":5.0,"gold_loss":50.0,"damage_taken":0.0},{"damage_healed":0.0,"max_hp_gain":0.0,"max_hp_loss":0.0,"gold_gain":250.0,"event_name":"The Joust","player_choice":"Bet on Owner","floor":20.0,"gold_loss":50.0,"damage_taken":0.0},{"damage_healed":0.0,"max_hp_gain":0.0,"max_hp_loss":0.0,"gold_gain":0.0,"event_name":"SensoryStone","player_choice":"Memory 1","floor":36.0,"gold_loss":0.0,"damage_taken":0.0}],"is_beta":false,"boss_relics":[{"not_picked":["Busted Crown","Velvet Choker"],"picked":"Empty Cage"},{"not_picked":["Runic Dome","HoveringKite"],"picked":"Runic Pyramid"}],"items_purged_floors":[10],"is_endless":false,"potions_floor_spawned":[1,16,19,25,29,33,35,37,39,41],"ascension_level":8}}