{"host":"9czo1ewqehy3yunx","time":1613644549,"event":{"mods":["AchievementEnabler","Act Like it!","BaseMod","CapriCore","Colored Powertips","DeckTracker","GifTheSpireLib","GungeonMod","Hermit","Keyboard Shortcuts","Koishi","Lobotomy","Marisa£¨Ùöéë¡¡Øª×âÞÞ£©","Minty Spire (QoL Compilation)","Permanent Neow","Quick Restart","StSLib","SuperFastMode","Td1madao Mod","The Bug Knight","The Cursed","The Hierophant","The Immortal","The Jungle","The Poker Player","The Runesmith"],"gold_per_floor":[115,115,115,126,139,159,159,259,286,303,471,471,70,110,110,110,110],"floor_reached":16,"language":"KOR","playtime":688,"items_purged":[],"score":92,"play_id":"aa61ae0e-385d-42ff-ab0f-76236b168403","local_time":"20210218193549","is_ascension_mode":false,"campfire_choices":[{"data":"DemoMod:AbyssalTentacle","floor":7,"key":"SMITH"},{"data":"DemoMod:Camera","floor":12,"key":"SMITH"},{"data":"DemoMod:HungryBullets","floor":15,"key":"SMITH"}],"circlet_count":0,"master_deck":["DemoMod:Strike_Huntress","DemoMod:Strike_Huntress","DemoMod:Strike_Huntress","DemoMod:Defend_Huntress","DemoMod:Defend_Huntress","DemoMod:Defend_Huntress","DemoMod:Defend_Huntress","DemoMod:Roll","DemoMod:ManualReload","DemoMod:RustySidearm","DemoMod:CrossBow","Scorched","DemoMod:TeaPot+1","DreamingCurrent","DemoMod:StickyCrossBow","SpiderBud","DemoMod:AbyssalTentacle+1","BlackSwan","DemoMod:Camera+1","QueenOfHatred","DemoMod:HuntsMan","DemoMod:HungryBullets+1","DemoMod:DoubleVision","MeatLantern","DemoMod:BoxingGlove"],"relics":["DemoMod:Dog","CogitoBucket","Mummified Hand","DemoMod:PoisonVial","DemoMod:GnawedKey","Lee\u0027s Waffle","HellTrain"],"acts_visited":["Exordium"],"potions_floor_usage":[16,16,16],"damage_taken":[{"damage":7,"enemies":"2 Louse","floor":1,"turns":2},{"damage":0,"enemies":"Cultist","floor":4,"turns":2},{"damage":8,"enemies":"Jaw Worm","floor":5,"turns":3},{"damage":26,"enemies":"Lots of Slimes","floor":6,"turns":3},{"damage":18,"enemies":"3 Louse","floor":10,"turns":3},{"damage":21,"enemies":"Blue Slaver","floor":14,"turns":4},{"damage":169,"enemies":"Hexaghost","floor":16,"turns":9}],"seed_played":"-6589328862777308954","potions_obtained":[{"floor":1,"key":"SkillPotion"},{"floor":6,"key":"DuplicationPotion"},{"floor":10,"key":"BlessingOfTheForge"},{"floor":14,"key":"Regen Potion"}],"is_trial":false,"path_per_floor":["M","?","?","M","M","M","R","?","T","M","?","R","$","M","R","B"],"character_chosen":"HUNTRESS","items_purchased":["DemoMod:GnawedKey","DemoMod:HungryBullets","Lee\u0027s Waffle","DemoMod:DoubleVision"],"campfire_rested":0,"item_purchase_floors":[13,13,13,13],"current_hp_per_floor":[63,45,45,45,55,47,47,47,47,47,47,47,77,74,74,0,0],"gold":110,"neow_bonus":"","is_daily":false,"chose_seed":false,"campfire_upgraded":3,"win_rate":0.0,"timestamp":1613644549,"path_taken":["M","?","?","?","M","M","R","?","T","?","?","R","$","M","R","BOSS"],"items_purchased_type":["Relic","Card","Relic","Card"],"build_version":"2020-12-22","purchased_purges":0,"victory":false,"max_hp_per_floor":[70,70,70,70,70,70,70,70,70,70,70,70,77,77,77,77,77],"card_choices":[{"not_picked":["GreedKing","FairyFestival"],"picked":"Scorched","floor":1},{"not_picked":["DemoMod:AWP","DemoMod:AC15"],"picked":"DemoMod:TeaPot","floor":1},{"not_picked":["VoidDream","OldLady"],"picked":"DreamingCurrent","floor":4},{"not_picked":["DemoMod:ConditionalReflex","DemoMod:Purify"],"picked":"DemoMod:StickyCrossBow","floor":4},{"not_picked":["Wellcheers","VoidDream"],"picked":"SpiderBud","floor":5},{"not_picked":["DemoMod:MegaHand","DemoMod:ZorGun"],"picked":"DemoMod:AbyssalTentacle","floor":5},{"not_picked":["CrumblingArmor","UniverseFragment"],"picked":"BlackSwan","floor":6},{"not_picked":["DemoMod:AC15","DemoMod:MachoBrace"],"picked":"DemoMod:Camera","floor":6},{"not_picked":["RedShoes","PunishingBird"],"picked":"QueenOfHatred","floor":10},{"not_picked":["DemoMod:MachoBrace","DemoMod:TeaPot"],"picked":"DemoMod:HuntsMan","floor":10},{"not_picked":["UniverseFragment","BeautyBeast"],"picked":"MeatLantern","floor":14},{"not_picked":["DemoMod:EasyReloadBullets","DemoMod:PracticeMakesPerfect"],"picked":"DemoMod:BoxingGlove","floor":14}],"player_experience":246320,"relics_obtained":[{"floor":9,"key":"DemoMod:PoisonVial"}],"event_choices":[{"damage_healed":0,"gold_gain":0,"player_choice":"Success","damage_taken":18,"relics_obtained":["Mummified Hand"],"max_hp_gain":0,"max_hp_loss":0,"event_name":"Scrap Ooze","floor":2,"gold_loss":0},{"damage_healed":0,"gold_gain":0,"player_choice":"Upgraded","damage_taken":0,"max_hp_gain":0,"max_hp_loss":0,"event_name":"Upgrade Shrine","floor":3,"gold_loss":0,"cards_upgraded":["DemoMod:TeaPot"]},{"damage_healed":0,"gold_gain":100,"player_choice":"Gold","damage_taken":0,"max_hp_gain":0,"max_hp_loss":0,"event_name":"Wheel of Change","floor":8,"gold_loss":0}],"is_beta":false,"boss_relics":[],"items_purged_floors":[],"is_endless":false,"potions_floor_spawned":[1,6,10,14],"killed_by":"Hexaghost","ascension_level":0}}