{"host":"gm50ke85n5jz306u","time":1613674376,"event":{"mods":["AchievementEnabler","AlwaysNeverKeys","Ascension Reborn","Aspiration","BaseMod","Bestiary","Better Altar","Better Match","Better Note","Better Sensory Stone","Better Skull","Better Third Choice","Better Vampires","Better-Laid Plans","BetterRewards","Colored Powertips","Curses Come First","DNKmod","Defuse TimeMaze Blight","Disable Question Mark Monsters","Displayed Cursed Tome","Downfall","Emptier Cage","Extra Virgin Snecko Oil","Filter the Spire","Friendly Minions","Gremlin Skip","Hubris","Hyrulean Relics","Ironclad Rager","Marked Mod","Minty Spire (QoL Compilation)","Permanent Neow","Poor People Problems","Quick Restart","Relic Filter Mod","Relic Sorter","Remove Card Discount Mod","Reorder Act Four","Replay The Spire","Shop Mod","Spicy Shops","StSLib","Synergy Search","The Blue Laboratory","Thieving Mod","Transform Curses"],"gold_per_floor":[515,528,528,528,96,96,141,176,186,186,317,333,333,353,353,448,448,458,472,491,505,505,505,505],"floor_reached":22,"language":"ENG","playtime":2900,"items_purged":["Slimebound:Strike_Slimebound","Slimebound:Strike_Slimebound","Slimebound:Strike_Slimebound","hubris:Greed","Slimebound:CorrosiveSpit"],"score":188,"play_id":"b8dc1e9e-8ae4-428a-91b1-c6fc6b485dc6","local_time":"20210218195256","is_ascension_mode":true,"campfire_choices":[{"data":"Apotheosis","floor":6.0,"key":"SMITH"}],"circlet_count":0,"master_deck":["Slimebound:Tackle","Slimebound:Defend_Slimebound","Slimebound:Defend_Slimebound","Slimebound:Defend_Slimebound","Slimebound:Defend_Slimebound","Slimebound:Split+1","Slimebound:ItLooksTasty","Slimebound:TongueLash","Slimebound:ItLooksTasty","Apotheosis+1","Slimebound:LeadByExample","Slimebound:SpikyOuterGoop","Slimebound:SpikyOuterGoop","Slimebound:SplitMire","Slimebound:GrowthPunch","Slimebound:Nibble"],"relics":["Slimebound:AbsorbEndCombat","Shuriken","aspiration:ArtOfWarUpgrade","Vajra","ReplayTheSpireMod:CursedCoin","Ring of Chaos"],"acts_visited":["Exordium","TheCity"],"potions_floor_usage":[20,20],"damage_taken":[{"damage":7.0,"enemies":"Small Slimes","floor":1.0,"turns":4.0},{"damage":1.0,"enemies":"2 Louse","floor":2.0,"turns":4.0},{"damage":3.0,"enemies":"downfall:FleeingMerchant","floor":5.0,"turns":4.0},{"damage":2.0,"enemies":"3 Sentries","floor":8.0,"turns":7.0},{"damage":16.0,"enemies":"Jaw Worm","floor":9.0,"turns":4.0},{"damage":9.0,"enemies":"downfall:FleeingMerchant","floor":11.0,"turns":4.0},{"damage":4.0,"enemies":"Gremlin Gang","floor":12.0,"turns":5.0},{"damage":2,"enemies":"Blue Slaver","floor":14,"turns":4},{"damage":12,"enemies":"DF_ARCHETYPE_STREAMLINE","floor":16,"turns":7},{"damage":14,"enemies":"3 Byrds","floor":18,"turns":5},{"damage":16,"enemies":"Shell Parasite","floor":19,"turns":5},{"damage":37,"enemies":"Snecko","floor":20,"turns":6},{"damage":17,"enemies":"3 Cultists","floor":21,"turns":6},{"damage":12,"enemies":"Centurion and Healer","floor":22,"turns":1}],"seed_played":"-4875304391609688048","potions_obtained":[{"floor":1.0,"key":"SteroidPotion"},{"floor":8.0,"key":"champ:CounterPotion"},{"floor":12.0,"key":"Slimebound:SlimedPotion"}],"is_trial":false,"path_per_floor":["M","M","?","?","$","R","T","E","M","?","$","M","R","M","R","B",null,"M","M","M","M","M"],"character_chosen":"SLIMEBOUND","items_purchased":["Slimebound:SpikyOuterGoop","Slimebound:SplitMire","Shuriken","ReplayTheSpireMod:CursedCoin"],"campfire_rested":0,"item_purchase_floors":[5,5,5,11],"current_hp_per_floor":[62,65,65,65,62,62,62,65,53,53,50,52,52,54,54,50,65,59,49,16,7,0,0,0],"gold":505,"neow_bonus":"THREE_CARDS","is_daily":false,"chose_seed":false,"campfire_upgraded":1,"win_rate":0.0,"timestamp":1613674376,"path_taken":["M","M","?","?","$","R","T","E","M","?","$","M","R","M","R","BOSS","M","M","M","M","M"],"items_purchased_type":["Card","Card","Relic","Relic"],"build_version":"2020-12-22","purchased_purges":5,"victory":false,"max_hp_per_floor":[65,65,65,65,65,65,65,65,65,65,65,65,65,65,65,65,65,65,65,65,65,65,65,65],"card_choices":[{"not_picked":["Slimebound:GoopTackle","Slimebound:Replication"],"picked":"Slimebound:ItLooksTasty","floor":0.0},{"not_picked":["Slimebound:ItLooksTasty","Slimebound:SplitBruiser"],"picked":"Slimebound:TongueLash","floor":1.0},{"not_picked":["Slimebound:Replication","Slimebound:SlimeSpikes"],"picked":"Slimebound:ItLooksTasty","floor":2.0},{"not_picked":["Trip","Bandage Up"],"picked":"Apotheosis","floor":3.0},{"not_picked":["Slimebound:AcidTongue","Slimebound:GoopTackle"],"picked":"Slimebound:LeadByExample","floor":5.0},{"not_picked":["Slimebound:Prepare","Slimebound:SplitLeeching","Slimebound:PressTheAttack"],"picked":"SKIP","floor":8.0},{"not_picked":["Slimebound:PressTheAttack","Slimebound:Schlurp"],"picked":"Slimebound:GrowthPunch","floor":9.0},{"not_picked":["Slimebound:Prepare","Slimebound:MassFeed"],"picked":"Slimebound:Nibble","floor":11.0},{"not_picked":["Slimebound:FinishingTackle","Slimebound:LeechEnergy","Slimebound:SplitAcid"],"picked":"SKIP","floor":12.0},{"not_picked":["Slimebound:SplitAcid","Slimebound:HauntingLick","Slimebound:Equalize"],"picked":"SKIP","floor":14},{"not_picked":["Slimebound:ItLooksTasty","Slimebound:Grow","Slimebound:HauntingLick"],"picked":"SKIP","floor":18},{"not_picked":["Slimebound:LeechEnergy+1","Slimebound:RollThrough","Slimebound:Prepare"],"picked":"SKIP","floor":19},{"not_picked":["Slimebound:Grow+1","Slimebound:MegaLick","Slimebound:RollThrough"],"picked":"SKIP","floor":20},{"not_picked":["Slimebound:FormOfPuddle","Slimebound:SplitBruiser","Slimebound:GoopTackle"],"picked":"SKIP","floor":21}],"player_experience":272171,"relics_obtained":[{"floor":7.0,"key":"Art of War"},{"floor":8.0,"key":"Vajra"}],"event_choices":[{"damage_healed":0.0,"max_hp_gain":0.0,"max_hp_loss":0.0,"gold_gain":1.0,"event_name":"betterStone:BetterStone","player_choice":"1","floor":3.0,"gold_loss":0.0,"damage_taken":0.0},{"cards_removed":["Apotheosis"],"damage_healed":0.0,"max_hp_gain":0.0,"max_hp_loss":0.0,"gold_gain":0.0,"event_name":"betterNote:BetterNote","player_choice":"Give","floor":10.0,"gold_loss":0.0,"damage_taken":0.0,"cards_obtained":["hubris:SharpeningStone"]}],"is_beta":false,"boss_relics":[{"not_picked":["SacredBark","bronze:MakeshiftBattery"],"picked":"Ring of Chaos"}],"items_purged_floors":[5,5,5,11,11],"is_endless":false,"potions_floor_spawned":[1,8,12,14,19],"killed_by":"Centurion and Healer","ascension_level":0}}