{"host":"5dhwd44u3dydylwe","time":1613610759,"event":{"mods":["AchievementEnabler","BaseMod","BetterRewards","Dota2Spire","Duelist Mod","GifTheSpireLib","Hubris","Minty Spire (QoL Compilation)","Shop Mod","StSLib","Wandering Minibosses"],"gold_per_floor":[143,143,143,156,176,206,206,233,233,233,281,310,304,316,354,379,416,442,454,466,574,586,617,629,629],"floor_reached":24,"language":"ENG","playtime":2302,"items_purged":["theDuelist:Sparks","theDuelist:Sparks"],"score":538,"play_id":"42655cc3-59a6-4536-a0f3-6a2325dfcc3c","local_time":"20210218091239","is_ascension_mode":true,"campfire_choices":[{"data":"Apotheosis","floor":7,"key":"SMITH"},{"floor":10,"key":"REST"},{"data":"theDuelist:FuryFire+1","floor":19,"key":"SMITH"},{"data":"theDuelist:FuryFire+2","floor":20,"key":"SMITH"}],"circlet_count":0,"master_deck":["theDuelist:ArchfiendSoldier","theDuelist:ArchfiendSoldier","theDuelist:ArchfiendSoldier","theDuelist:CastleWalls","theDuelist:CastleWalls","theDuelist:CastleWalls","theDuelist:FiendMegacyber","theDuelist:SummonedSkull","Apotheosis+1","theDuelist:EagleShark+1","theDuelist:MillenniumGolem+1","theDuelist:RevivalJam","theDuelist:MorayGreed+1","theDuelist:FuryFire+3","theDuelist:DarklordSuperbia+1","theDuelist:DarklordSuperbia+1","theDuelist:TorrentialReborn","theDuelist:SphereKuriboh"],"relics":["theDuelist:MillenniumPuzzle","theDuelist:CardPoolRelic","theDuelist:CardPoolBasicRelic","theDuelist:BoosterPackPoolRelic","theDuelist:CardPoolAddRelic","theDuelist:CardPoolMinusRelic","theDuelist:CardPoolSaveRelic","theDuelist:CardPoolOptionsRelic","Molten Egg 2","theDuelist:BoosterBetterBoostersRelic","Shuriken","theDuelist:ElectricToken","TungstenRod","Chemical X","Centennial Puzzle","Calipers","hubris:BallOfYels","MawBank","Oddly Smooth Stone","theDuelist:YugiMirror","Coffee Dripper"],"acts_visited":["Exordium","TheCity"],"potions_floor_usage":[24],"damage_taken":[{"damage":1,"enemies":"Jaw Worm","floor":1,"turns":2},{"damage":0,"enemies":"2 Louse","floor":4,"turns":5},{"damage":0,"enemies":"Small Slimes","floor":5,"turns":5},{"damage":8,"enemies":"Lagavulin","floor":6,"turns":7},{"damage":13,"enemies":"3 Sentries","floor":8,"turns":8},{"damage":8,"enemies":"Gremlin Nob","floor":12,"turns":3},{"damage":7,"enemies":"Exordium Wildlife","floor":13,"turns":6},{"damage":0,"enemies":"Lagavulin","floor":15,"turns":7},{"damage":0,"enemies":"2 Fungi Beasts","floor":16,"turns":5},{"damage":0,"enemies":"3 Sentries","floor":17,"turns":4},{"damage":8,"enemies":"Lots of Slimes","floor":18,"turns":5},{"damage":9,"enemies":"Hexaghost","floor":21,"turns":6},{"damage":0,"enemies":"Chosen","floor":23,"turns":3},{"damage":76,"enemies":"Chosen","floor":24,"turns":6}],"seed_played":"3894328060188022801","potions_obtained":[{"floor":1,"key":"Ancient Potion"},{"floor":5,"key":"theDuelist:WaterBottle"},{"floor":6,"key":"theDuelist:StunPotion"},{"floor":15,"key":"DuplicationPotion"}],"is_trial":false,"path_per_floor":["M","?","?","M","M","E","R","E","?","R","T","E","M","?","E","M","E","M","R","R","B",null,"M","?"],"character_chosen":"THE_DUELIST","items_purchased":["Molten Egg 2","theDuelist:BoosterBetterBoostersRelic","Apotheosis","Shuriken","theDuelist:EagleShark+1","theDuelist:ElectricToken","hubris:SphereOfDissonance","TungstenRod","Chemical X"],"campfire_rested":1,"item_purchase_floors":[0,0,0,0,0,0,0,0,0],"current_hp_per_floor":[23,49,49,49,49,41,41,28,28,52,52,44,37,37,37,37,37,29,29,29,20,65,65,0,0],"gold":629,"neow_bonus":"","is_daily":false,"chose_seed":false,"campfire_upgraded":3,"win_rate":0.0,"timestamp":1613610759,"path_taken":["M","?","?","M","M","E","R","E","?","R","T","E","M","?","E","M","E","M","R","R","BOSS","M","?"],"items_purchased_type":["Relic","Relic","Card","Relic","Card","Card","Relic","Relic","Relic"],"build_version":"2020-12-22","purchased_purges":2,"victory":false,"max_hp_per_floor":[80,80,80,80,80,80,80,80,80,80,80,80,80,80,80,80,80,80,80,80,80,80,80,80,80],"card_choices":[{"not_picked":["theDuelist:DarklordSuperbia+1","theDuelist:Hinotama+1","theDuelist:WingedKuriboh+1","theDuelist:LightningDarts+1"],"picked":"theDuelist:MillenniumGolem+1","floor":1},{"not_picked":["theDuelist:FishKicks+1","theDuelist:DiamondDust+1","theDuelist:FishSwaps","theDuelist:CallAtlanteans","theDuelist:Umi"],"picked":"SKIP","floor":4},{"not_picked":["theDuelist:RageDeepSea+1","theDuelist:AquaSpirit+1","theDuelist:ArmoredStarfish","theDuelist:CatapultTurtle"],"picked":"theDuelist:RevivalJam","floor":5},{"not_picked":["theDuelist:CastleWalls"],"picked":"SKIP","floor":6},{"not_picked":["theDuelist:SplashCapture","theDuelist:GamecieltheSeaTurtleKaiju+1","theDuelist:FishborgArcher","theDuelist:EvigishkiSoulOgre+1"],"picked":"theDuelist:MorayGreed","floor":8},{"not_picked":["theDuelist:DarklordSuperbia+1","theDuelist:GaiaMidNightSun+1","theDuelist:WormKing+1","theDuelist:GilfordLegend+1"],"picked":"theDuelist:FuryFire+1","floor":12},{"not_picked":["theDuelist:Monokeros","theDuelist:MermailAbyssalacia","theDuelist:LostBlueBreaker+1","theDuelist:EvigishkiLevianima","theDuelist:AtlanteanAttackSquad+1"],"picked":"SKIP","floor":13},{"not_picked":["theDuelist:BigFire+1","theDuelist:GauntletWarrior+1","theDuelist:LightningVortex+1","theDuelist:Mudora+1"],"picked":"theDuelist:DarklordSuperbia+1","floor":15},{"not_picked":["theDuelist:MermaidKnight+1","theDuelist:FishRain","theDuelist:ArmoredStarfish","theDuelist:CallAtlanteans","theDuelist:BlizzardThunderbird"],"picked":"SKIP","floor":16},{"not_picked":["theDuelist:LeviairSeaDragon+1","theDuelist:Dewdark+1","theDuelist:Boneheimer+1","theDuelist:AquaSpirit+1","theDuelist:KaiserSeaSnake+1"],"picked":"SKIP","floor":17},{"not_picked":["theDuelist:SpikedGillman+1","theDuelist:AquaSnake+1","theDuelist:Unifrog","theDuelist:IceHand","theDuelist:MermailAbyssalacia"],"picked":"SKIP","floor":18},{"not_picked":["theDuelist:SeaLordAmulet","theDuelist:MermailAbyssalacia","theDuelist:LostBlueBreaker+1","theDuelist:AtlanteanAttackSquad+1"],"picked":"theDuelist:TorrentialReborn","floor":21},{"not_picked":["theDuelist:ClearKuriboh+1","theDuelist:Cloning","theDuelist:OneForOne+1","theDuelist:Wiretap"],"picked":"theDuelist:SphereKuriboh","floor":23}],"player_experience":209124,"relics_obtained":[{"floor":6,"key":"Centennial Puzzle"},{"floor":8,"key":"Calipers"},{"floor":11,"key":"hubris:BallOfYels"},{"floor":12,"key":"MawBank"},{"floor":15,"key":"Oddly Smooth Stone"},{"floor":17,"key":"theDuelist:YugiMirror"}],"event_choices":[{"damage_healed":26,"gold_gain":0,"player_choice":"Banana","damage_taken":0,"max_hp_gain":0,"max_hp_loss":0,"event_name":"Big Fish","floor":2,"gold_loss":0},{"damage_healed":0,"gold_gain":0,"player_choice":"Leave","duelist":true,"damage_taken":0,"max_hp_gain":0,"max_hp_loss":0,"event_name":"Tomb of the Nameless","floor":3,"gold_loss":0},{"damage_healed":0,"gold_gain":0,"player_choice":"Grow","damage_taken":0,"max_hp_gain":0,"max_hp_loss":0,"event_name":"Living Wall","floor":9,"gold_loss":0,"cards_upgraded":["theDuelist:MorayGreed"]},{"damage_healed":0,"gold_gain":0,"player_choice":"Ignored","damage_taken":0,"max_hp_gain":0,"max_hp_loss":0,"event_name":"Liars Game","floor":14,"gold_loss":0},{"damage_healed":0,"gold_gain":0,"player_choice":"Fight","duelist":true,"damage_taken":0,"max_hp_gain":0,"max_hp_loss":0,"event_name":"Battle City","floor":24,"gold_loss":0}],"is_beta":false,"boss_relics":[{"not_picked":["theDuelist:ElectricKey","Tiny House"],"picked":"Coffee Dripper"}],"items_purged_floors":[0,0],"is_endless":false,"potions_floor_spawned":[1,5,6,12,15,18],"killed_by":"Chosen","ascension_level":8}}