{"host":"j0lq4v91luowxwha","time":1613650636,"event":{"mods":["BaseMod","Colored Powertips","Downfall","Hermit","Minty Spire (QoL Compilation)","Quick Restart","Replay The Spire","StSLib","SuperFastMode","The Cursed"],"gold_per_floor":[109,129,141,161,171,199,199,199,199],"floor_reached":8,"language":"ENG","playtime":549,"items_purged":[],"score":60,"play_id":"59eb6f49-f46d-424a-9705-348d6637707c","local_time":"20210218071716","is_ascension_mode":false,"campfire_choices":[{"floor":7,"key":"REST"}],"circlet_count":0,"master_deck":["Strike_P","Strike_P","Strike_P","Strike_P","Defend_P","Defend_P","Defend_P","Defend_P","Eruption","Vigilance","JustLucky","FollowUp","DeceiveReality","InnerPeace","Evaluate","EmptyBody"],"relics":["PureWater","NeowsBlessing","Question Card"],"acts_visited":["Exordium"],"potions_floor_usage":[],"damage_taken":[{"damage":0,"enemies":"2 Louse","floor":1,"turns":1},{"damage":0,"enemies":"Small Slimes","floor":2,"turns":1},{"damage":0,"enemies":"Jaw Worm","floor":3,"turns":1},{"damage":0,"enemies":"Looter","floor":4,"turns":4},{"damage":5,"enemies":"3 Louse","floor":5,"turns":5},{"damage":29,"enemies":"Lagavulin","floor":6,"turns":10},{"damage":86,"enemies":"Gremlin Nob","floor":8,"turns":6}],"seed_played":"-5429250052992595191","potions_obtained":[{"floor":4,"key":"SteroidPotion"},{"floor":6,"key":"Fire Potion"}],"is_trial":false,"path_per_floor":["M","M","M","M","M","E","R","E"],"character_chosen":"WATCHER","items_purchased":[],"campfire_rested":1,"item_purchase_floors":[],"current_hp_per_floor":[72,72,72,72,67,38,59,0,0],"gold":199,"neow_bonus":"THREE_ENEMY_KILL","is_daily":false,"chose_seed":false,"campfire_upgraded":0,"win_rate":0.0,"timestamp":1613650636,"path_taken":["M","M","M","M","M","E","R","E"],"items_purchased_type":[],"build_version":"2020-12-22","purchased_purges":0,"victory":false,"max_hp_per_floor":[72,72,72,72,72,72,72,72,72],"card_choices":[{"not_picked":["Protect","ThirdEye"],"picked":"JustLucky","floor":1},{"not_picked":["WindmillStrike","ThirdEye"],"picked":"FollowUp","floor":2},{"not_picked":["PathToVictory","Replay:AtTheReady"],"picked":"DeceiveReality","floor":3},{"not_picked":["FollowUp","DeceiveReality"],"picked":"InnerPeace","floor":4},{"not_picked":["Meditate","CrushJoints"],"picked":"Evaluate","floor":5},{"not_picked":["Halt","BowlingBash"],"picked":"EmptyBody","floor":6}],"player_experience":239466,"relics_obtained":[{"floor":6,"key":"Question Card"}],"event_choices":[],"is_beta":false,"boss_relics":[],"items_purged_floors":[],"is_endless":false,"potions_floor_spawned":[4,6],"killed_by":"Gremlin Nob","ascension_level":0}}