{"host":"cfv8orgc8997ql4r","time":1613680541,"event":{"mods":["AchievementEnabler","BaseMod","DeckTracker","Keyboard Shortcuts","Minty Spire (QoL Compilation)"],"gold_per_floor":[119,131,131,131,131,172,172,193,241,274,297,23,66,90,90,219,219,235,0,0,20,20,20,38,38,38,38,38,56,69,69,69,69,69],"floor_reached":33,"language":"KOR","playtime":979,"items_purged":[],"score":420,"play_id":"ee2a015c-6487-46d3-8f22-6bf671988c40","local_time":"20210219053541","is_ascension_mode":true,"campfire_choices":[{"data":"Buffer","floor":7.0,"key":"SMITH"},{"data":"Electrodynamics","floor":15.0,"key":"SMITH"},{"data":"Master of Strategy","floor":23.0,"key":"SMITH"},{"data":"Electrodynamics","floor":25.0,"key":"SMITH"},{"data":"Tempest","floor":28.0,"key":"SMITH"},{"data":"Amplify","floor":32,"key":"SMITH"}],"circlet_count":0,"master_deck":["Strike_B+1","Strike_B","Strike_B","Defend_B+1","Defend_B+1","Defend_B","Defend_B","Zap","Dualcast+1","Glacier","Buffer+1","Coolheaded","Sweeping Beam","Steam Power","Cold Snap","Electrodynamics+1","Cold Snap","Steam Power","Electrodynamics+1","Master of Strategy+1","Ball Lightning","Core Surge","Tempest+1","Chill","Amplify+1","Turbo+1","Barrage+1"],"relics":["Cracked Core","NeowsBlessing","Golden Idol","War Paint","Potion Belt","Omamori","Blood Vial","Prayer Wheel","Nuclear Battery","DataDisk","Tiny Chest"],"acts_visited":["Exordium","TheCity"],"potions_floor_usage":[33,33],"damage_taken":[{"damage":0.0,"enemies":"2 Louse","floor":1.0,"turns":1.0},{"damage":0.0,"enemies":"Jaw Worm","floor":2.0,"turns":1.0},{"damage":0.0,"enemies":"3 Sentries","floor":6.0,"turns":1.0},{"damage":0.0,"enemies":"Small Slimes","floor":8.0,"turns":2.0},{"damage":0.0,"enemies":"Lagavulin","floor":10.0,"turns":7.0},{"damage":0.0,"enemies":"Blue Slaver","floor":11.0,"turns":3.0},{"damage":10.0,"enemies":"3 Sentries","floor":13.0,"turns":3.0},{"damage":4.0,"enemies":"Exordium Wildlife","floor":14.0,"turns":3.0},{"damage":0.0,"enemies":"The Guardian","floor":16.0,"turns":15.0},{"damage":11.0,"enemies":"Shell Parasite","floor":18.0,"turns":3.0},{"damage":10.0,"enemies":"3 Byrds","floor":21.0,"turns":2.0},{"damage":5.0,"enemies":"3 Cultists","floor":24.0,"turns":4.0},{"damage":0.0,"enemies":"Centurion and Healer","floor":29.0,"turns":2.0},{"damage":0,"enemies":"Snake Plant","floor":30,"turns":2},{"damage":62,"enemies":"Champ","floor":33,"turns":12}],"seed_played":"7419255163358536365","potions_obtained":[{"floor":1.0,"key":"Strength Potion"},{"floor":8.0,"key":"Strength Potion"},{"floor":13.0,"key":"PowerPotion"},{"floor":16.0,"key":"Dexterity Potion"},{"floor":24.0,"key":"CultistPotion"},{"floor":30,"key":"FocusPotion"}],"is_trial":false,"path_per_floor":["M","M","?","?","?","E","R","M","T","E","M","$","E","M","R","B",null,"M","$","?","M","?","R","M","R","T","$","R","M","M","?","R","B"],"character_chosen":"DEFECT","items_purchased":["Steam Power","Blood Vial","Cold Snap","Master of Strategy","Ball Lightning"],"campfire_rested":0,"item_purchase_floors":[12,12,12,19,19],"current_hp_per_floor":[75,75,60,60,42,42,42,42,42,42,42,42,34,32,32,34,75,64,64,64,56,56,56,53,53,53,53,53,55,57,57,57,0,0],"gold":69,"neow_bonus":"THREE_ENEMY_KILL","is_daily":false,"chose_seed":false,"campfire_upgraded":6,"win_rate":0.0,"timestamp":1613680541,"path_taken":["M","M","?","?","?","E","R","M","T","E","M","?","E","?","R","BOSS","M","$","?","M","?","R","?","R","T","$","R","M","M","?","R","BOSS"],"items_purchased_type":["Card","Relic","Card","Card","Card"],"build_version":"2020-12-22","purchased_purges":0,"victory":false,"max_hp_per_floor":[75,75,75,75,75,75,75,75,75,75,75,75,75,75,75,75,75,75,75,75,75,75,75,75,75,75,75,75,75,75,75,75,75,75],"card_choices":[{"not_picked":["Turbo","Conserve Battery"],"picked":"Doom and Gloom","floor":1.0},{"not_picked":["Cold Snap","Streamline"],"picked":"Glacier","floor":2.0},{"not_picked":["Lockon","Beam Cell"],"picked":"Buffer","floor":6.0},{"not_picked":["Beam Cell","Hello World"],"picked":"Coolheaded","floor":8.0},{"not_picked":["Hologram","Sunder"],"picked":"Sweeping Beam","floor":10.0},{"not_picked":["Hologram","Barrage","Scrape"],"picked":"SKIP","floor":11.0},{"not_picked":["Beam Cell","Go for the Eyes"],"picked":"Electrodynamics","floor":13.0},{"not_picked":["Hologram","Beam Cell"],"picked":"Cold Snap","floor":14.0},{"not_picked":["Coolheaded","Streamline"],"picked":"Steam Power","floor":14.0},{"not_picked":["Creative AI","Rainbow"],"picked":"Electrodynamics","floor":16.0},{"not_picked":["Storm","Gash","Doom and Gloom"],"picked":"SKIP","floor":18.0},{"not_picked":["Barrage+1","Sweeping Beam+1","Compile Driver"],"picked":"SKIP","floor":18.0},{"not_picked":["Leap","Coolheaded"],"picked":"Core Surge","floor":21.0},{"not_picked":["Cold Snap","White Noise"],"picked":"Tempest","floor":21.0},{"not_picked":["BootSequence+1","Rebound","Stack+1"],"picked":"SKIP","floor":24.0},{"not_picked":["Reprogram","Rebound","FTL+1"],"picked":"SKIP","floor":24.0},{"not_picked":["Leap","Recycle+1"],"picked":"Amplify","floor":29},{"not_picked":["Blizzard","Doom and Gloom"],"picked":"Turbo+1","floor":29},{"not_picked":["Auto Shields+1","Streamline"],"picked":"Barrage+1","floor":30},{"not_picked":["Redo","Melter","Beam Cell+1"],"picked":"SKIP","floor":30}],"player_experience":198583,"relics_obtained":[{"floor":6.0,"key":"War Paint"},{"floor":9.0,"key":"Potion Belt"},{"floor":10.0,"key":"Omamori"},{"floor":13.0,"key":"Prayer Wheel"},{"floor":26.0,"key":"DataDisk"}],"event_choices":[{"damage_healed":0.0,"max_hp_gain":0.0,"max_hp_loss":0.0,"gold_gain":0.0,"event_name":"Shining Light","player_choice":"Entered Light","floor":3.0,"gold_loss":0.0,"damage_taken":15.0,"cards_upgraded":["Defend_B","Strike_B"]},{"damage_healed":0.0,"max_hp_gain":0.0,"max_hp_loss":0.0,"gold_gain":0.0,"event_name":"Living Wall","player_choice":"Grow","floor":4.0,"gold_loss":0.0,"damage_taken":0.0,"cards_upgraded":["Doom and Gloom"]},{"damage_healed":0.0,"max_hp_gain":0.0,"max_hp_loss":0.0,"gold_gain":0.0,"event_name":"Golden Idol","player_choice":"Take Damage","floor":5.0,"gold_loss":0.0,"damage_taken":18.0,"relics_obtained":["Golden Idol"]},{"cards_removed":["Strike_B"],"damage_healed":0.0,"max_hp_gain":0.0,"max_hp_loss":0.0,"gold_gain":0.0,"event_name":"Back to Basics","player_choice":"Elegance","floor":20.0,"gold_loss":0.0,"damage_taken":0.0},{"damage_healed":0.0,"max_hp_gain":0.0,"max_hp_loss":0.0,"gold_gain":0.0,"cards_transformed":["Doom and Gloom"],"event_name":"Transmorgrifier","player_choice":"Transformed","floor":22.0,"gold_loss":0.0,"damage_taken":0.0,"cards_obtained":["Chill"]},{"damage_healed":0,"gold_gain":0,"player_choice":"Opened","damage_taken":0,"relics_obtained":["Tiny Chest"],"max_hp_gain":0,"max_hp_loss":0,"event_name":"The Mausoleum","floor":31,"gold_loss":0,"cards_obtained":["Writhe"]}],"is_beta":false,"boss_relics":[{"not_picked":["Pandora\u0027s Box","Astrolabe"],"picked":"Nuclear Battery"}],"items_purged_floors":[],"is_endless":false,"potions_floor_spawned":[1,8,13,16,24,30],"killed_by":"Champ","ascension_level":3}}