{"host":"pke0xxyzw0teju56","time":1613677191,"event":{"mods":["BaseMod","Bestiary","Colored Powertips","Highlight Path","Minty Spire (QoL Compilation)","StSLib"],"gold_per_floor":[118,133,133,153,25,40,73,93,93,93,93,93,18,18,18,93,93,109,13,23,39,51,51,70,96,119,219,219,219,237,34,34,105,105,119,139,153,153,4,4,33,33,56,56,76,0,51,71,71,71,71,71,71,14,41,41,41],"floor_reached":56,"language":"ENG","playtime":3272,"items_purged":["Strike_B"],"score":1844,"play_id":"25a505b5-53d2-43ab-aa95-7f344374a496","local_time":"20210218143951","is_ascension_mode":true,"campfire_choices":[{"data":"Darkness","floor":10.0,"key":"SMITH"},{"floor":12.0,"key":"REST"},{"data":"Zap","floor":15.0,"key":"SMITH"},{"floor":23.0,"key":"REST"},{"floor":28.0,"key":"REST"},{"data":"Consume","floor":32.0,"key":"SMITH"},{"data":"Defragment","floor":40.0,"key":"SMITH"},{"floor":42.0,"key":"RECALL"},{"data":"Seek","floor":44.0,"key":"SMITH"},{"data":"Blind","floor":49.0,"key":"SMITH"},{"data":"Hologram","floor":53.0,"key":"SMITH"}],"circlet_count":0,"master_deck":["AscendersBane","Defend_B","Defend_B","Defend_B+1","Zap+1","Dualcast","Chill","Darkness+1","Cold Snap","Sunder+1","Ball Lightning+1","Machine Learning","Self Repair","Seek+1","Blind+1","Melter","Beam Cell","White Noise","BootSequence+1","Stack+1","Machine Learning","Redo+1","Consume+1","Core Surge","Turbo","Coolheaded+1","Chill+1","Defragment+1","Turbo","Heatsinks+1","Hologram+1","Hologram"],"relics":["Cracked Core","Emotion Chip","Bottled Lightning","Runic Pyramid","Happy Flower","Omamori","Mango","Bottled Tornado","Membership Card","Coffee Dripper","Runic Capacitor","Bottled Flame","Red Mask","Prayer Wheel","Bag of Preparation"],"acts_visited":["Exordium","TheCity","TheBeyond","TheEnding"],"potions_floor_usage":[56],"damage_taken":[{"damage":7.0,"enemies":"Jaw Worm","floor":1.0,"turns":3.0},{"damage":2.0,"enemies":"Cultist","floor":2.0,"turns":3.0},{"damage":4.0,"enemies":"2 Louse","floor":4.0,"turns":2.0},{"damage":0.0,"enemies":"Exordium Wildlife","floor":6.0,"turns":2.0},{"damage":13.0,"enemies":"3 Sentries","floor":7.0,"turns":4.0},{"damage":0.0,"enemies":"Large Slime","floor":8.0,"turns":4.0},{"damage":16.0,"enemies":"Slime Boss","floor":16.0,"turns":6.0},{"damage":17.0,"enemies":"3 Byrds","floor":18.0,"turns":5.0},{"damage":0.0,"enemies":"Chosen","floor":20.0,"turns":3.0},{"damage":18.0,"enemies":"Snake Plant","floor":21.0,"turns":2.0},{"damage":21.0,"enemies":"Centurion and Healer","floor":22.0,"turns":7.0},{"damage":0.0,"enemies":"Cultist and Chosen","floor":24.0,"turns":4.0},{"damage":16.0,"enemies":"Gremlin Leader","floor":25.0,"turns":5.0},{"damage":13.0,"enemies":"Colosseum Slavers","floor":27.0,"turns":5.0},{"damage":32.0,"enemies":"Colosseum Nobs","floor":27.0,"turns":5.0},{"damage":0.0,"enemies":"Snake Plant","floor":30.0,"turns":3.0},{"damage":35.0,"enemies":"Champ","floor":33.0,"turns":12.0},{"damage":9.0,"enemies":"3 Darklings","floor":35.0,"turns":4.0},{"damage":3.0,"enemies":"Orb Walker","floor":36.0,"turns":4.0},{"damage":33.0,"enemies":"Jaw Worm Horde","floor":37.0,"turns":5.0},{"damage":0.0,"enemies":"Giant Head","floor":41.0,"turns":7.0},{"damage":16.0,"enemies":"Sphere and 2 Shapes","floor":45.0,"turns":4.0},{"damage":4.0,"enemies":"2 Orb Walkers","floor":47.0,"turns":5.0},{"damage":13.0,"enemies":"Maw","floor":48.0,"turns":5.0},{"damage":4.0,"enemies":"Donu and Deca","floor":50.0,"turns":11.0},{"damage":17.0,"enemies":"Time Eater","floor":51.0,"turns":13.0},{"damage":29.0,"enemies":"Shield and Spear","floor":55.0,"turns":8.0},{"damage":49,"enemies":"The Heart","floor":56,"turns":9}],"seed_played":"-7824661374788263394","potions_obtained":[{"floor":4.0,"key":"GamblersBrew"},{"floor":7.0,"key":"Dexterity Potion"},{"floor":16.0,"key":"Regen Potion"},{"floor":21.0,"key":"Block Potion"},{"floor":22.0,"key":"PotionOfCapacity"},{"floor":30.0,"key":"Strength Potion"},{"floor":36.0,"key":"FocusPotion"},{"floor":45.0,"key":"SkillPotion"},{"floor":47.0,"key":"Explosive Potion"},{"floor":48.0,"key":"SkillPotion"}],"is_trial":false,"path_per_floor":["M","M","?","M","$","M","E","M","T","R","?","R","?","$","R","B",null,"M","$","M","M","M","R","M","E","T","?","R","?","M","$","R","B",null,"M","M","M","?","$","R","E","R","T","R","M","?","?","M","R","B","B",null,"R","$","E","B"],"character_chosen":"DEFECT","items_purchased":["Strength Potion","Blind","Membership Card","Consume","Runic Capacitor","Defragment","Turbo","FocusPotion","FocusPotion"],"campfire_rested":3,"item_purchase_floors":[5,19,31,31,39,39,39,54,54],"current_hp_per_floor":[57,55,55,51,51,51,38,38,38,38,19,38,38,38,38,29,55,57,57,64,46,32,51,58,49,49,32,55,55,62,62,62,34,67,65,69,43,43,43,43,50,50,50,50,41,41,44,38,38,41,31,66,66,66,44,0,0],"gold":41,"neow_bonus":"TRANSFORM_TWO_CARDS","is_daily":false,"chose_seed":false,"campfire_upgraded":7,"win_rate":0.0,"timestamp":1613677191,"path_taken":["M","M","?","M","?","?","E","M","T","R","?","R","?","?","R","BOSS","M","$","M","M","M","R","M","E","T","?","R","?","?","?","R","BOSS","M","M","M","?","$","R","E","R","T","R","?","?","?","M","R","BOSS","BOSS","R","$","E","BOSS"],"items_purchased_type":["Potion","Card","Relic","Card","Relic","Card","Card","Potion","Potion"],"build_version":"2020-12-22","purchased_purges":1,"victory":false,"max_hp_per_floor":[64,64,64,64,64,64,64,64,64,64,64,64,64,64,64,64,64,64,64,64,64,64,64,64,64,64,78,78,78,78,78,78,78,78,78,78,78,78,78,78,78,78,78,78,78,78,78,78,78,78,78,78,78,78,78,78,78],"card_choices":[{"not_picked":["Coolheaded","Barrage"],"picked":"Cold Snap","floor":1.0},{"not_picked":["Chill","Tempest"],"picked":"Sunder","floor":2.0},{"not_picked":["Turbo","Rebound"],"picked":"Ball Lightning","floor":4.0},{"not_picked":["Tempest","Steam"],"picked":"Ball Lightning","floor":6.0},{"not_picked":["Fusion","Compile Driver"],"picked":"Machine Learning","floor":7.0},{"not_picked":["Ball Lightning","Gash"],"picked":"Self Repair","floor":8.0},{"not_picked":["Creative AI","Machine Learning"],"picked":"Seek","floor":16.0},{"not_picked":["Compile Driver","Rip and Tear","Redo"],"picked":"SKIP","floor":18.0},{"not_picked":["Stack","Static Discharge"],"picked":"Melter","floor":20.0},{"not_picked":["FTL","Gash"],"picked":"Beam Cell","floor":21.0},{"not_picked":["Skim+1","Steam"],"picked":"White Noise","floor":22.0},{"not_picked":["Beam Cell","Steam Power+1"],"picked":"BootSequence+1","floor":24.0},{"not_picked":["Consume","Storm+1"],"picked":"Stack+1","floor":25.0},{"not_picked":["FTL","Barrage"],"picked":"Redo+1","floor":30.0},{"not_picked":["Meteor Strike","Rainbow"],"picked":"Core Surge","floor":33.0},{"not_picked":["Streamline","Hello World"],"picked":"Turbo","floor":35.0},{"not_picked":["Go for the Eyes","White Noise"],"picked":"Coolheaded+1","floor":36.0},{"not_picked":["Compile Driver","Cold Snap"],"picked":"Chill+1","floor":37.0},{"not_picked":["Steam","Stack","Streamline"],"picked":"SKIP","floor":41.0},{"not_picked":["Sunder+1","Storm+1"],"picked":"Heatsinks+1","floor":45.0},{"not_picked":["Ball Lightning","White Noise+1"],"picked":"Hologram","floor":48.0},{"not_picked":["Chill","Beam Cell","Chaos"],"picked":"SKIP","floor":48.0},{"not_picked":["Consume","Storm"],"picked":"Hologram","floor":55.0}],"player_experience":5361270,"relics_obtained":[{"floor":7.0,"key":"Emotion Chip"},{"floor":9.0,"key":"Bottled Lightning"},{"floor":25.0,"key":"Happy Flower"},{"floor":26.0,"key":"Omamori"},{"floor":27.0,"key":"Mango"},{"floor":27.0,"key":"Bottled Tornado"},{"floor":41.0,"key":"Bottled Flame"},{"floor":47.0,"key":"Prayer Wheel"},{"floor":55.0,"key":"Bag of Preparation"}],"event_choices":[{"damage_healed":0.0,"max_hp_gain":0.0,"max_hp_loss":0.0,"gold_gain":0.0,"event_name":"Upgrade Shrine","player_choice":"Upgraded","floor":3.0,"gold_loss":0.0,"damage_taken":0.0,"cards_upgraded":["Sunder"]},{"damage_healed":0.0,"max_hp_gain":0.0,"max_hp_loss":0.0,"gold_gain":0.0,"event_name":"Shining Light","player_choice":"Entered Light","floor":11.0,"gold_loss":0.0,"damage_taken":19.0,"cards_upgraded":["Defend_B","Ball Lightning"]},{"cards_removed":["Strike_B"],"damage_healed":0.0,"max_hp_gain":0.0,"max_hp_loss":0.0,"gold_gain":0.0,"event_name":"The Cleric","player_choice":"Card Removal","floor":13.0,"gold_loss":75.0,"damage_taken":0.0},{"damage_healed":0.0,"max_hp_gain":0.0,"max_hp_loss":0.0,"gold_gain":0.0,"event_name":"Colosseum","player_choice":"Fight","floor":27.0,"gold_loss":0.0,"damage_taken":0.0},{"damage_healed":0.0,"max_hp_gain":0.0,"max_hp_loss":0.0,"gold_gain":0.0,"event_name":"Colosseum","player_choice":"Fought Nobs","floor":27.0,"gold_loss":0.0,"damage_taken":0.0},{"damage_healed":0.0,"max_hp_gain":0.0,"max_hp_loss":0.0,"gold_gain":0.0,"cards_transformed":["Strike_B"],"event_name":"Transmorgrifier","player_choice":"Transformed","floor":29.0,"gold_loss":0.0,"damage_taken":0.0,"cards_obtained":["Machine Learning"]},{"cards_removed":["Ball Lightning"],"damage_healed":0.0,"max_hp_gain":0.0,"max_hp_loss":0.0,"gold_gain":0.0,"event_name":"Purifier","player_choice":"Purged","floor":38.0,"gold_loss":0.0,"damage_taken":0.0},{"damage_healed":0.0,"max_hp_gain":0.0,"max_hp_loss":0.0,"gold_gain":0.0,"event_name":"Tomb of Lord Red Mask","player_choice":"Paid","floor":46.0,"gold_loss":76.0,"damage_taken":0.0,"relics_obtained":["Red Mask"]},{"damage_healed":0.0,"max_hp_gain":0.0,"max_hp_loss":0.0,"gold_gain":0.0,"event_name":"Mysterious Sphere","player_choice":"Fight","floor":47.0,"gold_loss":0.0,"damage_taken":0.0}],"is_beta":false,"boss_relics":[{"not_picked":["Astrolabe","Fusion Hammer"],"picked":"Runic Pyramid"},{"not_picked":["Black Star","Runic Dome"],"picked":"Coffee Dripper"}],"items_purged_floors":[5],"is_endless":false,"potions_floor_spawned":[4,7,8,16,21,22,27,30,36,45,47,48],"killed_by":"The Heart","ascension_level":20}}