{"host":"vps8b43x7l1xjn40","time":1613681878,"event":{"mods":["AchievementEnabler","BaseMod","Colored Map","Colored Powertips","Custom Start","KinomotoSakuraMod(–Ø”V–{?)","Lobotomy","LobotomyExtend","Minty Spire (QoL Compilation)","Prisma Mod","Quick Restart","StSLib","The Cursed"],"gold_per_floor":[117,132,132,147,4,4,4,218,244,244,276,276,302,25,25,127,127,140,171,171,184,235,264,464,481,481,493,515,43,43,73,73,171,171,190,190,203,217,217,217,217,227,227,279,311,311,336,1,1,1],"floor_reached":51,"language":"JPN","playtime":3002,"items_purged":["Combust","Strike_R","Armaments"],"score":774,"play_id":"9a796400-3981-4d99-8161-0376d8c7eb32","local_time":"20210219055758","is_ascension_mode":false,"campfire_choices":[{"data":"Anger","floor":6,"key":"SMITH"},{"data":"Flex","floor":10,"key":"SMITH"},{"data":"Fire Breathing","floor":12,"key":"SMITH"},{"data":"Anger","floor":15,"key":"SMITH"},{"floor":27,"key":"REST"},{"data":"Whirlwind","floor":30,"key":"SMITH"},{"data":"Heavy Blade","floor":32,"key":"SMITH"},{"floor":40,"key":"REST"},{"floor":49,"key":"REST"}],"circlet_count":0,"master_deck":["Strike_R","Strike_R","Strike_R","Defend_R","Defend_R","Defend_R","Bash","Fire Breathing+1","Anger+1","Heavy Blade","Flex+1","Blind","Anger+1","Ghostly Armor","Feed","Juggernaut","Heavy Blade+1","Whirlwind+1","Whirlwind","Anger","Headbutt","Impervious","Flex","Inflame+1","Demon Form+1","Flex","Whirlwind+1","Pummel","Dark Shackles"],"relics":["Burning Blood","LetterFromLob","HandDrill","Mercury Hourglass","Bronze Scales","Toy Ornithopter","PreservedInsect","InkBottle","Matryoshka","SlaversCollar","Red Mask","MutagenicStrength","Happy Flower","Lantern","Frozen Egg 2","MawBank","Bottled Tornado","Mango","Gremlin Horn","Pear","Magic Flower","Bag of Marbles","Regal Pillow","Vajra"],"acts_visited":["Exordium","TheCity","TheBeyond"],"potions_floor_usage":[11,11,11,14,19,19,25,33,33,45,45,45,45,45],"damage_taken":[{"damage":16,"enemies":"Jaw Worm","floor":1,"turns":4},{"damage":9,"enemies":"2 Louse","floor":2,"turns":4},{"damage":11,"enemies":"Small Slimes","floor":4,"turns":4},{"damage":10,"enemies":"3 Sentries","floor":11,"turns":4},{"damage":12,"enemies":"Gremlin Nob","floor":13,"turns":3},{"damage":40,"enemies":"Hexaghost","floor":16,"turns":8},{"damage":20,"enemies":"Spheric Guardian","floor":18,"turns":4},{"damage":30,"enemies":"Masked Bandits","floor":19,"turns":4},{"damage":1,"enemies":"Chosen","floor":21,"turns":3},{"damage":18,"enemies":"Gremlin Leader","floor":23,"turns":5},{"damage":25,"enemies":"Snecko","floor":25,"turns":4},{"damage":0,"enemies":"3 Cultists","floor":28,"turns":2},{"damage":22,"enemies":"Book of Stabbing","floor":31,"turns":3},{"damage":19,"enemies":"Automaton","floor":33,"turns":6},{"damage":17,"enemies":"3 Darklings","floor":35,"turns":3},{"damage":39,"enemies":"3 Shapes","floor":37,"turns":4},{"damage":25,"enemies":"Jaw Worm Horde","floor":38,"turns":3},{"damage":12,"enemies":"4 Shapes","floor":41,"turns":2},{"damage":38,"enemies":"3 Darklings","floor":42,"turns":4},{"damage":32,"enemies":"2 Orb Walkers","floor":44,"turns":3},{"damage":12,"enemies":"Reptomancer","floor":45,"turns":5},{"damage":39,"enemies":"Giant Head","floor":47,"turns":6},{"damage":76,"enemies":"Donu and Deca","floor":50,"turns":8}],"seed_played":"8765609453114042733","potions_obtained":[{"floor":2,"key":"PowerPotion"},{"floor":4,"key":"BlessingOfTheForge"},{"floor":11,"key":"Dexterity Potion"},{"floor":16,"key":"EntropicBrew"},{"floor":28,"key":"ColorlessPotion"},{"floor":35,"key":"Weak Potion"},{"floor":38,"key":"EntropicBrew"},{"floor":44,"key":"LiquidBronze"},{"floor":45,"key":"SpeedPotion"}],"is_trial":false,"path_per_floor":["M","M","?","M","$","R","?","$","T","R","E","R","E","$","R","B",null,"M","?","?","M","T","E","?","M","T","R","M","$","R","E","R","B",null,"M","?","M","M","?","R","M","M","T","?","E","?","E","$","R","B",null],"character_chosen":"IRONCLAD","items_purchased":["HandDrill","Mercury Hourglass","Heavy Blade","Flex","Bronze Scales","Fire Potion","Blind","Matryoshka","Feed","Fruit Juice","Explosive Potion","Mango","Vajra","FairyPotion","Dark Shackles"],"campfire_rested":3,"item_purchase_floors":[5,5,5,5,8,8,8,14,14,14,29,29,48,48,48],"current_hp_per_floor":[70,67,67,62,62,62,55,55,55,55,66,66,60,70,70,39,88,74,63,63,71,71,59,59,45,45,73,79,93,93,77,77,77,111,100,108,75,56,56,89,83,51,61,35,108,108,78,78,115,48],"gold":1,"neow_bonus":"REMOVE_CARD","is_daily":false,"chose_seed":false,"campfire_upgraded":6,"win_rate":0.0,"timestamp":1613681878,"path_taken":["M","M","?","M","$","R","?","$","T","R","E","R","E","$","R","BOSS","M","?","?","M","?","E","?","M","T","R","?","$","R","E","R","BOSS","M","?","M","M","?","R","?","M","T","?","E","?","E","$","R","BOSS"],"items_purchased_type":["Relic","Relic","Card","Card","Relic","Potion","Card","Relic","Card","Potion","Potion","Relic","Relic","Potion","Card"],"build_version":"2020-12-22","purchased_purges":3,"victory":true,"max_hp_per_floor":[80,80,80,80,80,80,80,80,80,80,80,80,80,85,85,88,88,88,91,91,94,94,94,94,94,94,94,94,108,108,108,108,111,111,111,111,111,111,111,111,111,111,121,121,121,115,115,115,115,115],"card_choices":[{"not_picked":["Thunderclap","Sever Soul"],"picked":"Fire Breathing","floor":1},{"not_picked":["Headbutt","Uppercut"],"picked":"Combust","floor":2},{"not_picked":["Disarm","Heavy Blade"],"picked":"Anger","floor":4},{"not_picked":["Cleave","Heavy Blade"],"picked":"Anger","floor":11},{"not_picked":["Shockwave","Burning Pact"],"picked":"Ghostly Armor","floor":13},{"not_picked":["Demon Form","Reaper"],"picked":"Juggernaut","floor":16},{"not_picked":["Rupture+1","Combust"],"picked":"Armaments","floor":18},{"not_picked":["Searing Blow","Entrench+1"],"picked":"Heavy Blade","floor":19},{"not_picked":["Entrench","Feel No Pain"],"picked":"Whirlwind","floor":21},{"not_picked":["Entrench","Thunderclap"],"picked":"Whirlwind","floor":23},{"not_picked":["Cleave","Reckless Charge"],"picked":"Anger","floor":25},{"not_picked":["Flame Barrier","Body Slam"],"picked":"Headbutt","floor":28},{"not_picked":["Fiend Fire","Warcry"],"picked":"Metallicize+1","floor":31},{"not_picked":["Barricade+1","Juggernaut+1"],"picked":"Impervious","floor":33},{"not_picked":["Perfected Strike+1","Entrench+1","Feel No Pain+1"],"picked":"SKIP","floor":35},{"not_picked":["Perfected Strike","Shrug It Off+1"],"picked":"Flex","floor":37},{"not_picked":["Rage+1","Sword Boomerang"],"picked":"Inflame+1","floor":38},{"not_picked":["Sword Boomerang+1","Inflame+1","Pommel Strike+1"],"picked":"SKIP","floor":41},{"not_picked":["Spot Weakness+1","Armaments+1"],"picked":"Flex","floor":42},{"not_picked":["Warcry","Reckless Charge"],"picked":"Whirlwind+1","floor":45},{"not_picked":["Metallicize+1","Fiend Fire"],"picked":"Pummel","floor":47}],"player_experience":9041,"relics_obtained":[{"floor":1,"key":"LetterFromLob"},{"floor":9,"key":"Toy Ornithopter"},{"floor":11,"key":"PreservedInsect"},{"floor":13,"key":"InkBottle"},{"floor":19,"key":"Red Mask"},{"floor":22,"key":"Happy Flower"},{"floor":22,"key":"Lantern"},{"floor":23,"key":"Frozen Egg 2"},{"floor":26,"key":"MawBank"},{"floor":26,"key":"Bottled Tornado"},{"floor":31,"key":"Gremlin Horn"},{"floor":43,"key":"Pear"},{"floor":44,"key":"Magic Flower"},{"floor":45,"key":"Bag of Marbles"},{"floor":47,"key":"Regal Pillow"}],"event_choices":[{"damage_healed":0,"gold_gain":0,"player_choice":"Ignored","damage_taken":0,"max_hp_gain":0,"max_hp_loss":0,"event_name":"Liars Game","floor":3,"gold_loss":0},{"cards_removed":["Strike_R"],"damage_healed":0,"gold_gain":0,"player_choice":"Card Removal","damage_taken":7,"max_hp_gain":0,"max_hp_loss":0,"event_name":"Golden Wing","floor":7,"gold_loss":0},{"damage_healed":0,"gold_gain":0,"player_choice":"Fought Bandits","damage_taken":0,"max_hp_gain":0,"max_hp_loss":0,"event_name":"Masked Bandits","floor":19,"gold_loss":0},{"damage_healed":0,"gold_gain":0,"player_choice":"Inject Mutagens","damage_taken":0,"relics_obtained":["MutagenicStrength"],"max_hp_gain":0,"max_hp_loss":0,"event_name":"Drug Dealer","floor":20,"gold_loss":0},{"damage_healed":0,"gold_gain":200,"player_choice":"Gold","damage_taken":0,"max_hp_gain":0,"max_hp_loss":0,"event_name":"Wheel of Change","floor":24,"gold_loss":0},{"damage_healed":0,"gold_gain":0,"cards_transformed":["Metallicize"],"player_choice":"Transformed","damage_taken":0,"max_hp_gain":0,"max_hp_loss":0,"event_name":"Transmorgrifier","floor":39,"gold_loss":0,"cards_obtained":["Demon Form"]},{"damage_healed":0,"gold_gain":0,"player_choice":"Fight","damage_taken":0,"max_hp_gain":0,"max_hp_loss":0,"event_name":"Mysterious Sphere","floor":44,"gold_loss":0},{"damage_healed":0,"gold_gain":0,"player_choice":"Max HP","damage_taken":0,"max_hp_gain":0,"max_hp_loss":6,"event_name":"Winding Halls","floor":46,"gold_loss":0}],"is_beta":false,"boss_relics":[{"not_picked":["Calling Bell","Sozu"],"picked":"SlaversCollar"},{"not_picked":["Snecko Eye","Velvet Choker","Runic Dome"]}],"items_purged_floors":[5,14,29],"is_endless":false,"potions_floor_spawned":[2,4,11,16,19,21,23,28,35,38,44,45],"ascension_level":0}}