{"host":"vx9g5eyuglzorf3u","time":1613612656,"event":{"mods":["2.2 Compatiblity","BaseMod","DeckTracker","Keyboard Shortcuts","Minty Spire (QoL Compilation)","Relic Stats","StSLib","SuperFastMode","everything is the same but u backflip on backflip"],"gold_per_floor":[110,35,35,35,48,48,48,76,156,166,192,204,220,236,236,314,314,333,351,76,96,146,146,179,179,230,258,258,258,308,308,308,385,385,405,137,156,156,167,167,167,177,229,229,229],"floor_reached":44,"language":"KOR","playtime":862,"items_purged":["Strike_P","Strike_P"],"score":1012,"play_id":"ea6d138e-f127-484d-8eb7-39b7a748b6f9","local_time":"20210218104416","is_ascension_mode":true,"campfire_choices":[{"floor":6.0,"key":"REST"},{"data":"Eruption","floor":15.0,"key":"SMITH"},{"floor":23.0,"key":"REST"},{"floor":25.0,"key":"REST"},{"data":"Vault","floor":29.0,"key":"SMITH"},{"floor":32.0,"key":"REST"},{"floor":40,"key":"REST"}],"circlet_count":0,"master_deck":["AscendersBane","Strike_P","Strike_P","Defend_P","Defend_P","Vigilance","Conclude","Worship","FollowUp","Tantrum","WheelKick+1","MentalFortress","Vault+1","Apotheosis+1","Wallop","Sanctity+1","EmptyMind"],"relics":["PureWater","Ancient Tea Set","Bag of Preparation","Letter Opener","Toy Ornithopter","SlaversCollar","Bottled Flame","Juzu Bracelet","Matryoshka","VioletLotus","Lantern","PreservedInsect"],"acts_visited":["Exordium","TheCity","TheBeyond"],"potions_floor_usage":[],"damage_taken":[{"damage":0.0,"enemies":"Small Slimes","floor":1.0,"turns":2.0},{"damage":4.0,"enemies":"Jaw Worm","floor":5.0,"turns":2.0},{"damage":0.0,"enemies":"Lagavulin","floor":8.0,"turns":3.0},{"damage":0.0,"enemies":"Cultist","floor":10.0,"turns":1.0},{"damage":17.0,"enemies":"3 Sentries","floor":11.0,"turns":3.0},{"damage":0.0,"enemies":"3 Louse","floor":12.0,"turns":1.0},{"damage":0.0,"enemies":"Looter","floor":13.0,"turns":1.0},{"damage":20.0,"enemies":"Exordium Thugs","floor":14.0,"turns":4.0},{"damage":10.0,"enemies":"Hexaghost","floor":16.0,"turns":9.0},{"damage":18.0,"enemies":"Chosen","floor":18.0,"turns":4.0},{"damage":0.0,"enemies":"Spheric Guardian","floor":19.0,"turns":1.0},{"damage":12.0,"enemies":"Snecko","floor":21.0,"turns":4.0},{"damage":26.0,"enemies":"Slavers","floor":24.0,"turns":2.0},{"damage":0.0,"enemies":"Gremlin Leader","floor":27.0,"turns":4.0},{"damage":8.0,"enemies":"Collector","floor":33.0,"turns":7.0},{"damage":45.0,"enemies":"3 Darklings","floor":35.0,"turns":5.0},{"damage":1.0,"enemies":"3 Shapes","floor":37.0,"turns":4.0},{"damage":0,"enemies":"Transient","floor":39,"turns":7},{"damage":0,"enemies":"Spire Growth","floor":42,"turns":4},{"damage":37,"enemies":"Nemesis","floor":44,"turns":4}],"seed_played":"-4249850237320874358","potions_obtained":[{"floor":1.0,"key":"FearPotion"},{"floor":5.0,"key":"FearPotion"},{"floor":7.0,"key":"SkillPotion"},{"floor":14.0,"key":"DistilledChaos"},{"floor":16.0,"key":"Weak Potion"},{"floor":19.0,"key":"LiquidBronze"},{"floor":33.0,"key":"SteroidPotion"},{"floor":37.0,"key":"Dexterity Potion"},{"floor":42,"key":"FearPotion"}],"is_trial":false,"path_per_floor":["M","?","?","?","M","R","?","E","T","M","E","M","M","M","R","B",null,"M","M","$","M","?","R","E","R","T","E","?","R","?","?","R","B",null,"M","$","M","?","M","R","?","M","T","E"],"character_chosen":"WATCHER","items_purchased":["Apotheosis","Lantern"],"campfire_rested":5,"item_purchase_floors":[20,36],"current_hp_per_floor":[61,61,54,28,24,44,44,44,44,44,27,27,27,7,7,2,52,39,39,39,27,27,47,21,41,41,41,41,41,35,35,55,47,63,18,18,17,17,17,37,37,37,37,0,0],"gold":229,"neow_bonus":"THREE_CARDS","is_daily":false,"chose_seed":false,"campfire_upgraded":2,"win_rate":0.0,"timestamp":1613612656,"path_taken":["M","?","?","?","M","R","?","E","T","M","E","?","M","M","R","BOSS","M","M","$","M","?","R","E","R","T","E","?","R","?","?","R","BOSS","M","$","M","?","M","R","?","M","T","E"],"items_purchased_type":["Card","Relic"],"build_version":"2020-12-22","purchased_purges":2,"victory":false,"max_hp_per_floor":[68,68,68,68,68,68,68,68,68,68,68,68,68,68,68,68,68,68,68,68,68,68,68,68,68,68,68,68,68,68,68,68,68,68,68,68,68,68,68,68,68,68,68,68,68],"relic_stats":{"counters":[20,72],"VioletLotus":[7],"PreservedInsect":50,"Bag of Preparation":[34],"Juzu Bracelet":3,"Letter Opener":[66],"obtain_stats":[{"SlaversCollar":17,"Bottled Flame":24,"Lantern":36,"Matryoshka":27,"VioletLotus":34,"PreservedInsect":43,"Bag of Preparation":8,"Juzu Bracelet":26,"Letter Opener":9,"PureWater":0,"Ancient Tea Set":4,"Toy Ornithopter":11},{"SlaversCollar":9,"Bottled Flame":13,"Lantern":16,"Matryoshka":14,"VioletLotus":15,"PreservedInsect":19,"Bag of Preparation":3,"Juzu Bracelet":13,"Letter Opener":3,"PureWater":0,"Ancient Tea Set":1,"Toy Ornithopter":5},{"SlaversCollar":26,"Bottled Flame":37,"Lantern":53,"Matryoshka":41,"VioletLotus":48,"PreservedInsect":68,"Bag of Preparation":7,"Juzu Bracelet":37,"Letter Opener":7,"PureWater":0,"Ancient Tea Set":2,"Toy Ornithopter":11}],"Toy Ornithopter":10},"card_choices":[{"not_picked":["PathToVictory","FlyingSleeves"],"picked":"Conclude","floor":0.0},{"not_picked":["JustLucky","Study"],"picked":"Worship","floor":1.0},{"not_picked":["FlyingSleeves","CutThroughFate"],"picked":"FollowUp","floor":5.0},{"not_picked":["ClearTheMind","CutThroughFate"],"picked":"Tantrum","floor":8.0},{"not_picked":["Crescendo","Protect","ClearTheMind"],"picked":"SKIP","floor":10.0},{"not_picked":["FlurryOfBlows","CrushJoints"],"picked":"WheelKick","floor":11.0},{"not_picked":["Wireheading","EmptyBody"],"picked":"MentalFortress","floor":12.0},{"not_picked":["Establishment","MentalFortress","Sanctity"],"picked":"SKIP","floor":13.0},{"not_picked":["FlurryOfBlows","Consecrate","EmptyBody"],"picked":"SKIP","floor":14.0},{"not_picked":["Judgement","DevaForm"],"picked":"Vault","floor":16.0},{"not_picked":["WaveOfTheHand","ReachHeaven","EmptyMind"],"picked":"SKIP","floor":18.0},{"not_picked":["ClearTheMind","SashWhip+1","BowlingBash"],"picked":"SKIP","floor":19.0},{"not_picked":["Consecrate","JustLucky"],"picked":"Wallop","floor":21.0},{"not_picked":["Consecrate","SashWhip+1","WreathOfFlame"],"picked":"SKIP","floor":24.0},{"not_picked":["SandsOfTime","ClearTheMind","Nirvana"],"picked":"SKIP","floor":27.0},{"not_picked":["FlyingSleeves","BowlingBash"],"picked":"Sanctity+1","floor":35.0},{"not_picked":["FlurryOfBlows","FlyingSleeves","EmptyBody"],"picked":"SKIP","floor":37.0},{"not_picked":["Nirvana","Swivel"],"picked":"EmptyMind","floor":39},{"not_picked":["ClearTheMind","FlyingSleeves","ThirdEye"],"picked":"SKIP","floor":42}],"player_experience":1526490,"relics_obtained":[{"floor":8.0,"key":"Bag of Preparation"},{"floor":9.0,"key":"Letter Opener"},{"floor":11.0,"key":"Toy Ornithopter"},{"floor":24.0,"key":"Bottled Flame"},{"floor":26.0,"key":"Juzu Bracelet"},{"floor":27.0,"key":"Matryoshka"},{"floor":43,"key":"PreservedInsect"}],"event_choices":[{"cards_removed":["Defend_P"],"damage_healed":0.0,"max_hp_gain":0.0,"max_hp_loss":0.0,"gold_gain":0.0,"event_name":"The Cleric","player_choice":"Card Removal","floor":2.0,"gold_loss":75.0,"damage_taken":0.0},{"cards_removed":["Defend_P"],"damage_healed":0.0,"max_hp_gain":0.0,"max_hp_loss":0.0,"gold_gain":0.0,"event_name":"Golden Wing","player_choice":"Card Removal","floor":3.0,"gold_loss":0.0,"damage_taken":7.0},{"damage_healed":0.0,"max_hp_gain":0.0,"max_hp_loss":0.0,"gold_gain":0.0,"event_name":"Scrap Ooze","player_choice":"Success","floor":4.0,"gold_loss":0.0,"damage_taken":26.0,"relics_obtained":["Ancient Tea Set"]},{"damage_healed":0.0,"max_hp_gain":0.0,"max_hp_loss":0.0,"gold_gain":0.0,"event_name":"Lab","player_choice":"Got Potions","floor":7.0,"gold_loss":0.0,"damage_taken":0.0},{"damage_healed":0.0,"max_hp_gain":0.0,"max_hp_loss":0.0,"gold_gain":50.0,"event_name":"Nest","player_choice":"Stole From Cult","floor":22.0,"gold_loss":0.0,"damage_taken":0.0},{"damage_healed":0.0,"max_hp_gain":0.0,"max_hp_loss":0.0,"gold_gain":0.0,"event_name":"Upgrade Shrine","player_choice":"Upgraded","floor":28.0,"gold_loss":0.0,"damage_taken":0.0,"cards_upgraded":["Apotheosis"]},{"damage_healed":0.0,"max_hp_gain":0.0,"max_hp_loss":0.0,"gold_gain":50.0,"event_name":"FaceTrader","player_choice":"Touch","floor":30.0,"gold_loss":0.0,"damage_taken":6.0},{"damage_healed":0.0,"max_hp_gain":0.0,"max_hp_loss":0.0,"gold_gain":0.0,"event_name":"Vampires","player_choice":"Ignored","floor":31.0,"gold_loss":0.0,"damage_taken":0.0},{"damage_healed":0.0,"max_hp_gain":0.0,"max_hp_loss":0.0,"gold_gain":0.0,"event_name":"Accursed Blacksmith","player_choice":"Forge","floor":38.0,"gold_loss":0.0,"damage_taken":0.0,"cards_upgraded":["WheelKick"]},{"cards_removed":["Eruption"],"damage_healed":0,"gold_gain":0,"player_choice":"Removed Attack","damage_taken":0,"max_hp_gain":0,"max_hp_loss":0,"event_name":"Falling","floor":41,"gold_loss":0}],"is_beta":false,"boss_relics":[{"not_picked":["Tiny House","Fusion Hammer"],"picked":"SlaversCollar"},{"not_picked":["Runic Dome","Busted Crown"],"picked":"VioletLotus"}],"items_purged_floors":[20,36],"is_endless":false,"potions_floor_spawned":[1,5,14,16,19,33,37,42],"killed_by":"Nemesis","ascension_level":20}}