{"host":"gm50ke85n5jz306u","time":1613651107,"event":{"mods":["AchievementEnabler","AlwaysNeverKeys","Ascension Reborn","BaseMod","Bestiary","Better Altar","Better Match","Better Note","Better Sensory Stone","Better Skull","Better Third Choice","Better Vampires","Better-Laid Plans","BetterRewards","Colored Map","Colored Powertips","Curses Come First","DNKmod","Defuse TimeMaze Blight","Disable Question Mark Monsters","Displayed Cursed Tome","Emptier Cage","Extra Virgin Snecko Oil","Filter the Spire","Friendly Minions","Gremlin Skip","Minty Spire (QoL Compilation)","Permanent Neow","Quick Restart","Relic Filter Mod","Relic Sorter","Shop Mod","StSLib","Synergy Search","Transform Curses"],"gold_per_floor":[10018,9975,9270,9292,8987,8987,8987,9004,9004,8416,8438,8469,8469,8482,8482,8482,8482,8482,8501,8741,8741,8757,8757,8757,8757,8787,8787,8811,8811,8842,8862,8862,8984,8984,9002,9002,9097,8718,8718,8732,8732,8754,8754,8297,8297,8297,8297,8315,8315,8315,8315,8315,7833,7868,7868],"floor_reached":56,"language":"ENG","playtime":787,"items_purged":["Wild Strike","Strike_R+1","Strike_R+1","Heavy Blade+1","Defend_R+1"],"score":550,"play_id":"e3de8a9c-5c61-486a-b5c8-9e6efdbe1a6e","local_time":"20210218132507","is_ascension_mode":true,"campfire_choices":[{"data":"Heavy Blade","floor":6,"key":"SMITH"},{"floor":13,"key":"REST"},{"data":"Strike_R+1","floor":15,"key":"PURGE"},{"data":"Strike_R+1","floor":23,"key":"PURGE"},{"data":"Bludgeon","floor":29,"key":"PURGE"},{"data":"Inflame+1","floor":32,"key":"PURGE"},{"data":"Defend_R+1","floor":45,"key":"PURGE"},{"data":"Defend_R+1","floor":47,"key":"PURGE"},{"data":"Defend_R+1","floor":49,"key":"PURGE"},{"floor":52,"key":"REST"}],"circlet_count":0,"master_deck":["Whirlwind+1"],"relics":["Burning Blood","Orichalcum","betterThird:SlimedRelic","MerchantsRug","Torii","Akabeko","Lee\u0027s Waffle","Red Skull","Tiny Chest","Molten Egg 2","Mango","Incense Burner","ClockworkSouvenir","Regal Pillow","Prayer Wheel","Peace Pipe","Turnip","Letter Opener","Kunai","Dream Catcher","Pocketwatch","War Paint","Smiling Mask","Vajra","FossilizedHelix","SacredBark","Juzu Bracelet","PreservedInsect","Question Card","Medical Kit","Boot","Happy Flower","Ancient Tea Set","Singing Bowl","OrangePellets","Self Forming Clay","Lantern","Shuriken","Bottled Flame","Frozen Eye","Mercury Hourglass"],"acts_visited":["Exordium","TheCity","TheBeyond","TheEnding"],"potions_floor_usage":[14],"damage_taken":[{"damage":0,"enemies":"Small Slimes","floor":1,"turns":1},{"damage":0,"enemies":"Cultist","floor":4,"turns":2},{"damage":0,"enemies":"2 Louse","floor":8,"turns":2},{"damage":0,"enemies":"Exordium Wildlife","floor":11,"turns":1},{"damage":0,"enemies":"Lagavulin","floor":12,"turns":1},{"damage":0,"enemies":"Lots of Slimes","floor":14,"turns":1},{"damage":0,"enemies":"The Guardian","floor":16,"turns":1},{"damage":0,"enemies":"3 Byrds","floor":18,"turns":1},{"damage":0,"enemies":"Shell Parasite","floor":19,"turns":2},{"damage":0,"enemies":"Sentry and Sphere","floor":22,"turns":2},{"damage":0,"enemies":"Snake Plant","floor":24,"turns":1},{"damage":0,"enemies":"Chosen and Byrds","floor":25,"turns":2},{"damage":0,"enemies":"Snecko","floor":28,"turns":2},{"damage":0,"enemies":"Gremlin Leader","floor":30,"turns":1},{"damage":0,"enemies":"Centurion and Healer","floor":31,"turns":1},{"damage":0,"enemies":"Automaton","floor":33,"turns":1},{"damage":0,"enemies":"Orb Walker","floor":35,"turns":1},{"damage":6,"enemies":"3 Shapes","floor":40,"turns":1},{"damage":0,"enemies":"Spire Growth","floor":42,"turns":1},{"damage":15,"enemies":"4 Shapes","floor":48,"turns":1},{"damage":0,"enemies":"Awakened One","floor":50,"turns":2},{"damage":0,"enemies":"Shield and Spear","floor":54,"turns":1},{"damage":0,"enemies":"The Heart","floor":55,"turns":3}],"seed_played":"397328157356483267","potions_obtained":[{"floor":1,"key":"GamblersBrew"},{"floor":4,"key":"BloodPotion"},{"floor":4,"key":"SkillPotion"},{"floor":8,"key":"DuplicationPotion"},{"floor":8,"key":"SneckoOil"},{"floor":14,"key":"Fruit Juice"},{"floor":30,"key":"Energy Potion"},{"floor":40,"key":"Energy Potion"}],"is_trial":false,"path_per_floor":["M","?","$","M","$","R","?","M","T","$","M","E","R","M","R","B",null,"M","M","?","T","M","R","M","M","T","?","M","R","E","M","R","B",null,"M","?","T","$","?","M","?","M","T","$","R","?","R","M","R","B",null,"R","$","E","B",null],"character_chosen":"IRONCLAD","items_purchased":["MerchantsRug","Heavy Blade","Inflame","Torii","Akabeko","Lee\u0027s Waffle","Red Skull","Tiny Chest","Whirlwind+1","Incense Burner","ClockworkSouvenir","Regal Pillow","Medical Kit","Boot","Happy Flower","OrangePellets","Self Forming Clay","Lantern","Shuriken","Bottled Flame","Frozen Eye"],"campfire_rested":2,"item_purchase_floors":[3,3,3,3,3,3,5,5,10,10,10,10,38,38,38,44,44,44,53,53,53],"current_hp_per_floor":[900,889,907,907,907,907,907,907,921,921,921,921,921,926,926,931,931,931,931,931,931,931,931,931,931,931,931,931,931,931,931,931,936,936,936,936,936,936,936,936,889,889,889,889,889,889,889,882,882,894,894,896,896,896,901],"gold":7868,"neow_bonus":"TRANSFORM_TWO_CARDS","is_daily":false,"chose_seed":false,"campfire_upgraded":1,"win_rate":0.0,"timestamp":1613651107,"path_taken":["M","?","$","M","$","R","?","?","T","$","M","E","R","M","R","BOSS","M","M","?","?","M","R","M","?","T","?","M","R","E","M","R","BOSS","M","?","?","$","?","M","?","M","T","$","R","?","R","M","R","BOSS","R","$","E","BOSS"],"items_purchased_type":["Relic","Card","Card","Relic","Relic","Relic","Relic","Relic","Card","Relic","Relic","Relic","Relic","Relic","Relic","Relic","Relic","Relic","Relic","Relic","Relic"],"build_version":"2020-12-22","purchased_purges":5,"victory":true,"max_hp_per_floor":[900,900,907,907,907,907,907,907,921,921,921,921,921,926,926,931,931,931,931,931,931,931,931,931,931,931,931,931,931,931,931,931,936,936,936,936,936,936,936,936,889,889,889,889,889,889,889,889,889,894,894,896,896,896,901],"card_choices":[{"not_picked":["Feel No Pain+1","Reckless Charge","Clash+1"],"picked":"SKIP","floor":1},{"not_picked":["Entrench","Blood for Blood+1","Shrug It Off"],"picked":"SKIP","floor":4},{"not_picked":["True Grit","Armaments","Combust+1"],"picked":"SKIP","floor":8},{"not_picked":["Perfected Strike+1","Havoc","Heavy Blade+1"],"picked":"SKIP","floor":11},{"not_picked":["Havoc","Combust","Corruption"],"picked":"SKIP","floor":12},{"not_picked":["Cleave+1","Anger+1","Wild Strike+1"],"picked":"SKIP","floor":12},{"not_picked":["Dropkick+1","Infernal Blade","Thunderclap+1"],"picked":"SKIP","floor":14},{"not_picked":["True Grit","Metallicize","Immolate+1"],"picked":"SKIP","floor":14},{"not_picked":["Perfected Strike+1","Armaments","Shrug It Off"],"picked":"SKIP","floor":18},{"not_picked":["Anger+1","Searing Blow+1","Intimidate"],"picked":"SKIP","floor":18},{"not_picked":["Sever Soul+1","Carnage+1","Headbutt+1"],"picked":"SKIP","floor":19},{"not_picked":["Thunderclap+1","Body Slam+1","Shrug It Off+1"],"picked":"SKIP","floor":19},{"not_picked":["Clothesline+1","Fire Breathing","Perfected Strike+1"],"picked":"SKIP","floor":22},{"not_picked":["Dual Wield","Burning Pact","Warcry+1"],"picked":"SKIP","floor":22},{"not_picked":["Evolve","Twin Strike+1","Carnage+1"],"picked":"SKIP","floor":24},{"not_picked":["Warcry+1","Havoc","Anger+1"],"picked":"SKIP","floor":24},{"not_picked":["Armaments","Bloodletting","Iron Wave+1"],"picked":"SKIP","floor":25},{"not_picked":["Flame Barrier+1","Havoc","Blood for Blood+1"],"picked":"SKIP","floor":25},{"not_picked":["Anger+1","Dual Wield+1","Evolve+1"],"picked":"SKIP","floor":28},{"not_picked":["Spot Weakness+1","Clash+1","Twin Strike+1"],"picked":"SKIP","floor":28},{"not_picked":["Reaper+1","Blood for Blood+1","Ghostly Armor"],"picked":"SKIP","floor":30},{"not_picked":["Flame Barrier+1","Headbutt+1","Warcry+1"],"picked":"SKIP","floor":31},{"not_picked":["Twin Strike+1","Thunderclap+1","Sword Boomerang+1"],"picked":"SKIP","floor":31},{"not_picked":["Dual Wield+1","Sentinel","Warcry"],"picked":"SKIP","floor":35},{"not_picked":["Reckless Charge+1","Armaments+1","Blood for Blood+1"],"picked":"SKIP","floor":35},{"not_picked":["Clash+1","Warcry+1","Sword Boomerang+1","Headbutt+1"],"picked":"SKIP","floor":40},{"not_picked":["Body Slam+1","Pommel Strike+1","Perfected Strike+1","Second Wind+1"],"picked":"SKIP","floor":40},{"not_picked":["Berserk","Carnage+1","Clothesline+1","Ghostly Armor+1"],"picked":"SKIP","floor":42},{"not_picked":["Thunderclap+1","Blood for Blood+1","Dropkick+1","Twin Strike+1"],"picked":"SKIP","floor":42},{"not_picked":["Berserk","Carnage+1","Clothesline+1","Ghostly Armor+1"],"picked":"SKIP","floor":42},{"not_picked":["Thunderclap+1","Blood for Blood+1","Dropkick+1","Twin Strike+1"],"picked":"SKIP","floor":42},{"not_picked":["Whirlwind+1","Iron Wave+1","Havoc+1","Twin Strike+1"],"picked":"SKIP","floor":48},{"not_picked":["Ghostly Armor+1","Flame Barrier+1","Anger+1","Exhume"],"picked":"SKIP","floor":48},{"not_picked":["Spot Weakness+1","Hemokinesis+1","Shockwave","Cleave+1"],"picked":"Singing Bowl","floor":52},{"not_picked":["Havoc","Juggernaut","Iron Wave+1","Intimidate+1"],"picked":"SKIP","floor":54}],"player_experience":262259,"relics_obtained":[{"floor":1,"key":"Orichalcum"},{"floor":9,"key":"Molten Egg 2"},{"floor":9,"key":"Mango"},{"floor":12,"key":"Prayer Wheel"},{"floor":14,"key":"Peace Pipe"},{"floor":16,"key":"Turnip"},{"floor":21,"key":"Letter Opener"},{"floor":21,"key":"Kunai"},{"floor":25,"key":"Dream Catcher"},{"floor":26,"key":"Pocketwatch"},{"floor":26,"key":"War Paint"},{"floor":28,"key":"Smiling Mask"},{"floor":30,"key":"Vajra"},{"floor":33,"key":"FossilizedHelix"},{"floor":35,"key":"Juzu Bracelet"},{"floor":37,"key":"PreservedInsect"},{"floor":37,"key":"Question Card"},{"floor":43,"key":"Ancient Tea Set"},{"floor":43,"key":"Singing Bowl"},{"floor":54,"key":"Mercury Hourglass"}],"event_choices":[{"damage_healed":0,"gold_gain":0,"player_choice":"Slimed","damage_taken":11,"max_hp_gain":0,"max_hp_loss":0,"event_name":"betterThird:BetterGoop","floor":2,"gold_loss":43},{"damage_healed":0,"gold_gain":0,"player_choice":"Forge","damage_taken":0,"max_hp_gain":0,"max_hp_loss":0,"event_name":"Accursed Blacksmith","floor":7,"gold_loss":0,"cards_upgraded":["Inflame"]},{"damage_healed":0,"gold_gain":200,"player_choice":"Gold","damage_taken":0,"max_hp_gain":0,"max_hp_loss":0,"event_name":"Wheel of Change","floor":20,"gold_loss":0},{"damage_healed":0,"gold_gain":0,"player_choice":"Ignored","damage_taken":0,"max_hp_gain":0,"max_hp_loss":0,"event_name":"betterNote:BetterNote","floor":27,"gold_loss":0,"cards_obtained":["Dualcast"]},{"damage_healed":0,"gold_gain":0,"player_choice":"Ignored","damage_taken":0,"max_hp_gain":0,"max_hp_loss":0,"event_name":"Tomb of Lord Red Mask","floor":36,"gold_loss":0},{"damage_healed":0,"gold_gain":0,"player_choice":"Ignored","damage_taken":0,"max_hp_gain":0,"max_hp_loss":0,"event_name":"Mysterious Sphere","floor":39,"gold_loss":0},{"damage_healed":0,"gold_gain":0,"player_choice":"Max HP","damage_taken":0,"max_hp_gain":0,"max_hp_loss":47,"event_name":"Winding Halls","floor":41,"gold_loss":0},{"damage_healed":0,"gold_gain":0,"player_choice":"Got Potions","damage_taken":0,"max_hp_gain":0,"max_hp_loss":0,"event_name":"Lab","floor":46,"gold_loss":0}],"is_beta":false,"boss_relics":[{"not_picked":["Mark of Pain","Calling Bell","Pandora\u0027s Box"]},{"not_picked":["Black Star","Snecko Eye"],"picked":"SacredBark"}],"items_purged_floors":[3,5,10,38,44],"is_endless":false,"potions_floor_spawned":[4,8,12,14,16,18,25,33,42,54],"ascension_level":-20}}