{"host":"5y2vm16xfq9gfmb2","time":1613630742,"event":{"mods":["AchievementEnabler","BaseMod","Better Third Choice","Colored Map","Colored Powertips","DeckTracker","Friendly Minions","Marisa????????","Minty Spire (QoL Compilation)","Rare Cards Sparkle","Relic Stats","StSLib","The Alterego","The Animator","The Marked","The Servant 0.9.4","Yohane!"],"gold_per_floor":[11,27,7,7,23,23,40,56,56,56,67,67,84,49,49,149,149,164,164,181,181,181,181,112,126,126,42,42,42],"floor_reached":28,"language":"ENG","playtime":1173,"items_purged":[],"score":220,"play_id":"604d5cfa-1a65-47e5-867a-e9ef5fc663e5","local_time":"20210218014542","is_ascension_mode":false,"campfire_choices":[{"floor":6,"key":"RECALL"},{"floor":15,"key":"REST"},{"floor":23,"key":"REST"}],"circlet_count":0,"master_deck":["Yohane:Strike_Grey","Yohane:Strike_Grey","Yohane:Strike_Grey","Yohane:Strike_Grey","Yohane:Defend_Grey","Yohane:Little_Demon_Lily","Yohane:Well_Laid_Ambush","Yohane:Yousoro","Yohane:Mijuku_Dreamer","Yohane:Wrath","Yohane:Perfection","Yohane:Excitement","Yohane:Dark_Rest","Yohane:Backfoot","Yohane:Little_Demon_Mari","Yohane:Strawberry_Trapper","Yohane:Sloth+1","Yohane:Misfortune+1","Yohane:Runaway_Umbrella+1","Yohane:Debut","Yohane:Misfortune","J.A.X.","Yohane:Grace_Under_Fire","Yohane:Allure_of_Darkness","Yohane:Guilty_Kiss"],"relics":["Yohane:AngelWings","betterThird:SlimedRelic","CultistMask","Astrolabe","Mummified Hand","Prayer Wheel"],"acts_visited":["Exordium","TheCity"],"potions_floor_usage":[11,12,25,28],"damage_taken":[{"damage":6,"enemies":"Jaw Worm","floor":1,"turns":3},{"damage":9,"enemies":"Small Slimes","floor":2,"turns":3},{"damage":1,"enemies":"Cultist","floor":5,"turns":3},{"damage":24,"enemies":"Exordium Wildlife","floor":7,"turns":4},{"damage":3,"enemies":"Red Slaver","floor":8,"turns":3},{"damage":2,"enemies":"Blue Slaver","floor":11,"turns":3},{"damage":2,"enemies":"Gremlin Nob","floor":12,"turns":3},{"damage":0,"enemies":"Looter","floor":13,"turns":3},{"damage":15,"enemies":"The Guardian","floor":16,"turns":7},{"damage":15,"enemies":"3 Byrds","floor":18,"turns":4},{"damage":6,"enemies":"Chosen","floor":20,"turns":4},{"damage":30,"enemies":"Snake Plant","floor":25,"turns":2},{"damage":15,"enemies":"Slavers","floor":28,"turns":3}],"seed_played":"-5631190024226745191","potions_obtained":[{"floor":1,"key":"AttackPotion"},{"floor":5,"key":"SmokeBomb"},{"floor":16,"key":"AttackPotion"},{"floor":20,"key":"DuplicationPotion"}],"is_trial":false,"path_per_floor":["M","M","?","?","M","R","M","M","T","?","M","E","M","?","R","B",null,"M","?","M","?","?","R","$","M","T","$","E"],"character_chosen":"FallenAngel","items_purchased":["Yohane:Grace_Under_Fire","AttackPotion","Yohane:Guilty_Kiss"],"campfire_rested":2,"item_purchase_floors":[24,27,27],"current_hp_per_floor":[54,45,34,34,33,33,9,6,6,6,4,2,2,17,35,20,60,45,45,39,39,39,57,57,27,27,27,12,12],"gold":42,"neow_bonus":"THREE_RARE_CARDS","is_daily":false,"chose_seed":false,"campfire_upgraded":0,"win_rate":0.0,"timestamp":1613630742,"path_taken":["M","M","?","?","?","R","M","M","T","?","M","E","?","?","R","BOSS","M","?","M","?","?","R","?","M","T","$","E"],"items_purchased_type":["Card","Potion","Card"],"build_version":"2020-12-22","purchased_purges":0,"victory":false,"max_hp_per_floor":[60,60,60,60,60,60,60,60,60,60,60,60,60,60,60,60,60,60,60,60,60,60,60,60,60,60,60,60,60],"relic_stats":{"counters":[13,45],"Mummified Hand":[1],"Astrolabe":["Yohane:Sloth","Yohane:Misfortune","Yohane:Runaway_Umbrella"],"Prayer Wheel":0,"obtain_stats":[{"Mummified Hand":19,"betterThird:SlimedRelic":3,"Astrolabe":17,"Prayer Wheel":26,"CultistMask":10,"Yohane:AngelWings":0},{"Mummified Hand":10,"betterThird:SlimedRelic":2,"Astrolabe":9,"Prayer Wheel":12,"CultistMask":5,"Yohane:AngelWings":0},{"Mummified Hand":36,"betterThird:SlimedRelic":6,"Astrolabe":32,"Prayer Wheel":42,"CultistMask":16,"Yohane:AngelWings":0}]},"card_choices":[{"not_picked":["Yohane:Snow_Halation","Yohane:Go_All_Out"],"picked":"Yohane:Yousoro","floor":0},{"not_picked":["Yohane:Dark_Rest","Yohane:Little_Demon_Support"],"picked":"Yohane:Mijuku_Dreamer","floor":1},{"not_picked":["Yohane:Dark_Shield","Yohane:Gluttony"],"picked":"Yohane:Wrath","floor":2},{"not_picked":["Yohane:Lailapse","Yohane:Livestream_Donation"],"picked":"Yohane:Perfection","floor":5},{"not_picked":["Yohane:Lailapse","Yohane:Academic_Prowess"],"picked":"Yohane:Excitement","floor":7},{"not_picked":["Yohane:Angel_Tears","Yohane:Dark_Shield"],"picked":"Yohane:Dark_Rest","floor":8},{"not_picked":["Yohane:Livestream_Donation","Yohane:Energy_Change"],"picked":"Yohane:Backfoot","floor":11},{"not_picked":["Yohane:Livestream_Donation","Yohane:Ice_Cream_Assault"],"picked":"Yohane:Little_Demon_Mari","floor":13},{"not_picked":["Yohane:City_Of_Sin","Yohane:Indulge"],"picked":"Yohane:Strawberry_Trapper","floor":16},{"not_picked":["Yohane:Lailapse","Yohane:Livestream_Donation"],"picked":"Yohane:Debut","floor":18},{"not_picked":["Yohane:Inspiration","Yohane:Energy_Change"],"picked":"Yohane:Misfortune","floor":20},{"not_picked":["Yohane:Inspiration","Yohane:Lailapse+1"],"picked":"Yohane:Allure_of_Darkness","floor":25}],"player_experience":147377,"relics_obtained":[{"floor":26,"key":"Prayer Wheel"}],"event_choices":[{"damage_healed":0,"gold_gain":0,"player_choice":"Slimed","damage_taken":11,"max_hp_gain":0,"max_hp_loss":0,"event_name":"betterThird:BetterGoop","floor":3,"gold_loss":20},{"damage_healed":0,"gold_gain":0,"player_choice":"Ignored","damage_taken":0,"max_hp_gain":0,"max_hp_loss":0,"event_name":"Purifier","floor":4,"gold_loss":0},{"damage_healed":0,"gold_gain":0,"player_choice":"Trade","damage_taken":0,"relics_obtained":["CultistMask"],"max_hp_gain":0,"max_hp_loss":0,"event_name":"FaceTrader","floor":10,"gold_loss":0},{"damage_healed":15,"gold_gain":0,"player_choice":"Healed","damage_taken":0,"max_hp_gain":0,"max_hp_loss":0,"event_name":"The Cleric","floor":14,"gold_loss":35},{"damage_healed":0,"gold_gain":0,"player_choice":"Opened","damage_taken":0,"relics_obtained":["Mummified Hand"],"max_hp_gain":0,"max_hp_loss":0,"event_name":"The Mausoleum","floor":19,"gold_loss":0},{"damage_healed":0,"gold_gain":0,"player_choice":"Obtain J.A.X.","damage_taken":0,"max_hp_gain":0,"max_hp_loss":0,"event_name":"Drug Dealer","floor":21,"gold_loss":0,"cards_obtained":["J.A.X."]},{"damage_healed":0,"gold_gain":0,"player_choice":"Ignored","damage_taken":0,"max_hp_gain":0,"max_hp_loss":0,"event_name":"Ghosts","floor":22,"gold_loss":0}],"is_beta":false,"boss_relics":[{"not_picked":["Runic Dome","Coffee Dripper"],"picked":"Astrolabe"}],"items_purged_floors":[],"is_endless":false,"potions_floor_spawned":[1,5,12,16,20],"killed_by":"Slavers","ascension_level":0}}