{"host":"sxnl403xm2xmiyj1","time":1613639471,"event":{"mods":["AchievementEnabler","BaseMod","Colored Map","Keyboard Shortcuts","Minty Spire (QoL Compilation)","Quick Restart","StSLib","SuperFastMode"],"gold_per_floor":[119,269,269,319,44,44,97,127,127,150,150,200,213,235,235,337,337,237,237,237,237,237,237,237,46,46,46,46,46,46,46],"floor_reached":30,"language":"KOR","playtime":325,"items_purged":["Doubt"],"score":529,"play_id":"fd8ea9b0-e5a6-4461-8667-011ee63d6345","local_time":"20210218181111","is_ascension_mode":true,"campfire_choices":[{"data":"Panache","floor":6.0,"key":"SMITH"},{"data":"Blade Dance","floor":11.0,"key":"SMITH"},{"data":"Accuracy","floor":15.0,"key":"SMITH"},{"floor":23.0,"key":"REST"},{"data":"After Image","floor":27.0,"key":"SMITH"},{"data":"Finisher","floor":29.0,"key":"SMITH"}],"circlet_count":0,"master_deck":["AscendersBane","Strike_G","Strike_G","Strike_G","Strike_G","Strike_G","Defend_G","Defend_G","Defend_G","Defend_G","Defend_G","Survivor","Neutralize","Blade Dance","Panache+1","Blade Dance+1","Cloak And Dagger","Blade Dance","Finisher+1","Accuracy+1","Envenom","Footwork","Deflect","Backstab","Blade Dance","After Image+1","Cloak And Dagger"],"relics":["Ring of the Snake","NeowsBlessing","Bloody Idol","CeramicFish","Omamori","Juzu Bracelet","Ectoplasm","Peace Pipe"],"acts_visited":["Exordium","TheCity"],"potions_floor_usage":[30],"damage_taken":[{"damage":0.0,"enemies":"Small Slimes","floor":1.0,"turns":1.0},{"damage":0.0,"enemies":"Gremlin Nob","floor":7.0,"turns":1.0},{"damage":0.0,"enemies":"2 Louse","floor":8.0,"turns":1.0},{"damage":0.0,"enemies":"Cultist","floor":10.0,"turns":2.0},{"damage":10.0,"enemies":"Lagavulin","floor":12.0,"turns":3.0},{"damage":0.0,"enemies":"Looter","floor":13.0,"turns":2.0},{"damage":0.0,"enemies":"Blue Slaver","floor":14.0,"turns":1.0},{"damage":3.0,"enemies":"Hexaghost","floor":16.0,"turns":6.0},{"damage":25.0,"enemies":"2 Thieves","floor":18.0,"turns":4.0},{"damage":0.0,"enemies":"Chosen","floor":19.0,"turns":3.0},{"damage":0.0,"enemies":"3 Cultists","floor":20.0,"turns":2.0},{"damage":4.0,"enemies":"Sentry and Sphere","floor":21.0,"turns":4.0},{"damage":18.0,"enemies":"Snake Plant","floor":22.0,"turns":4.0},{"damage":13,"enemies":"Book of Stabbing","floor":30,"turns":5}],"seed_played":"1095749504399419437","potions_obtained":[{"floor":1.0,"key":"Weak Potion"},{"floor":7.0,"key":"CunningPotion"},{"floor":10.0,"key":"FearPotion"},{"floor":13.0,"key":"Block Potion"},{"floor":18.0,"key":"GamblersBrew"},{"floor":22.0,"key":"Weak Potion"}],"is_trial":false,"path_per_floor":["M","?","?","?","$","R","E","M","T","M","R","E","M","M","R","B",null,"M","M","M","M","M","R","?","$","T","R","?","R","E"],"character_chosen":"THE_SILENT","items_purchased":["Panache","After Image","Cloak And Dagger"],"campfire_rested":1,"item_purchase_floors":[5,25,25],"current_hp_per_floor":[59,59,36,30,30,30,30,30,30,30,30,20,20,20,20,17,54,29,29,29,25,7,26,26,26,26,26,26,26,13,13],"gold":46,"neow_bonus":"THREE_ENEMY_KILL","is_daily":false,"chose_seed":false,"campfire_upgraded":5,"win_rate":0.0,"timestamp":1613639471,"path_taken":["M","?","?","?","$","R","E","?","T","M","R","E","M","M","R","BOSS","M","M","M","M","M","R","?","$","T","R","?","R","E"],"items_purchased_type":["Card","Card","Card"],"build_version":"2020-12-22","purchased_purges":1,"victory":false,"max_hp_per_floor":[66,66,66,66,66,66,66,66,66,66,66,66,66,66,66,66,66,66,66,66,66,66,66,66,66,66,66,66,66,66,66],"card_choices":[{"not_picked":["Riddle With Holes","Accuracy"],"picked":"Blade Dance","floor":1.0},{"not_picked":["Deflect","Sucker Punch"],"picked":"Blade Dance","floor":7.0},{"not_picked":["Flying Knee","Outmaneuver"],"picked":"Cloak And Dagger","floor":8.0},{"not_picked":["Expertise","Tools of the Trade"],"picked":"Blade Dance","floor":10.0},{"not_picked":["Tactician","Outmaneuver"],"picked":"Finisher","floor":12.0},{"not_picked":["Poisoned Stab","Outmaneuver","Dagger Throw"],"picked":"SKIP","floor":13.0},{"not_picked":["PiercingWail","All Out Attack"],"picked":"Accuracy","floor":14.0},{"not_picked":["Corpse Explosion","Unload"],"picked":"Envenom","floor":16.0},{"not_picked":["Poisoned Stab","Heel Hook"],"picked":"Footwork","floor":18.0},{"not_picked":["Noxious Fumes+1","Quick Slash+1"],"picked":"Deflect","floor":19.0},{"not_picked":["Sucker Punch","Deadly Poison+1"],"picked":"Backstab","floor":20.0},{"not_picked":["Acrobatics","Envenom"],"picked":"Blade Dance","floor":21.0},{"not_picked":["Underhanded Strike","Predator","Catalyst"],"picked":"SKIP","floor":22.0}],"player_experience":226343,"relics_obtained":[{"floor":7.0,"key":"CeramicFish"},{"floor":9.0,"key":"Omamori"},{"floor":12.0,"key":"Juzu Bracelet"},{"floor":26.0,"key":"Peace Pipe"}],"event_choices":[{"damage_healed":0.0,"max_hp_gain":0.0,"max_hp_loss":0.0,"gold_gain":150.0,"event_name":"Liars Game","player_choice":"AGREE","floor":2.0,"gold_loss":0.0,"damage_taken":0.0,"cards_obtained":["Doubt"]},{"damage_healed":0.0,"max_hp_gain":0.0,"max_hp_loss":0.0,"gold_gain":0.0,"event_name":"Golden Idol","player_choice":"Take Damage","floor":3.0,"gold_loss":0.0,"damage_taken":23.0,"relics_obtained":["Golden Idol"]},{"damage_healed":0.0,"max_hp_gain":0.0,"max_hp_loss":0.0,"gold_gain":50.0,"event_name":"FaceTrader","player_choice":"Touch","floor":4.0,"gold_loss":0.0,"damage_taken":6.0},{"damage_healed":0.0,"max_hp_gain":0.0,"max_hp_loss":0.0,"gold_gain":0.0,"event_name":"Forgotten Altar","player_choice":"Gave Idol","floor":24.0,"relics_lost":["Golden Idol"],"gold_loss":0.0,"damage_taken":0.0,"relics_obtained":["Bloody Idol"]}],"is_beta":false,"boss_relics":[{"not_picked":["Busted Crown","Velvet Choker"],"picked":"Ectoplasm"}],"items_purged_floors":[5],"is_endless":false,"potions_floor_spawned":[1,7,10,13,18,22],"killed_by":"Book of Stabbing","ascension_level":18}}