{"host":"ifvrsrzj00f2ebkn","time":1613635717,"event":{"mods":["BaseMod","Colored Map","Colored Powertips","Minty Spire (QoL Compilation)","Random Character Button","Shop Mod","StSLib"],"gold_per_floor":[117,117,117,117,167,167,167,167,194,194,230,261,43,82,82,202,202,220,135,156,500,376,376,222,264,264,264,139,139,172,221,221,359,359,375,708,618,647,475,475,475],"floor_reached":40,"language":"ENG","playtime":2181,"items_purged":["Whirlwind","Cleave","Cleave+1"],"score":887,"play_id":"7b91c915-1d70-4606-83a3-e14d49dbe468","local_time":"20210218160837","daily_mods":["SealedDeck","Red Cards","Heirloom","Time Dilation","Flight","DeadlyEvents","Elite Swarm"],"is_ascension_mode":true,"campfire_choices":[{"data":"Iron Wave","floor":6,"key":"SMITH"},{"data":"Iron Wave","floor":7,"key":"SMITH"},{"floor":10,"key":"REST"},{"data":"Flex","floor":15,"key":"SMITH"},{"data":"Iron Wave","floor":23,"key":"SMITH"},{"floor":27,"key":"REST"},{"floor":29,"key":"REST"},{"data":"Inflame","floor":32,"key":"SMITH"}],"circlet_count":0,"master_deck":["AscendersBane","Flex+1","Spot Weakness+1","Iron Wave+1","Inflame+1","Iron Wave+1","Iron Wave+1","Reaper+1","Iron Wave+1","Double Tap+1","Immolate","Immolate","Shrug It Off"],"relics":["Burning Blood","Champion Belt","Anchor","Bronze Scales","CeramicFish","Bottled Lightning","Pen Nib","MerchantsRug","Blood Vial","Philosopher\u0027s Stone","Omamori","Whetstone","Magic Flower","Centennial Puzzle","Potion Belt","Paper Frog","Fusion Hammer","Bag of Preparation","Happy Flower"],"acts_visited":["Exordium","TheCity","TheBeyond"],"potions_floor_usage":[16,16,33,33,40],"damage_taken":[{"damage":7,"enemies":"Jaw Worm","floor":1,"turns":2},{"damage":4,"enemies":"Gremlin Nob","floor":11,"turns":3},{"damage":0,"enemies":"3 Sentries","floor":12,"turns":3},{"damage":9,"enemies":"Gremlin Nob","floor":14,"turns":3},{"damage":18,"enemies":"Slime Boss","floor":16,"turns":6},{"damage":7,"enemies":"2 Thieves","floor":18,"turns":2},{"damage":5,"enemies":"Spheric Guardian","floor":20,"turns":3},{"damage":26,"enemies":"Gremlin Leader","floor":21,"turns":3},{"damage":42,"enemies":"Book of Stabbing","floor":25,"turns":4},{"damage":33,"enemies":"Slavers","floor":30,"turns":5},{"damage":19,"enemies":"Gremlin Leader","floor":31,"turns":4},{"damage":17,"enemies":"Collector","floor":33,"turns":6},{"damage":0,"enemies":"3 Shapes","floor":35,"turns":1},{"damage":21,"enemies":"Reptomancer","floor":38,"turns":4},{"damage":113,"enemies":"Giant Head","floor":40,"turns":7}],"seed_played":"7960215878341419794","potions_obtained":[{"floor":1,"key":"Fire Potion"},{"floor":11,"key":"Dexterity Potion"},{"floor":18,"key":"Dexterity Potion"},{"floor":21,"key":"BlessingOfTheForge"},{"floor":30,"key":"Fire Potion"},{"floor":35,"key":"Energy Potion"}],"is_trial":true,"path_per_floor":["M","?","?","?","T","R","R","T","T","R","E","E","$","E","R","B",null,"M","?","M","E","$","R","$","E","T","R","$","R","E","E","R","B",null,"M","?","?","E","$","E"],"character_chosen":"IRONCLAD","items_purchased":["MerchantsRug","Iron Wave","Whetstone","Happy Flower","Shrug It Off"],"campfire_rested":3,"item_purchase_floors":[13,22,24,39,39],"current_hp_per_floor":[71,51,51,35,35,35,35,35,35,59,61,67,67,64,64,54,74,75,75,78,60,60,60,60,37,37,61,61,80,68,70,70,65,76,80,80,80,80,80,0,0],"gold":475,"neow_bonus":"","is_daily":false,"chose_seed":false,"campfire_upgraded":5,"win_rate":0.0,"timestamp":1613635717,"path_taken":["M","?","?","?","?","R","R","?","T","R","E","E","$","E","R","BOSS","M","?","?","?","$","R","$","E","T","R","$","R","E","E","R","BOSS","M","?","?","?","$","E"],"items_purchased_type":["Relic","Card","Relic","Relic","Card"],"build_version":"2020-12-22","purchased_purges":3,"victory":false,"max_hp_per_floor":[80,80,80,80,80,80,80,80,80,80,80,80,80,80,80,80,80,80,80,80,80,80,80,80,80,80,80,80,80,80,80,80,80,80,80,80,80,80,80,80,80],"card_choices":[{"not_picked":["Clash","Body Slam","Metallicize"],"picked":"SKIP","floor":1},{"not_picked":["Feed","Limit Break","Brutality"],"picked":"SKIP","floor":11},{"not_picked":["Bludgeon","Demon Form","Reaper"],"picked":"SKIP","floor":12},{"not_picked":["Brutality","Impervious","Fiend Fire"],"picked":"SKIP","floor":14},{"not_picked":["Shrug It Off","Sword Boomerang","Clash"],"picked":"SKIP","floor":18},{"not_picked":["Pommel Strike","Perfected Strike","Havoc"],"picked":"SKIP","floor":20},{"not_picked":["Limit Break","Corruption"],"picked":"Reaper","floor":21},{"not_picked":["Feed","Corruption"],"picked":"Double Tap","floor":25},{"not_picked":["Demon Form","Fiend Fire","Exhume"],"picked":"SKIP","floor":30},{"not_picked":["Feed","Demon Form"],"picked":"Immolate","floor":31},{"not_picked":["Juggernaut","Corruption"],"picked":"Immolate","floor":33},{"not_picked":["Dropkick+1","Cleave","True Grit+1"],"picked":"SKIP","floor":35},{"not_picked":["Demon Form","Offering","Barricade"],"picked":"SKIP","floor":38}],"player_experience":110034,"relics_obtained":[{"floor":5,"key":"Anchor"},{"floor":8,"key":"Bronze Scales"},{"floor":9,"key":"CeramicFish"},{"floor":11,"key":"Bottled Lightning"},{"floor":12,"key":"Pen Nib"},{"floor":14,"key":"Blood Vial"},{"floor":21,"key":"Old Coin"},{"floor":25,"key":"Magic Flower"},{"floor":26,"key":"Centennial Puzzle"},{"floor":30,"key":"Potion Belt"},{"floor":31,"key":"Paper Frog"},{"floor":38,"key":"Bag of Preparation"}],"event_choices":[{"damage_healed":0,"gold_gain":0,"player_choice":"Take Damage","damage_taken":20,"relics_obtained":["Golden Idol"],"max_hp_gain":0,"max_hp_loss":0,"event_name":"Golden Idol","floor":2,"gold_loss":0},{"damage_healed":0,"gold_gain":0,"player_choice":"Ignored","damage_taken":0,"max_hp_gain":0,"max_hp_loss":0,"event_name":"Liars Game","floor":3,"gold_loss":0},{"damage_healed":0,"gold_gain":0,"player_choice":"Entered Light","damage_taken":16,"max_hp_gain":0,"max_hp_loss":0,"event_name":"Shining Light","floor":4,"gold_loss":0,"cards_upgraded":["Spot Weakness","Iron Wave"]},{"damage_healed":0,"gold_gain":0,"player_choice":"Obtained Relic","damage_taken":0,"relics_obtained":["Omamori"],"max_hp_gain":0,"max_hp_loss":0,"event_name":"Addict","floor":19,"gold_loss":85},{"damage_healed":0,"gold_gain":333,"player_choice":"Gave Idol","damage_taken":0,"max_hp_gain":0,"max_hp_loss":0,"event_name":"The Moai Head","floor":36,"relics_lost":["Golden Idol"],"gold_loss":0},{"cards_removed":["Flex"],"damage_healed":0,"gold_gain":0,"player_choice":"Upgrade and Remove","damage_taken":0,"max_hp_gain":0,"max_hp_loss":0,"event_name":"Designer","floor":37,"gold_loss":90,"cards_upgraded":["Double Tap"]}],"is_beta":false,"boss_relics":[{"not_picked":["Black Blood","Coffee Dripper"],"picked":"Philosopher\u0027s Stone"},{"not_picked":["Mark of Pain","Runic Pyramid"],"picked":"Fusion Hammer"}],"items_purged_floors":[13,22,28],"is_endless":false,"potions_floor_spawned":[1,11,18,21,30,35],"killed_by":"Giant Head","ascension_level":12}}