{"host":"88gqw5ki7llrf2bp","time":1613612510,"event":{"mods":["BaseMod","Duelist Mod","Friendly Minions","Minty Spire (QoL Compilation)","Quick Restart","Rare Cards Sparkle","StSLib"],"gold_per_floor":[140,140,160,170,170,195,206,237,237,262,294,305,337,352,352,451,451,470,501,501,511,359,385,400,434,485,485,485,87,102,102,102,197,197,208,257,257,268,282,311,322,354,354,384,231,231,246,261,261,261,261,261,15,47,47],"floor_reached":56,"language":"ENG","playtime":3970,"items_purged":[],"score":1646,"play_id":"aef5c049-afb2-4e31-aaec-0b66df00c578","local_time":"20210217194150","is_ascension_mode":true,"campfire_choices":[{"data":"theDuelist:GhostrickSkeleton","floor":15,"key":"SMITH"},{"data":"theDuelist:TributeDoomed","floor":28,"key":"SMITH"},{"data":"theDuelist:Mausoleum","floor":32,"key":"SMITH"},{"floor":46,"key":"RECALL"},{"data":"theDuelist:ZombieMaster","floor":49,"key":"SMITH"},{"floor":52,"key":"REST"}],"circlet_count":0,"master_deck":["theDuelist:ZombieCorpse","theDuelist:ZombieCorpse","theDuelist:ZombieCorpse","theDuelist:ZombieCorpse","theDuelist:ZombieCorpse","theDuelist:ZombieCorpse","theDuelist:ZombieCorpse","theDuelist:ArmoredZombie+1","theDuelist:ArmoredZombie+1","theDuelist:ArmoredZombie+1","theDuelist:ClownZombie+1","theDuelist:ShallowGrave+1","theDuelist:SkullConductor+1","theDuelist:TutanMask+1","theDuelist:Nameless:Power:AllyJustice+1","theDuelist:Polymerization+1","theDuelist:GhostrickSocuteboss+1","theDuelist:VampireFamiliar+1","theDuelist:PyramidWonders+1","theDuelist:FusionGuard+1","theDuelist:TributeDoomed+1","theDuelist:Gashadokuro+1","theDuelist:Mausoleum+1","theDuelist:AlphaMagnet+1","theDuelist:BetaMagnet+1","theDuelist:GammaMagnet+1","theDuelist:ValkMagnet+1","theDuelist:VampireGrace+1","theDuelist:GhostrickSpecter+1","theDuelist:GhostrickWarwolf+1","theDuelist:VendreadHoundhorde+1","theDuelist:InstantFusion+1","theDuelist:FusionWeapon+1"],"relics":["theDuelist:MillenniumPuzzle","theDuelist:CardPoolRelic","theDuelist:CardPoolBasicRelic","theDuelist:BoosterPackPoolRelic","theDuelist:CardPoolAddRelic","theDuelist:CardPoolMinusRelic","theDuelist:CardPoolSaveRelic","theDuelist:CardPoolOptionsRelic","MealTicket","theDuelist:MillenniumPeriapt","theDuelist:DuelistTeaSet","theDuelist:MillenniumRing","Orichalcum","Question Card","Pen Nib","Runic Dome","theDuelist:ResummonerFury","theDuelist:SummonAnchor","Juzu Bracelet","Bag of Marbles","theDuelist:MagnetRelic","Enchiridion","Runic Cube","Torii","Thread and Needle","theDuelist:ElectricBurst","Mark of the Bloom","Lantern","Smiling Mask","Toy Ornithopter","Nunchaku","Bronze Scales","Happy Flower","theDuelist:GiftAnubis"],"acts_visited":["Exordium","TheCity","TheBeyond","TheEnding"],"potions_floor_usage":[6,16,36,36,55,55,55,55,55],"damage_taken":[{"damage":0,"enemies":"2 Louse","floor":1,"turns":3},{"damage":0,"enemies":"Small Slimes","floor":3,"turns":1},{"damage":0,"enemies":"Jaw Worm","floor":4,"turns":3},{"damage":0,"enemies":"Gremlin Nob","floor":6,"turns":3},{"damage":0,"enemies":"Looter","floor":7,"turns":2},{"damage":14,"enemies":"Lagavulin","floor":8,"turns":4},{"damage":0,"enemies":"Gremlin Nob","floor":11,"turns":2},{"damage":0,"enemies":"Exordium Wildlife","floor":12,"turns":3},{"damage":5,"enemies":"3 Sentries","floor":13,"turns":8},{"damage":4,"enemies":"Gremlin Gang","floor":14,"turns":4},{"damage":0,"enemies":"Hexaghost","floor":16,"turns":5},{"damage":0,"enemies":"Spheric Guardian","floor":18,"turns":4},{"damage":5,"enemies":"3 Byrds","floor":21,"turns":4},{"damage":13,"enemies":"Slavers","floor":23,"turns":5},{"damage":0,"enemies":"Cultist and Chosen","floor":24,"turns":4},{"damage":0,"enemies":"Gremlin Leader","floor":25,"turns":8},{"damage":2,"enemies":"Snake Plant","floor":30,"turns":4},{"damage":11,"enemies":"Champ","floor":33,"turns":9},{"damage":0,"enemies":"3 Darklings","floor":35,"turns":4},{"damage":0,"enemies":"3 Darklings","floor":36,"turns":6},{"damage":0,"enemies":"Orb Walker","floor":38,"turns":3},{"damage":0,"enemies":"3 Darklings","floor":39,"turns":4},{"damage":0,"enemies":"Reptomancer","floor":40,"turns":2},{"damage":1,"enemies":"Writhing Mass","floor":41,"turns":2},{"damage":0,"enemies":"Nemesis","floor":42,"turns":5},{"damage":0,"enemies":"Reptomancer","floor":44,"turns":3},{"damage":0,"enemies":"Transient","floor":47,"turns":5},{"damage":6,"enemies":"4 Shapes","floor":48,"turns":1},{"damage":0,"enemies":"Donu and Deca","floor":50,"turns":5},{"damage":0,"enemies":"Shield and Spear","floor":54,"turns":3},{"damage":30,"enemies":"The Heart","floor":55,"turns":8}],"seed_played":"-7459946920318601814","potions_obtained":[{"floor":1,"key":"theDuelist:CoolBottle"},{"floor":4,"key":"theDuelist:TokenPotionB"},{"floor":8,"key":"theDuelist:SummonArmorPotion"},{"floor":12,"key":"theDuelist:FreezingPotion"},{"floor":13,"key":"LiquidMemories"},{"floor":23,"key":"theDuelist:OrbBottle"},{"floor":24,"key":"theDuelist:BigTributeBottle"},{"floor":38,"key":"theDuelist:SummonFuryPotion"},{"floor":39,"key":"theDuelist:CoolBottle"},{"floor":41,"key":"Strength Potion"}],"is_trial":false,"path_per_floor":["M","?","M","M","?","E","M","E","T","T","E","M","E","M","R","B",null,"M","?","T","M","$","E","M","E","T","?","R","$","M","?","R","B",null,"M","?","?","M","M","E","M","E","T","E","$","R","M","M","R","B",null,"R","$","E","B",null],"character_chosen":"THE_DUELIST","items_purchased":["theDuelist:ResummonerFury","theDuelist:MagnetRelic","Bronze Scales","Happy Flower","EntropicBrew"],"campfire_rested":1,"item_purchase_floors":[22,29,45,53,53],"current_hp_per_floor":[80,80,80,80,80,80,80,66,66,66,66,66,61,57,57,57,80,80,80,80,75,80,67,67,69,69,69,69,70,68,52,52,43,70,70,70,70,70,70,70,69,69,69,69,69,69,69,63,63,63,63,63,63,63,33],"gold":47,"neow_bonus":"RANDOM_COMMON_RELIC","is_daily":false,"chose_seed":false,"campfire_upgraded":4,"win_rate":0.0,"timestamp":1613612510,"path_taken":["M","?","M","M","?","E","M","E","T","?","E","M","E","M","R","BOSS","M","?","?","?","$","E","M","E","T","?","R","?","M","?","R","BOSS","M","?","?","M","M","E","M","E","T","E","$","R","M","M","R","BOSS","R","$","E","BOSS"],"items_purchased_type":["Relic","Relic","Relic","Relic","Potion"],"build_version":"2020-12-22","purchased_purges":0,"victory":true,"max_hp_per_floor":[80,80,80,80,80,80,80,80,80,80,80,80,80,80,80,80,80,80,80,80,80,80,80,80,80,80,80,80,70,70,70,70,70,70,70,70,70,70,70,70,70,70,70,70,70,70,70,70,70,70,70,70,70,70,72],"card_choices":[{"not_picked":["theDuelist:VampireFamiliar","theDuelist:DarkDustSpirit","theDuelist:MechMoleZombie","theDuelist:VendreadChimera"],"picked":"theDuelist:Chewbone","floor":1},{"not_picked":["theDuelist:GhostrickYeti","theDuelist:TriWight","theDuelist:Yasha","theDuelist:OboroGuruma"],"picked":"theDuelist:Polymerization","floor":3},{"not_picked":["theDuelist:FlameGhost","theDuelist:RebornZombie","theDuelist:ShiranuiSwordmaster","theDuelist:PMCaptor"],"picked":"theDuelist:GhostrickSocuteboss","floor":4},{"not_picked":["theDuelist:VampireHunter","theDuelist:VampireDuke","theDuelist:GhostrickGhoul","theDuelist:Hajun"],"picked":"theDuelist:GhostrickSkeleton","floor":6},{"not_picked":["theDuelist:FossilDragon","theDuelist:ShiranuiSpectralsword","theDuelist:SkullFlame","theDuelist:Skullgios"],"picked":"theDuelist:GlowUpBloom","floor":7},{"not_picked":["theDuelist:VampireDragon","theDuelist:GhostrickStein","theDuelist:GhostrickAlucard","theDuelist:YukiMusume"],"picked":"theDuelist:VampireFamiliar","floor":8},{"not_picked":["theDuelist:FireReaper","theDuelist:VampireBaby","theDuelist:GoblinZombie","theDuelist:ZombieWarrior"],"picked":"theDuelist:PyramidWonders","floor":11},{"not_picked":["theDuelist:VampireFamiliar","theDuelist:SkullServant","theDuelist:GoblinZombie","theDuelist:GhostrickAlucard","theDuelist:VampireHunter"],"picked":"SKIP","floor":12},{"not_picked":["theDuelist:Miscellaneousaurus","theDuelist:MammothGraveyard","theDuelist:FossilSkullknight","theDuelist:FossilSkullKing","theDuelist:FossilKnight"],"picked":"SKIP","floor":13},{"not_picked":["theDuelist:GhostrickStein","theDuelist:GhostrickSkeleton","theDuelist:GhostrickMummy","theDuelist:GhostrickJiangshi"],"picked":"theDuelist:GhostrickWarwolf","floor":14},{"not_picked":["theDuelist:SoulRelease","theDuelist:DecayedCommander","theDuelist:BookLife","theDuelist:BookEclipse"],"picked":"theDuelist:FusionGuard","floor":16},{"not_picked":["theDuelist:VampireLady","theDuelist:GoblinZombie+1","theDuelist:Tengu+1","theDuelist:GhostrickJiangshi","theDuelist:GhostrickGhoul"],"picked":"SKIP","floor":18},{"not_picked":["theDuelist:VendreadCharge+1","theDuelist:UnderworldCannon","theDuelist:ParallelWorldFusion","theDuelist:RelinquishedFusion"],"picked":"theDuelist:TributeDoomed","floor":21},{"not_picked":["theDuelist:YukiOnnaIce","theDuelist:YukiOnnaAbsolute","theDuelist:Tsukahagi","theDuelist:Hajun"],"picked":"theDuelist:Gashadokuro+1","floor":23},{"not_picked":["theDuelist:FossilSkullknight+1","theDuelist:GigastoneOmega","theDuelist:FossilKnight","theDuelist:Skullgios","theDuelist:FossilSkullConvoy"],"picked":"SKIP","floor":24},{"not_picked":["theDuelist:VampireRetainer","theDuelist:VampireDomain+1","theDuelist:EndlessDecay"],"picked":"theDuelist:Mausoleum","floor":25},{"not_picked":["theDuelist:VendreadReunion","theDuelist:RobbinZombie","theDuelist:GhostrickScare","theDuelist:VampireDomination","theDuelist:GhostrickParade"],"picked":"SKIP","floor":30},{"not_picked":["theDuelist:YukiOnnaAbsolute+1","theDuelist:SoulRelease","theDuelist:MonsterReborn","theDuelist:MayakashiWinter"],"picked":"theDuelist:VampireGrace","floor":33},{"not_picked":["theDuelist:OvertexQoatlus+1","theDuelist:MechMoleZombie+1","theDuelist:VampireSorcerer+1","theDuelist:RelinquishedFusion+1"],"picked":"theDuelist:GhostrickSpecter+1","floor":35},{"not_picked":["theDuelist:GigastoneOmega+1","theDuelist:FlameGhost","theDuelist:ShiranuiSwordmaster+1","theDuelist:SkullFlame+1"],"picked":"theDuelist:ShiranuiSpectralswordShade+1","floor":38},{"not_picked":["theDuelist:GhostrickAlucard+1","theDuelist:DarkDustSpirit+1","theDuelist:FossilSkullknight+1","theDuelist:BattleFusion","theDuelist:VampireFraulein+1"],"picked":"SKIP","floor":39},{"not_picked":["theDuelist:VendreadRevenants+1","theDuelist:VendreadHoundhorde","theDuelist:VendreadChimera+1","theDuelist:VendreadAnima+1","theDuelist:RevendreadSlayer+1"],"picked":"SKIP","floor":40},{"not_picked":["theDuelist:Pumpking","theDuelist:ShadowVampire","theDuelist:Wightprincess","theDuelist:SkullConductor+1"],"picked":"theDuelist:GhostrickWarwolf+1","floor":41},{"not_picked":["theDuelist:VendreadBattlelord","theDuelist:VendreadAnima+1","theDuelist:RevendreadExecutor","theDuelist:AvendreadSavior+1"],"picked":"theDuelist:VendreadHoundhorde+1","floor":42},{"not_picked":["theDuelist:YukiOnnaAbsolute+1","theDuelist:UltraPolymerization+1","theDuelist:BookLife+1","theDuelist:BookEclipse+1"],"picked":"theDuelist:InstantFusion+1","floor":44},{"not_picked":["theDuelist:UnderworldCannon+1","theDuelist:Skelesaurus"],"picked":"theDuelist:FusionWeapon+1","floor":47},{"not_picked":["theDuelist:SoulRelease","theDuelist:Scapeghost","theDuelist:OverpoweringEye+1","theDuelist:MonsterReborn+1"],"picked":"theDuelist:ZombieMaster","floor":48},{"not_picked":["theDuelist:WightLady+1","theDuelist:VendreadCore+1","theDuelist:Pumpking+1","theDuelist:OvertexQoatlus+1","theDuelist:GhostrickJackfrost+1"],"picked":"SKIP","floor":54}],"player_experience":1663220,"relics_obtained":[{"floor":6,"key":"theDuelist:MillenniumPeriapt"},{"floor":8,"key":"theDuelist:DuelistTeaSet"},{"floor":9,"key":"theDuelist:MillenniumRing"},{"floor":10,"key":"Orichalcum"},{"floor":11,"key":"Question Card"},{"floor":13,"key":"Pen Nib"},{"floor":23,"key":"theDuelist:SummonAnchor"},{"floor":25,"key":"Juzu Bracelet"},{"floor":26,"key":"Bag of Marbles"},{"floor":31,"key":"Enchiridion"},{"floor":36,"key":"Torii"},{"floor":36,"key":"Thread and Needle"},{"floor":36,"key":"theDuelist:ElectricBurst"},{"floor":40,"key":"Lantern"},{"floor":42,"key":"Smiling Mask"},{"floor":43,"key":"Toy Ornithopter"},{"floor":44,"key":"Nunchaku"},{"floor":54,"key":"theDuelist:GiftAnubis"}],"event_choices":[{"power_reward":4,"total_magic_score":16,"gold_gain":0,"duelist":true,"damage_taken":0,"relics_obtained":[],"points":5,"max_hp_gain":0,"max_hp_loss":0,"spent_points":{"magic":0,"greed":0,"war":0,"power":4,"hunger":1},"event_name":"Nameless Tomb","floor":2,"gold_loss":0,"cards_obtained":["theDuelist:Nameless:Power:AllyJustice"]},{"damage_healed":0,"gold_gain":0,"player_choice":"Leave","duelist":true,"damage_taken":0,"max_hp_gain":0,"max_hp_loss":0,"event_name":"Relic Duplicator","floor":5,"gold_loss":0},{"damage_healed":0,"gold_gain":0,"player_choice":"Sold Clown Zombie for 31 Gold.","duelist":true,"damage_taken":0,"max_hp_gain":0,"max_hp_loss":0,"event_name":"Card Trader","floor":19,"gold_loss":0},{"damage_healed":0,"gold_gain":0,"player_choice":"Ignored","damage_taken":0,"max_hp_gain":0,"max_hp_loss":0,"event_name":"NoteForYourself","floor":27,"gold_loss":0},{"damage_healed":0,"gold_gain":0,"player_choice":"Obtained Book","damage_taken":16,"max_hp_gain":0,"max_hp_loss":0,"event_name":"Cursed Tome","floor":31,"gold_loss":0},{"damage_healed":0,"gold_gain":0,"player_choice":"Fight","duelist":true,"damage_taken":0,"max_hp_gain":0,"max_hp_loss":0,"event_name":"Battle City","floor":36,"gold_loss":0},{"damage_healed":0,"gold_gain":0,"player_choice":"Upgrade","damage_taken":0,"relics_obtained":["Mark of the Bloom"],"max_hp_gain":0,"max_hp_loss":0,"event_name":"MindBloom","floor":37,"gold_loss":0,"cards_upgraded":["theDuelist:ArmoredZombie","theDuelist:ArmoredZombie","theDuelist:ArmoredZombie","theDuelist:ClownZombie","theDuelist:ShallowGrave","theDuelist:SkullConductor","theDuelist:TutanMask","theDuelist:Nameless:Power:AllyJustice","theDuelist:Polymerization","theDuelist:GhostrickSocuteboss","theDuelist:VampireFamiliar","theDuelist:PyramidWonders","theDuelist:FusionGuard","theDuelist:AlphaMagnet","theDuelist:BetaMagnet","theDuelist:ValkMagnet","theDuelist:VampireGrace"]}],"is_beta":false,"boss_relics":[{"not_picked":["Ectoplasm","Inserter"],"picked":"Runic Dome"},{"not_picked":["Velvet Choker","Black Star"],"picked":"Runic Cube"}],"items_purged_floors":[],"is_endless":false,"potions_floor_spawned":[1,4,8,12,13,23,24,25,30,38,39,41,42,48],"ascension_level":1}}