{"host":"plzv31qd94m7lu76","time":1613669669,"event":{"mods":["BaseMod","Downfall","GifTheSpireLib","Minty Spire (QoL Compilation)","Random Character Button","Replay The Spire","StSLib","Stuff the Spire","Unceasing Turn Reminder"],"gold_per_floor":[112,62,73,73,73,82,116,116,116,157,157,157,186,186,215,244,244,244,244],"floor_reached":18,"language":"ENG","playtime":451,"items_purged":[],"score":120,"play_id":"95211e94-8dae-4f6f-a071-bae506db3f93","local_time":"20210218183429","is_ascension_mode":false,"campfire_choices":[{"data":"StuffTheSpire:Python","floor":8,"key":"SMITH"},{"floor":14,"key":"REST"},{"floor":17,"key":"REST"}],"circlet_count":0,"master_deck":["Strike_G","Strike_G","Strike_G","Strike_G","Defend_G","Defend_G","Defend_G","Defend_G","Survivor","Neutralize+1","StuffTheSpire:Python+1","StuffTheSpire:Python","Regret","Blade Dance","Blade Dance","ReplayTheSpireMod:Scrap Shanks","ReplayTheSpireMod:Shiv Toss","ReplayTheSpireMod:Scrap Shanks"],"relics":["Ring of the Snake","CeramicFish","Replay:Mystery Machine","Smiling Mask","Orichalcum"],"acts_visited":["Exordium"],"potions_floor_usage":[15,15,16],"damage_taken":[{"damage":0,"enemies":"Small Slimes","floor":1,"turns":5},{"damage":0,"enemies":"Jaw Worm","floor":3,"turns":5},{"damage":3,"enemies":"Replay:BlueRogue","floor":7,"turns":7},{"damage":47,"enemies":"Gremlin Nob","floor":10,"turns":5},{"damage":4,"enemies":"2 Louse","floor":13,"turns":3},{"damage":4,"enemies":"Large Slime","floor":15,"turns":5},{"damage":4,"enemies":"2 Fungi Beasts","floor":16,"turns":3},{"damage":65,"enemies":"Fading Forest","floor":18,"turns":7}],"seed_played":"-4965662410004221804","potions_obtained":[{"floor":10,"key":"Energy Potion"},{"floor":13,"key":"Languid Potion"},{"floor":15,"key":"Explosive Potion"}],"is_trial":false,"path_per_floor":["M","?","M","?","?","?","E","R","T","E","PTL","PTL","M","R","M","M","R","B"],"character_chosen":"THE_SILENT","items_purchased":[],"campfire_rested":2,"item_purchase_floors":[],"current_hp_per_floor":[70,70,70,63,63,63,60,60,60,13,13,13,9,30,26,22,43,0,0],"gold":244,"neow_bonus":"RANDOM_EVENT","is_daily":false,"chose_seed":false,"campfire_upgraded":1,"win_rate":0.0,"timestamp":1613669669,"path_taken":["M","?","M","?","?","?","E","R","T","E","PTL","PTL","M","R","M","M","R","BOSS"],"items_purchased_type":[],"build_version":"2020-12-22","purchased_purges":0,"victory":false,"max_hp_per_floor":[70,70,70,70,70,70,70,70,70,70,70,70,70,70,70,70,70,70,70],"card_choices":[{"not_picked":["Poisoned Stab","StuffTheSpire:BumpUp"],"picked":"StuffTheSpire:Python","floor":1},{"not_picked":["Poisoned Stab","ReplayTheSpireMod:Speed Training"],"picked":"StuffTheSpire:Python","floor":3},{"not_picked":["Slice","ReplayTheSpireMod:Tripwire"],"picked":"Blade Dance","floor":7},{"not_picked":["Dagger Spray","StuffTheSpire:Fury"],"picked":"Blade Dance","floor":10},{"not_picked":["Slice","Reflex"],"picked":"ReplayTheSpireMod:Scrap Shanks","floor":13},{"not_picked":["Sucker Punch","ReplayTheSpireMod:Exploit Weakness"],"picked":"ReplayTheSpireMod:Shiv Toss","floor":15},{"not_picked":["Escape Plan","Bane"],"picked":"ReplayTheSpireMod:Scrap Shanks","floor":16}],"player_experience":614081,"relics_obtained":[{"floor":7,"key":"Replay:Mystery Machine"},{"floor":9,"key":"Smiling Mask"},{"floor":10,"key":"Orichalcum"}],"event_choices":[{"damage_healed":0,"gold_gain":0,"player_choice":"Grow","damage_taken":0,"max_hp_gain":0,"max_hp_loss":0,"event_name":"Living Wall","floor":0,"gold_loss":0,"cards_upgraded":["Neutralize"]},{"cards_removed":["Strike_G"],"damage_healed":0,"gold_gain":0,"player_choice":"Card Removal","damage_taken":0,"max_hp_gain":0,"max_hp_loss":0,"event_name":"The Cleric","floor":2,"gold_loss":50},{"cards_removed":["Defend_G"],"damage_healed":0,"gold_gain":0,"player_choice":"Card Removal","damage_taken":7,"max_hp_gain":0,"max_hp_loss":0,"event_name":"Golden Wing","floor":4,"gold_loss":0},{"damage_healed":0,"gold_gain":0,"player_choice":"Ignored","damage_taken":0,"max_hp_gain":0,"max_hp_loss":0,"event_name":"Liars Game","floor":5,"gold_loss":0},{"damage_healed":0,"gold_gain":0,"player_choice":"Box","damage_taken":0,"relics_obtained":["CeramicFish"],"max_hp_gain":0,"max_hp_loss":0,"event_name":"Big Fish","floor":6,"gold_loss":0,"cards_obtained":["Regret"]}],"is_beta":false,"boss_relics":[],"items_purged_floors":[],"is_endless":false,"potions_floor_spawned":[10,13,15],"killed_by":"Fading Forest","ascension_level":0}}