{"host":"72n3jwtrlpjobydj","time":1613660071,"event":{"mods":["AchievementEnabler","BaseMod","CapriCore","DeckTracker","Hermit","Koishi","KomeijiMod","Lobotomy","Marisa£¨Ùöéë¡¡Øª×âÞÞ£©","Minty Spire (QoL Compilation)","Permanent Neow","StSLib","SuperFastMode","The Cursed","The Hierophant","The Immortal"],"gold_per_floor":[112,88,98,117,117,117,117,117,117,178,189,189,33,46,46,151,151,170,187,41,103,68,68,86,86,113,146,0,0,17,35,35,133,133,149,0,20,70,170,170,187,10,33,83,83,108,108,125,125,125],"floor_reached":51,"language":"KOR","playtime":1075,"items_purged":[],"score":787,"play_id":"123b644f-205f-4a09-ac52-0cbcf35f328d","local_time":"20210218235431","is_ascension_mode":false,"campfire_choices":[{"data":"Perfected Strike","floor":6,"key":"SMITH"},{"data":"Twin Strike","floor":15,"key":"SMITH"},{"floor":23,"key":"REST"},{"floor":25,"key":"REST"},{"floor":29,"key":"REST"},{"data":"Double Tap","floor":32,"key":"SMITH"},{"floor":40,"key":"REST"},{"floor":45,"key":"REST"},{"floor":47,"key":"REST"},{"data":"Perfected Strike","floor":49,"key":"SMITH"}],"circlet_count":0,"master_deck":["Strike_R","Strike_R","Strike_R","Strike_R","Strike_R","Defend_R","Wild Strike","Perfected Strike+1","Twin Strike+1","Wild Strike","Wild Strike","Double Tap+1","Pommel Strike","Perfected Strike+1","Offering","Wild Strike+1","Perfected Strike+1","Twin Strike","Wraith","Pommel Strike+1","Parasite","Pommel Strike"],"relics":["Burning Blood","Regal Pillow","ThirstyCross","SsserpentHead","Meat on the Bone","Pen Nib","Empty Cage","Nunchaku","Matryoshka","Happy Flower","Potion Belt","Boot","Philosopher\u0027s Stone","Red Mask","Mango","Toy Ornithopter","Shuriken","PreservedInsect","Dream Catcher"],"acts_visited":["Exordium","TheCity","TheBeyond"],"potions_floor_usage":[16,19,33,33,39,39,50,50],"damage_taken":[{"damage":2,"enemies":"2 Louse","floor":1,"turns":3},{"damage":3,"enemies":"Jaw Worm","floor":3,"turns":4},{"damage":0,"enemies":"Cultist","floor":4,"turns":2},{"damage":0,"enemies":"Looter","floor":10,"turns":2},{"damage":6,"enemies":"Exordium Wildlife","floor":11,"turns":3},{"damage":16,"enemies":"Gremlin Gang","floor":14,"turns":3},{"damage":43,"enemies":"Hexaghost","floor":16,"turns":7},{"damage":33,"enemies":"Shell Parasite","floor":18,"turns":4},{"damage":28,"enemies":"3 Byrds","floor":19,"turns":4},{"damage":16,"enemies":"Shelled Parasite and Fungi","floor":21,"turns":3},{"damage":28,"enemies":"Centurion and Healer","floor":24,"turns":4},{"damage":50,"enemies":"Gremlin Leader","floor":27,"turns":4},{"damage":5,"enemies":"Sentry and Sphere","floor":30,"turns":3},{"damage":10,"enemies":"Cultist and Chosen","floor":31,"turns":3},{"damage":61,"enemies":"Automaton","floor":33,"turns":5},{"damage":24,"enemies":"3 Shapes","floor":35,"turns":2},{"damage":8,"enemies":"Orb Walker","floor":37,"turns":2},{"damage":26,"enemies":"Mind Bloom Boss Battle","floor":39,"turns":3},{"damage":27,"enemies":"3 Darklings","floor":41,"turns":3},{"damage":0,"enemies":"Nemesis","floor":46,"turns":2},{"damage":8,"enemies":"Writhing Mass","floor":48,"turns":3},{"damage":85,"enemies":"Time Eater","floor":50,"turns":7}],"seed_played":"-6873759571851636268","potions_obtained":[{"floor":1,"key":"SteroidPotion"},{"floor":3,"key":"BloodPotion"},{"floor":11,"key":"FairyPotion"},{"floor":21,"key":"SkillPotion"},{"floor":27,"key":"CultistPotion"},{"floor":31,"key":"DistilledChaos"},{"floor":37,"key":"LiquidMemories"},{"floor":39,"key":"Block Potion"},{"floor":41,"key":"Explosive Potion"},{"floor":48,"key":"UndeadPotion"}],"is_trial":false,"path_per_floor":["M","$","M","M","?","R","?","?","T","M","M","?","$","M","R","B",null,"M","M","$","M","?","R","M","R","T","E","?","R","M","M","R","B",null,"M","?","M","?","?","R","M","$","T","?","R","E","R","M","R","B",null],"character_chosen":"IRONCLAD","items_purchased":["Wild Strike","Wild Strike","Pen Nib","Nunchaku","Perfected Strike","Twin Strike","Toy Ornithopter"],"campfire_rested":6,"item_purchase_floors":[2,13,13,20,42,42,42],"current_hp_per_floor":[80,80,80,80,80,80,80,80,80,80,80,80,80,70,70,45,80,53,47,47,49,49,80,58,80,80,48,48,80,80,76,76,33,80,62,62,60,60,66,94,73,73,73,73,94,94,94,92,92,35],"gold":125,"neow_bonus":"RANDOM_COMMON_RELIC","is_daily":false,"chose_seed":false,"campfire_upgraded":4,"win_rate":0.0,"timestamp":1613660071,"path_taken":["M","$","M","M","?","R","?","?","T","?","M","?","?","M","R","BOSS","M","M","$","?","?","R","M","R","T","E","?","R","M","M","R","BOSS","M","?","M","?","?","R","M","?","T","?","R","E","R","M","R","BOSS"],"items_purchased_type":["Card","Card","Relic","Relic","Card","Card","Relic"],"build_version":"2020-12-22","purchased_purges":0,"victory":true,"max_hp_per_floor":[80,80,80,80,80,80,80,80,80,80,80,80,80,80,80,80,80,80,80,80,80,80,80,80,80,80,80,80,80,80,80,80,80,80,80,80,80,80,94,94,94,94,94,94,94,94,94,94,94,94],"card_choices":[{"not_picked":["Metallicize","Clothesline","Anger"],"picked":"SKIP","floor":1},{"not_picked":["Evolve","Cleave"],"picked":"Perfected Strike","floor":3},{"not_picked":["Body Slam","Sword Boomerang","Hemokinesis"],"picked":"SKIP","floor":4},{"not_picked":["Burning Pact","Uppercut","Shrug It Off"],"picked":"SKIP","floor":10},{"not_picked":["Clash","Anger"],"picked":"Twin Strike","floor":11},{"not_picked":["Double Tap","Body Slam"],"picked":"Wild Strike","floor":14},{"not_picked":["Bludgeon","Feed"],"picked":"Double Tap","floor":16},{"not_picked":["Sword Boomerang+1","Hemokinesis","True Grit"],"picked":"SKIP","floor":18},{"not_picked":["Sentinel+1","True Grit","Shrug It Off"],"picked":"SKIP","floor":19},{"not_picked":["Ghostly Armor","Thunderclap+1","Shockwave"],"picked":"SKIP","floor":21},{"not_picked":["Anger","Heavy Blade"],"picked":"Pommel Strike","floor":24},{"not_picked":["Headbutt","Clothesline","Rupture"],"picked":"SKIP","floor":27},{"not_picked":["Second Wind","Armaments","Reckless Charge"],"picked":"SKIP","floor":30},{"not_picked":["Shrug It Off+1","True Grit"],"picked":"Perfected Strike+1","floor":31},{"not_picked":["Exhume","Feed"],"picked":"Offering","floor":33},{"not_picked":["Dual Wield+1","Entrench+1","Carnage"],"picked":"SKIP","floor":35},{"not_picked":["Shrug It Off+1","Heavy Blade","Flame Barrier"],"picked":"SKIP","floor":37},{"not_picked":["Power Through+1","Spot Weakness+1"],"picked":"Wild Strike+1","floor":41},{"not_picked":["Hemokinesis+1","Battle Trance+1","Reckless Charge"],"picked":"SKIP","floor":46},{"not_picked":["Thunderclap+1","Clash"],"picked":"Pommel Strike+1","floor":47},{"not_picked":["Juggernaut","Dual Wield+1"],"picked":"Pommel Strike","floor":48}],"player_experience":77399,"relics_obtained":[{"floor":9,"key":"Meat on the Bone"},{"floor":26,"key":"Happy Flower"},{"floor":26,"key":"Potion Belt"},{"floor":27,"key":"Boot"},{"floor":39,"key":"Mango"},{"floor":43,"key":"Shuriken"},{"floor":43,"key":"PreservedInsect"},{"floor":46,"key":"Dream Catcher"}],"event_choices":[{"cards_removed":["Bash"],"damage_healed":0,"gold_gain":0,"player_choice":"Forget","damage_taken":0,"max_hp_gain":0,"max_hp_loss":0,"event_name":"Living Wall","floor":7,"gold_loss":0},{"damage_healed":0,"gold_gain":0,"player_choice":"Trade","damage_taken":0,"relics_obtained":["SsserpentHead"],"max_hp_gain":0,"max_hp_loss":0,"event_name":"FaceTrader","floor":8,"gold_loss":0},{"cards_removed":["Defend_R"],"damage_healed":0,"gold_gain":0,"player_choice":"Card Removal","damage_taken":0,"max_hp_gain":0,"max_hp_loss":0,"event_name":"The Cleric","floor":12,"gold_loss":50},{"damage_healed":0,"gold_gain":0,"player_choice":"Obtained Relic","damage_taken":0,"relics_obtained":["Matryoshka"],"max_hp_gain":0,"max_hp_loss":0,"event_name":"Addict","floor":22,"gold_loss":85},{"damage_healed":0,"gold_gain":0,"player_choice":"Paid Fearfully","damage_taken":0,"max_hp_gain":0,"max_hp_loss":0,"event_name":"Masked Bandits","floor":28,"gold_loss":196},{"damage_healed":0,"gold_gain":0,"player_choice":"Paid","damage_taken":0,"relics_obtained":["Red Mask"],"max_hp_gain":0,"max_hp_loss":0,"event_name":"Tomb of Lord Red Mask","floor":36,"gold_loss":199},{"damage_healed":0,"gold_gain":0,"player_choice":"Fight","damage_taken":0,"max_hp_gain":0,"max_hp_loss":0,"event_name":"MindBloom","floor":39,"gold_loss":0},{"damage_healed":0,"gold_gain":0,"player_choice":"Ignored","damage_taken":0,"max_hp_gain":0,"max_hp_loss":0,"event_name":"OrinTheCat","floor":44,"gold_loss":0}],"is_beta":false,"boss_relics":[{"not_picked":["Busted Crown","Ectoplasm"],"picked":"Empty Cage"},{"not_picked":["Coffee Dripper","Tiny House"],"picked":"Philosopher\u0027s Stone"}],"items_purged_floors":[],"is_endless":false,"potions_floor_spawned":[1,3,11,21,27,31,37,39,41,48],"ascension_level":0}}