{"host":"y6zg4wwu39otf01a","time":1613626041,"event":{"mods":["Act Like it!","Aspiration","BaseMod","Better Altar","Better Match","Better Note","Better Sensory Stone","Better Skull","Better Third Choice","Challenge The Spire","Colored Map","Colored Powertips","Conspire","GifTheSpireLib","Glutton Mod","Halation","Hermit","Highlight Path","Hubris","Infinite Spire","Mimic Mod","Minty Spire (QoL Compilation)","Quick Restart","Random Character Button","Rare Cards Sparkle","Reliquary","Replay The Spire","Retaliation","Ruina","Spicy Shops","StSLib","Stuff the Spire","The Blue Laboratory","The Construct","The Jungle"],"gold_per_floor":[110,110,110,120,120,145,155,155,185,185,185,216,216,228,228,326,326,341,392,392,408,418,418,15,15,42,172,138,168,268,268,268,389,389,430,430,430,430,469,469,469,500,523,523,523],"floor_reached":44,"language":"ENG","playtime":2511,"items_purged":[],"score":790,"play_id":"baf22cb4-ee14-46d8-bc52-57e317c64501","local_time":"20210217232721","is_ascension_mode":true,"campfire_choices":[{"data":"Redo","floor":11,"key":"SMITH"},{"data":"Dualcast","floor":13,"key":"SMITH"},{"data":"Turbo","floor":15,"key":"SMITH"},{"data":"ReplayTheSpireMod:Calculation Training","floor":25,"key":"SMITH"},{"floor":32,"key":"REST"},{"data":"StuffTheSpire:Innocence","floor":40,"key":"SMITH"}],"circlet_count":0,"master_deck":["Strike_B","Strike_B","Strike_B","Strike_B","Defend_B","Defend_B","Defend_B","Zap","Dualcast+1","Redo+1","StuffTheSpire:Innocence+1","Core Surge","Masterful Stab","Masterful Stab","Corpse Explosion","Ball Lightning","Turbo+1","StuffTheSpire:ForEach","ReplayTheSpireMod:Splinters","ReplayTheSpireMod:Calculation Training+1","BootSequence","Electrodynamics","Panic Button","StuffTheSpire:Purify","Buffer"],"relics":["Cracked Core","NeowsBlessing","StuffTheSpire:Experiment12","reliquary:PorcupineQuills","Geode","aspiration:RitualDagger","hubris:Icosahedron","StuffTheSpire:Mouthbags","Chemical X","PreservedInsect","halation:LettersToHer","Quantum Egg","Lizard Tail","Ornamental Fan","infinitespire:EvilPickle","reliquary:ThirdArm","halation:PapillonHeart","reliquary:Spinner","Smiling Mask","reliquary:RoseTintedGlasses"],"acts_visited":["Exordium","TheCity","TheBeyond"],"potions_floor_usage":[9,16,16,23,23,23,27,27,28,30,42,42,42],"damage_taken":[{"damage":0,"enemies":"2 Louse","floor":1,"turns":1},{"damage":0,"enemies":"Cultist","floor":4,"turns":1},{"damage":0,"enemies":"Lagavulin","floor":6,"turns":1},{"damage":1,"enemies":"Small Slimes","floor":7,"turns":3},{"damage":9,"enemies":"Gremlin Gang","floor":9,"turns":7},{"damage":20,"enemies":"Gremlin Nob","floor":12,"turns":3},{"damage":2,"enemies":"Gremlin Gang","floor":14,"turns":2},{"damage":0,"enemies":"Slime Boss","floor":16,"turns":6},{"damage":18,"enemies":"Spheric Guardian","floor":18,"turns":3},{"damage":4,"enemies":"2 Thieves","floor":21,"turns":2},{"damage":17,"enemies":"Snecko","floor":22,"turns":4},{"damage":33,"enemies":"Slavers","floor":23,"turns":3},{"damage":40,"enemies":"conspire:Head Lice","floor":27,"turns":5},{"damage":8,"enemies":"Chosen and Byrds","floor":28,"turns":4},{"damage":44,"enemies":"Book of Stabbing","floor":29,"turns":3},{"damage":22,"enemies":"Colosseum Slavers","floor":30,"turns":3},{"damage":3,"enemies":"Colosseum Nobs","floor":30,"turns":2},{"damage":107,"enemies":"Pondfish","floor":33,"turns":11},{"damage":45,"enemies":"3 Darklings","floor":35,"turns":3},{"damage":3,"enemies":"3 Shapes","floor":39,"turns":3},{"damage":46,"enemies":"Transient","floor":42,"turns":9},{"damage":64,"enemies":"Transient","floor":44,"turns":5}],"seed_played":"1585962442183776272","potions_obtained":[{"floor":6,"key":"SteroidPotion"},{"floor":7,"key":"blueLaboratory:EnragingPotion"},{"floor":12,"key":"blueLaboratory:BottleOfRum"},{"floor":14,"key":"SpeedPotion"},{"floor":19,"key":"SmokeBomb"},{"floor":19,"key":"GamblersBrew"},{"floor":27,"key":"Explosive Potion"},{"floor":29,"key":"DuplicationPotion"},{"floor":30,"key":"DDmod:CleansePotion"},{"floor":33,"key":"FocusPotion"},{"floor":35,"key":"Languid Potion"},{"floor":39,"key":"Milkshake"}],"is_trial":false,"path_per_floor":["M","?","?","M","$","E","M","?","MIM","?","R","E","R","M","R","B",null,"M","?","?","M","M","E","$","R","T","E","M","E","?","?","R","B",null,"M","?","?","?","M","R","?","MIM","T","M"],"character_chosen":"DEFECT","items_purchased":["blueLaboratory:FruitPunch","ReplayTheSpireMod:Calculation Training","StuffTheSpire:Mouthbags","Chemical X"],"campfire_rested":1,"item_purchase_floors":[24,24,24,24],"current_hp_per_floor":[75,68,68,68,68,68,67,67,58,58,58,38,38,36,36,36,75,57,57,57,53,36,3,3,3,3,50,53,23,17,17,40,35,79,50,50,50,50,59,59,59,35,35,0,0],"gold":523,"neow_bonus":"THREE_ENEMY_KILL","is_daily":false,"chose_seed":false,"campfire_upgraded":5,"win_rate":0.0,"timestamp":1613626041,"path_taken":["M","?","?","M","$","E","M","?","MIM","?","R","E","R","?","R","BOSS","M","?","?","M","M","E","$","R","T","E","M","E","?","?","R","BOSS","M","?","?","?","?","R","?","?","T","?"],"items_purchased_type":["Potion","Card","Relic","Relic"],"build_version":"2020-12-22","purchased_purges":0,"victory":false,"max_hp_per_floor":[75,75,75,75,75,75,75,75,75,75,75,75,75,75,75,75,75,75,75,75,75,75,75,75,75,75,79,79,79,79,79,79,79,79,79,75,75,75,75,75,75,75,75,75,75],"card_choices":[{"not_picked":["Steam","StuffTheSpire:Plugnplay"],"picked":"Redo","floor":1},{"not_picked":["Go for the Eyes","Conserve Battery"],"picked":"Capacitor","floor":4},{"not_picked":["Gash","BasicCrystalCard"],"picked":"hubris:Ukulele","floor":6},{"not_picked":["ReplaySolidLightProjector","ReplayTheSpireMod:GoodbyeWorld"],"picked":"Core Surge","floor":7},{"not_picked":["Melter","Conserve Battery"],"picked":"hubris:Ukulele","floor":9},{"not_picked":["Stack","Redo"],"picked":"Ball Lightning","floor":12},{"not_picked":["Cold Snap","Ball Lightning"],"picked":"Turbo","floor":14},{"not_picked":["Machine Learning","Rainbow"],"picked":"StuffTheSpire:ForEach","floor":16},{"not_picked":["Gash","Force Field","Turbo"],"picked":"SKIP","floor":18},{"not_picked":["Ball Lightning","ReplayTheSpireMod:Repulse+1"],"picked":"BootSequence","floor":21},{"not_picked":["Cold Snap","Barrage","StuffTheSpire:Rend"],"picked":"SKIP","floor":22},{"not_picked":["Steam","Ball Lightning"],"picked":"Electrodynamics","floor":27},{"not_picked":["Go for the Eyes","Beam Cell","Coolheaded"],"picked":"SKIP","floor":28},{"not_picked":["StuffTheSpire:Rend","ReplaySort","Beam Cell"],"picked":"SKIP","floor":29},{"not_picked":["Skim","Hologram"],"picked":"Panic Button","floor":30},{"not_picked":["ReplayRNGCard","StuffTheSpire:EventHorizon"],"picked":"Meteor Strike","floor":33},{"not_picked":["Force Field+1","Sunder+1","BasicCrystalCard"],"picked":"SKIP","floor":35},{"not_picked":["Stack","StuffTheSpire:CleanHardDrive+1","StuffTheSpire:Rend+1"],"picked":"SKIP","floor":39},{"not_picked":["Stack","Go for the Eyes+1"],"picked":"Buffer","floor":42}],"player_experience":885826,"relics_obtained":[{"floor":6,"key":"StuffTheSpire:Experiment12"},{"floor":9,"key":"reliquary:PorcupineQuills"},{"floor":12,"key":"Geode"},{"floor":26,"key":"PreservedInsect"},{"floor":27,"key":"halation:LettersToHer"},{"floor":29,"key":"Quantum Egg"},{"floor":30,"key":"Lizard Tail"},{"floor":30,"key":"Ornamental Fan"},{"floor":42,"key":"Smiling Mask"},{"floor":42,"key":"halation:LettersToHer"},{"floor":43,"key":"halation:LettersToHer"},{"floor":43,"key":"reliquary:RoseTintedGlasses"}],"event_choices":[{"damage_healed":0,"gold_gain":0,"player_choice":"Leave","damage_taken":0,"max_hp_gain":0,"max_hp_loss":0,"event_name":"The Cleric","floor":3,"gold_loss":0},{"damage_healed":0,"gold_gain":0,"player_choice":"Ignored","damage_taken":0,"max_hp_gain":0,"max_hp_loss":0,"event_name":"Purifier","floor":8,"gold_loss":0},{"damage_healed":0,"gold_gain":0,"player_choice":"Fight","damage_taken":0,"max_hp_gain":0,"max_hp_loss":0,"event_name":"Colosseum","floor":30,"gold_loss":0},{"damage_healed":0,"gold_gain":0,"player_choice":"Fought Nobs","damage_taken":0,"max_hp_gain":0,"max_hp_loss":0,"event_name":"Colosseum","floor":30,"gold_loss":0},{"cards_removed":["Capacitor"],"damage_healed":0,"gold_gain":0,"player_choice":"Removed Power","damage_taken":0,"max_hp_gain":0,"max_hp_loss":0,"event_name":"Falling","floor":37,"gold_loss":0},{"damage_healed":0,"gold_gain":0,"cards_transformed":["Meteor Strike"],"player_choice":"Transformed","damage_taken":0,"max_hp_gain":0,"max_hp_loss":0,"event_name":"Transmorgrifier","floor":38,"gold_loss":0,"cards_obtained":["StuffTheSpire:Purify"]}],"is_beta":false,"boss_relics":[{"not_picked":["FrozenCore","Snecko Eye"],"picked":"aspiration:RitualDagger"},{"not_picked":["Coffee Dripper","aspiration:Stellarator"],"picked":"reliquary:ThirdArm"}],"items_purged_floors":[],"is_endless":false,"potions_floor_spawned":[6,7,12,14,23,27,29,30,30,33,35,39],"killed_by":"Transient","ascension_level":2}}