{"host":"u7lm8z2rvb4dg2oo","time":1613632992,"event":{"mods":["AchievementEnabler","BaseMod","Bestiary","Block Reminder","Colored Map","Colored Powertips","Curses Come First","DeckTracker","Googly Eyes","Highlight Path","Minty Spire (QoL Compilation)","Quick Restart","StSLib"],"gold_per_floor":[113,113,6,19,19,52,72,88,111,111,146,157,94,105,105,179,179,199,212,10,26,26,26,26,26],"floor_reached":24,"language":"ENG","playtime":1111,"items_purged":[],"score":456,"play_id":"fc7a95a2-6232-4e21-8df6-e9e5d08cc4c8","local_time":"20210218022312","is_ascension_mode":true,"campfire_choices":[{"floor":10.0,"key":"REST"},{"floor":15.0,"key":"REST"},{"floor":23.0,"key":"REST"}],"circlet_count":0,"master_deck":["AscendersBane","Defend_G","Defend_G","Defend_G","Defend_G","Defend_G","Survivor","Neutralize","Terror","Cloak And Dagger","Skewer","Finisher","Adrenaline","Envenom","Caltrops","Adrenaline","Leg Sweep+1","Slice+1","Flechettes+1","Footwork","Dagger Spray+1","Bite","Bite","Bite","Bite","Bite"],"relics":["Ring of the Snake","NeowsBlessing","StoneCalendar","Oddly Smooth Stone","Bronze Scales","Juzu Bracelet","Orichalcum","Astrolabe","Membership Card"],"acts_visited":["Exordium","TheCity"],"potions_floor_usage":[],"damage_taken":[{"damage":0.0,"enemies":"Jaw Worm","floor":1.0,"turns":1.0},{"damage":0.0,"enemies":"Cultist","floor":4.0,"turns":1.0},{"damage":0.0,"enemies":"Lagavulin","floor":6.0,"turns":1.0},{"damage":0.0,"enemies":"Small Slimes","floor":7.0,"turns":3.0},{"damage":0.0,"enemies":"3 Louse","floor":8.0,"turns":3.0},{"damage":10.0,"enemies":"3 Sentries","floor":11.0,"turns":6.0},{"damage":6.0,"enemies":"Exordium Thugs","floor":12.0,"turns":3.0},{"damage":0.0,"enemies":"2 Fungi Beasts","floor":14.0,"turns":4.0},{"damage":11.0,"enemies":"The Guardian","floor":16.0,"turns":9.0},{"damage":16.0,"enemies":"Spheric Guardian","floor":18.0,"turns":3.0},{"damage":25.0,"enemies":"Shell Parasite","floor":19.0,"turns":5.0},{"damage":3.0,"enemies":"3 Cultists","floor":21.0,"turns":5.0},{"damage":43,"enemies":"Slavers","floor":24,"turns":3}],"seed_played":"-6325932188155758858","potions_obtained":[{"floor":4.0,"key":"AttackPotion"},{"floor":8.0,"key":"Strength Potion"},{"floor":11.0,"key":"LiquidMemories"},{"floor":12.0,"key":"CultistPotion"},{"floor":14.0,"key":"AttackPotion"},{"floor":19.0,"key":"Swift Potion"}],"is_trial":false,"path_per_floor":["M","?","$","M","T","E","M","M","T","R","E","M","?","M","R","B",null,"M","M","$","M","?","R","E"],"character_chosen":"THE_SILENT","items_purchased":["Cloak And Dagger","SteroidPotion","Membership Card","Footwork"],"campfire_rested":3,"item_purchase_floors":[3,3,20,20],"current_hp_per_floor":[59,33,33,33,33,33,33,33,33,52,42,36,36,36,55,44,61,45,20,20,17,17,30,0,0],"gold":26,"neow_bonus":"THREE_ENEMY_KILL","is_daily":false,"chose_seed":false,"campfire_upgraded":0,"win_rate":0.0,"timestamp":1613632992,"path_taken":["M","?","$","M","?","E","M","M","T","R","E","M","?","M","R","BOSS","M","M","$","M","?","R","E"],"items_purchased_type":["Card","Potion","Relic","Card"],"build_version":"2020-12-22","purchased_purges":0,"victory":false,"max_hp_per_floor":[66,66,66,66,66,66,66,66,66,66,66,66,66,66,66,66,66,66,66,66,66,46,46,46,46],"card_choices":[{"not_picked":["Cloak And Dagger","Riddle With Holes"],"picked":"Terror","floor":1.0},{"not_picked":["Bane","Dagger Throw"],"picked":"Skewer","floor":4.0},{"not_picked":["Noxious Fumes","Dodge and Roll"],"picked":"Finisher","floor":6.0},{"not_picked":["Deflect","Sucker Punch","Underhanded Strike"],"picked":"SKIP","floor":7.0},{"not_picked":["Slice","Flying Knee"],"picked":"Adrenaline","floor":8.0},{"not_picked":["Bane","Crippling Poison"],"picked":"Envenom","floor":11.0},{"not_picked":["Sucker Punch","Distraction"],"picked":"Caltrops","floor":12.0},{"not_picked":["Expertise","Terror","Slice"],"picked":"SKIP","floor":14.0},{"not_picked":["Corpse Explosion","Phantasmal Killer"],"picked":"Adrenaline","floor":16.0},{"not_picked":["Concentrate","Deadly Poison","Deflect"],"picked":"SKIP","floor":18.0},{"not_picked":["Prepared","Accuracy","Setup"],"picked":"SKIP","floor":19.0},{"not_picked":["Dodge and Roll","Calculated Gamble"],"picked":"Dagger Spray+1","floor":21.0}],"player_experience":1109096,"relics_obtained":[{"floor":5.0,"key":"Oddly Smooth Stone"},{"floor":6.0,"key":"Bronze Scales"},{"floor":9.0,"key":"Juzu Bracelet"},{"floor":11.0,"key":"Orichalcum"}],"event_choices":[{"damage_healed":0.0,"max_hp_gain":0.0,"max_hp_loss":0.0,"gold_gain":0.0,"event_name":"Scrap Ooze","player_choice":"Success","floor":2.0,"gold_loss":0.0,"damage_taken":26.0,"relics_obtained":["StoneCalendar"]},{"damage_healed":0.0,"max_hp_gain":0.0,"max_hp_loss":0.0,"gold_gain":0.0,"event_name":"World of Goop","player_choice":"Left Gold","floor":13.0,"gold_loss":63.0,"damage_taken":0.0},{"damage_healed":0.0,"max_hp_gain":0.0,"max_hp_loss":20.0,"gold_gain":0.0,"event_name":"Vampires","player_choice":"Became a vampire","floor":22.0,"gold_loss":0.0,"damage_taken":0.0,"cards_obtained":["Bite","Bite","Bite","Bite","Bite"]}],"is_beta":false,"boss_relics":[{"not_picked":["Coffee Dripper","Ring of the Serpent"],"picked":"Astrolabe"}],"items_purged_floors":[],"is_endless":false,"potions_floor_spawned":[4,8,11,12,14,19],"killed_by":"Slavers","ascension_level":17}}