{"host":"7bb7osqc91rjfyph","time":1613625862,"event":{"mods":["AchievementEnabler","BaseMod","BetterRewards","Colored Map","Colored Powertips","Downfall","Googly Eyes","Hermit","Hubris","Marisa????????","Minty Spire (QoL Compilation)","Shop Mod","StSLib","The Cursed"],"gold_per_floor":[19,19,19,30,46,81,95,95,95,126,137,149,149,149,149,249,249,261,43,43,43,43,74,74,105,105,140,65,65,65,65,65,166,166,183,183,233,233,233,267,267,298,370,370,399,399,454,471,471,471,471,471,36,61,61],"floor_reached":56,"language":"ENG","playtime":2253,"items_purged":["Hyperbeam"],"score":1547,"play_id":"a2e177bc-b864-45bc-925a-926a2e2aa196","local_time":"20210217232422","is_ascension_mode":true,"campfire_choices":[{"data":"hubris:EnhanceAbility","floor":8.0,"key":"SMITH"},{"data":"Electrodynamics","floor":13.0,"key":"SMITH"},{"data":"Genetic Algorithm","floor":15.0,"key":"SMITH"},{"data":"Creative AI","floor":24.0,"key":"SMITH"},{"floor":32.0,"key":"RECALL"},{"floor":41.0,"key":"REST"},{"data":"Storm","floor":44.0,"key":"SMITH"},{"data":"Creative AI","floor":49.0,"key":"SMITH"},{"data":"Machine Learning","floor":52.0,"key":"SMITH"}],"circlet_count":0,"master_deck":["MysteriousBeam+1","Zap","Dualcast+1","hubris:EnhanceAbility+1","Beam Cell","Streamline+1","Electrodynamics+1","Genetic Algorithm+1","Streamline","Loop","Biased Cognition","Chaos","Fission+1","Chaos","Creative AI+1","Blizzard","Storm+1","hubris:EnhanceAbility+1","Ball Lightning","Defragment+1","hubris:EnhanceAbility+1","Machine Learning+1","Ball Lightning+1","BootSequence+1","Steam","Self Repair","Creative AI+1","hubris:Insight","FTL+1","Loop"],"relics":["Cracked Core","hubris:TenFootPole","Strawberry","Mummified Hand","hubris:BundleOfHerbs","Pandora\u0027s Box","DollysMirror","hubris:Towel","MutagenicStrength","Toy Ornithopter","Juzu Bracelet","Eternal Feather","War Paint","Runic Dome","WingedGreaves","hubris:BallOfYels","DataDisk","Letter Opener","CatCart","HornCleat","HandDrill","Bottled Tornado"],"acts_visited":["Exordium","TheCity","TheBeyond","TheEnding"],"potions_floor_usage":[55,55],"damage_taken":[{"damage":1.0,"enemies":"Cultist","floor":1.0,"turns":3.0},{"damage":2.0,"enemies":"2 Louse","floor":4.0,"turns":3.0},{"damage":4.0,"enemies":"Small Slimes","floor":5.0,"turns":3.0},{"damage":16.0,"enemies":"3 Sentries","floor":6.0,"turns":4.0},{"damage":2.0,"enemies":"Looter","floor":7.0,"turns":3.0},{"damage":2.0,"enemies":"Gremlin Nob","floor":10.0,"turns":4.0},{"damage":6.0,"enemies":"Exordium Wildlife","floor":11.0,"turns":4.0},{"damage":0.0,"enemies":"3 Louse","floor":12.0,"turns":2.0},{"damage":0.0,"enemies":"Slime Boss","floor":16.0,"turns":6.0},{"damage":12.0,"enemies":"3 Byrds","floor":18.0,"turns":2.0},{"damage":28.0,"enemies":"Book of Stabbing","floor":23.0,"turns":3.0},{"damage":8.0,"enemies":"Slavers","floor":25.0,"turns":4.0},{"damage":6.0,"enemies":"Book of Stabbing","floor":27.0,"turns":4.0},{"damage":2.0,"enemies":"Champ","floor":33.0,"turns":6.0},{"damage":16.0,"enemies":"Orb Walker","floor":35.0,"turns":2.0},{"damage":32.0,"enemies":"2 Orb Walkers","floor":37.0,"turns":3.0},{"damage":26.0,"enemies":"Reptomancer","floor":40.0,"turns":4.0},{"damage":9.0,"enemies":"Giant Head","floor":42.0,"turns":6.0},{"damage":25.0,"enemies":"Nemesis","floor":45.0,"turns":3.0},{"damage":0.0,"enemies":"Orin","floor":47.0,"turns":4.0},{"damage":0.0,"enemies":"3 Darklings","floor":48.0,"turns":1.0},{"damage":2.0,"enemies":"hubris:GrandSnecko","floor":50.0,"turns":7.0},{"damage":65,"enemies":"Shield and Spear","floor":54,"turns":4},{"damage":28,"enemies":"The Heart","floor":55,"turns":5}],"seed_played":"3414079643459548740","potions_obtained":[{"floor":1.0,"key":"Ancient Potion"},{"floor":4.0,"key":"bronze:BurnAndBuffPotion"},{"floor":11.0,"key":"Weak Potion"},{"floor":16.0,"key":"Fruit Juice"},{"floor":23.0,"key":"FearPotion"},{"floor":27.0,"key":"BlessingOfTheForge"},{"floor":35.0,"key":"sneckomod:MuddlingPotion"},{"floor":40.0,"key":"Weak Potion"},{"floor":45.0,"key":"BlessingOfTheForge"},{"floor":47.0,"key":"Slimebound:ThreeZeroPotion"}],"is_trial":false,"path_per_floor":["M","?","?","M","M","E","M","R","T","E","M","M","R","?","R","B",null,"M","$","?","?","?","E","R","E","T","E","?","?","?","$","R","B",null,"M","?","?","?","?","E","R","E","T","R","E","?","?","M","R","B",null,"R","$","E","B",null],"character_chosen":"DEFECT","items_purchased":["DollysMirror","HornCleat","FocusPotion","HandDrill"],"campfire_rested":1,"item_purchase_floors":[19,53,53,53],"current_hp_per_floor":[74,49,54,52,48,39,37,37,37,35,29,29,29,21,21,26,92,80,80,80,80,80,52,52,49,49,43,43,43,43,43,55,53,92,76,76,49,49,45,19,60,56,56,71,53,53,60,60,75,78,87,87,87,45,83],"gold":61,"neow_bonus":"RANDOM_COLORLESS_2","is_daily":false,"chose_seed":false,"campfire_upgraded":7,"win_rate":0.0,"timestamp":1613625862,"path_taken":["M","?","?","M","M","E","M","R","T","E","M","M","R","?","R","BOSS","M","$","?","?","?","E","R","E","T","E","?","?","?","?","R","BOSS","M","?","?","?","?","E","R","E","T","R","E","?","?","M","R","BOSS","R","$","E","BOSS"],"items_purchased_type":["Relic","Relic","Potion","Relic"],"build_version":"2020-12-22","purchased_purges":1,"victory":true,"max_hp_per_floor":[75,75,80,80,80,87,87,87,87,87,87,87,87,87,87,92,92,92,92,92,92,92,92,92,92,92,92,92,92,92,92,92,92,92,92,92,92,87,87,87,87,87,87,87,87,87,87,87,87,87,87,87,87,87,87],"card_choices":[{"not_picked":["The Bomb","Transmutation"],"picked":"hubris:EnhanceAbility","floor":0.0},{"not_picked":["Double Energy","Skim"],"picked":"Beam Cell","floor":1.0},{"not_picked":["Self Repair","Rebound"],"picked":"Streamline","floor":4.0},{"not_picked":["Stack","Steam"],"picked":"Electrodynamics","floor":5.0},{"not_picked":["Stack","Go for the Eyes","Chill"],"picked":"SKIP","floor":6.0},{"not_picked":["Tempest","Redo"],"picked":"Genetic Algorithm","floor":7.0},{"not_picked":["Meteor Strike","Stack"],"picked":"Streamline","floor":10.0},{"not_picked":["Hologram","Turbo","Sweeping Beam"],"picked":"SKIP","floor":11.0},{"not_picked":["Chill","Leap"],"picked":"Loop","floor":12.0},{"not_picked":["Multi-Cast","Rainbow"],"picked":"Biased Cognition","floor":16.0},{"not_picked":["Blizzard","Compile Driver"],"picked":"Storm","floor":18.0},{"not_picked":["Beam Cell","Tempest+1"],"picked":"Ball Lightning","floor":23.0},{"not_picked":["Hello World","Conserve Battery"],"picked":"Defragment+1","floor":25.0},{"not_picked":["Undo","Recycle","Beam Cell"],"picked":"SKIP","floor":27.0},{"not_picked":["Hyperbeam","hubris:SpecializedCircuitry"],"picked":"Machine Learning","floor":33.0},{"not_picked":["Beam Cell+1","Stack+1"],"picked":"Ball Lightning+1","floor":35.0},{"not_picked":["Beam Cell+1","Redo+1"],"picked":"BootSequence+1","floor":37.0},{"not_picked":["Rip and Tear+1","Melter"],"picked":"Steam","floor":40.0},{"not_picked":["Rainbow","Cold Snap"],"picked":"Self Repair","floor":42.0},{"not_picked":["Hologram","Coolheaded"],"picked":"Creative AI","floor":45.0},{"not_picked":["Panache","Enlightenment"],"picked":"hubris:Insight","floor":46.0},{"not_picked":["Barrage","Steam Power+1"],"picked":"FTL+1","floor":47.0},{"not_picked":["Turbo","Scrape+1","Gash+1"],"picked":"SKIP","floor":48.0},{"not_picked":["Loop","Sweeping Beam+1","Skim"],"picked":"SKIP","floor":54},{"not_picked":["Sweeping Beam+1","Skim"],"picked":"Loop","floor":54}],"player_experience":98272,"relics_obtained":[{"floor":6.0,"key":"Strawberry"},{"floor":9.0,"key":"Mummified Hand"},{"floor":10.0,"key":"hubris:BundleOfHerbs"},{"floor":23.0,"key":"Toy Ornithopter"},{"floor":25.0,"key":"Juzu Bracelet"},{"floor":26.0,"key":"Eternal Feather"},{"floor":27.0,"key":"War Paint"},{"floor":37.0,"key":"WingedGreaves"},{"floor":40.0,"key":"hubris:BallOfYels"},{"floor":42.0,"key":"DataDisk"},{"floor":45.0,"key":"Letter Opener"},{"floor":47.0,"key":"CatCart"},{"floor":54,"key":"Bottled Tornado"}],"event_choices":[{"damage_healed":0.0,"max_hp_gain":0.0,"max_hp_loss":0.0,"gold_gain":0.0,"event_name":"Scrap Ooze","player_choice":"Success","floor":2.0,"gold_loss":0.0,"damage_taken":25.0,"relics_obtained":["hubris:TenFootPole"]},{"damage_healed":0.0,"max_hp_gain":5.0,"max_hp_loss":0.0,"gold_gain":0.0,"event_name":"Big Fish","player_choice":"Donut","floor":3.0,"gold_loss":0.0,"damage_taken":0.0},{"damage_healed":0.0,"max_hp_gain":0.0,"max_hp_loss":0.0,"gold_gain":0.0,"event_name":"Shining Light","player_choice":"Entered Light","floor":14.0,"gold_loss":0.0,"damage_taken":17.0,"cards_upgraded":["Streamline","Defend_B"]},{"cards_removed":["Fusion"],"damage_healed":0.0,"max_hp_gain":0.0,"max_hp_loss":0.0,"gold_gain":0.0,"event_name":"Back to Basics","player_choice":"Elegance","floor":20.0,"gold_loss":0.0,"damage_taken":0.0},{"damage_healed":0.0,"max_hp_gain":0.0,"max_hp_loss":0.0,"gold_gain":0.0,"event_name":"Drug Dealer","player_choice":"Inject Mutagens","floor":22.0,"gold_loss":0.0,"damage_taken":0.0,"relics_obtained":["MutagenicStrength"]},{"cards_removed":["Sunder"],"damage_healed":0.0,"max_hp_gain":0.0,"max_hp_loss":0.0,"gold_gain":0.0,"event_name":"Beggar","player_choice":"Gave Gold","floor":28.0,"gold_loss":75.0,"damage_taken":0.0},{"damage_healed":0.0,"max_hp_gain":0.0,"max_hp_loss":0.0,"gold_gain":0.0,"event_name":"Match and Keep!","player_choice":"0 cards matched","floor":29.0,"gold_loss":0.0,"damage_taken":0.0,"cards_obtained":[]},{"damage_healed":0.0,"max_hp_gain":0.0,"max_hp_loss":0.0,"gold_gain":0.0,"event_name":"Duplicator","player_choice":"Copied","floor":30.0,"gold_loss":0.0,"damage_taken":0.0,"cards_obtained":["hubris:EnhanceAbility"]},{"damage_healed":0.0,"max_hp_gain":0.0,"max_hp_loss":0.0,"gold_gain":0.0,"event_name":"SecretPortal","player_choice":"Ignored","floor":36.0,"gold_loss":0.0,"damage_taken":0.0},{"damage_healed":0.0,"max_hp_gain":0.0,"max_hp_loss":0.0,"gold_gain":0.0,"event_name":"Mysterious Sphere","player_choice":"Fight","floor":37.0,"gold_loss":0.0,"damage_taken":0.0},{"damage_healed":0.0,"max_hp_gain":0.0,"max_hp_loss":5.0,"gold_gain":0.0,"event_name":"Winding Halls","player_choice":"Max HP","floor":38.0,"gold_loss":0.0,"damage_taken":0.0},{"damage_healed":0.0,"max_hp_gain":0.0,"max_hp_loss":0.0,"gold_gain":0.0,"event_name":"Wheel of Change","player_choice":"Damaged","floor":39.0,"gold_loss":0.0,"damage_taken":8.0},{"damage_healed":0.0,"max_hp_gain":0.0,"max_hp_loss":0.0,"gold_gain":0.0,"event_name":"SensoryStone","player_choice":"Memory 1","floor":46.0,"gold_loss":0.0,"damage_taken":0.0},{"damage_healed":0.0,"max_hp_gain":0.0,"max_hp_loss":0.0,"gold_gain":0.0,"event_name":"OrinTheCat","player_choice":"Fight","floor":47.0,"gold_loss":0.0,"damage_taken":0.0}],"is_beta":false,"boss_relics":[{"not_picked":["Inserter","Astrolabe"],"picked":"Pandora\u0027s Box"},{"not_picked":["hubris:ScarierMask","FrozenCore"],"picked":"Runic Dome"}],"items_purged_floors":[19],"is_endless":false,"potions_floor_spawned":[1,4,11,16,23,27,35,40,45,47],"ascension_level":4}}