{"host":"sw6p9u0oh417cx03","time":1613670946,"event":{"mods":["AchievementEnabler","Act Like it!","BaseMod","CapriCore","DeckTracker","Highlight Path","Minty Spire (QoL Compilation)","Quick Restart","StSLib"],"gold_per_floor":[110,185,185,185,198,226,226,241,286,321,321,339,349,369,369,369,369],"floor_reached":16,"language":"ZHS","playtime":336,"items_purged":[],"score":192,"play_id":"7f9f6e80-621a-406d-a729-919310ff2095","local_time":"20210219015546","is_ascension_mode":true,"campfire_choices":[{"data":"Eviscerate","floor":7.0,"key":"SMITH"},{"data":"Terror","floor":11.0,"key":"SMITH"},{"data":"Tactician","floor":15.0,"key":"SMITH"}],"circlet_count":0,"master_deck":["Strike_G","Strike_G","Strike_G","Strike_G","Strike_G","Defend_G","Defend_G","Defend_G","Defend_G","Defend_G","Survivor","Neutralize","Tactician+1","Eviscerate+1","Terror+1"],"relics":["Ring of the Snake","NeowsBlessing","Bronze Scales","Omamori","Orichalcum"],"acts_visited":["Exordium"],"potions_floor_usage":[],"damage_taken":[{"damage":0.0,"enemies":"Small Slimes","floor":1.0,"turns":1.0},{"damage":0.0,"enemies":"2 Louse","floor":5.0,"turns":1.0},{"damage":0.0,"enemies":"Gremlin Nob","floor":6.0,"turns":1.0},{"damage":0.0,"enemies":"Cultist","floor":8.0,"turns":3.0},{"damage":20.0,"enemies":"Lagavulin","floor":10.0,"turns":6.0},{"damage":1.0,"enemies":"2 Fungi Beasts","floor":12.0,"turns":3.0},{"damage":3.0,"enemies":"Blue Slaver","floor":13.0,"turns":3.0},{"damage":18.0,"enemies":"Gremlin Gang","floor":14.0,"turns":5.0},{"damage":19,"enemies":"The Guardian","floor":16,"turns":7}],"seed_played":"-4077256371516127445","potions_obtained":[{"floor":1.0,"key":"Energy Potion"},{"floor":6.0,"key":"Weak Potion"}],"is_trial":false,"path_per_floor":["M","?","?","?","M","E","R","M","T","E","R","M","M","M","R","B"],"character_chosen":"THE_SILENT","items_purchased":[],"campfire_rested":0,"item_purchase_floors":[],"current_hp_per_floor":[63,52,57,57,57,57,57,57,57,37,37,36,33,15,15,0,0],"gold":369,"neow_bonus":"THREE_ENEMY_KILL","is_daily":false,"chose_seed":false,"campfire_upgraded":3,"win_rate":0.0,"timestamp":1613670946,"path_taken":["M","?","?","?","M","E","R","M","T","E","R","M","M","M","R","BOSS"],"items_purchased_type":[],"build_version":"2020-12-22","purchased_purges":0,"victory":false,"max_hp_per_floor":[70,70,75,75,75,75,75,75,75,75,75,75,75,75,75,75,75],"card_choices":[{"not_picked":["Choke","Dagger Spray"],"picked":"Tactician","floor":1.0},{"not_picked":["Underhanded Strike","Expertise","Quick Slash"],"picked":"SKIP","floor":5.0},{"not_picked":["Heel Hook","Underhanded Strike","Riddle With Holes"],"picked":"SKIP","floor":6.0},{"not_picked":["Setup","PiercingWail"],"picked":"Terror","floor":8.0},{"not_picked":["PiercingWail","Skewer","Cloak And Dagger"],"picked":"SKIP","floor":10.0},{"not_picked":["Well Laid Plans","Deflect","Outmaneuver"],"picked":"SKIP","floor":12.0},{"not_picked":["Deflect","Tactician","Cloak And Dagger"],"picked":"SKIP","floor":13.0},{"not_picked":["Dodge and Roll","Endless Agony","Cloak And Dagger"],"picked":"SKIP","floor":14.0}],"player_experience":379138,"relics_obtained":[{"floor":6.0,"key":"Bronze Scales"},{"floor":9.0,"key":"Omamori"},{"floor":10.0,"key":"Orichalcum"}],"event_choices":[{"damage_healed":0.0,"max_hp_gain":0.0,"max_hp_loss":0.0,"gold_gain":75.0,"event_name":"World of Goop","player_choice":"Gather Gold","floor":2.0,"gold_loss":0.0,"damage_taken":11.0},{"damage_healed":0.0,"max_hp_gain":5.0,"max_hp_loss":0.0,"gold_gain":0.0,"event_name":"Big Fish","player_choice":"Donut","floor":3.0,"gold_loss":0.0,"damage_taken":0.0},{"damage_healed":0.0,"max_hp_gain":0.0,"max_hp_loss":0.0,"gold_gain":0.0,"event_name":"Match and Keep!","player_choice":"1 cards matched","floor":4.0,"gold_loss":0.0,"damage_taken":0.0,"cards_obtained":["Eviscerate"]}],"is_beta":false,"boss_relics":[],"items_purged_floors":[],"is_endless":false,"potions_floor_spawned":[1,6],"killed_by":"The Guardian","ascension_level":8}}