{"host":"fv2k0lzl4ivow5fw","time":1613674264,"event":{"mods":["Aspiration","BaseMod","Downfall","Infinite Spire","Marisa????????","Minty Spire (QoL Compilation)","Reliquary","Replay The Spire","StSLib","The Animator","The Servant 0.9.4"],"gold_per_floor":[128,142,164,187,187,221,65,65,65,65,65],"floor_reached":10,"language":"ENG","playtime":1061,"items_purged":[],"score":68,"play_id":"b30db2f2-4686-44b5-82d7-c6f4231d9289","local_time":"20210218105104","is_ascension_mode":false,"campfire_choices":[],"circlet_count":0,"master_deck":["animator:Strike_Konosuba","animator:Defend_Konosuba","animator:Strike","animator:Strike","animator:Strike","animator:Defend","animator:Defend","animator:Kazuma","animator:Aqua+1","animator:Lancer+1","animator:Rider","animator:Vanir","animator:Caster+1","animator:Caster+1"],"relics":["animator:LivingPicture","animator:TheMissingPiece","NeowsBlessing","Replay:Bottled Eggs","Ornamental Fan","Guide Book","reliquary:TatteredRug"],"acts_visited":["Exordium"],"potions_floor_usage":[10],"damage_taken":[{"damage":0,"enemies":"infinitespire:Voidling","floor":1,"turns":1},{"damage":0,"enemies":"Cultist","floor":2,"turns":1},{"damage":0,"enemies":"Small Slimes","floor":3,"turns":1},{"damage":6,"enemies":"2 Fungi Beasts","floor":4,"turns":4},{"damage":40,"enemies":"3 Sentries","floor":6,"turns":11},{"damage":26,"enemies":"Lagavulin","floor":10,"turns":5}],"seed_played":"6488387088664463744","potions_obtained":[{"floor":3,"key":"PowerPotion"},{"floor":6,"key":"Milkshake"}],"is_trial":false,"path_per_floor":["M","M","M","M","T","E","$","?","T","E"],"character_chosen":"THE_ANIMATOR","items_purchased":["Guide Book"],"campfire_rested":0,"item_purchase_floors":[7],"current_hp_per_floor":[66,67,67,61,61,23,23,23,23,0,0],"gold":65,"neow_bonus":"THREE_ENEMY_KILL","is_daily":false,"chose_seed":false,"campfire_upgraded":0,"win_rate":0.0,"timestamp":1613674264,"path_taken":["M","?","M","M","?","E","?","?","T","E"],"items_purchased_type":["Relic"],"build_version":"2020-12-22","purchased_purges":0,"victory":false,"max_hp_per_floor":[66,67,67,67,67,67,67,67,67,67,67],"card_choices":[{"not_picked":["animator:RoyMustang","animator:ShinjiMatou"],"picked":"animator:Lancer","floor":1},{"not_picked":["animator:Mitsurugi","animator:OrikoMikuni"],"picked":"animator:Rider","floor":2},{"not_picked":["animator:Cocytus","animator:PandorasActor"],"picked":"animator:Vanir","floor":3},{"not_picked":["animator:Illya","animator:Berserker"],"picked":"animator:Caster","floor":4},{"not_picked":["animator:Evileye","animator:SakuraMatou"],"picked":"animator:Caster","floor":6}],"player_experience":113569,"relics_obtained":[{"floor":5,"key":"Replay:Bottled Eggs"},{"floor":6,"key":"Ornamental Fan"},{"floor":9,"key":"reliquary:TatteredRug"}],"event_choices":[{"cards_removed":["animator:Defend"],"damage_healed":0,"gold_gain":0,"player_choice":"Purged","damage_taken":0,"max_hp_gain":0,"max_hp_loss":0,"event_name":"Purifier","floor":8,"gold_loss":0}],"is_beta":false,"boss_relics":[],"items_purged_floors":[],"is_endless":false,"potions_floor_spawned":[3,6],"killed_by":"Lagavulin","ascension_level":0}}