{"host":"zxd2l8an9de7z7b9","time":1613637327,"event":{"mods":["2.2 Compatiblity","AchievementEnabler","BaseMod","CapriCore","Colored Map","Colored Powertips","Minty Spire (QoL Compilation)","Rare Cards Sparkle","StSLib","SuperFastMode","Td1madao Mod","everything is the same but u backflip on backflip"],"gold_per_floor":[115,40,57,67,77,77,109,128,151,151,83,98,98,44,44,44,44],"floor_reached":16,"language":"KOR","playtime":707,"items_purged":["Strike_C"],"score":102,"play_id":"4a5d42a8-8331-4451-966f-5a20b5463b61","local_time":"20210218173527","is_ascension_mode":false,"campfire_choices":[{"data":"Fire Up","floor":6,"key":"SMITH"},{"data":"Chip","floor":10,"key":"SMITH"},{"data":"Awareness","floor":15,"key":"SMITH"}],"circlet_count":0,"master_deck":["Strike_C","Strike_C","Strike_C","Defend_C","Defend_C","Defend_C","Knight Kick","Chip+1","E MP","Reinforcement Parts","Fire Up+1","Lunge","Reflection Mechanism","Awareness+1","Defend System","Preparedness","Floating Swing Kick"],"relics":["Apod","Unceasing Top","Anchor"],"acts_visited":["Exordium"],"potions_floor_usage":[7,7,7,8,12],"damage_taken":[{"damage":8,"enemies":"Cultist","floor":1,"turns":5},{"damage":1,"enemies":"Small Slimes","floor":3,"turns":4},{"damage":6,"enemies":"Jaw Worm","floor":4,"turns":4},{"damage":3,"enemies":"Blue Slaver","floor":5,"turns":4},{"damage":22,"enemies":"Gremlin Nob","floor":7,"turns":4},{"damage":11,"enemies":"Looter","floor":8,"turns":3},{"damage":7,"enemies":"Exordium Wildlife","floor":12,"turns":4},{"damage":44,"enemies":"Slime Boss","floor":16,"turns":8}],"seed_played":"-3365529341682504038","potions_obtained":[{"floor":1,"key":"DuplicationPotion"},{"floor":4,"key":"EntropicBrew"},{"floor":5,"key":"Regen Potion"}],"is_trial":false,"path_per_floor":["M","$","M","M","M","R","E","M","T","R","$","M","?","$","R","B"],"character_chosen":"TD1MADAO_CLASS","items_purchased":["Awareness","Floating Swing Kick"],"campfire_rested":0,"item_purchase_floors":[11,14],"current_hp_per_floor":[69,69,68,62,59,59,49,38,38,38,38,32,32,32,32,0,0],"gold":44,"neow_bonus":"TEN_PERCENT_HP_BONUS","is_daily":false,"chose_seed":false,"campfire_upgraded":3,"win_rate":0.0,"timestamp":1613637327,"path_taken":["M","$","?","M","M","R","E","M","T","R","?","M","?","$","R","BOSS"],"items_purchased_type":["Card","Card"],"build_version":"2020-12-22","purchased_purges":1,"victory":false,"max_hp_per_floor":[77,77,77,77,77,77,77,77,77,77,77,77,77,77,77,77,77],"card_choices":[{"not_picked":["Cooling Song","Rupture"],"picked":"E MP","floor":1},{"not_picked":["Lunge","Fixing"],"picked":"Reinforcement Parts","floor":3},{"not_picked":["Machining","White Contract"],"picked":"Fire Up","floor":4},{"not_picked":["Revenge","Resistance"],"picked":"Lunge","floor":5},{"not_picked":["Transfer Energy","Ruin Defend","Money Cant Rescue"],"picked":"SKIP","floor":7},{"not_picked":["Here Defend Chip","Machining"],"picked":"Reflection Mechanism","floor":8},{"not_picked":["Reinforcement Parts","Machining"],"picked":"Defend System","floor":12}],"player_experience":385577,"relics_obtained":[{"floor":7,"key":"Unceasing Top"},{"floor":9,"key":"Anchor"}],"event_choices":[{"damage_healed":0,"gold_gain":0,"cards_transformed":["Defend_C"],"player_choice":"Change","damage_taken":0,"max_hp_gain":0,"max_hp_loss":0,"event_name":"Living Wall","floor":13,"gold_loss":0,"cards_obtained":["Preparedness"]}],"is_beta":false,"boss_relics":[],"items_purged_floors":[2],"is_endless":false,"potions_floor_spawned":[1,4,5],"killed_by":"Slime Boss","ascension_level":0}}