{"host":"y0i0tbisecj7yjyn","time":1613609107,"event":{"mods":["2.2 Compatiblity","AchievementEnabler","AlwaysNeverKeys","BaseMod","Better Third Choice","BetterRewards","Colored Map","Colored Powertips","Curses Come First","Disable Question Mark Monsters","Displayed Cursed Tome","Highlight Path","Keyboard Shortcuts","Minty Spire (QoL Compilation)","Quick Restart","Random Character Button","Rare Cards Sparkle","Relic Stats","Reliquary","Smile Girya","StSLib","SuperFastMode","The Marked","Transform Curses","Weighted Paths"],"gold_per_floor":[117,142,158,174,186,213,213],"floor_reached":6,"language":"ENG","playtime":263,"items_purged":[],"score":58,"play_id":"0d1efe59-7d8e-4415-86fc-d820be393db8","local_time":"20210217184507","is_ascension_mode":true,"campfire_choices":[],"circlet_count":0,"master_deck":["Strike_B","Strike_B","Strike_B","Defend_B","Defend_B","Defend_B","Defend_B","Zap","Dualcast","Impatience","The Bomb","Defragment","Conserve Battery"],"relics":["Cracked Core","Membership Card","Lantern","Anchor"],"acts_visited":["Exordium"],"potions_floor_usage":[],"damage_taken":[{"damage":1,"enemies":"Cultist","floor":1,"turns":3},{"damage":7,"enemies":"Jaw Worm","floor":3,"turns":3},{"damage":3,"enemies":"2 Louse","floor":4,"turns":3},{"damage":24,"enemies":"Exordium Thugs","floor":5,"turns":4},{"damage":32,"enemies":"Gremlin Nob","floor":6,"turns":4}],"seed_played":"4561397792877469191","potions_obtained":[{"floor":4,"key":"Block Potion"}],"is_trial":false,"path_per_floor":["M","T","M","M","M","E"],"character_chosen":"DEFECT","items_purchased":["Membership Card","Defragment"],"campfire_rested":0,"item_purchase_floors":[0,0],"current_hp_per_floor":[74,74,67,64,40,8,8],"gold":213,"neow_bonus":"","is_daily":false,"chose_seed":false,"campfire_upgraded":0,"win_rate":0.0,"timestamp":1613609107,"path_taken":["M","?","M","?","M","E"],"items_purchased_type":["Relic","Card"],"build_version":"2020-12-22","purchased_purges":0,"victory":false,"max_hp_per_floor":[75,75,75,75,75,75,75],"relic_stats":{"counters":[61,253],"obtain_stats":[{"reliquary:OuijaBoard":23,"Calipers":25,"Vajra":12,"reliquary:FerryPass":22,"Blood Vial":27,"Centennial Puzzle":26,"Prayer Wheel":11,"Fusion Hammer":17,"reliquary:ShortFuse":9,"Oddly Smooth Stone":8,"reliquary:TatteredRug":29,"Question Card":14,"Cables":7,"WarpedTongs":28,"reliquary:JackalopeAntler":6,"reliquary:BallBearing":9,"reliquary:Knoch":9,"Regal Pillow":8,"Lantern":24,"reliquary:Firecrackers":11,"Juzu Bracelet":27,"Bag of Preparation":14,"Ancient Tea Set":24,"reliquary:TridentHead":26,"Nunchaku":23,"Dream Catcher":0,"Matryoshka":13,"Shovel":9,"Toolbox":4,"reliquary:Buckler":32,"WingedGreaves":25,"Red Mask":30,"Cracked Core":0,"Runic Pyramid":17,"Potion Belt":6,"Lee\u0027s Waffle":14,"Omamori":8,"Frozen Egg 2":20,"Mercury Hourglass":3,"Strange Spoon":14,"reliquary:ExpiredCoupon":7,"Anchor":7,"DataDisk":26,"Ornamental Fan":26,"Coffee Dripper":17,"Art of War":10,"Membership Card":0,"FossilizedHelix":11,"TungstenRod":20},{"reliquary:OuijaBoard":38,"Calipers":52,"Vajra":17,"reliquary:FerryPass":11,"Blood Vial":53,"Centennial Puzzle":12,"Prayer Wheel":33,"Fusion Hammer":49,"reliquary:ShortFuse":6,"Oddly Smooth Stone":16,"reliquary:TatteredRug":54,"Question Card":48,"Cables":16,"WarpedTongs":39,"reliquary:JackalopeAntler":30,"reliquary:BallBearing":16,"reliquary:Knoch":46,"Regal Pillow":32,"Lantern":51,"reliquary:Firecrackers":7,"Juzu Bracelet":39,"Bag of Preparation":48,"Ancient Tea Set":51,"reliquary:TridentHead":52,"Nunchaku":12,"Dream Catcher":42,"Matryoshka":18,"Shovel":32,"Toolbox":21,"reliquary:Buckler":41,"WingedGreaves":39,"Red Mask":40,"Cracked Core":0,"Runic Pyramid":34,"Potion Belt":4,"Lee\u0027s Waffle":7,"Omamori":6,"Frozen Egg 2":10,"Mercury Hourglass":14,"Strange Spoon":24,"reliquary:ExpiredCoupon":46,"Anchor":22,"DataDisk":52,"Ornamental Fan":39,"Coffee Dripper":8,"Art of War":47,"Membership Card":56,"FossilizedHelix":23,"TungstenRod":35},{"reliquary:OuijaBoard":169,"Calipers":224,"Vajra":66,"reliquary:FerryPass":43,"Blood Vial":227,"Centennial Puzzle":47,"Prayer Wheel":142,"Fusion Hammer":213,"reliquary:ShortFuse":22,"Oddly Smooth Stone":63,"reliquary:TatteredRug":230,"Question Card":205,"Cables":63,"WarpedTongs":173,"reliquary:JackalopeAntler":128,"reliquary:BallBearing":63,"reliquary:Knoch":198,"Regal Pillow":136,"Lantern":220,"reliquary:Firecrackers":26,"Juzu Bracelet":173,"Bag of Preparation":205,"Ancient Tea Set":220,"reliquary:TridentHead":224,"Nunchaku":47,"Dream Catcher":186,"Matryoshka":71,"Shovel":136,"Toolbox":89,"reliquary:Buckler":178,"WingedGreaves":173,"Red Mask":175,"Cracked Core":0,"Runic Pyramid":150,"Potion Belt":13,"Lee\u0027s Waffle":26,"Omamori":22,"Frozen Egg 2":38,"Mercury Hourglass":53,"Strange Spoon":100,"reliquary:ExpiredCoupon":198,"Anchor":95,"DataDisk":224,"Ornamental Fan":173,"Coffee Dripper":31,"Art of War":203,"Membership Card":236,"FossilizedHelix":97,"TungstenRod":155}]},"card_choices":[{"not_picked":["Coolheaded","Chaos","Beam Cell"],"picked":"SKIP","floor":1},{"not_picked":["Cold Snap","Streamline","Compile Driver"],"picked":"SKIP","floor":3},{"not_picked":["Aggregate","Redo"],"picked":"Conserve Battery","floor":4},{"not_picked":["Recycle","Reinforced Body","Hologram"],"picked":"SKIP","floor":5}],"player_experience":474017,"relics_obtained":[{"floor":2,"key":"Lantern"},{"floor":6,"key":"Anchor"}],"event_choices":[],"is_beta":false,"boss_relics":[],"items_purged_floors":[],"is_endless":false,"potions_floor_spawned":[4],"killed_by":"Gremlin Nob","ascension_level":4}}