{"host":"test","time":1613671112,"event":{"mods":["BaseMod","Colored Map","Colored Powertips","Minty Spire (QoL Compilation)","Relic Stats","SpireBot","StSLib","Twitch Utils","ojb\u0027s Better Paths Mod","ojb\u0027s Info Mod"],"gold_per_floor":[117,117,117,137,5,5,5,5,5,5,30,30,58,78,78,155,155,165,165,165,33,33,68,68,100,100,117,130,130,142,158,158,232,232,244,22,40,40,58,93,106,106,130,149,149,165,165,195,195,195,195,195,195,22,55,55,55],"floor_reached":56,"language":"JPN","playtime":3821,"items_purged":["Strike_G","Strike_G"],"score":2206,"play_id":"b0622aea-b4aa-4637-b2f2-9b60c8d3c0e3","local_time":"20210219025832","is_ascension_mode":true,"campfire_choices":[{"data":"Blade Dance","floor":6.0,"key":"SMITH"},{"data":"Cloak And Dagger","floor":12.0,"key":"SMITH"},{"data":"Panache","floor":15.0,"key":"SMITH"},{"data":"Adrenaline","floor":24.0,"key":"SMITH"},{"floor":29.0,"key":"REST"},{"data":"Neutralize","floor":32.0,"key":"SMITH"},{"data":"Grand Finale","floor":42.0,"key":"SMITH"},{"data":"Finisher","floor":45.0,"key":"SMITH"},{"floor":47.0,"key":"RECALL"},{"data":"Flechettes","floor":49.0,"key":"SMITH"},{"data":"Leg Sweep","floor":53.0,"key":"SMITH"}],"circlet_count":0,"master_deck":["AscendersBane","Strike_G","Strike_G","Strike_G","Defend_G","Defend_G","Defend_G","Defend_G","Defend_G","Survivor","Neutralize+1","Panache+1","Cloak And Dagger+1","Blade Dance+1","All Out Attack","Leg Sweep+1","Blur","After Image+1","Dodge and Roll","Prepared","Adrenaline+1","Crippling Poison+1","Well Laid Plans+1","Prepared+1","Grand Finale+1","Concentrate+1","Prepared","Blur+1","PiercingWail","Finisher+1","Cloak And Dagger+1","Flechettes+1","Blade Dance","Accuracy"],"relics":["Ring of the Snake","Du-Vu Doll","Kunai","FossilizedHelix","Potion Belt","Pantograph","SacredBark","Turnip","Juzu Bracelet","Black Star","Membership Card","Ninja Scroll","Happy Flower","Regal Pillow","MealTicket","Gremlin Horn","OrangePellets","Nunchaku","Centennial Puzzle"],"acts_visited":["Exordium","TheCity","TheBeyond","TheEnding"],"potions_floor_usage":[56,56,56],"damage_taken":[{"damage":1.0,"enemies":"2 Louse","floor":1.0,"turns":5.0},{"damage":2.0,"enemies":"Jaw Worm","floor":4.0,"turns":5.0},{"damage":0.0,"enemies":"Gremlin Nob","floor":11.0,"turns":3.0},{"damage":0.0,"enemies":"Lagavulin","floor":13.0,"turns":7.0},{"damage":0.0,"enemies":"Small Slimes","floor":14.0,"turns":3.0},{"damage":0.0,"enemies":"Slime Boss","floor":16.0,"turns":9.0},{"damage":0.0,"enemies":"Spheric Guardian","floor":18.0,"turns":5.0},{"damage":15.0,"enemies":"Book of Stabbing","floor":23.0,"turns":10.0},{"damage":14.0,"enemies":"Slavers","floor":25.0,"turns":6.0},{"damage":6.0,"enemies":"3 Byrds","floor":27.0,"turns":4.0},{"damage":0.0,"enemies":"Snecko","floor":28.0,"turns":6.0},{"damage":0.0,"enemies":"Shelled Parasite and Fungi","floor":30.0,"turns":6.0},{"damage":0.0,"enemies":"Centurion and Healer","floor":31.0,"turns":7.0},{"damage":0.0,"enemies":"Champ","floor":33.0,"turns":15.0},{"damage":0.0,"enemies":"3 Darklings","floor":35.0,"turns":6.0},{"damage":0.0,"enemies":"Orb Walker","floor":37.0,"turns":4.0},{"damage":0.0,"enemies":"Sphere and 2 Shapes","floor":39.0,"turns":4.0},{"damage":9.0,"enemies":"Reptomancer","floor":40.0,"turns":5.0},{"damage":4.0,"enemies":"Spire Growth","floor":41.0,"turns":7.0},{"damage":0.0,"enemies":"Maw","floor":44.0,"turns":11.0},{"damage":0.0,"enemies":"Jaw Worm Horde","floor":46.0,"turns":2.0},{"damage":0.0,"enemies":"Nemesis","floor":48.0,"turns":7.0},{"damage":23.0,"enemies":"Awakened One","floor":50.0,"turns":26.0},{"damage":18.0,"enemies":"Time Eater","floor":51.0,"turns":10.0},{"damage":20.0,"enemies":"Shield and Spear","floor":55.0,"turns":4.0},{"damage":66,"enemies":"The Heart","floor":56,"turns":15}],"seed_played":"1079060694635660287","potions_obtained":[{"floor":11.0,"key":"Weak Potion"},{"floor":14.0,"key":"Swift Potion"},{"floor":18.0,"key":"Explosive Potion"},{"floor":27.0,"key":"Block Potion"},{"floor":28.0,"key":"DuplicationPotion"},{"floor":33.0,"key":"DuplicationPotion"},{"floor":35.0,"key":"Ancient Potion"},{"floor":37.0,"key":"ColorlessPotion"},{"floor":48.0,"key":"CultistPotion"},{"floor":55.0,"key":"DistilledChaos"}],"is_trial":false,"path_per_floor":["M","?","?","M","$","R","?","$","T","T","E","R","E","M","R","B",null,"M","?","?","$","?","E","R","E","T","M","M","R","M","M","R","B",null,"M","$","M","?","M","E","M","R","T","M","R","M","R","E","R","B","B",null,"R","$","E","B"],"character_chosen":"THE_SILENT","items_purchased":["All Out Attack","Block Potion","Prepared","Membership Card","Prepared","OrangePellets","Blade Dance","CunningPotion","SpeedPotion"],"campfire_rested":1,"item_purchase_floors":[5,5,21,36,36,54,54,54,54],"current_hp_per_floor":[58,63,52,50,50,50,50,50,50,50,50,50,50,50,50,65,65,65,65,65,65,65,50,50,36,36,30,30,49,49,49,49,65,65,65,65,65,62,62,53,49,49,49,49,49,49,49,49,49,39,44,58,58,62,42,0,0],"gold":55,"neow_bonus":"RANDOM_COLORLESS_2","is_daily":false,"chose_seed":true,"campfire_upgraded":9,"win_rate":0.0,"timestamp":1613671112,"path_taken":["M","?","?","M","$","R","?","?","T","?","E","R","E","M","R","BOSS","M","?","?","?","?","E","R","E","T","M","M","R","M","M","R","BOSS","M","?","M","?","M","E","M","R","T","M","R","M","R","E","R","BOSS","BOSS","R","$","E","BOSS"],"items_purchased_type":["Card","Potion","Card","Relic","Card","Relic","Card","Potion","Potion"],"build_version":"2020-12-18","purchased_purges":2,"victory":false,"max_hp_per_floor":[60,65,65,65,65,65,65,65,65,65,65,65,65,65,65,65,65,65,65,65,65,65,65,65,65,65,65,65,65,65,65,65,65,65,65,65,65,62,62,62,62,62,62,62,62,62,62,62,62,62,62,62,62,62,62,62,62],"relic_stats":{"Regal Pillow":0,"Happy Flower":[27],"Gremlin Horn":[4,4],"counters":[26,192],"Juzu Bracelet":0,"OrangePellets":[1],"Nunchaku":[5],"Centennial Puzzle":[3],"Pantograph":87,"MealTicket":4,"Turnip":[30],"Black Star":3,"Kunai":[130],"obtain_stats":[{"Potion Belt":11,"Regal Pillow":43,"Happy Flower":40,"Gremlin Horn":48,"SacredBark":17,"Juzu Bracelet":25,"Du-Vu Doll":3,"OrangePellets":54,"Nunchaku":55,"Centennial Puzzle":55,"Ninja Scroll":40,"Pantograph":13,"MealTicket":48,"Turnip":23,"Black Star":34,"Kunai":9,"Membership Card":36,"FossilizedHelix":10,"Ring of the Snake":0},{"Potion Belt":3,"Regal Pillow":19,"Happy Flower":18,"Gremlin Horn":22,"SacredBark":6,"Juzu Bracelet":9,"Du-Vu Doll":1,"OrangePellets":24,"Nunchaku":25,"Centennial Puzzle":25,"Ninja Scroll":18,"Pantograph":4,"MealTicket":22,"Turnip":8,"Black Star":14,"Kunai":2,"Membership Card":15,"FossilizedHelix":2,"Ring of the Snake":0},{"Potion Belt":13,"Regal Pillow":117,"Happy Flower":110,"Gremlin Horn":137,"SacredBark":32,"Juzu Bracelet":53,"Du-Vu Doll":5,"OrangePellets":173,"Nunchaku":177,"Centennial Puzzle":177,"Ninja Scroll":110,"Pantograph":20,"MealTicket":137,"Turnip":47,"Black Star":91,"Kunai":10,"Membership Card":97,"FossilizedHelix":10,"Ring of the Snake":0}],"Ring of the Snake":[52]},"card_choices":[{"not_picked":["Sadistic Nature","Thinking Ahead"],"picked":"Panache","floor":0.0},{"not_picked":["Dagger Throw","Quick Slash"],"picked":"Cloak And Dagger","floor":1.0},{"not_picked":["Tactician","Quick Slash"],"picked":"Blade Dance","floor":4.0},{"not_picked":["Expertise","Slice"],"picked":"Leg Sweep","floor":11.0},{"not_picked":["Noxious Fumes","Calculated Gamble"],"picked":"Blur","floor":13.0},{"not_picked":["Poisoned Stab","Dagger Throw","Flying Knee"],"picked":"SKIP","floor":14.0},{"not_picked":["Corpse Explosion","Adrenaline"],"picked":"After Image","floor":16.0},{"not_picked":["Catalyst","Bane"],"picked":"Dodge and Roll","floor":18.0},{"not_picked":["Quick Slash","Leg Sweep"],"picked":"Adrenaline","floor":23.0},{"not_picked":["Caltrops","Glass Knife"],"picked":"Crippling Poison+1","floor":25.0},{"not_picked":["Bane","Dagger Throw"],"picked":"Well Laid Plans+1","floor":27.0},{"not_picked":["Quick Slash","Riddle With Holes","Slice"],"picked":"SKIP","floor":28.0},{"not_picked":["Bane+1","Slice+1"],"picked":"Prepared+1","floor":30.0},{"not_picked":["Dodge and Roll","Catalyst","Dagger Throw"],"picked":"SKIP","floor":31.0},{"not_picked":["Bullet Time","Corpse Explosion"],"picked":"Grand Finale","floor":33.0},{"not_picked":["Deflect","Quick Slash"],"picked":"Concentrate+1","floor":35.0},{"not_picked":["Distraction","Infinite Blades"],"picked":"Blur+1","floor":37.0},{"not_picked":["Caltrops","Riddle With Holes+1","Deadly Poison"],"picked":"SKIP","floor":39.0},{"not_picked":["Deadly Poison","All Out Attack","Glass Knife"],"picked":"SKIP","floor":40.0},{"not_picked":["Quick Slash","Prepared"],"picked":"PiercingWail","floor":41.0},{"not_picked":["Slice","Quick Slash+1"],"picked":"Finisher","floor":44.0},{"not_picked":["Flying Knee","Deflect"],"picked":"Cloak And Dagger+1","floor":46.0},{"not_picked":["PiercingWail","Quick Slash+1"],"picked":"Flechettes","floor":48.0},{"not_picked":["Heel Hook+1","Deadly Poison+1"],"picked":"Accuracy","floor":55.0}],"player_experience":2070266,"relics_obtained":[{"floor":9.0,"key":"Kunai"},{"floor":10.0,"key":"FossilizedHelix"},{"floor":11.0,"key":"Potion Belt"},{"floor":13.0,"key":"Pantograph"},{"floor":23.0,"key":"Turnip"},{"floor":25.0,"key":"Juzu Bracelet"},{"floor":40.0,"key":"Ninja Scroll"},{"floor":40.0,"key":"Happy Flower"},{"floor":43.0,"key":"Regal Pillow"},{"floor":48.0,"key":"MealTicket"},{"floor":48.0,"key":"Gremlin Horn"},{"floor":55.0,"key":"Nunchaku"},{"floor":55.0,"key":"Centennial Puzzle"}],"event_choices":[{"damage_healed":0.0,"max_hp_gain":5.0,"max_hp_loss":0.0,"gold_gain":0.0,"event_name":"Big Fish","player_choice":"Donut","floor":2.0,"gold_loss":0.0,"damage_taken":0.0},{"damage_healed":0.0,"max_hp_gain":0.0,"max_hp_loss":0.0,"gold_gain":0.0,"event_name":"Scrap Ooze","player_choice":"Success","floor":3.0,"gold_loss":0.0,"damage_taken":11.0,"relics_obtained":["Du-Vu Doll"]},{"damage_healed":0.0,"max_hp_gain":0.0,"max_hp_loss":0.0,"gold_gain":0.0,"event_name":"Liars Game","player_choice":"Ignored","floor":7.0,"gold_loss":0.0,"damage_taken":0.0},{"damage_healed":0.0,"max_hp_gain":0.0,"max_hp_loss":0.0,"gold_gain":0.0,"event_name":"Ghosts","player_choice":"Ignored","floor":19.0,"gold_loss":0.0,"damage_taken":0.0},{"damage_healed":0.0,"max_hp_gain":0.0,"max_hp_loss":0.0,"gold_gain":0.0,"event_name":"Vampires","player_choice":"Ignored","floor":20.0,"gold_loss":0.0,"damage_taken":0.0},{"damage_healed":0.0,"max_hp_gain":0.0,"max_hp_loss":0.0,"gold_gain":0.0,"event_name":"Accursed Blacksmith","player_choice":"Forge","floor":22.0,"gold_loss":0.0,"damage_taken":0.0,"cards_upgraded":["After Image"]},{"damage_healed":0.0,"max_hp_gain":0.0,"max_hp_loss":3.0,"gold_gain":0.0,"event_name":"Winding Halls","player_choice":"Max HP","floor":38.0,"gold_loss":0.0,"damage_taken":0.0}],"is_beta":true,"boss_relics":[{"not_picked":["Velvet Choker","Ring of the Serpent"],"picked":"SacredBark"},{"not_picked":["Tiny House","Runic Dome"],"picked":"Black Star"}],"items_purged_floors":[21,36],"is_endless":false,"potions_floor_spawned":[11,14,18,27,28,33,35,37,48,55],"killed_by":"The Heart","ascension_level":20}}