{"host":"dztixnx9b0gu6w9i","time":1613690862,"event":{"mods":["BaseMod","Bestiary","Minty Spire (QoL Compilation)","Relic Stats","SpireBot","ojb\u0027s Better Paths Mod","ojb\u0027s Info Mod"],"gold_per_floor":[114,114,127,52,66,100,100,117,117,117,117,117,134,134,134,209,209,226,236,236,236],"floor_reached":20,"language":"ENG","playtime":1683,"items_purged":[],"score":348,"play_id":"852ab163-d450-4b0a-bdd4-acb46836d406","local_time":"20210218182742","is_ascension_mode":true,"campfire_choices":[{"floor":7,"key":"REST"},{"floor":10,"key":"REST"},{"data":"1","floor":12,"key":"LIFT"},{"floor":15,"key":"REST"}],"circlet_count":0,"master_deck":["AscendersBane","Strike_B","Strike_B","Strike_B","Strike_B","Defend_B","Defend_B","Defend_B","Defend_B","Zap","Dualcast","Rebound","Ball Lightning","Ball Lightning","Tempest","Leap","Pain","Streamline","Coolheaded","Creative AI","Chill"],"relics":["Cursed Key","Potion Belt","Girya","Snecko Eye"],"acts_visited":["Exordium","TheCity"],"potions_floor_usage":[6,20],"damage_taken":[{"damage":8,"enemies":"2 Louse","floor":1,"turns":3},{"damage":7,"enemies":"Jaw Worm","floor":3,"turns":3},{"damage":0,"enemies":"Cultist","floor":5,"turns":3},{"damage":20,"enemies":"Lagavulin","floor":6,"turns":5},{"damage":15,"enemies":"Large Slime","floor":8,"turns":4},{"damage":10,"enemies":"Gremlin Gang","floor":13,"turns":4},{"damage":27,"enemies":"Slime Boss","floor":16,"turns":7},{"damage":27,"enemies":"2 Thieves","floor":18,"turns":3},{"damage":6,"enemies":"Spheric Guardian","floor":19,"turns":3},{"damage":26,"enemies":"Snake Plant","floor":20,"turns":2}],"seed_played":"-8339152518893100510","potions_obtained":[{"floor":3,"key":"PowerPotion"},{"floor":16,"key":"Dexterity Potion"}],"is_trial":false,"path_per_floor":["M","?","M","?","M","E","R","M","T","R","T","R","M","?","R","B",null,"M","M","M"],"character_chosen":"DEFECT","items_purchased":[],"campfire_rested":3,"item_purchase_floors":[],"current_hp_per_floor":[56,30,23,23,23,3,24,9,9,30,30,30,20,20,41,14,57,30,24,0,0],"gold":236,"neow_bonus":"BOSS_RELIC","is_daily":false,"chose_seed":false,"campfire_upgraded":0,"win_rate":0.0,"timestamp":1613690862,"path_taken":["M","?","M","?","M","E","R","M","T","R","?","R","M","?","R","BOSS","M","?","M"],"items_purchased_type":[],"build_version":"2020-12-22","purchased_purges":0,"victory":false,"max_hp_per_floor":[71,71,71,71,71,71,71,71,71,71,71,71,71,71,71,71,71,71,71,71,71],"relic_stats":{"counters":[10,37],"Snecko Eye":[20,10,13,8],"Cursed Key":1,"obtain_stats":[{"Potion Belt":6,"Girya":11,"Snecko Eye":17,"Cracked Core":0,"Cursed Key":0},{"Potion Belt":4,"Girya":5,"Snecko Eye":7,"Cracked Core":0,"Cursed Key":0},{"Potion Belt":14,"Girya":18,"Snecko Eye":29,"Cracked Core":0,"Cursed Key":0}]},"card_choices":[{"not_picked":["Aggregate","Steam"],"picked":"Rebound","floor":1},{"not_picked":["Stack","Compile Driver"],"picked":"Ball Lightning","floor":3},{"not_picked":["Chill","Reprogram"],"picked":"Ball Lightning","floor":5},{"not_picked":["Turbo","Gash"],"picked":"Tempest","floor":6},{"not_picked":["Ball Lightning","Gash"],"picked":"Leap","floor":8},{"not_picked":["Go for the Eyes","Gash"],"picked":"Streamline","floor":13},{"not_picked":["Fission","Amplify"],"picked":"Creative AI","floor":16},{"not_picked":["Streamline","Go for the Eyes","Rip and Tear"],"picked":"SKIP","floor":18},{"not_picked":["Storm+1","Blizzard"],"picked":"Chill","floor":19}],"player_experience":8706571,"relics_obtained":[{"floor":6,"key":"Potion Belt"},{"floor":11,"key":"Girya"}],"event_choices":[{"damage_healed":0,"gold_gain":0,"player_choice":"Fled","damage_taken":26,"max_hp_gain":0,"max_hp_loss":0,"event_name":"Scrap Ooze","floor":2,"gold_loss":0},{"damage_healed":0,"gold_gain":0,"player_choice":"Left Gold","damage_taken":0,"max_hp_gain":0,"max_hp_loss":0,"event_name":"World of Goop","floor":4,"gold_loss":75},{"damage_healed":0,"gold_gain":0,"player_choice":"1 cards matched","damage_taken":0,"max_hp_gain":0,"max_hp_loss":0,"event_name":"Match and Keep!","floor":14,"gold_loss":0,"cards_obtained":["Coolheaded"]}],"is_beta":false,"boss_relics":[{"not_picked":["Pandora\u0027s Box","Runic Dome"],"picked":"Snecko Eye"}],"items_purged_floors":[],"is_endless":false,"potions_floor_spawned":[3,16],"killed_by":"Snake Plant","ascension_level":20}}