{"host":"xp5rvh2jwe2ejyfm","time":1613653948,"event":{"mods":["2.2 Compatiblity","Aspiration","BaseMod","Better Altar","Better Match","Better Note","Better Sensory Stone","Better Skull","BetterRewards","Colored Powertips","Conspire","Downfall","GifTheSpireLib","Gremlin Mod","GungeonMod","Hermit","Hubris","Jorbs\u0027s Wanderer Trilogy","Minty Spire (QoL Compilation)","Potionbrewer","Quick Restart","Replay The Spire","Robot Space Explorer","Shade Mod","Somnambulant","StSLib","The Bug Knight","The Clintock","The Construct","The Cursed","The Disciple","The Forsaken","The Hierophant","The Marked","The Necromancer","The Runesmith","The Servant 0.9.4","The Valiant","The Witch","TheFirefly","thorton"],"gold_per_floor":[111,134,147,166,166,200,200,213,240,256,11,11,38,50,50,50,50],"floor_reached":16,"language":"ENG","playtime":505,"items_purged":[],"score":112,"play_id":"6c0b3dcc-ecd4-405d-bb95-f7d96dbd7484","local_time":"20210218081228","is_ascension_mode":false,"campfire_choices":[{"floor":7,"key":"RECALL"},{"floor":15,"key":"REST"}],"circlet_count":0,"master_deck":["RobotSpaceExplorer:Strike","RobotSpaceExplorer:Strike","RobotSpaceExplorer:Strike","RobotSpaceExplorer:Strike","RobotSpaceExplorer:Defend","RobotSpaceExplorer:Defend","RobotSpaceExplorer:Defend","RobotSpaceExplorer:Defend","RobotSpaceExplorer:Scan","RobotSpaceExplorer:MiniLasers","RobotSpaceExplorer:BigMissile","RobotSpaceExplorer:Pulsar","RobotSpaceExplorer:Probe","Panache+1","RobotSpaceExplorer:Scanner+1","RobotSpaceExplorer:FranticSearch","RobotSpaceExplorer:PlasmaMissile","RobotSpaceExplorer:StarDust","RobotSpaceExplorer:Ammunition","RobotSpaceExplorer:Pulsar","RobotSpaceExplorer:Reload"],"relics":["RobotSpaceExplorer:RoboCore","NeowsBlessing","MealTicket","aspiration:HiddenCompartment","Guide Book","DemoMod:PoisonVial"],"acts_visited":["Exordium"],"potions_floor_usage":[6,6,8,16],"damage_taken":[{"damage":0,"enemies":"Cultist","floor":1,"turns":1},{"damage":0,"enemies":"Small Slimes","floor":3,"turns":1},{"damage":0,"enemies":"2 Louse","floor":4,"turns":1},{"damage":35,"enemies":"Lagavulin","floor":6,"turns":8},{"damage":21,"enemies":"Gremlin Gang","floor":8,"turns":7},{"damage":6,"enemies":"Red Slaver","floor":10,"turns":4},{"damage":11,"enemies":"Replay:BlueRogue","floor":13,"turns":5},{"damage":18,"enemies":"Exordium Wildlife","floor":14,"turns":3},{"damage":39,"enemies":"The Guardian","floor":16,"turns":8}],"seed_played":"3593320065538849875","potions_obtained":[{"floor":3,"key":"potionbrewer:AcidPotion"},{"floor":4,"key":"potionbrewer:AcidPotion"},{"floor":6,"key":"Energy Potion"},{"floor":8,"key":"Strength Potion"}],"is_trial":false,"path_per_floor":["M","T","M","M","?","E","R","M","T","M","$","$","E","M","R","B"],"character_chosen":"RobotSpaceExplorer","items_purchased":["RobotSpaceExplorer:StarDust","Guide Book","RobotSpaceExplorer:Ammunition"],"campfire_rested":1,"item_purchase_floors":[11,11,11],"current_hp_per_floor":[75,75,75,75,75,40,40,19,19,13,28,43,32,14,36,0,0],"gold":50,"neow_bonus":"THREE_ENEMY_KILL","is_daily":false,"chose_seed":false,"campfire_upgraded":0,"win_rate":0.0,"timestamp":1613653948,"path_taken":["M","?","M","M","?","E","R","?","T","M","?","$","E","M","R","BOSS"],"items_purchased_type":["Card","Relic","Card"],"build_version":"2020-12-22","purchased_purges":0,"victory":false,"max_hp_per_floor":[75,75,75,75,75,75,75,75,75,75,75,75,75,75,75,75,75],"card_choices":[{"not_picked":["RobotSpaceExplorer:Ammunition","RobotSpaceExplorer:ScrapMissile"],"picked":"RobotSpaceExplorer:BigMissile","floor":1},{"not_picked":["RobotSpaceExplorer:DualCore","RobotSpaceExplorer:PlasmaMissile"],"picked":"RobotSpaceExplorer:Pulsar","floor":3},{"not_picked":["RobotSpaceExplorer:Electropulse","RobotSpaceExplorer:ScrapMissile"],"picked":"RobotSpaceExplorer:Probe","floor":4},{"not_picked":["Madness","Transmutation"],"picked":"Panache","floor":5},{"not_picked":["RobotSpaceExplorer:TurboDodge","RobotSpaceExplorer:ShockKick"],"picked":"RobotSpaceExplorer:Scanner","floor":6},{"not_picked":["RobotSpaceExplorer:SlimeMissile","RobotSpaceExplorer:ExhaustFan"],"picked":"RobotSpaceExplorer:FranticSearch","floor":8},{"not_picked":["RobotSpaceExplorer:Electroshield","RobotSpaceExplorer:ExhaustFan"],"picked":"RobotSpaceExplorer:PlasmaMissile","floor":10},{"not_picked":["RobotSpaceExplorer:ImprovisedAttack","RobotSpaceExplorer:IronShell"],"picked":"RobotSpaceExplorer:Pulsar","floor":13},{"not_picked":["RobotSpaceExplorer:JunkDive","RobotSpaceExplorer:Jetpack"],"picked":"RobotSpaceExplorer:Reload","floor":14}],"player_experience":523652,"relics_obtained":[{"floor":2,"key":"MealTicket"},{"floor":6,"key":"aspiration:HiddenCompartment"},{"floor":13,"key":"DemoMod:PoisonVial"}],"event_choices":[{"damage_healed":0,"gold_gain":1,"player_choice":"1","damage_taken":0,"max_hp_gain":0,"max_hp_loss":0,"event_name":"betterStone:BetterStone","floor":5,"gold_loss":0}],"is_beta":false,"boss_relics":[],"items_purged_floors":[],"is_endless":false,"potions_floor_spawned":[3,4,6,8],"killed_by":"The Guardian","ascension_level":0}}