{"host":"w4b7hmige5bnqipq","time":1613632034,"event":{"mods":["2.2 Compatiblity","BaseMod","Colored Map","DeckTracker","Keyboard Shortcuts","Minty Spire (QoL Compilation)","Permanent Neow","Rare Cards Sparkle","SuperFastMode","everything is the same but u backflip on backflip","slay the spire mod where everything is the same but ironclad has a cowboy hat"],"gold_per_floor":[361,374,392,402,402,402,432,432,432,228,253,253,280,290,290,366,366,386,406,406,406,406,406,438,453,453,485,505,161,196,216,216,293,293,307,257,24,43,53,79,89,89,140,90,109,139,139,170,170,170,170,170,23,56,56],"floor_reached":56,"language":"KOR","playtime":4415,"items_purged":["Strike_B","Strike_B","Doubt","Decay"],"score":2220,"play_id":"ff61a392-63f7-4f4d-b922-3ab9d3d088ae","local_time":"20210218160714","is_ascension_mode":true,"campfire_choices":[{"data":"Zap","floor":6.0,"key":"SMITH"},{"data":"Glacier","floor":8.0,"key":"SMITH"},{"data":"Chill","floor":12.0,"key":"SMITH"},{"data":"Coolheaded","floor":15.0,"key":"SMITH"},{"data":"Seek","floor":23.0,"key":"SMITH"},{"data":"Capacitor","floor":32.0,"key":"SMITH"},{"data":"Consume","floor":42.0,"key":"SMITH"},{"floor":47,"key":"RECALL"},{"data":"Capacitor","floor":49,"key":"SMITH"},{"data":"Coolheaded","floor":52,"key":"SMITH"}],"circlet_count":0,"master_deck":["AscendersBane","Strike_B","Strike_B","Defend_B","Defend_B","Defend_B","Defend_B","Zap+1","Dualcast","Cold Snap","Coolheaded+1","Double Energy+1","Glacier+1","Chill+1","Blizzard+1","Glacier","Melter+1","Turbo","Seek+1","Cold Snap+1","Coolheaded+1","Skim+1","Compile Driver+1","Cold Snap+1","Blizzard+1","Capacitor+1","Echo Form","Self Repair","Capacitor+1","Blizzard+1","Consume+1","Core Surge+1","Recycle"],"relics":["Cracked Core","WingedGreaves","Molten Egg 2","White Beast Statue","Pen Nib","Cursed Key","Orichalcum","Gremlin Horn","Smiling Mask","Frozen Eye","Darkstone Periapt","Coffee Dripper","Runic Capacitor","Bottled Tornado","MealTicket","Pantograph","Kunai"],"acts_visited":["Exordium","TheCity","TheBeyond","TheEnding"],"potions_floor_usage":[46,50,54,54,55],"damage_taken":[{"damage":13.0,"enemies":"Small Slimes","floor":1.0,"turns":6.0},{"damage":0.0,"enemies":"2 Louse","floor":2.0,"turns":3.0},{"damage":2.0,"enemies":"Jaw Worm","floor":3.0,"turns":3.0},{"damage":0.0,"enemies":"2 Fungi Beasts","floor":4.0,"turns":3.0},{"damage":6.0,"enemies":"3 Sentries","floor":7.0,"turns":10.0},{"damage":6.0,"enemies":"Lagavulin","floor":11.0,"turns":6.0},{"damage":0.0,"enemies":"3 Sentries","floor":13.0,"turns":5.0},{"damage":3.0,"enemies":"Red Slaver","floor":14.0,"turns":4.0},{"damage":11.0,"enemies":"The Guardian","floor":16.0,"turns":11.0},{"damage":0.0,"enemies":"Spheric Guardian","floor":18.0,"turns":2.0},{"damage":7.0,"enemies":"3 Byrds","floor":19.0,"turns":5.0},{"damage":17.0,"enemies":"Book of Stabbing","floor":24.0,"turns":7.0},{"damage":0.0,"enemies":"Sentry and Sphere","floor":25.0,"turns":2.0},{"damage":0.0,"enemies":"Gremlin Leader","floor":27.0,"turns":7.0},{"damage":0.0,"enemies":"3 Cultists","floor":28.0,"turns":5.0},{"damage":15.0,"enemies":"Book of Stabbing","floor":30.0,"turns":5.0},{"damage":0.0,"enemies":"Centurion and Healer","floor":31.0,"turns":6.0},{"damage":12.0,"enemies":"Automaton","floor":33.0,"turns":9.0},{"damage":4.0,"enemies":"3 Shapes","floor":35.0,"turns":5.0},{"damage":0.0,"enemies":"3 Darklings","floor":38.0,"turns":3.0},{"damage":31.0,"enemies":"Spire Growth","floor":39.0,"turns":6.0},{"damage":19.0,"enemies":"Nemesis","floor":40.0,"turns":7.0},{"damage":0.0,"enemies":"Jaw Worm Horde","floor":41.0,"turns":4.0},{"damage":2.0,"enemies":"Transient","floor":45.0,"turns":6.0},{"damage":14,"enemies":"Reptomancer","floor":46,"turns":5},{"damage":1,"enemies":"Giant Head","floor":48,"turns":9},{"damage":12,"enemies":"Donu and Deca","floor":50,"turns":9},{"damage":24,"enemies":"Shield and Spear","floor":54,"turns":8},{"damage":72,"enemies":"The Heart","floor":55,"turns":12}],"seed_played":"1468499868247817796","potions_obtained":[{"floor":2.0,"key":"GamblersBrew"},{"floor":4.0,"key":"BlessingOfTheForge"},{"floor":11.0,"key":"SkillPotion"},{"floor":25.0,"key":"FocusPotion"},{"floor":33.0,"key":"DistilledChaos"},{"floor":38.0,"key":"Block Potion"},{"floor":39.0,"key":"Block Potion"},{"floor":40.0,"key":"Explosive Potion"},{"floor":45.0,"key":"ColorlessPotion"},{"floor":46,"key":"DistilledChaos"},{"floor":48,"key":"FearPotion"},{"floor":54,"key":"Weak Potion"}],"is_trial":false,"path_per_floor":["M","M","M","M","?","R","E","R","T","$","E","R","E","M","R","B",null,"M","M","?","?","?","R","E","M","T","E","M","$","E","M","R","B",null,"M","?","$","M","M","E","M","R","T","$","M","E","R","E","R","B",null,"R","$","E","B",null],"character_chosen":"DEFECT","items_purchased":["Blizzard+1","Glacier","Blizzard+1","Capacitor","Frozen Eye","Self Repair","Runic Capacitor","Recycle","Block Potion"],"campfire_rested":0,"item_purchase_floors":[10,10,29,29,29,37,37,53,53],"current_hp_per_floor":[33,33,31,31,54,54,48,48,48,48,42,42,42,39,39,28,60,60,53,53,53,53,53,36,36,36,36,36,36,21,21,21,9,56,52,52,52,59,35,30,30,30,36,36,41,41,41,54,54,65,74,74,77,67,5],"gold":56,"neow_bonus":"TWO_FIFTY_GOLD","is_daily":false,"chose_seed":false,"campfire_upgraded":9,"win_rate":0.0,"timestamp":1613632034,"path_taken":["M","M","M","M","?","R","E","R","T","$","E","R","E","M","R","BOSS","M","M","?","?","?","R","E","M","T","E","M","$","E","?","R","BOSS","M","?","$","M","?","E","M","R","T","$","M","E","R","E","R","BOSS","R","$","E","BOSS"],"items_purchased_type":["Card","Card","Card","Card","Relic","Card","Relic","Card","Potion"],"build_version":"2020-12-22","purchased_purges":4,"victory":true,"max_hp_per_floor":[71,71,71,71,71,71,71,71,71,71,71,71,71,71,71,71,71,71,71,71,71,71,71,71,71,71,71,71,71,71,71,71,71,71,71,71,71,71,71,71,71,71,77,77,77,77,77,77,77,77,77,77,77,77,77],"card_choices":[{"not_picked":["Redo","Reinforced Body"],"picked":"Cold Snap","floor":1.0},{"not_picked":["Storm","Compile Driver"],"picked":"Coolheaded","floor":2.0},{"not_picked":["Recycle","Fission"],"picked":"Double Energy","floor":3.0},{"not_picked":["Storm","Go for the Eyes"],"picked":"Glacier","floor":4.0},{"not_picked":["Leap","Machine Learning"],"picked":"Chill","floor":7.0},{"not_picked":["Redo","Leap"],"picked":"Melter+1","floor":11.0},{"not_picked":["Fusion","Ball Lightning+1"],"picked":"Turbo","floor":13.0},{"not_picked":["Reinforced Body","Redo","BootSequence"],"picked":"SKIP","floor":14.0},{"not_picked":["Machine Learning","Reboot"],"picked":"Seek","floor":16.0},{"not_picked":["Ball Lightning+1","Steam"],"picked":"Cold Snap+1","floor":18.0},{"not_picked":["Reinforced Body","Steam"],"picked":"Coolheaded","floor":19.0},{"not_picked":["Auto Shields+1","Gash+1"],"picked":"Skim","floor":24.0},{"not_picked":["All For One+1","Coolheaded","Sweeping Beam+1"],"picked":"SKIP","floor":25.0},{"not_picked":["Meteor Strike+1","Turbo"],"picked":"Compile Driver+1","floor":27.0},{"not_picked":["Stack","Gash+1"],"picked":"Cold Snap+1","floor":28.0},{"not_picked":["All For One+1","Barrage+1","Turbo+1"],"picked":"SKIP","floor":30.0},{"not_picked":["Tempest","Auto Shields","Steam Power+1"],"picked":"SKIP","floor":31.0},{"not_picked":["Reboot","Thunder Strike+1"],"picked":"Echo Form","floor":33.0},{"not_picked":["Stack","Conserve Battery","Gash+1"],"picked":"SKIP","floor":35.0},{"not_picked":["Streamline+1","Steam Power","Leap"],"picked":"SKIP","floor":38.0},{"not_picked":["Steam+1","Compile Driver+1"],"picked":"Capacitor","floor":39.0},{"not_picked":["White Noise","Sunder+1"],"picked":"Blizzard+1","floor":40.0},{"not_picked":["Gash+1","Double Energy"],"picked":"Consume","floor":41.0},{"not_picked":["Capacitor+1","Ball Lightning+1","Static Discharge"],"picked":"SKIP","floor":45.0},{"not_picked":["Go for the Eyes+1","Undo"],"picked":"Core Surge+1","floor":46},{"not_picked":["Static Discharge","White Noise","Aggregate"],"picked":"SKIP","floor":48},{"not_picked":["Steam","Streamline+1","Loop"],"picked":"SKIP","floor":54}],"player_experience":774202,"relics_obtained":[{"floor":7.0,"key":"WingedGreaves"},{"floor":9.0,"key":"Molten Egg 2"},{"floor":11.0,"key":"White Beast Statue"},{"floor":13.0,"key":"Pen Nib"},{"floor":24.0,"key":"Orichalcum"},{"floor":26.0,"key":"Gremlin Horn"},{"floor":27.0,"key":"Smiling Mask"},{"floor":30.0,"key":"Darkstone Periapt"},{"floor":40.0,"key":"Bottled Tornado"},{"floor":46,"key":"MealTicket"},{"floor":48,"key":"Pantograph"},{"floor":54,"key":"Kunai"}],"event_choices":[{"damage_healed":23.0,"max_hp_gain":0.0,"max_hp_loss":0.0,"gold_gain":0.0,"event_name":"Big Fish","player_choice":"Banana","floor":5.0,"gold_loss":0.0,"damage_taken":0.0},{"damage_healed":0.0,"max_hp_gain":0.0,"max_hp_loss":0.0,"gold_gain":0.0,"event_name":"Cursed Tome","player_choice":"Ignored","floor":20.0,"gold_loss":0.0,"damage_taken":0.0},{"damage_healed":0.0,"max_hp_gain":0.0,"max_hp_loss":0.0,"gold_gain":0.0,"event_name":"Ghosts","player_choice":"Ignored","floor":21.0,"gold_loss":0.0,"damage_taken":0.0},{"damage_healed":0.0,"max_hp_gain":0.0,"max_hp_loss":0.0,"gold_gain":0.0,"event_name":"Vampires","player_choice":"Ignored","floor":22.0,"gold_loss":0.0,"damage_taken":0.0},{"damage_healed":0.0,"max_hp_gain":0.0,"max_hp_loss":0.0,"gold_gain":0.0,"event_name":"Designer","player_choice":"Upgraded Two","floor":36.0,"gold_loss":50.0,"damage_taken":0.0,"cards_upgraded":["Skim","Double Energy"]}],"is_beta":false,"boss_relics":[{"not_picked":["Fusion Hammer","Black Star"],"picked":"Cursed Key"},{"not_picked":["Runic Pyramid","Nuclear Battery"],"picked":"Coffee Dripper"}],"items_purged_floors":[10,29,44,53],"is_endless":false,"potions_floor_spawned":[2,4,11,13,14,16,18,19,24,25,27,28,30,31,33,35,38,39,40,41,45,46,48,54],"ascension_level":17}}