{"host":"72n3jwtrlpjobydj","time":1613656474,"event":{"mods":["AchievementEnabler","BaseMod","CapriCore","DeckTracker","Hermit","Koishi","KomeijiMod","Lobotomy","Marisa£¨Ùöéë¡¡Øª×âÞÞ£©","Minty Spire (QoL Compilation)","Permanent Neow","StSLib","SuperFastMode","The Cursed","The Hierophant","The Immortal"],"gold_per_floor":[114,189,209,223,234,234,234,234,234,249,249,285,305,62,62,193,193,214,214,214,164,164,164,164,164,164,182,182,182,220,220,220,220,220],"floor_reached":33,"language":"KOR","playtime":728,"items_purged":[],"score":261,"play_id":"f99cfaaf-688a-494b-a154-e6ba1727596c","local_time":"20210218225434","is_ascension_mode":false,"campfire_choices":[{"floor":8,"key":"REST"},{"data":"Twin Strike","floor":15,"key":"SMITH"},{"data":"Twin Strike","floor":23,"key":"SMITH"},{"data":"Flex","floor":25,"key":"SMITH"},{"floor":28,"key":"REST"},{"floor":32,"key":"REST"}],"circlet_count":0,"master_deck":["Strike_R","Strike_R","Strike_R","Strike_R","Strike_R","Defend_R","Defend_R","Defend_R","Defend_R","Pommel Strike","Flex+1","Twin Strike+1","Twin Strike+1","CurseOfTheBell","Dual Wield+1","Pommel Strike+1","Perfected Strike+1","Dual Wield"],"relics":["Burning Blood","Golden Idol","Orichalcum","Frozen Egg 2","Molten Egg 2","Calling Bell","Tiny Chest","Mercury Hourglass","WingedGreaves","NlothsMask","Thread and Needle","Happy Flower","Pen Nib"],"acts_visited":["Exordium","TheCity"],"potions_floor_usage":[1,10,10,12,16,16,30],"damage_taken":[{"damage":6,"enemies":"Cultist","floor":1,"turns":3},{"damage":1,"enemies":"Jaw Worm","floor":3,"turns":3},{"damage":2,"enemies":"Small Slimes","floor":4,"turns":4},{"damage":9,"enemies":"Blue Slaver","floor":5,"turns":3},{"damage":5,"enemies":"Lots of Slimes","floor":10,"turns":4},{"damage":2,"enemies":"Gremlin Nob","floor":12,"turns":3},{"damage":7,"enemies":"2 Fungi Beasts","floor":13,"turns":4},{"damage":71,"enemies":"Hexaghost","floor":16,"turns":10},{"damage":11,"enemies":"3 Byrds","floor":18,"turns":5},{"damage":24,"enemies":"Shell Parasite","floor":27,"turns":5},{"damage":44,"enemies":"Book of Stabbing","floor":30,"turns":5},{"damage":87,"enemies":"Champ","floor":33,"turns":9}],"seed_played":"-2855978831740006684","potions_obtained":[{"floor":0,"key":"RedTea"},{"floor":0,"key":"HeartOfIron"},{"floor":0,"key":"Energy Potion"},{"floor":3,"key":"BlessingOfTheForge"},{"floor":10,"key":"LiquidBronze"},{"floor":13,"key":"PowerPotion"},{"floor":16,"key":"Fire Potion"}],"is_trial":false,"path_per_floor":["M","?","M","M","M","?","?","R","T","M","$","E","M","$","R","B",null,"M","$","$","$","?","R","?","R","T","M","R","T","E","T","R","B"],"character_chosen":"IRONCLAD","items_purchased":["Molten Egg 2","Pommel Strike+1"],"campfire_rested":3,"item_purchase_floors":[14,21],"current_hp_per_floor":[80,69,74,78,75,55,48,72,72,73,73,77,76,76,76,11,80,75,75,75,75,75,75,75,75,75,57,80,80,42,42,66,0,0],"gold":220,"neow_bonus":"THREE_SMALL_POTIONS","is_daily":false,"chose_seed":false,"campfire_upgraded":3,"win_rate":0.0,"timestamp":1613656474,"path_taken":["M","?","M","M","M","?","?","R","T","M","?","E","M","$","R","BOSS","M","?","$","$","?","R","?","R","T","M","R","?","E","?","R","BOSS"],"items_purchased_type":["Relic","Card"],"build_version":"2020-12-22","purchased_purges":0,"victory":false,"max_hp_per_floor":[80,80,80,80,80,80,80,80,80,80,80,80,80,80,80,80,80,80,80,80,80,80,80,80,80,80,80,80,80,80,80,80,80,80],"card_choices":[{"not_picked":["Armaments","Thunderclap"],"picked":"Pommel Strike","floor":1},{"not_picked":["Inflame","Flame Barrier"],"picked":"Flex","floor":3},{"not_picked":["Anger","Whirlwind"],"picked":"Twin Strike","floor":4},{"not_picked":["True Grit","Uppercut"],"picked":"Twin Strike","floor":5},{"not_picked":["Shrug It Off","Warcry","Anger"],"picked":"SKIP","floor":10},{"not_picked":["Heavy Blade","Feed","True Grit"],"picked":"SKIP","floor":12},{"not_picked":["Clothesline","Sentinel","Cleave"],"picked":"SKIP","floor":13},{"not_picked":["Second Wind+1","Ghostly Armor"],"picked":"Dual Wield+1","floor":18},{"not_picked":["Sentinel","Heavy Blade+1"],"picked":"Perfected Strike+1","floor":27},{"not_picked":["Dark Embrace+1","Inflame+1"],"picked":"Dual Wield","floor":30}],"player_experience":74240,"relics_obtained":[{"floor":9,"key":"Orichalcum"},{"floor":12,"key":"Frozen Egg 2"},{"floor":17,"key":"Tiny Chest"},{"floor":17,"key":"Mercury Hourglass"},{"floor":17,"key":"WingedGreaves"},{"floor":29,"key":"Thread and Needle"},{"floor":30,"key":"Happy Flower"},{"floor":31,"key":"Pen Nib"}],"event_choices":[{"damage_healed":0,"gold_gain":75,"player_choice":"Gather Gold","damage_taken":11,"max_hp_gain":0,"max_hp_loss":0,"event_name":"World of Goop","floor":2,"gold_loss":0},{"damage_healed":0,"gold_gain":0,"player_choice":"Take Damage","damage_taken":20,"relics_obtained":["Golden Idol"],"max_hp_gain":0,"max_hp_loss":0,"event_name":"Golden Idol","floor":6,"gold_loss":0},{"cards_removed":["Bash"],"damage_healed":0,"gold_gain":0,"player_choice":"Card Removal","damage_taken":7,"max_hp_gain":0,"max_hp_loss":0,"event_name":"Golden Wing","floor":7,"gold_loss":0},{"damage_healed":0,"gold_gain":0,"player_choice":"Ignored","damage_taken":0,"max_hp_gain":0,"max_hp_loss":0,"event_name":"Ghosts","floor":22,"gold_loss":0},{"damage_healed":0,"gold_gain":0,"player_choice":"Trade","damage_taken":0,"relics_obtained":["NlothsMask"],"max_hp_gain":0,"max_hp_loss":0,"event_name":"FaceTrader","floor":24,"gold_loss":0}],"is_beta":false,"boss_relics":[{"not_picked":["Cursed Key","Runic Pyramid"],"picked":"Calling Bell"}],"items_purged_floors":[],"is_endless":false,"potions_floor_spawned":[3,10,13,16],"killed_by":"Champ","ascension_level":0}}