{"host":"msmkw03x1o7nq45i","time":1613662202,"event":{"mods":["AchievementEnabler","BaseMod","Bestiary","Colored Powertips","GifTheSpireLib","Highlight Path","Minty Spire (QoL Compilation)","Random Character Button","Relic Stats","StSLib","everything is the same but u backflip on backflip"],"gold_per_floor":[117,117,128,93,113,139,139,170,194,204,204,231,246,271,271,342,342,355,355,355,355,374,400,400,400,400,400,370,697,103,116,116,193,193,206,20,35,49,49,84,98,98,124,141,174,188,213,240,240,240,240,240,16,46,46],"floor_reached":56,"language":"ENG","playtime":4585,"items_purged":[],"score":2412,"play_id":"014cae9f-15a7-4040-837b-8fea98684b4d","local_time":"20210218173002","is_ascension_mode":true,"campfire_choices":[{"data":"Armaments","floor":7.0,"key":"SMITH"},{"data":"Bash","floor":11.0,"key":"SMITH"},{"data":"Inflame","floor":15.0,"key":"SMITH"},{"data":"Entrench","floor":25.0,"key":"SMITH"},{"data":"Body Slam","floor":27.0,"key":"SMITH"},{"data":"Limit Break","floor":32.0,"key":"SMITH"},{"data":"Dark Embrace","floor":42.0,"key":"SMITH"},{"floor":49.0,"key":"RECALL"},{"data":"Flame Barrier","floor":52,"key":"SMITH"}],"circlet_count":0,"master_deck":["AscendersBane","Bash+1","Thunderclap+1","Pommel Strike","Headbutt","Armaments+1","Impervious","Ghostly Armor","Twin Strike","Body Slam+1","Inflame+1","Reaper","Entrench+1","Whirlwind","Limit Break+1","Flame Barrier","Flex","Impervious","Evolve","Fiend Fire","Dual Wield","Good Instincts","Impervious","Seeing Red","Dark Shackles","Dark Embrace+1","Flash of Steel","Flash of Steel","Parasite","True Grit+1","Flame Barrier+1","Impervious","Flame Barrier+1","Shockwave","Impervious"],"relics":["Coffee Dripper","Centennial Puzzle","Strawberry","Oddly Smooth Stone","Self Forming Clay","Whetstone","Pandora\u0027s Box","Dead Branch","Torii","Old Coin","Lizard Tail","Vajra","Runic Pyramid","PreservedInsect","Blood Vial","Mummified Hand","Champion Belt","The Courier","Bag of Marbles"],"acts_visited":["Exordium","TheCity","TheBeyond","TheEnding"],"potions_floor_usage":[54,55],"damage_taken":[{"damage":4.0,"enemies":"2 Louse","floor":1.0,"turns":3.0},{"damage":0.0,"enemies":"Small Slimes","floor":3.0,"turns":2.0},{"damage":2.0,"enemies":"Jaw Worm","floor":5.0,"turns":3.0},{"damage":10.0,"enemies":"Lagavulin","floor":6.0,"turns":5.0},{"damage":5.0,"enemies":"Gremlin Nob","floor":8.0,"turns":3.0},{"damage":16.0,"enemies":"Large Slime","floor":10.0,"turns":7.0},{"damage":0.0,"enemies":"3 Sentries","floor":12.0,"turns":8.0},{"damage":0.0,"enemies":"Looter","floor":13.0,"turns":3.0},{"damage":14.0,"enemies":"Lagavulin","floor":14.0,"turns":4.0},{"damage":1.0,"enemies":"Hexaghost","floor":16.0,"turns":8.0},{"damage":3.0,"enemies":"2 Thieves","floor":18.0,"turns":4.0},{"damage":18.0,"enemies":"Spheric Guardian","floor":22.0,"turns":4.0},{"damage":29.0,"enemies":"Gremlin Leader","floor":23.0,"turns":5.0},{"damage":7.0,"enemies":"Slavers","floor":29.0,"turns":4.0},{"damage":21.0,"enemies":"Shelled Parasite and Fungi","floor":31.0,"turns":5.0},{"damage":35.0,"enemies":"Collector","floor":33.0,"turns":6.0},{"damage":0.0,"enemies":"3 Shapes","floor":35.0,"turns":4.0},{"damage":0.0,"enemies":"Orb Walker","floor":37.0,"turns":3.0},{"damage":6.0,"enemies":"Jaw Worm Horde","floor":38.0,"turns":4.0},{"damage":21.0,"enemies":"Nemesis","floor":40.0,"turns":3.0},{"damage":43.0,"enemies":"Spire Growth","floor":41.0,"turns":5.0},{"damage":1.0,"enemies":"Writhing Mass","floor":44.0,"turns":5.0},{"damage":1.0,"enemies":"Reptomancer","floor":45.0,"turns":2.0},{"damage":47.0,"enemies":"4 Shapes","floor":46.0,"turns":7.0},{"damage":0.0,"enemies":"Mind Bloom Boss Battle","floor":47.0,"turns":6.0},{"damage":0.0,"enemies":"Giant Head","floor":48.0,"turns":8.0},{"damage":15.0,"enemies":"Donu and Deca","floor":50.0,"turns":7.0},{"damage":30,"enemies":"Shield and Spear","floor":54,"turns":4},{"damage":10,"enemies":"The Heart","floor":55,"turns":6}],"seed_played":"-7602761779346966028","potions_obtained":[{"floor":3.0,"key":"EssenceOfSteel"},{"floor":5.0,"key":"SkillPotion"},{"floor":13.0,"key":"ElixirPotion"},{"floor":14.0,"key":"HeartOfIron"},{"floor":23.0,"key":"ColorlessPotion"},{"floor":28.0,"key":"DistilledChaos"},{"floor":28.0,"key":"Weak Potion"},{"floor":29.0,"key":"Dexterity Potion"},{"floor":31.0,"key":"SteroidPotion"},{"floor":37.0,"key":"Strength Potion"},{"floor":38.0,"key":"Regen Potion"},{"floor":41.0,"key":"ColorlessPotion"},{"floor":45.0,"key":"PowerPotion"},{"floor":48.0,"key":"ElixirPotion"}],"is_trial":false,"path_per_floor":["M","?","M","?","M","E","R","E","T","M","R","E","M","E","R","B",null,"M","?","?","?","M","E","T","R","T","R","?","E","$","M","R","B",null,"M","$","M","M","?","E","M","R","T","M","E","M","?","E","R","B",null,"R","$","E","B",null],"character_chosen":"IRONCLAD","items_purchased":["Lizard Tail","Vajra","Good Instincts","Dark Shackles","DistilledChaos","Shockwave","Impervious","Strength Potion"],"campfire_rested":0,"item_purchase_floors":[30,30,30,36,36,53,53,53],"current_hp_per_floor":[64,41,41,59,57,47,47,49,49,33,33,33,33,19,19,18,66,77,77,77,53,35,6,6,6,6,6,6,40,40,19,19,87,87,87,87,87,87,77,65,35,35,35,46,47,48,75,84,84,86,87,87,87,57,49],"gold":46,"neow_bonus":"BOSS_RELIC","is_daily":false,"chose_seed":false,"campfire_upgraded":8,"win_rate":0.0,"timestamp":1613662202,"path_taken":["M","?","M","?","M","E","R","E","T","M","R","E","M","E","R","BOSS","M","?","?","?","M","E","?","R","T","R","?","E","$","?","R","BOSS","M","$","M","?","?","E","M","R","T","M","E","M","?","E","R","BOSS","R","$","E","BOSS"],"items_purchased_type":["Relic","Relic","Card","Card","Potion","Card","Card","Potion"],"build_version":"2020-12-22","purchased_purges":0,"victory":true,"max_hp_per_floor":[75,75,75,75,75,75,75,82,82,82,82,82,82,82,82,82,82,82,82,82,87,87,87,87,87,87,87,87,87,87,87,87,87,87,87,87,87,87,87,87,87,87,87,87,87,87,87,87,87,87,87,87,87,87,87],"relic_stats":{"Torii":0,"counters":[2,10],"Self Forming Clay":[36],"Dead Branch":[30],"PreservedInsect":77,"Whetstone":[],"Blood Vial":2,"Centennial Puzzle":[6],"Lizard Tail":0,"Mummified Hand":[13],"Pandora\u0027s Box":[],"Champion Belt":[6],"obtain_stats":[{"Torii":0,"Self Forming Clay":0,"Dead Branch":0,"Oddly Smooth Stone":0,"Vajra":0,"PreservedInsect":0,"The Courier":0,"Whetstone":0,"Old Coin":0,"Blood Vial":0,"Centennial Puzzle":0,"Lizard Tail":0,"Mummified Hand":0,"Strawberry":0,"Pandora\u0027s Box":0,"Coffee Dripper":0,"Bag of Marbles":54,"Champion Belt":0,"Runic Pyramid":0},{"Torii":0,"Self Forming Clay":0,"Dead Branch":0,"Oddly Smooth Stone":0,"Vajra":0,"PreservedInsect":0,"The Courier":0,"Whetstone":0,"Old Coin":0,"Blood Vial":0,"Centennial Puzzle":0,"Lizard Tail":0,"Mummified Hand":0,"Strawberry":0,"Pandora\u0027s Box":0,"Coffee Dripper":0,"Bag of Marbles":1,"Champion Belt":0,"Runic Pyramid":0},{"Torii":0,"Self Forming Clay":0,"Dead Branch":0,"Oddly Smooth Stone":0,"Vajra":0,"PreservedInsect":0,"The Courier":0,"Whetstone":0,"Old Coin":0,"Blood Vial":0,"Centennial Puzzle":0,"Lizard Tail":0,"Mummified Hand":0,"Strawberry":0,"Pandora\u0027s Box":0,"Coffee Dripper":0,"Bag of Marbles":4,"Champion Belt":0,"Runic Pyramid":0}]},"card_choices":[{"not_picked":["Flex","Body Slam"],"picked":"Thunderclap","floor":1.0},{"not_picked":["Headbutt","Fire Breathing"],"picked":"Pommel Strike","floor":3.0},{"not_picked":["Shrug It Off","True Grit"],"picked":"Headbutt","floor":5.0},{"not_picked":["Limit Break","Combust"],"picked":"Armaments","floor":6.0},{"not_picked":["Sword Boomerang","Pommel Strike"],"picked":"Impervious","floor":8.0},{"not_picked":["Dual Wield","Infernal Blade"],"picked":"Ghostly Armor","floor":10.0},{"not_picked":["Infernal Blade","Carnage"],"picked":"Twin Strike","floor":12.0},{"not_picked":["Rupture","Power Through"],"picked":"Body Slam","floor":13.0},{"not_picked":["Seeing Red","Burning Pact"],"picked":"Inflame","floor":14.0},{"not_picked":["Double Tap","Exhume"],"picked":"Reaper","floor":16.0},{"not_picked":["Warcry","Clash","Heavy Blade"],"picked":"SKIP","floor":18.0},{"not_picked":["Fire Breathing","Anger","Wild Strike"],"picked":"SKIP","floor":22.0},{"not_picked":["Havoc","Headbutt","Flex+1"],"picked":"SKIP","floor":23.0},{"not_picked":["Warcry","Pommel Strike","Wild Strike"],"picked":"SKIP","floor":29.0},{"not_picked":["Clash","Twin Strike","Armaments"],"picked":"SKIP","floor":31.0},{"not_picked":["Feed","Brutality"],"picked":"Impervious","floor":33.0},{"not_picked":["Metallicize+1","Anger+1"],"picked":"Seeing Red","floor":35.0},{"not_picked":["Clash","Heavy Blade","Headbutt"],"picked":"SKIP","floor":37.0},{"not_picked":["Heavy Blade","Searing Blow"],"picked":"Dark Embrace","floor":38.0},{"not_picked":["Mayhem","Jack Of All Trades"],"picked":"Flash of Steel","floor":39.0},{"not_picked":["Violence","Swift Strike"],"picked":"Flash of Steel","floor":39.0},{"not_picked":["Perfected Strike","Clothesline","Thunderclap"],"picked":"SKIP","floor":40.0},{"not_picked":["Armaments","Perfected Strike+1","Combust"],"picked":"SKIP","floor":41.0},{"not_picked":["Clothesline","Headbutt+1"],"picked":"True Grit+1","floor":44.0},{"not_picked":["Flex","Clash"],"picked":"Flame Barrier","floor":45.0},{"not_picked":["Blood for Blood","Combust"],"picked":"Impervious","floor":46.0},{"not_picked":["Havoc","Body Slam"],"picked":"Flame Barrier+1","floor":48.0},{"not_picked":["Uppercut","Flex","Entrench"],"picked":"SKIP","floor":54}],"player_experience":550681,"relics_obtained":[{"floor":6.0,"key":"Centennial Puzzle"},{"floor":8.0,"key":"Strawberry"},{"floor":9.0,"key":"Oddly Smooth Stone"},{"floor":12.0,"key":"Self Forming Clay"},{"floor":14.0,"key":"Whetstone"},{"floor":23.0,"key":"Dead Branch"},{"floor":26.0,"key":"Torii"},{"floor":29.0,"key":"Old Coin"},{"floor":40.0,"key":"PreservedInsect"},{"floor":43.0,"key":"Blood Vial"},{"floor":45.0,"key":"Mummified Hand"},{"floor":47.0,"key":"Champion Belt"},{"floor":48.0,"key":"The Courier"},{"floor":54,"key":"Bag of Marbles"}],"event_choices":[{"damage_healed":0.0,"max_hp_gain":0.0,"max_hp_loss":0.0,"gold_gain":0.0,"event_name":"Shining Light","player_choice":"Entered Light","floor":2.0,"gold_loss":0.0,"damage_taken":23.0,"cards_upgraded":["Strike_R","Defend_R"]},{"damage_healed":18.0,"max_hp_gain":0.0,"max_hp_loss":0.0,"gold_gain":0.0,"event_name":"The Cleric","player_choice":"Healed","floor":4.0,"gold_loss":35.0,"damage_taken":0.0},{"damage_healed":0.0,"max_hp_gain":0.0,"max_hp_loss":0.0,"gold_gain":0.0,"event_name":"Vampires","player_choice":"Ignored","floor":19.0,"gold_loss":0.0,"damage_taken":0.0},{"damage_healed":0.0,"max_hp_gain":0.0,"max_hp_loss":0.0,"gold_gain":0.0,"event_name":"Ghosts","player_choice":"Ignored","floor":20.0,"gold_loss":0.0,"damage_taken":0.0},{"damage_healed":0.0,"max_hp_gain":5.0,"max_hp_loss":0.0,"gold_gain":0.0,"event_name":"Forgotten Altar","player_choice":"Shed Blood","floor":21.0,"gold_loss":0.0,"damage_taken":29.0},{"damage_healed":0.0,"max_hp_gain":0.0,"max_hp_loss":0.0,"gold_gain":0.0,"event_name":"The Woman in Blue","player_choice":"Bought 2 Potions","floor":28.0,"gold_loss":0.0,"damage_taken":0.0},{"damage_healed":0.0,"max_hp_gain":0.0,"max_hp_loss":0.0,"gold_gain":0.0,"event_name":"SensoryStone","player_choice":"Memory 3","floor":39.0,"gold_loss":0.0,"damage_taken":10.0},{"damage_healed":0.0,"max_hp_gain":0.0,"max_hp_loss":0.0,"gold_gain":0.0,"event_name":"MindBloom","player_choice":"Fight","floor":47.0,"gold_loss":0.0,"damage_taken":0.0}],"is_beta":false,"boss_relics":[{"not_picked":["Mark of Pain","Sozu"],"picked":"Pandora\u0027s Box"},{"not_picked":["SlaversCollar","Empty Cage"],"picked":"Runic Pyramid"}],"items_purged_floors":[],"is_endless":false,"potions_floor_spawned":[3,5,13,14,23,29,31,37,38,41,45,48],"ascension_level":17}}