{"host":"nomlpa5ttaaqphus","time":1613679163,"event":{"mods":["100% Spire Juice","AchievementEnabler","BaseMod","Colored Powertips","Minty Spire (QoL Compilation)","StSLib"],"gold_per_floor":[114,114,114,114,114,114,125,141,141,141,31,31,47,47,47,144,144,159,39,69,81,81,81,115,115,115,131,144,162,42,69,69,53,53,71,91,91,111,130,130,130],"floor_reached":40,"language":"ENG","playtime":5065,"items_purged":[],"score":443,"play_id":"1e8ee160-d45e-483a-9534-8cde8df1c952","local_time":"20210218161243","is_ascension_mode":false,"campfire_choices":[{"floor":6.0,"key":"REST"},{"data":"Blind","floor":10.0,"key":"SMITH"},{"data":"Moonworks:SweetBattle","floor":12.0,"key":"SMITH"},{"floor":15.0,"key":"REST"},{"data":"Moonworks:Accelerator","floor":23.0,"key":"SMITH"},{"data":"Moonworks:SweetBattle","floor":25.0,"key":"SMITH"},{"data":"Moonworks:QuickRestoration","floor":30.0,"key":"SMITH"},{"data":"Moonworks:TreasureThief","floor":32.0,"key":"SMITH"},{"data":"Moonworks:StiffCrystal","floor":40,"key":"SMITH"}],"circlet_count":0,"master_deck":["Moonworks:Strike","Moonworks:Strike","Moonworks:Strike","Moonworks:Strike","Moonworks:Defend","Moonworks:Defend","Moonworks:Defend","Moonworks:Defend","Moonworks:Ambush+1","Moonworks:LongDistanceShot","Blind+1","Moonworks:WhiteChristsmasher","Moonworks:SweetBattle+1","Moonworks:TreasureThief+1","Moonworks:BigMagnum+1","Moonworks:SakisCookie","Moonworks:EvilSpyWorkPreparation","Moonworks:BeastWitch+1","Moonworks:Accelerator+1","Moonworks:SweetBattle+1","Moonworks:RainbowColoredCircle+1","Moonworks:StiffCrystal+1","Moonworks:QuickRestoration+1","Moonworks:SakisCookie+1","Moonworks:ShieldCounter","Moonworks:DeltaField+1"],"relics":["Moonworks:SBBomb","Moonworks:Homemark","Molten Egg 2","Orichalcum","Red Mask","Bottled Lightning","Meat on the Bone","Frozen Egg 2","Busted Crown"],"acts_visited":["Exordium","TheCity","TheBeyond"],"potions_floor_usage":[],"damage_taken":[{"damage":0.0,"enemies":"2 Louse","floor":1.0,"turns":2.0},{"damage":6.0,"enemies":"Jaw Worm","floor":7.0,"turns":2.0},{"damage":1.0,"enemies":"Cultist","floor":8.0,"turns":3.0},{"damage":5.0,"enemies":"3 Louse","floor":11.0,"turns":3.0},{"damage":4.0,"enemies":"Looter","floor":13.0,"turns":2.0},{"damage":21.0,"enemies":"Slime Boss","floor":16.0,"turns":8.0},{"damage":25.0,"enemies":"Chosen","floor":18.0,"turns":6.0},{"damage":20.0,"enemies":"Masked Bandits","floor":20.0,"turns":4.0},{"damage":4.0,"enemies":"Spheric Guardian","floor":21.0,"turns":4.0},{"damage":14.0,"enemies":"Slavers","floor":24.0,"turns":5.0},{"damage":9.0,"enemies":"Snake Plant","floor":27.0,"turns":4.0},{"damage":11.0,"enemies":"Snecko","floor":28.0,"turns":6.0},{"damage":6.0,"enemies":"3 Cultists","floor":29.0,"turns":4.0},{"damage":1.0,"enemies":"Gremlin Leader","floor":31.0,"turns":3.0},{"damage":4.0,"enemies":"Champ","floor":33.0,"turns":8.0},{"damage":0.0,"enemies":"Orb Walker","floor":35.0,"turns":3.0},{"damage":7.0,"enemies":"3 Darklings","floor":36.0,"turns":4.0},{"damage":0.0,"enemies":"Maw","floor":38.0,"turns":5.0},{"damage":0,"enemies":"Sphere and 2 Shapes","floor":39,"turns":3}],"seed_played":"6246929324686213759","potions_obtained":[{"floor":1.0,"key":"FairyPotion"},{"floor":7.0,"key":"SpeedPotion"},{"floor":16.0,"key":"LiquidBronze"},{"floor":38.0,"key":"Moonworks:OneHundredPercentOrangeJuicePotion"}],"is_trial":false,"path_per_floor":["M","?","?","?","$","R","M","M","T","R","M","R","M","$","R","B",null,"M","$","?","M","?","R","E","R","T","M","M","M","R","E","R","B",null,"M","M","$","M","M","R"],"character_chosen":"THE_STARBREAKER","items_purchased":[],"campfire_rested":2,"item_purchase_floors":[],"current_hp_per_floor":[60,65,52,27,27,46,40,47,47,47,44,44,45,45,64,47,65,47,47,49,65,65,65,65,65,65,65,65,65,65,65,65,65,65,65,65,65,65,65,65,65],"gold":130,"neow_bonus":"RANDOM_COLORLESS","is_daily":false,"chose_seed":false,"campfire_upgraded":7,"win_rate":0.0,"timestamp":1613679163,"path_taken":["M","?","?","?","?","R","M","M","T","R","M","R","M","$","R","BOSS","M","$","?","M","?","R","E","R","T","M","M","M","R","E","R","BOSS","M","M","$","M","M","R"],"items_purchased_type":[],"build_version":"2020-12-22","purchased_purges":0,"victory":false,"max_hp_per_floor":[60,65,65,65,65,65,65,65,65,65,65,65,65,65,65,65,65,65,65,65,65,65,65,65,65,65,65,65,65,65,65,65,65,65,65,65,65,65,65,65,65],"card_choices":[{"not_picked":["Forethought","Panacea"],"picked":"Blind","floor":0.0},{"not_picked":["Moonworks:BackdoorTrade","Moonworks:DesperateModification"],"picked":"Moonworks:WhiteChristsmasher","floor":1.0},{"not_picked":["Moonworks:EvilSpyWorkPreparation","Moonworks:JonathanRush+1"],"picked":"Moonworks:SakisCookie","floor":7.0},{"not_picked":["Moonworks:DesperateModification+1","Moonworks:GoldenEgg"],"picked":"Moonworks:EvilSpyWorkPreparation","floor":8.0},{"not_picked":["Moonworks:EvilSpyWorkPreparation","Moonworks:IndiscriminateFireSupport+1","Moonworks:ExtendedPhotonRifle+1"],"picked":"SKIP","floor":11.0},{"not_picked":["Moonworks:CloudOfSeagulls+1","Moonworks:BeyondHell"],"picked":"Moonworks:BeastWitch+1","floor":13.0},{"not_picked":["Moonworks:StarBlastingFuse","Moonworks:WhimsicalWindmill"],"picked":"Moonworks:Accelerator","floor":16.0},{"not_picked":["Moonworks:Assault+1","Moonworks:LulusLuckyEgg+1"],"picked":"Moonworks:SweetBattle","floor":18.0},{"not_picked":["Moonworks:Bloodlust","Moonworks:SelfDestruct+1"],"picked":"Moonworks:RainbowColoredCircle+1","floor":21.0},{"not_picked":["Moonworks:WhiteChristsmasher+1","Moonworks:LulusLuckyEgg","Moonworks:IndiscriminateFireSupport+1"],"picked":"SKIP","floor":24.0},{"not_picked":["Moonworks:ExtendedPhotonRifle+1","Moonworks:GoldenEgg"],"picked":"Moonworks:StiffCrystal","floor":27.0},{"not_picked":["Moonworks:BigBangBell+1","Moonworks:IndiscriminateFireSupport+1","Moonworks:CloudOfSeagulls+1"],"picked":"SKIP","floor":28.0},{"not_picked":["Moonworks:DeployBits+1","Moonworks:WhiteChristsmasher+1"],"picked":"Moonworks:QuickRestoration","floor":29.0},{"not_picked":["Moonworks:DevilHand+1","Moonworks:ImOnFire+1"],"picked":"Moonworks:SakisCookie+1","floor":31.0},{"not_picked":["Moonworks:MetallicMonocoque+1","Moonworks:Rival+1"],"picked":"Moonworks:ShieldCounter","floor":33.0},{"not_picked":["Moonworks:NicePresent+1"],"picked":"SKIP","floor":35.0},{"not_picked":["Moonworks:UnpaidWork"],"picked":"SKIP","floor":36.0},{"not_picked":["Moonworks:IndiscriminateFireSupport+1"],"picked":"SKIP","floor":38.0},{"not_picked":[],"picked":"Moonworks:DeltaField+1","floor":39}],"player_experience":101827,"relics_obtained":[{"floor":9.0,"key":"Orichalcum"},{"floor":20.0,"key":"Red Mask"},{"floor":24.0,"key":"Bottled Lightning"},{"floor":26.0,"key":"Meat on the Bone"},{"floor":31.0,"key":"Frozen Egg 2"}],"event_choices":[{"damage_healed":0.0,"max_hp_gain":5.0,"max_hp_loss":0.0,"gold_gain":0.0,"event_name":"Big Fish","player_choice":"Donut","floor":2.0,"gold_loss":0.0,"damage_taken":0.0},{"damage_healed":0.0,"max_hp_gain":0.0,"max_hp_loss":0.0,"gold_gain":0.0,"event_name":"Shining Light","player_choice":"Entered Light","floor":3.0,"gold_loss":0.0,"damage_taken":13.0,"cards_upgraded":["Moonworks:BigMagnum","Moonworks:Ambush"]},{"damage_healed":0.0,"max_hp_gain":0.0,"max_hp_loss":0.0,"gold_gain":0.0,"event_name":"Scrap Ooze","player_choice":"Success","floor":4.0,"gold_loss":0.0,"damage_taken":25.0,"relics_obtained":["Molten Egg 2"]},{"damage_healed":0.0,"max_hp_gain":0.0,"max_hp_loss":0.0,"gold_gain":0.0,"event_name":"Masked Bandits","player_choice":"Fought Bandits","floor":20.0,"gold_loss":0.0,"damage_taken":0.0},{"damage_healed":0.0,"max_hp_gain":0.0,"max_hp_loss":0.0,"gold_gain":0.0,"event_name":"NoteForYourself","player_choice":"Ignored","floor":22.0,"gold_loss":0.0,"damage_taken":0.0}],"is_beta":false,"boss_relics":[{"not_picked":["Philosopher\u0027s Stone","Sozu"],"picked":"Moonworks:SBBomb"},{"not_picked":["Black Star","SacredBark"],"picked":"Busted Crown"}],"items_purged_floors":[],"is_endless":false,"potions_floor_spawned":[1,7,16,20,24,28,29,35,38],"ascension_level":0}}