{"host":"h7dgy2mp13cbhzus","time":1613679204,"event":{"mods":["Act Like it!","BaseMod","Downfall","GifTheSpireLib","Minty Spire (QoL Compilation)","Relic Stats","StSLib"],"gold_per_floor":[0,14,14,14,33,46,46,31,61,61,93,93,121,150,164,262,262,262,274,293,293,313,313,313,313],"floor_reached":23,"language":"ENG","playtime":1192,"items_purged":[],"score":252,"play_id":"e07046b3-47a2-4744-b7f5-3d4bb71bb5e5","local_time":"20210218141324","is_ascension_mode":true,"campfire_choices":[{"data":"Slimebound:Split","floor":1,"key":"SMITH"},{"floor":12,"key":"REST"},{"data":"Slimebound:DouseInSlime","floor":18,"key":"SMITH"}],"circlet_count":0,"master_deck":["Slimebound:Tackle","Slimebound:Defend_Slimebound","Slimebound:Defend_Slimebound","Slimebound:Defend_Slimebound","Slimebound:Defend_Slimebound","Slimebound:Split+1","Slimebound:CorrosiveSpit","Slimebound:MegaLick","Regret","Slimebound:SpikyOuterGoop","Slimebound:SplitMire","Slimebound:HungryTackle","Slimebound:Schlurp","Slimebound:GrowthPunch","Slimebound:AcidTongue","Slimebound:GoopSpray","Slimebound:DouseInSlime+1","Slimebound:SplitLeeching+1","Injury"],"relics":["Slimebound:AbsorbEndCombat","WingedGreaves","Strawberry","Singing Bowl","Letter Opener","Ornamental Fan","Pen Nib","Orichalcum","SlaversCollar"],"acts_visited":["Exordium","TheCity"],"potions_floor_usage":[9,11,14,16,23],"damage_taken":[{"damage":10,"enemies":"Jaw Worm","floor":2,"turns":4},{"damage":2,"enemies":"Small Slimes","floor":5,"turns":3},{"damage":4,"enemies":"Cultist","floor":6,"turns":4},{"damage":8,"enemies":"downfall:FleeingMerchant","floor":8,"turns":4},{"damage":25,"enemies":"3 Sentries","floor":9,"turns":6},{"damage":9,"enemies":"Lagavulin","floor":11,"turns":6},{"damage":22,"enemies":"Gremlin Nob","floor":13,"turns":4},{"damage":11,"enemies":"Lagavulin","floor":14,"turns":6},{"damage":21,"enemies":"Exordium Thugs","floor":15,"turns":4},{"damage":31,"enemies":"DF_ARCHETYPE_STREAMLINE","floor":16,"turns":11},{"damage":35,"enemies":"Spheric Guardian","floor":19,"turns":6},{"damage":11,"enemies":"Shell Parasite","floor":20,"turns":5},{"damage":36,"enemies":"3 Cultists","floor":22,"turns":6},{"damage":23,"enemies":"Snake Plant","floor":23,"turns":1}],"seed_played":"-6170346212819433678","potions_obtained":[{"floor":4,"key":"PowerPotion"},{"floor":4,"key":"AttackPotion"},{"floor":4,"key":"FearPotion"},{"floor":5,"key":"Slimebound:SlimedPotion"},{"floor":11,"key":"SkillPotion"},{"floor":15,"key":"Swift Potion"},{"floor":16,"key":"BlessingOfTheForge"},{"floor":22,"key":"ColorlessPotion"}],"is_trial":false,"path_per_floor":["R","M","?","?","M","M","T","$","E","T","E","R","E","E","M","B",null,"R","M","M","?","M","M"],"character_chosen":"SLIMEBOUND","items_purchased":[],"campfire_rested":1,"item_purchase_floors":[],"current_hp_per_floor":[65,57,64,64,66,66,66,64,47,47,48,70,56,53,40,17,74,74,45,44,44,18,0,0,0],"gold":313,"neow_bonus":"ONE_RARE_RELIC","is_daily":false,"chose_seed":false,"campfire_upgraded":2,"win_rate":0.0,"timestamp":1613679204,"path_taken":["R","M","?","?","M","?","T","$","E","?","E","R","E","E","M","BOSS","R","M","M","?","M","M"],"items_purchased_type":[],"build_version":"2020-12-22","purchased_purges":0,"victory":false,"max_hp_per_floor":[65,65,72,72,72,72,72,72,72,72,74,74,74,74,74,74,74,74,74,76,76,78,78,78,78],"relic_stats":{"Singing Bowl":6,"counters":[14,68],"Ornamental Fan":[4],"Pen Nib":[3],"Letter Opener":[55],"Orichalcum":[36],"obtain_stats":[{"SlaversCollar":17,"Singing Bowl":7,"Ornamental Fan":10,"Strawberry":3,"WingedGreaves":0,"Pen Nib":13,"Slimebound:AbsorbEndCombat":0,"Letter Opener":9,"Orichalcum":14},{"SlaversCollar":10,"Singing Bowl":3,"Ornamental Fan":5,"Strawberry":1,"WingedGreaves":0,"Pen Nib":7,"Slimebound:AbsorbEndCombat":0,"Letter Opener":5,"Orichalcum":8},{"SlaversCollar":50,"Singing Bowl":10,"Ornamental Fan":19,"Strawberry":4,"WingedGreaves":0,"Pen Nib":29,"Slimebound:AbsorbEndCombat":0,"Letter Opener":19,"Orichalcum":35}]},"card_choices":[{"not_picked":["Slimebound:Prepare","Slimebound:GoopTackle"],"picked":"Slimebound:MegaLick","floor":2},{"not_picked":["Slimebound:SlimeBarrage","Slimebound:RollThrough"],"picked":"Slimebound:SpikyOuterGoop","floor":5},{"not_picked":["Slimebound:SplitBruiser","Slimebound:RollThrough"],"picked":"Slimebound:SplitMire","floor":6},{"not_picked":["Slimebound:ProtectTheBoss","Slimebound:GoopTackle"],"picked":"Slimebound:HungryTackle","floor":8},{"not_picked":["Slimebound:SplitMire","Slimebound:FinishingTackle"],"picked":"Slimebound:Schlurp","floor":9},{"not_picked":["Slimebound:DivideAndConquer","Slimebound:FinishingTackle","Slimebound:OneTwoCombo"],"picked":"Singing Bowl","floor":11},{"not_picked":["Slimebound:SlimeTap","Slimebound:GoopSpray"],"picked":"Slimebound:GrowthPunch","floor":13},{"not_picked":["Slimebound:Gluttony","Slimebound:PressTheAttack"],"picked":"Slimebound:AcidTongue","floor":14},{"not_picked":["Slimebound:SplitBruiser","Slimebound:ServeAndProtect"],"picked":"Slimebound:GoopSpray","floor":15},{"not_picked":["Slimebound:PrepareCrush","Slimebound:WasteNot"],"picked":"Slimebound:DouseInSlime","floor":16},{"not_picked":["Slimebound:LivingWall","Slimebound:ViciousTackle"],"picked":"Slimebound:SplitLeeching+1","floor":19},{"not_picked":["Slimebound:PressTheAttack","Slimebound:Schlurp","Slimebound:GrowthPunch"],"picked":"Singing Bowl","floor":20},{"not_picked":["Slimebound:FlameTackle","Slimebound:ProtectTheBoss","Slimebound:SplitBruiser"],"picked":"Singing Bowl","floor":22}],"player_experience":733981,"relics_obtained":[{"floor":7,"key":"Singing Bowl"},{"floor":9,"key":"Letter Opener"},{"floor":10,"key":"Ornamental Fan"},{"floor":13,"key":"Pen Nib"},{"floor":14,"key":"Orichalcum"}],"event_choices":[{"damage_healed":0,"gold_gain":0,"player_choice":"Box","damage_taken":0,"relics_obtained":["Strawberry"],"max_hp_gain":0,"max_hp_loss":0,"event_name":"Big Fish","floor":3,"gold_loss":0,"cards_obtained":["Regret"]},{"damage_healed":0,"gold_gain":0,"player_choice":"Got Potions","damage_taken":0,"max_hp_gain":0,"max_hp_loss":0,"event_name":"Lab","floor":4,"gold_loss":0}],"is_beta":false,"boss_relics":[{"not_picked":["Empty Cage","Slimebound:TarBlob"],"picked":"SlaversCollar"}],"items_purged_floors":[],"is_endless":false,"potions_floor_spawned":[5,11,15,16,22],"killed_by":"Snake Plant","ascension_level":3}}