{"host":"5ezk7t18wcb10u1o","time":1613674393,"event":{"mods":["BaseMod","Bestiary","Colored Powertips","Minty Spire (QoL Compilation)","Relic Sorter"],"gold_per_floor":[118,118,118,135,145,145,222,222,222,256,256,256,273,292,292,292,292],"floor_reached":16,"language":"ENG","playtime":656,"items_purged":[],"score":200,"play_id":"232b8055-656b-48b3-aa96-1d1c26001de3","local_time":"20210218185313","is_ascension_mode":true,"campfire_choices":[{"data":"Streamline","floor":6,"key":"SMITH"},{"data":"Zap","floor":8,"key":"SMITH"},{"floor":15,"key":"REST"}],"circlet_count":0,"master_deck":["AscendersBane","Strike_B","Strike_B","Defend_B","Defend_B","Defend_B","Defend_B","Zap+1","Dualcast","Leap","Leap","Streamline+1","Sweeping Beam","Auto Shields"],"relics":["Cracked Core","Tiny Chest","Bottled Lightning","Frozen Egg 2","Lantern","The Courier"],"acts_visited":["Exordium"],"potions_floor_usage":[16],"damage_taken":[{"damage":4,"enemies":"Jaw Worm","floor":1,"turns":4},{"damage":2,"enemies":"Small Slimes","floor":4,"turns":4},{"damage":0,"enemies":"Cultist","floor":5,"turns":3},{"damage":41,"enemies":"3 Sentries","floor":10,"turns":11},{"damage":0,"enemies":"2 Fungi Beasts","floor":13,"turns":3},{"damage":0,"enemies":"3 Louse","floor":14,"turns":2},{"damage":55,"enemies":"Slime Boss","floor":16,"turns":9}],"seed_played":"5303757445604213556","potions_obtained":[{"floor":13,"key":"Swift Potion"},{"floor":14,"key":"FocusPotion"}],"is_trial":false,"path_per_floor":["M","?","?","M","M","R","T","R","T","E","?","?","M","M","R","B"],"character_chosen":"DEFECT","items_purchased":[],"campfire_rested":1,"item_purchase_floors":[],"current_hp_per_floor":[60,53,53,51,51,51,51,51,51,10,33,33,33,33,54,0,0],"gold":292,"neow_bonus":"RANDOM_COMMON_RELIC","is_daily":false,"chose_seed":false,"campfire_upgraded":2,"win_rate":0.0,"timestamp":1613674393,"path_taken":["M","?","?","M","?","R","?","R","T","E","?","?","?","M","R","BOSS"],"items_purchased_type":[],"build_version":"2020-12-22","purchased_purges":0,"victory":false,"max_hp_per_floor":[71,71,71,71,71,71,71,71,71,71,71,71,71,71,71,71,71],"card_choices":[{"not_picked":["Stack","Turbo"],"picked":"Leap","floor":1},{"not_picked":["Stack","Steam"],"picked":"Leap","floor":4},{"not_picked":["Turbo","Barrage"],"picked":"Streamline","floor":5},{"not_picked":["Barrage","Ball Lightning"],"picked":"Core Surge","floor":10},{"not_picked":["Rebound","Steam"],"picked":"Sweeping Beam","floor":13},{"not_picked":["Skim","Steam"],"picked":"Auto Shields","floor":14}],"player_experience":1232976,"relics_obtained":[{"floor":7,"key":"Bottled Lightning"},{"floor":9,"key":"Frozen Egg 2"},{"floor":10,"key":"Lantern"}],"event_choices":[{"cards_removed":["Strike_B"],"damage_healed":0,"gold_gain":0,"player_choice":"Card Removal","damage_taken":7,"max_hp_gain":0,"max_hp_loss":0,"event_name":"Golden Wing","floor":2,"gold_loss":0},{"cards_removed":["Strike_B"],"damage_healed":0,"gold_gain":0,"player_choice":"Purged","damage_taken":0,"max_hp_gain":0,"max_hp_loss":0,"event_name":"Purifier","floor":3,"gold_loss":0},{"damage_healed":23,"gold_gain":0,"player_choice":"Banana","damage_taken":0,"max_hp_gain":0,"max_hp_loss":0,"event_name":"Big Fish","floor":11,"gold_loss":0},{"cards_removed":["Core Surge"],"damage_healed":0,"gold_gain":0,"player_choice":"Gave Card","damage_taken":0,"relics_obtained":["The Courier"],"max_hp_gain":0,"max_hp_loss":0,"event_name":"WeMeetAgain","floor":12,"gold_loss":0}],"is_beta":false,"boss_relics":[],"items_purged_floors":[],"is_endless":false,"potions_floor_spawned":[13,14],"killed_by":"Slime Boss","ascension_level":20}}