{"host":"tzwikg9s6mkzv6w0","time":1613659668,"event":{"mods":["BaseMod","Good Game Mod","Minty Spire (QoL Compilation)","Spicy Shops","StSLib"],"gold_per_floor":[111,111,111,123,123,157,176,210,235,235,250,278,291,320,320,399,399,418,173,225,239,164,196,210,210,233,268,268,280,309,324,324,396,446,459,505,517,529,529,555,586,612,663,663,675,675,706,200,200,200,200,200,5,34,34],"floor_reached":56,"language":"ZHS","playtime":1904,"items_purged":["Defend_P","Strike_P","WheelKick","ForeignInfluence+1"],"score":2693,"play_id":"66ad82a8-acb9-4797-a33e-c9dfddaeb830","local_time":"20210218224748","is_ascension_mode":true,"campfire_choices":[{"data":"Ragnarok","floor":10.0,"key":"SMITH"},{"data":"ForeignInfluence","floor":15.0,"key":"SMITH"},{"data":"Vault","floor":28.0,"key":"SMITH"},{"data":"Omniscience","floor":32.0,"key":"SMITH"},{"floor":44.0,"key":"RECALL"},{"data":"Eruption","floor":49.0,"key":"SMITH"},{"data":"Tantrum","floor":52.0,"key":"SMITH"}],"circlet_count":0,"master_deck":["AscendersBane","Eruption+1","Vigilance","DevaForm","TalkToTheHand+1","Tantrum+1","Ragnarok+1","TalkToTheHand","Omniscience+1","Adaptation","Scrawl+1","BowlingBash+1","EmptyMind","Adaptation","Vault+1","FearNoEvil","Fasting2+1","Vault+1","MentalFortress","Wallop+1","Madness","Madness+1","InnerPeace"],"relics":["PureWater","REME:ComplimentaryCards","Happy Flower","Bag of Marbles","Smiling Mask","Vajra","HornCleat","VioletLotus","Anchor","Blood Vial","MealTicket","Boot","PreservedInsect","Tiny House","Incense Burner","WingedGreaves","Sundial","Regal Pillow","Oddly Smooth Stone","Question Card","Medical Kit","Bag of Preparation","War Paint","Membership Card","Pocketwatch"],"acts_visited":["Exordium","TheCity","TheBeyond","TheEnding"],"potions_floor_usage":[55,55],"damage_taken":[{"damage":0.0,"enemies":"Jaw Worm","floor":1.0,"turns":3.0},{"damage":0.0,"enemies":"2 Louse","floor":4.0,"turns":4.0},{"damage":0.0,"enemies":"Gremlin Nob","floor":6.0,"turns":3.0},{"damage":0.0,"enemies":"Cultist","floor":7.0,"turns":3.0},{"damage":25.0,"enemies":"Lagavulin","floor":8.0,"turns":5.0},{"damage":0.0,"enemies":"2 Fungi Beasts","floor":11.0,"turns":2.0},{"damage":0.0,"enemies":"Gremlin Nob","floor":12.0,"turns":2.0},{"damage":0.0,"enemies":"Gremlin Gang","floor":13.0,"turns":1.0},{"damage":0.0,"enemies":"Lagavulin","floor":14.0,"turns":1.0},{"damage":0.0,"enemies":"Slime Boss","floor":16.0,"turns":2.0},{"damage":4.0,"enemies":"Chosen","floor":18.0,"turns":2.0},{"damage":0.0,"enemies":"Shell Parasite","floor":21.0,"turns":2.0},{"damage":0.0,"enemies":"Gremlin Leader","floor":23.0,"turns":3.0},{"damage":0.0,"enemies":"Chosen and Byrds","floor":24.0,"turns":1.0},{"damage":5.0,"enemies":"Book of Stabbing","floor":27.0,"turns":4.0},{"damage":0.0,"enemies":"Centurion and Healer","floor":29.0,"turns":3.0},{"damage":0.0,"enemies":"Slavers","floor":30.0,"turns":1.0},{"damage":0.0,"enemies":"Cultist and Chosen","floor":31.0,"turns":3.0},{"damage":10.0,"enemies":"Automaton","floor":33.0,"turns":4.0},{"damage":1.0,"enemies":"Orb Walker","floor":35.0,"turns":3.0},{"damage":14.0,"enemies":"2 Orb Walkers","floor":36.0,"turns":2.0},{"damage":0.0,"enemies":"3 Shapes","floor":37.0,"turns":4.0},{"damage":0.0,"enemies":"Transient","floor":38.0,"turns":6.0},{"damage":0.0,"enemies":"Reptomancer","floor":40.0,"turns":4.0},{"damage":0.0,"enemies":"Giant Head","floor":41.0,"turns":5.0},{"damage":0.0,"enemies":"Nemesis","floor":42.0,"turns":2.0},{"damage":0.0,"enemies":"Spire Growth","floor":45.0,"turns":4.0},{"damage":0.0,"enemies":"Reptomancer","floor":47.0,"turns":2.0},{"damage":0.0,"enemies":"Donu and Deca","floor":50.0,"turns":3.0},{"damage":13.0,"enemies":"Shield and Spear","floor":54.0,"turns":4.0},{"damage":5,"enemies":"The Heart","floor":55,"turns":6}],"seed_played":"2783994335071827862","potions_obtained":[{"floor":6.0,"key":"SmokeBomb"},{"floor":8.0,"key":"LiquidMemories"},{"floor":13.0,"key":"ColorlessPotion"},{"floor":18.0,"key":"EntropicBrew"},{"floor":33.0,"key":"FearPotion"},{"floor":34.0,"key":"Energy Potion"},{"floor":38.0,"key":"Fire Potion"},{"floor":42.0,"key":"PowerPotion"}],"is_trial":false,"path_per_floor":["M","?","?","M","?","E","M","E","T","R","M","E","M","E","R","B",null,"M","$","T","M","?","E","M","?","T","E","R","M","E","M","R","B",null,"M","?","M","M","?","E","E","E","T","R","M","?","E","$","R","B",null,"R","$","E","B",null],"character_chosen":"WATCHER","items_purchased":["Anchor","Medical Kit","Bag of Preparation","War Paint","Membership Card"],"campfire_rested":0,"item_purchase_floors":[19,48,48,48,53],"current_hp_per_floor":[61,49,43,43,43,43,43,18,18,18,18,18,18,18,18,18,51,47,47,47,47,47,47,49,49,49,46,46,48,50,52,52,44,63,64,52,54,56,48,50,52,54,54,54,56,56,58,67,67,67,67,67,67,54,51],"gold":34,"neow_bonus":"TRANSFORM_TWO_CARDS","is_daily":false,"chose_seed":false,"campfire_upgraded":6,"win_rate":0.0,"timestamp":1613659668,"path_taken":["M","?","?","?","?","E","M","E","T","R","?","E","M","E","R","BOSS","M","$","?","?","?","E","M","?","T","E","R","M","E","M","R","BOSS","M","?","M","M","?","E","E","E","T","R","M","?","E","$","R","BOSS","R","$","E","BOSS"],"items_purchased_type":["Relic","Relic","Relic","Relic","Relic"],"build_version":"2020-12-22","purchased_purges":4,"victory":true,"max_hp_per_floor":[62,62,62,62,62,62,62,62,62,62,62,62,62,62,62,62,62,62,62,62,62,62,62,62,62,62,62,62,62,62,62,62,62,67,67,67,67,67,67,67,67,67,67,67,67,67,67,67,67,67,67,67,67,67,67],"card_choices":[{"not_picked":["ClearTheMind","EmptyBody","PathToVictory"],"picked":"SKIP","floor":1.0},{"not_picked":["SashWhip","Halt"],"picked":"Tantrum","floor":4.0},{"not_picked":["Study","WreathOfFlame"],"picked":"FlurryOfBlows","floor":6.0},{"not_picked":["EmptyBody","JustLucky"],"picked":"Ragnarok","floor":7.0},{"not_picked":["Vengeance","JustLucky"],"picked":"TalkToTheHand","floor":8.0},{"not_picked":["FollowUp","Protect","SashWhip"],"picked":"SKIP","floor":11.0},{"not_picked":["Protect","JustLucky"],"picked":"Omniscience","floor":12.0},{"not_picked":["ThirdEye","WindmillStrike","Protect"],"picked":"SKIP","floor":13.0},{"not_picked":["Evaluate","CrushJoints"],"picked":"Adaptation","floor":14.0},{"not_picked":["Brilliance","Ragnarok"],"picked":"Scrawl","floor":16.0},{"not_picked":["JustLucky","WheelKick"],"picked":"BowlingBash+1","floor":18.0},{"not_picked":["ClearTheMind","Weave"],"picked":"WheelKick","floor":21.0},{"not_picked":["EmptyFist+1","Tantrum","MasterReality"],"picked":"SKIP","floor":23.0},{"not_picked":["FollowUp","Prostrate","Collect"],"picked":"SKIP","floor":24.0},{"not_picked":["EmptyBody","WheelKick"],"picked":"Vault","floor":27.0},{"not_picked":["Evaluate","FlyingSleeves","SignatureMove"],"picked":"SKIP","floor":29.0},{"not_picked":["Evaluate","FlyingSleeves","SignatureMove"],"picked":"SKIP","floor":29.0},{"not_picked":["Swivel","Prostrate"],"picked":"FearNoEvil","floor":30.0},{"not_picked":["EmptyBody","Consecrate"],"picked":"Fasting2+1","floor":31.0},{"not_picked":["Judgement","Wish"],"picked":"Vault","floor":33.0},{"not_picked":["JustLucky","PathToVictory"],"picked":"MentalFortress","floor":34.0},{"not_picked":["Evaluate","CutThroughFate","CrushJoints"],"picked":"SKIP","floor":35.0},{"not_picked":["ThirdEye+1","EmptyFist","Halt"],"picked":"SKIP","floor":37.0},{"not_picked":["JustLucky","FollowUp"],"picked":"Wallop+1","floor":38.0},{"not_picked":["Adaptation","FlyingSleeves","SpiritShield"],"picked":"SKIP","floor":40.0},{"not_picked":["Adaptation","FlyingSleeves","SpiritShield"],"picked":"SKIP","floor":40.0},{"not_picked":["Weave","Fasting2","Halt"],"picked":"SKIP","floor":41.0},{"not_picked":["EmptyFist","FlyingSleeves+1","Fasting2"],"picked":"SKIP","floor":42.0},{"not_picked":["JustLucky","SandsOfTime+1","EmptyFist+1"],"picked":"SKIP","floor":45.0},{"not_picked":["Protect","TalkToTheHand"],"picked":"InnerPeace","floor":47.0},{"not_picked":["Sanctity+1","WaveOfTheHand","CutThroughFate","FlyingSleeves"],"picked":"SKIP","floor":54.0}],"player_experience":155319,"relics_obtained":[{"floor":6.0,"key":"Happy Flower"},{"floor":8.0,"key":"Bag of Marbles"},{"floor":9.0,"key":"Smiling Mask"},{"floor":12.0,"key":"Vajra"},{"floor":14.0,"key":"HornCleat"},{"floor":23.0,"key":"Blood Vial"},{"floor":26.0,"key":"MealTicket"},{"floor":27.0,"key":"Boot"},{"floor":30.0,"key":"PreservedInsect"},{"floor":36.0,"key":"Incense Burner"},{"floor":40.0,"key":"WingedGreaves"},{"floor":41.0,"key":"Sundial"},{"floor":42.0,"key":"Regal Pillow"},{"floor":43.0,"key":"Oddly Smooth Stone"},{"floor":47.0,"key":"Question Card"},{"floor":54.0,"key":"Pocketwatch"}],"event_choices":[{"damage_healed":0.0,"max_hp_gain":0.0,"max_hp_loss":0.0,"gold_gain":0.0,"event_name":"Shining Light","player_choice":"Entered Light","floor":2.0,"gold_loss":0.0,"damage_taken":12.0,"cards_upgraded":["Defend_P","TalkToTheHand"]},{"damage_healed":0.0,"max_hp_gain":0.0,"max_hp_loss":0.0,"gold_gain":0.0,"event_name":"Wheel of Change","player_choice":"Damaged","floor":3.0,"gold_loss":0.0,"damage_taken":6.0},{"cards_removed":["Defend_P"],"damage_healed":0.0,"max_hp_gain":0.0,"max_hp_loss":0.0,"gold_gain":0.0,"event_name":"Purifier","player_choice":"Purged","floor":5.0,"gold_loss":0.0,"damage_taken":0.0},{"cards_removed":["Strike_P"],"damage_healed":0.0,"max_hp_gain":0.0,"max_hp_loss":0.0,"gold_gain":0.0,"event_name":"Beggar","player_choice":"Gave Gold","floor":22.0,"gold_loss":75.0,"damage_taken":0.0},{"damage_healed":0.0,"max_hp_gain":0.0,"max_hp_loss":0.0,"gold_gain":0.0,"cards_transformed":["FlurryOfBlows","Strike_P"],"event_name":"Drug Dealer","player_choice":"Became Test Subject","floor":25.0,"gold_loss":0.0,"damage_taken":0.0,"cards_obtained":["EmptyMind","Adaptation"]},{"damage_healed":0.0,"max_hp_gain":0.0,"max_hp_loss":0.0,"gold_gain":0.0,"event_name":"Mysterious Sphere","player_choice":"Fight","floor":36.0,"gold_loss":0.0,"damage_taken":0.0},{"damage_healed":0.0,"max_hp_gain":0.0,"max_hp_loss":0.0,"gold_gain":0.0,"event_name":"Winding Halls","player_choice":"Embrace Madness","floor":39.0,"gold_loss":0.0,"damage_taken":8.0,"cards_obtained":["Madness","Madness"]},{"cards_removed":["Defend_P"],"damage_healed":0.0,"max_hp_gain":0.0,"max_hp_loss":0.0,"gold_gain":0.0,"event_name":"Falling","player_choice":"Removed Skill","floor":46.0,"gold_loss":0.0,"damage_taken":0.0}],"is_beta":false,"boss_relics":[{"not_picked":["Cursed Key","SlaversCollar"],"picked":"VioletLotus"},{"not_picked":["Philosopher\u0027s Stone","Coffee Dripper"],"picked":"Tiny House"}],"items_purged_floors":[19,19,48,53],"is_endless":false,"potions_floor_spawned":[6,8,13,18,21,33,35,38,42,47],"ascension_level":14}}