{"host":"mj8akmyfd5lo602f","time":1613684980,"event":{"mods":["2.2 Compatiblity","Act Like it!","BaseMod","Bestiary","BshForSts","Colored Map","Colored Powertips","Highlight Path","Koishi","Minty Spire (QoL Compilation)","Permanent Neow","Relic Stats","StSLib","The Marked"],"gold_per_floor":[110,126,126,139,239,274,274,294,362,374,374,392,392,403,403,508,508,525,525,545,556,566,594,594,609,609,619,632,644,494,510,510,613,613,632,642,660,710,710,710,745,765,765,777,777,791,791,803,803,803,803],"floor_reached":50,"language":"ENG","playtime":5225,"items_purged":["theMarked:MuscleMemory+1"],"score":506,"play_id":"7d6136f5-50a0-48a2-ad44-e9f36d63b1dd","local_time":"20210218214940","is_ascension_mode":false,"campfire_choices":[{"data":"theMarked:BanishingWave","floor":7.0,"key":"SMITH"},{"data":"theMarked:SoldierOfQuellstein","floor":11.0,"key":"SMITH"},{"data":"theMarked:Overcharge","floor":15.0,"key":"SMITH"},{"data":"theMarked:WardOff","floor":24.0,"key":"SMITH"},{"data":"theMarked:Determination","floor":32.0,"key":"SMITH"},{"data":"theMarked:TheMission","floor":40.0,"key":"SMITH"},{"floor":45,"key":"REST"},{"floor":49,"key":"REST"}],"circlet_count":0,"master_deck":["theMarked:Strike+1","theMarked:Defend+1","theMarked:Defend","theMarked:Defend","theMarked:SoldierOfQuellstein+1","theMarked:BanishingWave+1","theMarked:WardOff+1","theMarked:BanishingStrike","theMarked:ChainLightning","theMarked:Overcharge+1","theMarked:Static","theMarked:TakeOffHeels","theMarked:Vacuum+1","theMarked:Opportunist+1","theMarked:AttractMetal+1","theMarked:SelfDefenseTraining","theMarked:Determination+1","theMarked:BindingBlade","theMarked:Pokerface+1","theMarked:Friction","theMarked:MysticalArsenal"],"relics":["theMarked:ArtifactOfAir","Thread and Needle","Eternal Feather","Astrolabe","Centennial Puzzle","theMarked:Gun","Sozu","Mango","Toxic Egg 2","Incense Burner"],"acts_visited":["Exordium","TheCity","TheBeyond"],"potions_floor_usage":[],"damage_taken":[{"damage":7.0,"enemies":"2 Louse","floor":1.0,"turns":2.0},{"damage":1.0,"enemies":"Cultist","floor":2.0,"turns":3.0},{"damage":1.0,"enemies":"Jaw Worm","floor":4.0,"turns":5.0},{"damage":14.0,"enemies":"Gremlin Nob","floor":6.0,"turns":3.0},{"damage":2.0,"enemies":"Exordium Wildlife","floor":8.0,"turns":4.0},{"damage":0.0,"enemies":"Red Slaver","floor":10.0,"turns":3.0},{"damage":0.0,"enemies":"Large Slime","floor":12.0,"turns":5.0},{"damage":0.0,"enemies":"3 Louse","floor":14.0,"turns":2.0},{"damage":46.0,"enemies":"Slime Boss","floor":16.0,"turns":12.0},{"damage":5.0,"enemies":"Chosen","floor":18.0,"turns":4.0},{"damage":1.0,"enemies":"Shell Parasite","floor":20.0,"turns":4.0},{"damage":0.0,"enemies":"3 Cultists","floor":21.0,"turns":4.0},{"damage":7.0,"enemies":"Centurion and Healer","floor":22.0,"turns":5.0},{"damage":14.0,"enemies":"Book of Stabbing","floor":23.0,"turns":5.0},{"damage":6.0,"enemies":"Snake Plant","floor":25.0,"turns":3.0},{"damage":0.0,"enemies":"Sentry and Sphere","floor":27.0,"turns":4.0},{"damage":0.0,"enemies":"Centurion and Healer","floor":28.0,"turns":5.0},{"damage":0.0,"enemies":"Cultist and Chosen","floor":29.0,"turns":4.0},{"damage":1.0,"enemies":"3 Cultists","floor":31.0,"turns":3.0},{"damage":28.0,"enemies":"Collector","floor":33.0,"turns":7.0},{"damage":8.0,"enemies":"Orb Walker","floor":35.0,"turns":3.0},{"damage":0.0,"enemies":"3 Shapes","floor":36.0,"turns":7.0},{"damage":20.0,"enemies":"Jaw Worm Horde","floor":37.0,"turns":4.0},{"damage":0.0,"enemies":"Mind Bloom Boss Battle","floor":38.0,"turns":4.0},{"damage":65.0,"enemies":"Reptomancer","floor":41.0,"turns":4.0},{"damage":4.0,"enemies":"Writhing Mass","floor":42.0,"turns":8.0},{"damage":0,"enemies":"3 Darklings","floor":44,"turns":4},{"damage":9,"enemies":"Transient","floor":46,"turns":5},{"damage":0,"enemies":"Sphere and 2 Shapes","floor":48,"turns":7},{"damage":72,"enemies":"Awakened One","floor":50,"turns":11}],"seed_played":"7426426616530862237","potions_obtained":[{"floor":2.0,"key":"theMarked:SummonPotion"},{"floor":6.0,"key":"DistilledChaos"},{"floor":12.0,"key":"FearPotion"},{"floor":21.0,"key":"CultistPotion"},{"floor":28.0,"key":"Swift Potion"}],"is_trial":false,"path_per_floor":["M","M","$","M","?","E","R","M","T","M","R","M","?","M","R","B",null,"M","?","M","M","M","E","R","M","T","M","M","M","$","M","R","B",null,"M","M","M","?","?","R","E","M","T","M","R","M","?","M","R","B"],"character_chosen":"THE_DEFAULT","items_purchased":["theMarked:Determination"],"campfire_rested":2,"item_purchase_floors":[30],"current_hp_per_floor":[65,64,64,63,63,49,49,47,47,47,56,56,42,42,51,5,72,67,67,66,66,59,45,54,48,48,48,48,48,48,47,56,28,72,64,64,44,58,58,70,5,1,1,1,38,29,29,29,66,0,0],"gold":803,"neow_bonus":"TRANSFORM_CARD","is_daily":false,"chose_seed":false,"campfire_upgraded":6,"win_rate":0.0,"timestamp":1613684980,"path_taken":["M","M","$","M","?","E","R","?","T","M","R","M","?","M","R","BOSS","M","?","M","M","M","E","R","M","T","M","M","?","$","M","R","BOSS","M","M","M","?","?","R","E","M","T","M","R","?","?","M","R","BOSS"],"items_purchased_type":["Card"],"build_version":"2020-12-22","purchased_purges":1,"victory":false,"max_hp_per_floor":[72,72,72,72,72,72,72,72,72,72,72,72,72,72,72,72,72,72,72,72,72,72,72,72,72,72,72,72,72,72,72,72,72,72,72,72,72,86,86,86,86,86,86,86,86,86,86,86,86,86,86],"relic_stats":{"Sozu":4,"Centennial Puzzle":[27],"counters":[30,144],"Astrolabe":["theMarked:MuscleMemory","theMarked:Opportunist","theMarked:AttractMetal"],"Eternal Feather":72,"obtain_stats":[{"Sozu":34,"theMarked:ArtifactOfAir":0,"Centennial Puzzle":23,"theMarked:Gun":26,"Astrolabe":17,"Thread and Needle":6,"Eternal Feather":9,"Mango":38,"Incense Burner":43,"Toxic Egg 2":41},{"Sozu":20,"theMarked:ArtifactOfAir":0,"Centennial Puzzle":14,"theMarked:Gun":15,"Astrolabe":9,"Thread and Needle":4,"Eternal Feather":5,"Mango":24,"Incense Burner":26,"Toxic Egg 2":25},{"Sozu":87,"theMarked:ArtifactOfAir":0,"Centennial Puzzle":61,"theMarked:Gun":64,"Astrolabe":39,"Thread and Needle":13,"Eternal Feather":17,"Mango":105,"Incense Burner":117,"Toxic Egg 2":109}]},"card_choices":[{"not_picked":["theMarked:Standoff","theMarked:Parkour"],"picked":"theMarked:WardOff","floor":1.0},{"not_picked":["theMarked:HeightenedSenses","theMarked:ResourceFulStrike"],"picked":"theMarked:BanishingStrike","floor":2.0},{"not_picked":["theMarked:HeightenedSenses","theMarked:Aftermath"],"picked":"theMarked:ChainLightning","floor":4.0},{"not_picked":["theMarked:MysticalArsenal","theMarked:Friction"],"picked":"theMarked:Overcharge","floor":6.0},{"not_picked":["theMarked:SwordAndMagic","theMarked:Overthink","theMarked:Parkour"],"picked":"SKIP","floor":8.0},{"not_picked":["theMarked:BanishingStrike","theMarked:TakeCover"],"picked":"theMarked:Static","floor":10.0},{"not_picked":["theMarked:PowerFlow","theMarked:EmpowerWeapon","theMarked:Overcharge"],"picked":"SKIP","floor":12.0},{"not_picked":["theMarked:TakeCover","theMarked:RogueSparks"],"picked":"theMarked:TakeOffHeels","floor":14.0},{"not_picked":["theMarked:MagusForm","theMarked:DispelDoubt"],"picked":"theMarked:Vacuum","floor":16.0},{"not_picked":["theMarked:ChainLightning","theMarked:RepellingDischarge","theMarked:TwofoldDefense"],"picked":"SKIP","floor":18.0},{"not_picked":["theMarked:TakeCover","theMarked:Memento","theMarked:TheMission+1"],"picked":"SKIP","floor":20.0},{"not_picked":["theMarked:Frustration","theMarked:Aftermath","theMarked:Maelstrom+1"],"picked":"SKIP","floor":21.0},{"not_picked":["theMarked:Generate","theMarked:Aftermath","theMarked:Improvise"],"picked":"SKIP","floor":22.0},{"not_picked":["theMarked:Defy","theMarked:EmpowerWeapon","theMarked:Parry+1"],"picked":"SKIP","floor":23.0},{"not_picked":["theMarked:SwordAndMagic","theMarked:TwofoldDefense","theMarked:RepellingDischarge"],"picked":"SKIP","floor":25.0},{"not_picked":["theMarked:WastefulAttack","theMarked:CreepingChasm","theMarked:SwordAndMagic"],"picked":"SKIP","floor":27.0},{"not_picked":["theMarked:EmpowerWeapon","theMarked:Parkour"],"picked":"theMarked:SelfDefenseTraining","floor":28.0},{"not_picked":["theMarked:Parkour","theMarked:ChainLightning","theMarked:Indomitable"],"picked":"SKIP","floor":29.0},{"not_picked":["theMarked:EmpowerWeapon+1","theMarked:RepellingDischarge"],"picked":"theMarked:TheMission","floor":31.0},{"not_picked":["theMarked:EternalStudent","theMarked:FavorableWinds"],"picked":"theMarked:BindingBlade","floor":33.0},{"not_picked":["theMarked:AttractMetal+1","theMarked:Aftermath"],"picked":"theMarked:Pokerface+1","floor":35.0},{"not_picked":["theMarked:WastefulAttack+1","theMarked:TwofoldDefense+1"],"picked":"theMarked:Friction","floor":36.0},{"not_picked":["theMarked:Reabsorb","theMarked:EmpowerWeapon","theMarked:Frustration+1"],"picked":"SKIP","floor":37.0},{"not_picked":["theMarked:DispelDoubt","theMarked:ComboAttacks"],"picked":"theMarked:MysticalArsenal","floor":41.0},{"not_picked":["theMarked:ResourceFulStrike+1","theMarked:Parkour","theMarked:ContemptForTheProud"],"picked":"SKIP","floor":42.0},{"not_picked":["theMarked:Overcharge+1","theMarked:BanishingStrike+1","theMarked:Improvise+1"],"picked":"SKIP","floor":44},{"not_picked":["theMarked:TunnelVision","theMarked:Electrocute+1","theMarked:Indomitable+1"],"picked":"SKIP","floor":46},{"not_picked":["theMarked:ChainLightning+1","theMarked:Overthink+1","theMarked:Aftermath+1"],"picked":"SKIP","floor":48}],"player_experience":180698,"relics_obtained":[{"floor":6.0,"key":"Thread and Needle"},{"floor":9.0,"key":"Eternal Feather"},{"floor":23.0,"key":"Centennial Puzzle"},{"floor":26.0,"key":"theMarked:Gun"},{"floor":38.0,"key":"Mango"},{"floor":41.0,"key":"Toxic Egg 2"},{"floor":43.0,"key":"Incense Burner"}],"event_choices":[{"damage_healed":0.0,"max_hp_gain":0.0,"max_hp_loss":0.0,"gold_gain":100.0,"event_name":"Golden Shrine","player_choice":"Pray","floor":5.0,"gold_loss":0.0,"damage_taken":0.0},{"damage_healed":0.0,"max_hp_gain":0.0,"max_hp_loss":0.0,"gold_gain":0.0,"event_name":"Shining Light","player_choice":"Entered Light","floor":13.0,"gold_loss":0.0,"damage_taken":14.0,"cards_upgraded":["theMarked:Strike","theMarked:Defend"]},{"damage_healed":0.0,"max_hp_gain":0.0,"max_hp_loss":0.0,"gold_gain":0.0,"event_name":"Accursed Blacksmith","player_choice":"Forge","floor":19.0,"gold_loss":0.0,"damage_taken":0.0,"cards_upgraded":["theMarked:Vacuum"]},{"damage_healed":0.0,"max_hp_gain":0.0,"max_hp_loss":0.0,"gold_gain":0.0,"event_name":"MindBloom","player_choice":"Fight","floor":38.0,"gold_loss":0.0,"damage_taken":0.0},{"cards_removed":["theMarked:Strike"],"damage_healed":0.0,"max_hp_gain":0.0,"max_hp_loss":0.0,"gold_gain":0.0,"event_name":"Wheel of Change","player_choice":"Card Removal","floor":39.0,"gold_loss":0.0,"damage_taken":0.0},{"cards_removed":["theMarked:TheMission"],"damage_healed":0,"gold_gain":0,"player_choice":"Removed Power","damage_taken":0,"max_hp_gain":0,"max_hp_loss":0,"event_name":"Falling","floor":47,"gold_loss":0}],"is_beta":false,"boss_relics":[{"not_picked":["Coffee Dripper","Runic Pyramid"],"picked":"Astrolabe"},{"not_picked":["Fusion Hammer","Velvet Choker"],"picked":"Sozu"}],"items_purged_floors":[30],"is_endless":false,"potions_floor_spawned":[2,6,12,21,23,28,29,36,38,42,48],"killed_by":"Awakened One","ascension_level":0}}