{"host":"fuszjwm6fqgjjp4d","time":1613680683,"event":{"mods":["BaseMod","Colored Map","Minty Spire (QoL Compilation)","Permanent Neow","Relic Sorter","Relic Stats","StSLib"],"gold_per_floor":[118,118,118,44,57,96,96,96,96],"floor_reached":8,"language":"ENG","playtime":193,"items_purged":[],"score":108,"play_id":"bde9bc45-0c04-4958-a58f-5b4830387c8b","local_time":"20210218143803","is_ascension_mode":true,"campfire_choices":[],"circlet_count":0,"master_deck":["AscendersBane","Strike_R","Strike_R","Strike_R","Strike_R","Defend_R","Defend_R","Defend_R","Defend_R","Bash","Limit Break","Headbutt","Double Tap","Flex","Demon Form"],"relics":["Burning Blood","Tiny Chest","Golden Idol","Lantern"],"acts_visited":["Exordium"],"potions_floor_usage":[8],"damage_taken":[{"damage":13.0,"enemies":"Cultist","floor":1.0,"turns":5.0},{"damage":5.0,"enemies":"2 Louse","floor":5.0,"turns":3.0},{"damage":11.0,"enemies":"Gremlin Nob","floor":6.0,"turns":3.0},{"damage":55,"enemies":"3 Sentries","floor":8,"turns":9}],"seed_played":"-3998308653440517923","potions_obtained":[{"floor":5.0,"key":"Energy Potion"},{"floor":6.0,"key":"Strength Potion"}],"is_trial":false,"path_per_floor":["M","?","?","$","M","E","?","E"],"character_chosen":"IRONCLAD","items_purchased":["Double Tap"],"campfire_rested":0,"item_purchase_floors":[4],"current_hp_per_floor":[61,56,56,56,57,52,52,0,0],"gold":96,"neow_bonus":"ONE_RANDOM_RARE_CARD","is_daily":false,"chose_seed":false,"campfire_upgraded":0,"win_rate":0.0,"timestamp":1613680683,"path_taken":["M","?","?","$","M","E","?","E"],"items_purchased_type":["Card"],"build_version":"2020-12-22","purchased_purges":0,"victory":false,"max_hp_per_floor":[75,75,68,68,68,68,68,68,68],"relic_stats":{"counters":[4,20],"Golden Idol":11,"Tiny Chest":0,"obtain_stats":[{"Lantern":6,"Golden Idol":3,"Tiny Chest":2,"Burning Blood":0},{"Lantern":3,"Golden Idol":1,"Tiny Chest":1,"Burning Blood":0},{"Lantern":11,"Golden Idol":5,"Tiny Chest":5,"Burning Blood":0}],"Burning Blood":18},"card_choices":[{"not_picked":["Heavy Blade","Pummel"],"picked":"Headbutt","floor":1.0},{"not_picked":["Havoc","Entrench"],"picked":"Flex","floor":5.0},{"not_picked":["Searing Blow","Havoc"],"picked":"Demon Form","floor":6.0}],"player_experience":1498459,"relics_obtained":[{"floor":6.0,"key":"Lantern"}],"event_choices":[{"damage_healed":0.0,"max_hp_gain":0.0,"max_hp_loss":0.0,"gold_gain":0.0,"event_name":"Scrap Ooze","player_choice":"Success","floor":2.0,"gold_loss":0.0,"damage_taken":5.0,"relics_obtained":["Tiny Chest"]},{"damage_healed":0.0,"max_hp_gain":0.0,"max_hp_loss":7.0,"gold_gain":0.0,"event_name":"Golden Idol","player_choice":"Lose Max HP","floor":3.0,"gold_loss":0.0,"damage_taken":0.0,"relics_obtained":["Golden Idol"]},{"cards_removed":["Strike_R"],"damage_healed":0.0,"max_hp_gain":0.0,"max_hp_loss":0.0,"gold_gain":0.0,"event_name":"Purifier","player_choice":"Purged","floor":7.0,"gold_loss":0.0,"damage_taken":0.0}],"is_beta":false,"boss_relics":[],"items_purged_floors":[],"is_endless":false,"potions_floor_spawned":[5,6],"killed_by":"3 Sentries","ascension_level":20}}