{"host":"mi0eibewekhugwl1","time":1613652191,"event":{"mods":["AchievementEnabler","BaseMod","Colored Map","Colored Powertips","DeckTracker","Keyboard Shortcuts","Minty Spire (QoL Compilation)","Quick Restart","Rare Cards Sparkle","Relic Stats","StSLib","SuperFastMode","everything is the same but u backflip on backflip"],"gold_per_floor":[216,216,216,230,240,240,270,299,322,322,336,336,53,73,73,73,73],"floor_reached":16,"language":"KOR","playtime":304,"items_purged":["Strike_G"],"score":200,"play_id":"999425ef-11bf-4176-90cd-719f6c2acf1c","local_time":"20210218214311","is_ascension_mode":true,"campfire_choices":[{"data":"Dagger Throw","floor":6,"key":"SMITH"},{"floor":10,"key":"REST"},{"data":"Bullet Time","floor":12,"key":"SMITH"},{"data":"Neutralize","floor":15,"key":"SMITH"}],"circlet_count":0,"master_deck":["AscendersBane","Strike_G","Strike_G","Strike_G","Strike_G","Defend_G","Defend_G","Defend_G","Defend_G","Defend_G","Survivor","Neutralize+1","Bouncing Flask+1","Dagger Throw+1","Crippling Poison","Bullet Time+1","Dash","Tactician"],"relics":["Ring of the Snake","Odd Mushroom","Art of War","Strawberry","MealTicket"],"acts_visited":["Exordium"],"potions_floor_usage":[8,16],"damage_taken":[{"damage":0,"enemies":"2 Louse","floor":1,"turns":4},{"damage":7,"enemies":"Small Slimes","floor":4,"turns":5},{"damage":4,"enemies":"Jaw Worm","floor":5,"turns":2},{"damage":21,"enemies":"The Mushroom Lair","floor":7,"turns":5},{"damage":19,"enemies":"3 Sentries","floor":8,"turns":9},{"damage":6,"enemies":"Exordium Wildlife","floor":11,"turns":3},{"damage":3,"enemies":"Large Slime","floor":14,"turns":4},{"damage":31,"enemies":"Hexaghost","floor":16,"turns":9}],"seed_played":"1394978665835547360","potions_obtained":[{"floor":1,"key":"Poison Potion"},{"floor":5,"key":"ColorlessPotion"}],"is_trial":false,"path_per_floor":["M","?","?","M","M","R","?","E","T","R","M","R","$","M","R","B"],"character_chosen":"THE_SILENT","items_purchased":["Tactician","MealTicket"],"campfire_rested":1,"item_purchase_floors":[13,13],"current_hp_per_floor":[59,59,59,52,48,48,27,8,15,36,30,30,30,27,27,0,0],"gold":73,"neow_bonus":"HUNDRED_GOLD","is_daily":false,"chose_seed":false,"campfire_upgraded":3,"win_rate":0.0,"timestamp":1613652191,"path_taken":["M","?","?","M","M","R","?","E","T","R","M","R","$","M","R","BOSS"],"items_purchased_type":["Card","Relic"],"build_version":"2020-12-22","purchased_purges":1,"victory":false,"max_hp_per_floor":[66,66,66,66,66,66,66,66,73,73,73,73,73,73,73,73,73],"relic_stats":{"counters":[8,41],"MealTicket":0,"Art of War":[4],"obtain_stats":[{"Strawberry":9,"MealTicket":13,"Art of War":8,"Odd Mushroom":7,"Ring of the Snake":0},{"Strawberry":5,"MealTicket":6,"Art of War":5,"Odd Mushroom":4,"Ring of the Snake":0},{"Strawberry":25,"MealTicket":28,"Art of War":25,"Odd Mushroom":16,"Ring of the Snake":0}],"Ring of the Snake":[16]},"card_choices":[{"not_picked":["Quick Slash","Dagger Spray"],"picked":"Bouncing Flask","floor":1},{"not_picked":["Expertise","Quick Slash"],"picked":"Dagger Throw","floor":4},{"not_picked":["Flying Knee","Bane","Cloak And Dagger"],"picked":"SKIP","floor":5},{"not_picked":["All Out Attack","Underhanded Strike"],"picked":"Crippling Poison","floor":7},{"not_picked":["Choke","Blur"],"picked":"Bullet Time","floor":8},{"not_picked":["PiercingWail","Backflip"],"picked":"Dash","floor":11},{"not_picked":["Poisoned Stab","Dodge and Roll","Dagger Spray"],"picked":"SKIP","floor":14}],"player_experience":1814157,"relics_obtained":[{"floor":7,"key":"Odd Mushroom"},{"floor":8,"key":"Art of War"},{"floor":9,"key":"Strawberry"}],"event_choices":[{"damage_healed":0,"gold_gain":0,"player_choice":"Grow","damage_taken":0,"max_hp_gain":0,"max_hp_loss":0,"event_name":"Living Wall","floor":2,"gold_loss":0,"cards_upgraded":["Bouncing Flask"]},{"damage_healed":0,"gold_gain":0,"player_choice":"Ignored","damage_taken":0,"max_hp_gain":0,"max_hp_loss":0,"event_name":"Liars Game","floor":3,"gold_loss":0},{"damage_healed":0,"gold_gain":0,"player_choice":"Fought Mushrooms","damage_taken":0,"max_hp_gain":0,"max_hp_loss":0,"event_name":"Mushrooms","floor":7,"gold_loss":0}],"is_beta":false,"boss_relics":[],"items_purged_floors":[13],"is_endless":false,"potions_floor_spawned":[1,5,7],"killed_by":"Hexaghost","ascension_level":20}}