{"host":"g3js2eermvvpeiqn","time":1613636708,"event":{"mods":["BaseMod","DeckTracker","Downfall","Minty Spire (QoL Compilation)","Quick Restart","StSLib"],"gold_per_floor":[116,129,48,48,48,48,78,78,78,90,90,90,15,25,25,98,98,111,131,131,106,123,123,38,38,38],"floor_reached":25,"language":"ENG","playtime":1100,"items_purged":["Strike_G"],"score":548,"play_id":"6e7a817d-6432-40f5-9007-42d35b835697","local_time":"20210218022508","is_ascension_mode":true,"campfire_choices":[{"data":"Skewer","floor":6,"key":"SMITH"},{"data":"Neutralize","floor":8,"key":"SMITH"},{"data":"Dash","floor":12,"key":"SMITH"},{"data":"Dash","floor":15,"key":"SMITH"},{"floor":23,"key":"REST"}],"circlet_count":0,"master_deck":["AscendersBane","Strike_G","Strike_G","Strike_G","Defend_G","Defend_G","Defend_G","Defend_G","Defend_G","Survivor","Neutralize+1","Skewer+1","Acrobatics+1","Footwork+1","Dash+1","Dash+1","Reflex","Glass Knife","Dagger Spray","Prepared","Deflect","Footwork"],"relics":["Ring of the Snake","NeowsBlessing","Bottled Lightning","Tough Bandages","InkBottle","bronze:MakeshiftBattery","StrikeDummy"],"acts_visited":["Exordium","TheCity"],"potions_floor_usage":[16,16,16,25],"damage_taken":[{"damage":0,"enemies":"Cultist","floor":1,"turns":1},{"damage":0,"enemies":"Jaw Worm","floor":2,"turns":1},{"damage":0,"enemies":"Gremlin Nob","floor":7,"turns":1},{"damage":7,"enemies":"Small Slimes","floor":10,"turns":4},{"damage":0,"enemies":"Blue Slaver","floor":14,"turns":4},{"damage":0,"enemies":"The Guardian","floor":16,"turns":15},{"damage":3,"enemies":"2 Thieves","floor":18,"turns":4},{"damage":4,"enemies":"Shell Parasite","floor":19,"turns":4},{"damage":23,"enemies":"Shelled Parasite and Fungi","floor":22,"turns":8},{"damage":59,"enemies":"Slavers","floor":25,"turns":5}],"seed_played":"-3714335490327697816","potions_obtained":[{"floor":2,"key":"champ:CounterPotion"},{"floor":7,"key":"Energy Potion"},{"floor":10,"key":"Strength Potion"},{"floor":14,"key":"EntropicBrew"}],"is_trial":false,"path_per_floor":["M","M","$","?","T","R","E","R","T","M","?","R","$","M","R","B",null,"M","M","?","$","M","R","?","E"],"character_chosen":"THE_SILENT","items_purchased":["Footwork","Deflect"],"campfire_rested":1,"item_purchase_floors":[3,21],"current_hp_per_floor":[59,59,59,39,39,39,39,39,39,32,32,32,32,32,32,32,58,55,51,51,51,28,47,47,0,0],"gold":38,"neow_bonus":"THREE_ENEMY_KILL","is_daily":false,"chose_seed":false,"campfire_upgraded":4,"win_rate":0.0,"timestamp":1613636708,"path_taken":["M","?","$","?","?","R","E","R","T","M","?","R","?","M","R","BOSS","M","?","?","$","M","R","?","E"],"items_purchased_type":["Card","Card"],"build_version":"2020-12-22","purchased_purges":1,"victory":false,"max_hp_per_floor":[66,66,66,66,66,66,66,66,66,66,66,66,66,66,66,66,66,66,66,66,66,66,66,66,66,66],"card_choices":[{"not_picked":["Dagger Throw","Blade Dance"],"picked":"Skewer","floor":1},{"not_picked":["Deflect","Dodge and Roll"],"picked":"Acrobatics","floor":2},{"not_picked":["Flying Knee","Escape Plan"],"picked":"Dash","floor":7},{"not_picked":["Cloak And Dagger","Distraction"],"picked":"Dash","floor":10},{"not_picked":["Dagger Throw","Deflect"],"picked":"Reflex","floor":14},{"not_picked":["After Image","A Thousand Cuts"],"picked":"Glass Knife","floor":16},{"not_picked":["Underhanded Strike","Accuracy+1"],"picked":"Dagger Spray","floor":18},{"not_picked":["Heel Hook","Accuracy"],"picked":"Prepared","floor":19},{"not_picked":["Underhanded Strike+1","Die Die Die"],"picked":"Footwork","floor":22}],"player_experience":1460516,"relics_obtained":[{"floor":5,"key":"Bottled Lightning"},{"floor":7,"key":"Tough Bandages"},{"floor":9,"key":"InkBottle"}],"event_choices":[{"damage_healed":0,"gold_gain":0,"player_choice":"Entered Light","damage_taken":20,"max_hp_gain":0,"max_hp_loss":0,"event_name":"Shining Light","floor":4,"gold_loss":0,"cards_upgraded":["Footwork","Acrobatics"]},{"cards_removed":["Strike_G"],"damage_healed":0,"gold_gain":0,"player_choice":"Forget","damage_taken":0,"max_hp_gain":0,"max_hp_loss":0,"event_name":"Living Wall","floor":11,"gold_loss":0},{"damage_healed":0,"gold_gain":0,"player_choice":"Ignored","damage_taken":0,"max_hp_gain":0,"max_hp_loss":0,"event_name":"Beggar","floor":20,"gold_loss":0},{"damage_healed":0,"gold_gain":0,"player_choice":"Obtained Relic","damage_taken":0,"relics_obtained":["StrikeDummy"],"max_hp_gain":0,"max_hp_loss":0,"event_name":"Addict","floor":24,"gold_loss":85}],"is_beta":false,"boss_relics":[{"not_picked":["Runic Pyramid","Ring of the Serpent"],"picked":"bronze:MakeshiftBattery"}],"items_purged_floors":[13],"is_endless":false,"potions_floor_spawned":[2,7,10,14],"killed_by":"Slavers","ascension_level":20}}