{"host":"guk5h31bsklpp7e4","time":1613634641,"event":{"mods":["AchievementEnabler","BaseMod","Colored Map","Colored Powertips","Highlight Path","Minty Spire (QoL Compilation)","Quick Restart","Rare Cards Sparkle"],"gold_per_floor":[111,127,5,5,5,30,30,41,41,41,68,68,68,68],"floor_reached":13,"language":"ENG","playtime":510,"items_purged":[],"score":97,"play_id":"3823aa42-36b2-412d-8bd3-8f8184f9c628","local_time":"20210218025041","is_ascension_mode":true,"campfire_choices":[{"floor":10,"key":"REST"},{"floor":12,"key":"REST"}],"circlet_count":0,"master_deck":["Strike_P","Strike_P","Strike_P","Strike_P","Defend_P","Defend_P","Defend_P","Defend_P","Eruption","Vigilance","Meditate","ThirdEye","WaveOfTheHand","JustLucky","Halt","JustLucky"],"relics":["PureWater","StoneCalendar","Singing Bowl","Happy Flower","Blue Candle","Strawberry"],"acts_visited":["Exordium"],"potions_floor_usage":[7,13],"damage_taken":[{"damage":0,"enemies":"Cultist","floor":1,"turns":2},{"damage":5,"enemies":"Jaw Worm","floor":2,"turns":5},{"damage":27,"enemies":"Lagavulin","floor":6,"turns":7},{"damage":0,"enemies":"2 Louse","floor":8,"turns":3},{"damage":118,"enemies":"Gremlin Nob","floor":13,"turns":6}],"seed_played":"3425075628798219504","potions_obtained":[{"floor":1,"key":"BottledMiracle"},{"floor":7,"key":"Fruit Juice"},{"floor":7,"key":"Explosive Potion"},{"floor":7,"key":"Block Potion"},{"floor":8,"key":"Ancient Potion"}],"is_trial":false,"path_per_floor":["M","M","$","?","?","E","?","M","T","R","T","R","E"],"character_chosen":"WATCHER","items_purchased":["WaveOfTheHand","JustLucky"],"campfire_rested":2,"item_purchase_floors":[3,3],"current_hp_per_floor":[65,60,60,65,47,20,25,25,25,47,54,78,0,0],"gold":68,"neow_bonus":"ONE_RARE_RELIC","is_daily":false,"chose_seed":false,"campfire_upgraded":0,"win_rate":0.0,"timestamp":1613634641,"path_taken":["M","M","$","?","?","E","?","?","T","R","?","R","E"],"items_purchased_type":["Card","Card"],"build_version":"2020-12-22","purchased_purges":0,"victory":false,"max_hp_per_floor":[65,65,65,70,70,70,75,75,75,75,82,82,82,82],"card_choices":[{"not_picked":["ReachHeaven","SandsOfTime"],"picked":"Meditate","floor":1},{"not_picked":["CutThroughFate","Protect"],"picked":"ThirdEye","floor":2},{"not_picked":["Protect","PathToVictory"],"picked":"Halt","floor":6},{"not_picked":["ThirdEye","Pray"],"picked":"JustLucky","floor":8}],"player_experience":356189,"relics_obtained":[{"floor":6,"key":"Happy Flower"},{"floor":9,"key":"Blue Candle"},{"floor":11,"key":"Strawberry"}],"event_choices":[{"damage_healed":0,"gold_gain":0,"player_choice":"Donut","damage_taken":0,"max_hp_gain":5,"max_hp_loss":0,"event_name":"Big Fish","floor":4,"gold_loss":0},{"damage_healed":0,"gold_gain":0,"player_choice":"Success","damage_taken":18,"relics_obtained":["Singing Bowl"],"max_hp_gain":0,"max_hp_loss":0,"event_name":"Scrap Ooze","floor":5,"gold_loss":0},{"damage_healed":0,"gold_gain":0,"player_choice":"Got Potions","damage_taken":0,"max_hp_gain":0,"max_hp_loss":0,"event_name":"Lab","floor":7,"gold_loss":0}],"is_beta":false,"boss_relics":[],"items_purged_floors":[],"is_endless":false,"potions_floor_spawned":[1,8],"killed_by":"Gremlin Nob","ascension_level":4}}