{"host":"0rn20prxkpuv2e47","time":1613614069,"event":{"mods":["100% Spire Juice","ATMod(阿瑾Mod)","Act Like it!","Arknights","Aspiration","BaseMod","Challenge The Spire","Downfall","Friendly Minions","Gensokyo","GungeonMod","Hallownest","Hermit","Koishi","KomeijiMod","Marisa（F雨　魔理沙）","Minty Spire (QoL Compilation)","MostiFishMod","Prisma Mod","Quick Restart","Reimu（博丽灵梦）","Remilia（蕾米莉亚）","Robot Space Explorer","StSLib","The Administrix","The Alterego","The Animator","The Blackbeard","The Bug Knight","The Construct","The Cursed","The Jungle","The Mystic","The Runesmith","The Senshi","The Servant 0.9.4","WarShipGirlsR/战舰少女R mod","Warlord Emblem","Wide Potions","Yuyuko","[GremlinLeader]The Maniac","[IsaacMod]以撒尖塔","[功能]功能增强和修复MOD","noobMod","【功能Mod】聪明的最终Boss","【遗物卡牌】REMEMod"],"gold_per_floor":[111,111,17,77,77,77,133,133],"floor_reached":7,"language":"ZHS","playtime":504,"items_purged":["DemoMod:Defend_Huntress","DemoMod:Defend_Huntress","DemoMod:Defend_Huntress","DemoMod:Defend_Huntress","DemoMod:Strike_Huntress","DemoMod:Strike_Huntress"],"score":74,"play_id":"014fe794-3000-47e0-9fb5-3f1d5920f042","local_time":"20210218100749","is_ascension_mode":false,"campfire_choices":[{"data":"AT_ThistleTea","floor":6,"key":"SMITH"}],"circlet_count":0,"master_deck":["DemoMod:Roll","DemoMod:ManualReload","DemoMod:RustySidearm","DemoMod:CrossBow","AT_ThistleTea+1","AT_ThistleTea+1","DemoMod:GunstockTap","DemoMod:HuntsMan","DemoMod:BulletBore","DemoMod:BattleInHaste","DemoMod:ConditionalReflex","DemoMod:PotionOfGunFriendShip","DemoMod:RadGun","DemoMod:CombinedRifle","DemoMod:EasyReloadBullets","DemoMod:ProbeStrike"],"relics":["DemoMod:Dog","ice","AT_ATBox","REME_ComplimentaryCards","HushsDoor","DaveBox","The Courier","D6","DemoMod:GlassGuonStoneRelic","SynthV:TestCard","Dodecahedron","WarlordEmblem:KitchenKnife","AT_MibuBalloonWealth","aspiration:DSix","REME_HandOfSuture","Medical Kit","DemoMod:ChaffGrenade","WarlordEmblem:OldTorch","Ying","DemoMod:WeirdEgg"],"acts_visited":["Gensokyo:Gensokyo"],"potions_floor_usage":[],"damage_taken":[{"damage":16,"enemies":"Gensokyo:Gryphon","floor":1,"turns":4},{"damage":0,"enemies":"Gensokyo:2_Kodama","floor":4,"turns":2},{"damage":0,"enemies":"Gensokyo:Mamizou","floor":7,"turns":6}],"seed_played":"7596918024364589317","potions_obtained":[{"floor":4,"key":"GrandPatriotsElixir:ReiMu"},{"floor":7,"key":"Dexterity Potion"}],"is_trial":false,"path_per_floor":["M","?","$","M","$","R","E"],"character_chosen":"HUNTRESS","items_purchased":["Dodecahedron","WarlordEmblem:KitchenKnife","AT_MibuBalloonWealth","DemoMod:HuntsMan","DemoMod:BulletBore","DemoMod:BattleInHaste","aspiration:DSix","REME_HandOfSuture","Medical Kit","DemoMod:ConditionalReflex","DemoMod:PotionOfGunFriendShip","DemoMod:RadGun","DemoMod:CombinedRifle","DemoMod:EasyReloadBullets","DemoMod:ChaffGrenade","WarlordEmblem:OldTorch","Ying"],"campfire_rested":0,"item_purchase_floors":[3,3,3,3,3,3,3,3,3,3,3,3,3,3,5,5,5],"current_hp_per_floor":[54,54,54,58,58,58,60,60],"gold":133,"neow_bonus":"UPGRADE_CARD","is_daily":false,"chose_seed":false,"campfire_upgraded":1,"win_rate":0.0,"timestamp":1613614069,"path_taken":["M","?","$","M","$","R","E"],"items_purchased_type":["Relic","Relic","Relic","Card","Card","Card","Relic","Relic","Relic","Card","Card","Card","Card","Card","Relic","Relic","Relic"],"build_version":"2020-12-22","purchased_purges":6,"victory":false,"max_hp_per_floor":[70,70,70,70,70,70,70,70],"card_choices":[{"not_picked":["DemoMod:HardPowerCard","DemoMod:BlankBullets"],"picked":"DemoMod:GunstockTap","floor":1},{"not_picked":["DemoMod:JK47","DemoMod:Purify","DemoMod:ConditionalReflex","DemoMod:BattleInHaste","DemoMod:MachoBrace"],"picked":"SKIP","floor":4},{"not_picked":["DemoMod:PotionOfGunFriendShip","DemoMod:Unity","DemoMod:HardPowerCard","DemoMod:HuntsMan"],"picked":"DemoMod:ProbeStrike","floor":7}],"player_experience":189514,"relics_obtained":[{"floor":1,"key":"SynthV:TestCard"},{"floor":7,"key":"DemoMod:WeirdEgg"}],"event_choices":[],"is_beta":false,"boss_relics":[],"items_purged_floors":[3,3,3,3,3,3],"is_endless":false,"potions_floor_spawned":[1,4,4,7],"killed_by":"Gensokyo:Mamizou","ascension_level":0}}