{"host":"h5acbxt0wmjo1kpm","time":1613642300,"event":{"mods":["2.2 Compatiblity","Act Like it!","AlwaysNeverKeys","Aspiration","Bard","Bartender","BaseMod","Better Third Choice","Colored Map","Elementarium","Gensokyo","GifTheSpireLib","Hallownest","Marisa????????","Menagerie","Minty Spire (QoL Compilation)","Permanent Neow","Potionbrewer","Quick Restart","Relic Filter","Reliquary","Robot Space Explorer","Ruina","RumiaBox-????????","Shade Mod","Spicy Shops","StSLib","Strawberry Spire","The Blackbeard","The Dragon Tamer","The Gatherer","The Hayseed","The Problem Sleuth","The Servant 0.9.4","Wandering Minibosses","Wide Potions"],"gold_per_floor":[115,50,60,60,60,60,60],"floor_reached":6,"language":"ENG","playtime":252,"items_purged":[],"score":54,"play_id":"a930c00b-e835-429c-9b4a-c3eea0bd7b49","local_time":"20210218015820","is_ascension_mode":true,"campfire_choices":[],"circlet_count":0,"master_deck":["AscendersBane","potionbrewer:PotionbrewerStrike","potionbrewer:PotionbrewerStrike","potionbrewer:PotionbrewerStrike","potionbrewer:PotionbrewerStrike","potionbrewer:PotionbrewerDefend","potionbrewer:PotionbrewerDefend","potionbrewer:PotionbrewerDefend","potionbrewer:PotionbrewerDefend","potionbrewer:Collect","potionbrewer:ChemicalSpill","potionbrewer:ChokingPowder","potionbrewer:CausticBarrier","potionbrewer:TestFormula"],"relics":["reliquary:ThirdArm","Menagerie:HuntersKnife","reliquary:Aerogel"],"acts_visited":["Menagerie:Menagerie"],"potions_floor_usage":[3,6,6],"damage_taken":[{"damage":6,"enemies":"Menagerie:StygianBoar","floor":1,"turns":4},{"damage":0,"enemies":"Menagerie:WhisperingWraith","floor":3,"turns":3},{"damage":31,"enemies":"Menagerie:Hydra","floor":6,"turns":6}],"seed_played":"6128165305844550079","potions_obtained":[{"floor":1,"key":"Dexterity Potion"},{"floor":3,"key":"SneckoOil"}],"is_trial":false,"path_per_floor":["M","$","M","?","T","E"],"character_chosen":"POTIONBREWER","items_purchased":["potionbrewer:CausticBarrier"],"campfire_rested":0,"item_purchase_floors":[2],"current_hp_per_floor":[62,62,62,62,62,31,31],"gold":60,"neow_bonus":"BOSS_RELIC","is_daily":false,"chose_seed":false,"campfire_upgraded":0,"win_rate":0.0,"timestamp":1613642300,"path_taken":["M","$","M","?","?","E"],"items_purchased_type":["Card"],"build_version":"2020-12-22","purchased_purges":0,"victory":false,"max_hp_per_floor":[75,75,75,69,69,69,69],"card_choices":[{"not_picked":["potionbrewer:HazardousMaterials","potionbrewer:BlindingMist"],"picked":"potionbrewer:ChokingPowder","floor":1},{"not_picked":["potionbrewer:Smack","potionbrewer:FlareUp"],"picked":"potionbrewer:TestFormula","floor":3}],"player_experience":2275087,"relics_obtained":[{"floor":5,"key":"reliquary:Aerogel"}],"event_choices":[{"damage_healed":0,"gold_gain":0,"player_choice":"Take","damage_taken":0,"relics_obtained":["Menagerie:HuntersKnife"],"max_hp_gain":0,"max_hp_loss":6,"event_name":"Menagerie:BigGameHunter","floor":4,"gold_loss":0}],"is_beta":false,"boss_relics":[],"items_purged_floors":[],"is_endless":false,"potions_floor_spawned":[1,3],"killed_by":"Menagerie:Hydra","ascension_level":12}}