{"host":"suw5tyb7z6zbnnfs","time":1613619890,"event":{"mods":["AchievementEnabler","BaseMod","Colored Map","Minty Spire (QoL Compilation)"],"gold_per_floor":[119,69,29,47,65,65,99,113,166,198,210,210,238,89,89,194,194,204,36,36,52,52,52,78,3,3,19,19,19,19],"floor_reached":29,"language":"ENG","playtime":4880,"items_purged":["Strike_G"],"score":429,"play_id":"b4a8c6d6-2ec9-4bcf-99c4-50ad975d0882","local_time":"20210217224450","is_ascension_mode":true,"campfire_choices":[{"data":"Neutralize","floor":6.0,"key":"SMITH"},{"data":"Calculated Gamble","floor":12.0,"key":"SMITH"},{"floor":15.0,"key":"REST"},{"data":"Glass Knife","floor":23,"key":"SMITH"}],"circlet_count":0,"master_deck":["AscendersBane","Strike_G","Strike_G","Strike_G","Defend_G","Defend_G","Defend_G","Defend_G","Defend_G","Survivor","Neutralize+1","Dagger Throw","Footwork","Sucker Punch","Quick Slash","Calculated Gamble+1","Skewer","Masterful Stab","Unload","After Image","Cloak And Dagger","PiercingWail","Glass Knife+1","Dodge and Roll+1","Footwork","Leg Sweep"],"relics":["Philosopher\u0027s Stone","Blue Candle","Pen Nib","Oddly Smooth Stone","CaptainsWheel","Black Star","ClockworkSouvenir","Toy Ornithopter","Bag of Preparation","Bottled Flame"],"acts_visited":["Exordium","TheCity"],"potions_floor_usage":[29],"damage_taken":[{"damage":8.0,"enemies":"Small Slimes","floor":1.0,"turns":5.0},{"damage":4.0,"enemies":"Jaw Worm","floor":4.0,"turns":4.0},{"damage":0.0,"enemies":"Cultist","floor":5.0,"turns":5.0},{"damage":14.0,"enemies":"Gremlin Nob","floor":7.0,"turns":5.0},{"damage":5.0,"enemies":"2 Fungi Beasts","floor":8.0,"turns":3.0},{"damage":15.0,"enemies":"3 Sentries","floor":10.0,"turns":8.0},{"damage":0.0,"enemies":"Exordium Thugs","floor":11.0,"turns":4.0},{"damage":0.0,"enemies":"Gremlin Nob","floor":13.0,"turns":3.0},{"damage":24.0,"enemies":"Slime Boss","floor":16.0,"turns":12.0},{"damage":9,"enemies":"Spheric Guardian","floor":18,"turns":3},{"damage":0,"enemies":"Shell Parasite","floor":21,"turns":6},{"damage":38,"enemies":"Book of Stabbing","floor":24,"turns":8},{"damage":11,"enemies":"Centurion and Healer","floor":27,"turns":5},{"damage":12,"enemies":"Slavers","floor":29,"turns":4}],"seed_played":"-3065827671984357716","potions_obtained":[{"floor":3.0,"key":"Strength Potion"},{"floor":3.0,"key":"Regen Potion"},{"floor":3.0,"key":"Ancient Potion"},{"floor":7.0,"key":"Block Potion"},{"floor":8.0,"key":"Poison Potion"},{"floor":10.0,"key":"AttackPotion"},{"floor":27,"key":"LiquidMemories"}],"is_trial":false,"path_per_floor":["M","?","?","M","M","R","E","M","T","E","M","R","E","$","R","B",null,"M","$","?","M","?","R","E","$","T","M","$","E"],"character_chosen":"THE_SILENT","items_purchased":["Unload","PiercingWail","ClockworkSouvenir","Footwork"],"campfire_rested":1,"item_purchase_floors":[14,19,19,25],"current_hp_per_floor":[55,55,55,51,51,51,51,46,46,31,31,31,31,31,52,28,60,51,51,51,51,51,51,13,13,13,2,2,0,0],"gold":19,"neow_bonus":"BOSS_RELIC","is_daily":false,"chose_seed":false,"campfire_upgraded":3,"win_rate":0.0,"timestamp":1613619890,"path_taken":["M","?","?","M","M","R","E","M","T","E","M","R","E","$","R","BOSS","M","?","?","M","?","R","E","$","T","?","$","E"],"items_purchased_type":["Card","Card","Relic","Card"],"build_version":"2020-12-22","purchased_purges":1,"victory":false,"max_hp_per_floor":[70,70,70,70,70,70,70,70,70,70,70,70,70,70,70,70,70,70,70,70,70,70,70,70,70,70,70,70,70,70],"card_choices":[{"not_picked":["Flying Knee","Deflect"],"picked":"Dagger Throw","floor":1.0},{"not_picked":["Tactician","Caltrops"],"picked":"Footwork","floor":4.0},{"not_picked":["Underhanded Strike","Outmaneuver"],"picked":"Sucker Punch","floor":5.0},{"not_picked":["Flying Knee","Dagger Throw"],"picked":"Quick Slash","floor":7.0},{"not_picked":["Deflect","Blade Dance"],"picked":"Calculated Gamble","floor":8.0},{"not_picked":["Tactician","Doppelganger"],"picked":"Skewer","floor":10.0},{"not_picked":["Outmaneuver","Slice"],"picked":"Masterful Stab","floor":11.0},{"not_picked":["Underhanded Strike","Poisoned Stab","Heel Hook"],"picked":"SKIP","floor":13.0},{"not_picked":["Die Die Die","Venomology"],"picked":"After Image","floor":16.0},{"not_picked":["Escape Plan","Eviscerate+1"],"picked":"Cloak And Dagger","floor":18},{"not_picked":["PiercingWail","Predator","Prepared"],"picked":"SKIP","floor":21},{"not_picked":["Storm of Steel","Backstab"],"picked":"Dodge and Roll+1","floor":24},{"not_picked":["Choke+1","Bane"],"picked":"Leg Sweep","floor":27}],"player_experience":934900,"relics_obtained":[{"floor":7.0,"key":"Blue Candle"},{"floor":9.0,"key":"Pen Nib"},{"floor":10.0,"key":"Oddly Smooth Stone"},{"floor":13.0,"key":"CaptainsWheel"},{"floor":24,"key":"Toy Ornithopter"},{"floor":24,"key":"Bag of Preparation"},{"floor":26,"key":"Bottled Flame"}],"event_choices":[{"cards_removed":["Strike_G"],"damage_healed":0.0,"max_hp_gain":0.0,"max_hp_loss":0.0,"gold_gain":0.0,"event_name":"The Cleric","player_choice":"Card Removal","floor":2.0,"gold_loss":50.0,"damage_taken":0.0},{"damage_healed":0.0,"max_hp_gain":0.0,"max_hp_loss":0.0,"gold_gain":0.0,"event_name":"The Woman in Blue","player_choice":"Bought 3 Potions","floor":3.0,"gold_loss":0.0,"damage_taken":0.0},{"damage_healed":0,"gold_gain":0,"player_choice":"Ignored","damage_taken":0,"max_hp_gain":0,"max_hp_loss":0,"event_name":"Ghosts","floor":20,"gold_loss":0},{"damage_healed":0,"gold_gain":0,"player_choice":"Read","damage_taken":0,"max_hp_gain":0,"max_hp_loss":0,"event_name":"The Library","floor":22,"gold_loss":0,"cards_obtained":["Glass Knife"]}],"is_beta":false,"boss_relics":[{"not_picked":["Astrolabe","Runic Pyramid"],"picked":"Black Star"}],"items_purged_floors":[14],"is_endless":false,"potions_floor_spawned":[4,7,8,10,27],"killed_by":"Slavers","ascension_level":10}}