{"host":"meeffwnr16p8jwki","time":1613688700,"event":{"mods":["2.2 Compatiblity","AchievementEnabler","Act Like it!","Ascension Reborn","Aspiration","BaseMod","BetterRewards","Challenge The Spire","Colored Map","Colored Powertips","Conspire","Downfall","GifTheSpireLib","Halation","Hallownest","Hermit","Hubris","Marisa????????","Minty Spire (QoL Compilation)","Permanent Neow","Quick Restart","Replay The Spire","StSLib","Stuff the Spire","The Animator","The Cursed","The Disciple","The Mystic","The Servant 0.9.4","The Spell Scribe"],"gold_per_floor":[117,135,135,135,135,135,45,73,98,129,129,148,168,168,168,268,268,281,281,281,281,291,291,317,317,317,336,350,350,132,165,165,266,266,282,301,319,319,339,371,381,394,394,394,425,425,585,602,602,602],"floor_reached":51,"language":"ENG","playtime":5893,"items_purged":["hermit:Strike_Hermit"],"score":855,"play_id":"b7f90b2b-7e66-4f49-94a9-c4226bd5e05e","local_time":"20210218235140","is_ascension_mode":true,"campfire_choices":[{"data":"hermit:Dive","floor":6.0,"key":"SMITH"},{"data":"hermit:Quickdraw","floor":11.0,"key":"SMITH"},{"data":"hermit:CalledShot","floor":15.0,"key":"SMITH"},{"data":"hermit:Headshot","floor":23,"key":"SMITH"},{"data":"ReplayTheSpireMod:Private Reserves","floor":23,"key":"SMITH"},{"data":"hermit:Roughhouse","floor":29,"key":"SMITH"},{"data":"hermit:Defend_Hermit","floor":29,"key":"SMITH"},{"data":"hermit:Defend_Hermit","floor":32,"key":"SMITH"},{"data":"hermit:Defend_Hermit","floor":32,"key":"SMITH"},{"data":"hermit:BigShot","floor":44,"key":"SMITH"},{"data":"hermit:RoundhouseKick","floor":44,"key":"SMITH"},{"data":"hermit:Covet","floor":49,"key":"SMITH"},{"floor":49,"key":"RECALL"}],"circlet_count":0,"master_deck":["hermit:Strike_Hermit","hermit:Strike_Hermit","hermit:Strike_Hermit","hermit:Defend_Hermit+1","hermit:Defend_Hermit+1","hermit:Defend_Hermit+1","hermit:Defend_Hermit+1","hermit:Snapshot+1","hermit:Covet+1","hermit:Headshot+1","hermit:Dive+1","Regret","ReplayTheSpireMod:Private Reserves+1","hermit:Quickdraw+1","hermit:CalledShot+1","hermit:Roughhouse+1","hermit:BigShot+1","hermit:HeroicBravado+1","CurseOfTheBell","hermit:Dive+1","hermit:Ricochet+1","hermit:Snipe+1","hermit:CalledShot+1","hermit:Vantage+1","hermit:GhostlyPresence+1","hermit:RoundhouseKick+1","hermit:Dive+1","hermit:Headshot+1","hermit:Glare+1","hermit:GhostlyPresence+1","hermit:HeroicBravado+1","hermit:Combo+1","hermit:Dive+1","hermit:Quickdraw+1"],"relics":["hermit:Momento","StuffTheSpire:RedRose","hubris:CuriousFeather","Happy Flower","Pet Ghost","hubris:Icosahedron","Calling Bell","Toxic Egg 2","halation:AfternoonTea","halation:PenCase","halation:EternalFortune","Red Mask","Potion Belt","hubris:Towel","Calipers","StuffTheSpire:Saxophone","halation:LettersToHer","halation:ForbiddenBikini","hubris:GlazedTorus","Mummified Hand","Bottled Lightning","Hallownest:GodTamersBeastRelic"],"acts_visited":["Exordium","Exordium","Hallownest:CityofTears"],"potions_floor_usage":[24,40,47,47],"damage_taken":[{"damage":0.0,"enemies":"2 Louse","floor":1.0,"turns":3.0},{"damage":0.0,"enemies":"Small Slimes","floor":2.0,"turns":2.0},{"damage":11.0,"enemies":"Replay:BlueRogue","floor":8.0,"turns":5.0},{"damage":5.0,"enemies":"3 Sentries","floor":10.0,"turns":7.0},{"damage":0.0,"enemies":"Jaw Worm","floor":12.0,"turns":2.0},{"damage":0.0,"enemies":"Large Slime","floor":13.0,"turns":3.0},{"damage":18.0,"enemies":"Hexaghost","floor":16.0,"turns":8.0},{"damage":23.0,"enemies":"Hallownest:2_Mistakes","floor":18.0,"turns":5.0},{"damage":2,"enemies":"Hallownest:Guard_and_Sentry","floor":22,"turns":6},{"damage":1,"enemies":"Hallownest:Nosk","floor":24,"turns":7},{"damage":8,"enemies":"Hallownest:2_Husk_Sentries","floor":27,"turns":4},{"damage":1,"enemies":"Hallownest:monsterShrumalOgre","floor":28,"turns":5},{"damage":1,"enemies":"Hallownest:eliteWatcherKnight","floor":31,"turns":12},{"damage":0,"enemies":"Hallownest:BossSoulMaster","floor":33,"turns":12},{"damage":0,"enemies":"Hallownest:2_Littles","floor":35,"turns":5},{"damage":1,"enemies":"Hallownest:Shield_Heavy","floor":36,"turns":4},{"damage":0,"enemies":"Hallownest:2_Soldiers_and_1_Guardian","floor":37,"turns":6},{"damage":1,"enemies":"Hallownest:Slobbering_and_Violent","floor":39,"turns":6},{"damage":10,"enemies":"Hallownest:StalkingDevout","floor":40,"turns":8},{"damage":1,"enemies":"Hallownest:2_Wing_and_1_Kings","floor":41,"turns":7},{"damage":0,"enemies":"Hallownest:monsterPrimalAspid","floor":42,"turns":4},{"damage":1,"enemies":"Hallownest:eliteCollector","floor":45,"turns":6},{"damage":0,"enemies":"Hallownest:eliteCollector","floor":47,"turns":4},{"damage":0,"enemies":"Hallownest:eliteCollector","floor":47,"turns":6},{"damage":1,"enemies":"Hallownest:eliteCollector","floor":47,"turns":5},{"damage":0,"enemies":"Hallownest:eliteCollector","floor":47,"turns":2},{"damage":0,"enemies":"Hallownest:Slobbering_and_Violent","floor":48,"turns":7},{"damage":0,"enemies":"Hallownest:BossGreyPrinceZote","floor":50,"turns":12}],"seed_played":"-3089239317272743944","potions_obtained":[{"floor":8.0,"key":"Fire Potion"},{"floor":10.0,"key":"SteroidPotion"},{"floor":16.0,"key":"hexamod:SoulburnPotion"},{"floor":27,"key":"bronze:BurnAndBuffPotion"},{"floor":33,"key":"Reflective Coating"},{"floor":35,"key":"ColorlessPotion"},{"floor":37,"key":"Swift Potion"},{"floor":40,"key":"Guardian:BlockOnCardUsePotion"},{"floor":41,"key":"hermit:Tonic"}],"is_trial":false,"path_per_floor":["M","M","?","?","?","R","$","E","T","E","R","M","M","?","R","B",null,"M","?","?","?","M","R","E","?","T","M","M","R","$","E","R","B",null,"M","M","M","?","M","E","M","M","T","R","E","$","?","M","R","B",null],"character_chosen":"HERMIT","items_purchased":["ReplayTheSpireMod:Private Reserves","StuffTheSpire:Saxophone"],"campfire_rested":0,"item_purchase_floors":[7,30],"current_hp_per_floor":[75,75,75,75,75,75,75,64,64,59,59,59,59,59,59,41,75,52,55,55,55,53,53,52,52,52,44,43,43,43,42,42,42,78,81,80,80,81,83,73,72,72,72,72,71,71,70,70,70,70],"gold":602,"neow_bonus":"UPGRADE_CARD","is_daily":false,"chose_seed":false,"campfire_upgraded":12,"win_rate":0.0,"timestamp":1613688700,"path_taken":["M","M","?","?","?","R","$","E","T","E","R","M","?","?","R","BOSS","M","?","?","?","M","R","E","?","T","?","M","R","$","E","R","BOSS","M","M","M","?","?","E","M","?","T","R","E","$","?","M","R","BOSS"],"items_purchased_type":["Card","Relic"],"build_version":"2020-12-22","purchased_purges":1,"victory":true,"max_hp_per_floor":[75,75,75,75,75,75,75,75,75,75,75,75,75,75,75,75,75,75,78,78,78,78,78,78,78,78,78,78,78,78,78,78,78,78,81,81,81,81,84,84,84,84,84,84,84,84,84,84,84,84],"card_choices":[{"not_picked":["hermit:HighCaliber","hermit:Feint"],"picked":"hermit:Headshot","floor":1.0},{"not_picked":["hermit:Manifest","hermit:WideOpen"],"picked":"hermit:Dive","floor":2.0},{"not_picked":["hermit:LuckOfTheDraw","hermit:Showdown"],"picked":"hermit:Quickdraw","floor":8.0},{"not_picked":["hermit:Snipe","hermit:SprayPray"],"picked":"hermit:CalledShot","floor":10.0},{"not_picked":["hermit:Misfire","hermit:LowProfile"],"picked":"hermit:Roughhouse","floor":12.0},{"not_picked":["hermit:DeadMansHand","hermit:Glare"],"picked":"hermit:BigShot","floor":13.0},{"not_picked":["hermit:OverwhelmingPower","hermit:FatalDesire"],"picked":"hermit:HeroicBravado","floor":16.0},{"not_picked":["hermit:Quickdraw","hermit:Headshot"],"picked":"hermit:Dive+1","floor":18.0},{"not_picked":["hermit:WideOpen","hermit:Showdown"],"picked":"hermit:Ricochet+1","floor":22},{"not_picked":["hermit:FinalCanter","hermit:Showdown"],"picked":"hermit:Snipe+1","floor":24},{"not_picked":["hermit:DeadOrAlive","hermit:Vantage+1"],"picked":"hermit:CalledShot+1","floor":27},{"not_picked":["hermit:Roulette+1","hermit:GoldenBullet"],"picked":"hermit:Vantage+1","floor":28},{"not_picked":["hermit:GoldenBullet","hermit:TrackingShot+1"],"picked":"hermit:GhostlyPresence+1","floor":31},{"not_picked":["hermit:EternalForm","hermit:BlackWind"],"picked":"hermit:RoundhouseKick","floor":33},{"not_picked":["hermit:WideOpen","hermit:GoldenBullet"],"picked":"hermit:Dive+1","floor":35},{"not_picked":["hermit:Misfire+1","hermit:Feint+1"],"picked":"hermit:Headshot+1","floor":36},{"not_picked":["hermit:BodyArmor+1","hermit:Desperado+1"],"picked":"hermit:Glare+1","floor":37},{"not_picked":["hermit:SprayPray+1","hermit:Brawl"],"picked":"hermit:GhostlyPresence+1","floor":39},{"not_picked":["hermit:Coalescence+1","hermit:ItchyTrigger"],"picked":"hermit:HeroicBravado+1","floor":40},{"not_picked":["hermit:Glare+1","hermit:WideOpen+1"],"picked":"hermit:Combo+1","floor":41},{"not_picked":["hermit:Maintenance+1","hermit:Coalescence+1"],"picked":"hermit:Dive+1","floor":42},{"not_picked":["hermit:NoHoldsBarred+1","hermit:HighCaliber+1"],"picked":"hermit:Quickdraw+1","floor":45},{"not_picked":["hermit:PistolWhip","hermit:HeroicBravado+1","hermit:Vantage+1"],"picked":"SKIP","floor":48}],"player_experience":1342,"relics_obtained":[{"floor":8.0,"key":"hubris:CuriousFeather"},{"floor":9.0,"key":"Happy Flower"},{"floor":10.0,"key":"Pet Ghost"},{"floor":17.0,"key":"Toxic Egg 2"},{"floor":17.0,"key":"halation:AfternoonTea"},{"floor":17.0,"key":"halation:PenCase"},{"floor":24,"key":"Potion Belt"},{"floor":26,"key":"Calipers"},{"floor":31,"key":"halation:LettersToHer"},{"floor":35,"key":"halation:EternalFortune"},{"floor":39,"key":"halation:EternalFortune"},{"floor":40,"key":"hubris:GlazedTorus"},{"floor":43,"key":"halation:LettersToHer"},{"floor":43,"key":"Mummified Hand"},{"floor":45,"key":"Bottled Lightning"}],"event_choices":[{"damage_healed":0.0,"max_hp_gain":0.0,"max_hp_loss":0.0,"gold_gain":0.0,"event_name":"Liars Game","player_choice":"Ignored","floor":4.0,"gold_loss":0.0,"damage_taken":0.0}],"is_beta":false,"boss_relics":[{"not_picked":["hermit:BartenderGlass","aspiration:FutureDiary"],"picked":"Calling Bell"},{"not_picked":["conspire:SlowCooker","Replay:Wanted Poster"],"picked":"halation:ForbiddenBikini"}],"items_purged_floors":[30],"is_endless":false,"potions_floor_spawned":[8,10,16,18,27,33,35,37,40,41,47,47],"ascension_level":0}}