{"host":"6ggzka4dag2kvku2","time":1613662093,"event":{"mods":["AchievementEnabler","BaseMod","DeckTracker","Minty Spire (QoL Compilation)","Permanent Neow","Quick Restart","SuperFastMode"],"gold_per_floor":[112,124,142,142,161,161,13,13,13,31,48,223,240,254,254,254,254],"floor_reached":16,"language":"KOR","playtime":482,"items_purged":[],"score":121,"play_id":"a0e41352-8aff-4036-a29c-2a5fbc35914a","local_time":"20210219002813","is_ascension_mode":false,"campfire_choices":[{"data":"Feed","floor":6.0,"key":"SMITH"},{"data":"Bloodletting","floor":8.0,"key":"SMITH"},{"data":"Corruption","floor":15.0,"key":"SMITH"}],"circlet_count":0,"master_deck":["Strike_R","Strike_R","Strike_R","Strike_R","Defend_R","Defend_R","Defend_R","Defend_R","Bash","Feed+1","Bloodletting+1","Intimidate","Shrug It Off","Thunderclap","Pommel Strike","Doubt","Corruption+1","Flex"],"relics":["Burning Blood","Membership Card","Meat on the Bone"],"acts_visited":["Exordium"],"potions_floor_usage":[],"damage_taken":[{"damage":7.0,"enemies":"Small Slimes","floor":1.0,"turns":4.0},{"damage":22.0,"enemies":"Jaw Worm","floor":2.0,"turns":7.0},{"damage":6.0,"enemies":"2 Louse","floor":3.0,"turns":3.0},{"damage":16.0,"enemies":"Exordium Wildlife","floor":5.0,"turns":6.0},{"damage":9.0,"enemies":"Lots of Slimes","floor":10.0,"turns":6.0},{"damage":20.0,"enemies":"Blue Slaver","floor":11.0,"turns":9.0},{"damage":19.0,"enemies":"Exordium Wildlife","floor":13.0,"turns":6.0},{"damage":6.0,"enemies":"2 Fungi Beasts","floor":14.0,"turns":4.0},{"damage":0,"enemies":"The Guardian","floor":16,"turns":1}],"seed_played":"-6641383501557779480","potions_obtained":[{"floor":2.0,"key":"SpeedPotion"},{"floor":3.0,"key":"Fire Potion"},{"floor":5.0,"key":"GamblersBrew"}],"is_trial":false,"path_per_floor":["M","M","M","?","M","R","$","R","T","M","M","?","M","M","R","B"],"character_chosen":"IRONCLAD","items_purchased":["Membership Card"],"campfire_rested":0,"item_purchase_floors":[7],"current_hp_per_floor":[82,69,72,65,58,58,58,58,58,59,61,61,64,68,68,68,68],"gold":254,"neow_bonus":"ONE_RANDOM_RARE_CARD","is_daily":false,"chose_seed":false,"campfire_upgraded":3,"win_rate":0.0,"timestamp":1613662093,"path_taken":["M","M","M","?","M","R","$","R","T","M","M","?","M","M","R","BOSS"],"items_purchased_type":["Relic"],"build_version":"2020-12-22","purchased_purges":0,"victory":false,"max_hp_per_floor":[83,86,89,89,92,92,92,92,92,96,100,100,104,108,108,108,108],"card_choices":[{"not_picked":["Clash","Wild Strike"],"picked":"Bloodletting","floor":1.0},{"not_picked":["Wild Strike","Bloodletting"],"picked":"Intimidate","floor":2.0},{"not_picked":["Ghostly Armor","Intimidate"],"picked":"Shrug It Off","floor":3.0},{"not_picked":["Anger","Blood for Blood","Wild Strike"],"picked":"SKIP","floor":5.0},{"not_picked":["Sever Soul","Rupture"],"picked":"Thunderclap","floor":10.0},{"not_picked":["Shrug It Off","Iron Wave"],"picked":"Pommel Strike","floor":11.0},{"not_picked":["Iron Wave","Sever Soul"],"picked":"Corruption","floor":13.0},{"not_picked":["Clothesline","Pommel Strike"],"picked":"Flex","floor":14.0}],"player_experience":70232,"relics_obtained":[{"floor":9.0,"key":"Meat on the Bone"}],"event_choices":[{"cards_removed":["Strike_R"],"damage_healed":0.0,"max_hp_gain":0.0,"max_hp_loss":0.0,"gold_gain":0.0,"event_name":"Golden Wing","player_choice":"Card Removal","floor":4.0,"gold_loss":0.0,"damage_taken":7.0},{"damage_healed":0.0,"max_hp_gain":0.0,"max_hp_loss":0.0,"gold_gain":175.0,"event_name":"Liars Game","player_choice":"AGREE","floor":12.0,"gold_loss":0.0,"damage_taken":0.0,"cards_obtained":["Doubt"]}],"is_beta":false,"boss_relics":[],"items_purged_floors":[],"is_endless":false,"potions_floor_spawned":[2,3,5],"killed_by":"The Guardian","ascension_level":0}}