{"host":"07a2fkusd33ogvuu","time":1613660862,"event":{"mods":["BaseMod","Bestiary","Colored Powertips","Highlight Path","Minty Spire (QoL Compilation)","Relic Stats"],"gold_per_floor":[111,127,141,141,159,192,30,30,110,142,4,4,24,43,43,115,115,115,125,140,65,45,72,72,106,106,106,106],"floor_reached":27,"language":"ENG","playtime":1857,"items_purged":["Pain"],"score":726,"play_id":"57cb2107-8524-4601-86bf-099f9fea88a3","local_time":"20210218150742","is_ascension_mode":true,"campfire_choices":[{"data":"Collect","floor":8.0,"key":"SMITH"},{"data":"Worship","floor":12.0,"key":"SMITH"},{"data":"Tantrum","floor":15.0,"key":"SMITH"},{"floor":24.0,"key":"REST"}],"circlet_count":0,"master_deck":["AscendersBane","Strike_P","Strike_P","Strike_P","Strike_P","Defend_P","Defend_P","Defend_P","Defend_P","Eruption","Vigilance","Sanctity","Tantrum+1","CutThroughFate","Collect+1","CarveReality","Worship+1","DeusExMachina","CutThroughFate","EmptyBody","Adaptation","Wireheading","CutThroughFate","Scrawl","Meditate+1","EmptyFist","FearNoEvil","LikeWater","ConjureBlade","Normality"],"relics":["Cursed Key","Prayer Wheel","Art of War","Eternal Feather","Pen Nib","Black Star","Toy Ornithopter","Smiling Mask","Shuriken","Mummified Hand","Sundial"],"acts_visited":["Exordium","TheCity"],"potions_floor_usage":[],"damage_taken":[{"damage":2.0,"enemies":"Small Slimes","floor":1.0,"turns":3.0},{"damage":0.0,"enemies":"Jaw Worm","floor":2.0,"turns":4.0},{"damage":0.0,"enemies":"Cultist","floor":3.0,"turns":2.0},{"damage":2.0,"enemies":"Looter","floor":5.0,"turns":4.0},{"damage":16.0,"enemies":"Gremlin Nob","floor":6.0,"turns":3.0},{"damage":3.0,"enemies":"Lagavulin","floor":10.0,"turns":4.0},{"damage":10.0,"enemies":"3 Louse","floor":13.0,"turns":4.0},{"damage":9.0,"enemies":"Blue Slaver","floor":14.0,"turns":4.0},{"damage":0.0,"enemies":"Slime Boss","floor":16.0,"turns":4.0},{"damage":0.0,"enemies":"Shell Parasite","floor":18.0,"turns":1.0},{"damage":12.0,"enemies":"3 Byrds","floor":19.0,"turns":3.0},{"damage":21.0,"enemies":"Snake Plant","floor":20.0,"turns":4.0},{"damage":15.0,"enemies":"Book of Stabbing","floor":23.0,"turns":3.0},{"damage":0.0,"enemies":"Gremlin Leader","floor":25.0,"turns":3.0},{"damage":55,"enemies":"Book of Stabbing","floor":27,"turns":3}],"seed_played":"1498583812552387175","potions_obtained":[{"floor":1.0,"key":"LiquidMemories"},{"floor":3.0,"key":"Ancient Potion"},{"floor":6.0,"key":"Swift Potion"},{"floor":10.0,"key":"LiquidMemories"},{"floor":13.0,"key":"SmokeBomb"},{"floor":20.0,"key":"GamblersBrew"},{"floor":23.0,"key":"Ancient Potion"}],"is_trial":false,"path_per_floor":["M","M","M","?","M","E","$","R","T","E","$","R","M","M","R","B",null,"M","M","M","$","?","E","R","E","T","E"],"character_chosen":"WATCHER","items_purchased":["Art of War","DeusExMachina","CutThroughFate"],"campfire_rested":1,"item_purchase_floors":[7,11,11],"current_hp_per_floor":[59,59,59,59,57,41,41,41,41,38,38,50,40,31,43,43,62,62,50,29,29,29,14,49,54,54,0,0],"gold":106,"neow_bonus":"BOSS_RELIC","is_daily":false,"chose_seed":false,"campfire_upgraded":3,"win_rate":0.0,"timestamp":1613660862,"path_taken":["M","M","M","?","M","E","$","R","T","E","$","R","M","M","R","BOSS","M","M","M","$","?","E","R","E","T","E"],"items_purchased_type":["Relic","Card","Card"],"build_version":"2020-12-22","purchased_purges":1,"victory":false,"max_hp_per_floor":[68,68,68,68,68,68,68,68,68,68,68,68,68,68,68,68,68,68,68,68,68,68,68,68,68,68,68,68],"relic_stats":{"counters":[15,49],"Eternal Feather":39,"Pen Nib":[6],"Cursed Key":2,"Smiling Mask":0,"Shuriken":[2],"Mummified Hand":[1],"Sundial":[0],"Prayer Wheel":4,"Art of War":[2],"Black Star":2,"obtain_stats":[{"Shuriken":25,"Mummified Hand":25,"Sundial":26,"Prayer Wheel":6,"Eternal Feather":9,"Pen Nib":10,"Art of War":7,"Black Star":17,"PureWater":0,"Cursed Key":0,"Smiling Mask":23,"Toy Ornithopter":23},{"Shuriken":14,"Mummified Hand":14,"Sundial":14,"Prayer Wheel":5,"Eternal Feather":5,"Pen Nib":6,"Art of War":5,"Black Star":9,"PureWater":0,"Cursed Key":0,"Smiling Mask":13,"Toy Ornithopter":13},{"Shuriken":46,"Mummified Hand":46,"Sundial":46,"Prayer Wheel":16,"Eternal Feather":16,"Pen Nib":20,"Art of War":16,"Black Star":32,"PureWater":0,"Cursed Key":0,"Smiling Mask":43,"Toy Ornithopter":43}],"Toy Ornithopter":5},"card_choices":[{"not_picked":["Indignation","CrushJoints"],"picked":"Sanctity","floor":1.0},{"not_picked":["PathToVictory","Study"],"picked":"Tantrum","floor":2.0},{"not_picked":["SignatureMove","FollowUp"],"picked":"CutThroughFate","floor":3.0},{"not_picked":["Nirvana","FlyingSleeves"],"picked":"Collect","floor":5.0},{"not_picked":["FlyingSleeves","Vengeance"],"picked":"CarveReality","floor":6.0},{"not_picked":["FollowUp","JustLucky"],"picked":"Worship","floor":10.0},{"not_picked":["Study","CutThroughFate"],"picked":"EmptyBody","floor":13.0},{"not_picked":["MentalFortress","PathToVictory"],"picked":"Adaptation","floor":13.0},{"not_picked":["InnerPeace","Collect"],"picked":"Wireheading","floor":14.0},{"not_picked":["ThirdEye","PathToVictory"],"picked":"CutThroughFate","floor":14.0},{"not_picked":["Establishment","LessonLearned"],"picked":"Scrawl","floor":16.0},{"not_picked":["PathToVictory","FlyingSleeves"],"picked":"Meditate+1","floor":19.0},{"not_picked":["Wireheading+1","FollowUp"],"picked":"EmptyFist","floor":19.0},{"not_picked":["InnerPeace","WreathOfFlame"],"picked":"FearNoEvil","floor":20.0},{"not_picked":["Adaptation","FollowUp+1","Meditate"],"picked":"SKIP","floor":20.0},{"not_picked":["FlyingSleeves","CutThroughFate"],"picked":"LikeWater","floor":23.0},{"not_picked":["ThirdEye","CutThroughFate+1"],"picked":"ConjureBlade","floor":25.0}],"player_experience":1260744,"relics_obtained":[{"floor":6.0,"key":"Prayer Wheel"},{"floor":9.0,"key":"Eternal Feather"},{"floor":10.0,"key":"Pen Nib"},{"floor":23.0,"key":"Toy Ornithopter"},{"floor":23.0,"key":"Smiling Mask"},{"floor":25.0,"key":"Shuriken"},{"floor":25.0,"key":"Mummified Hand"},{"floor":26.0,"key":"Sundial"}],"event_choices":[{"damage_healed":0.0,"max_hp_gain":0.0,"max_hp_loss":0.0,"gold_gain":0.0,"event_name":"Liars Game","player_choice":"Ignored","floor":4.0,"gold_loss":0.0,"damage_taken":0.0},{"damage_healed":0.0,"max_hp_gain":0.0,"max_hp_loss":0.0,"gold_gain":0.0,"event_name":"The Woman in Blue","player_choice":"Bought 1 Potion","floor":22.0,"gold_loss":0.0,"damage_taken":0.0}],"is_beta":false,"boss_relics":[{"not_picked":["Philosopher\u0027s Stone","Fusion Hammer"],"picked":"Black Star"}],"items_purged_floors":[21],"is_endless":false,"potions_floor_spawned":[1,3,6,10,13,20,23],"killed_by":"Book of Stabbing","ascension_level":20}}