{"host":"Doisman","time":1613608287,"event":{"mods":["AchievementEnabler","BaseMod","Better Note","Curses Come First","Minty Spire (QoL Compilation)","Permanent Neow","Quick Restart","Relic Stats","Replay The Spire","StSLib","slay the spire mod where everything is the same but ironclad has a cowboy hat"],"gold_per_floor":[114,114,133,83,8,46,46,46,71,90,109,109,128,147,147,272,272,291,310,329,348,348,348,386,386,461,476,491,506,106,121,121,221,221,236,251,301,316,331,331,17,17,17,32,47,47,77,92,92,92],"floor_reached":51,"language":"ENG","playtime":1482,"items_purged":["Strike_R","Amnesia"],"score":907,"play_id":"4ceebf36-7b2b-4b83-8658-edff0aad1eb9","local_time":"20210217183127","daily_mods":["Cursed Run","Uncertain Future","Lethality"],"is_ascension_mode":false,"campfire_choices":[{"data":"Sword Boomerang","floor":7,"key":"SMITH"},{"data":"Bash","floor":12,"key":"SMITH"},{"data":"Shockwave","floor":15,"key":"SMITH"},{"data":"Uppercut","floor":23,"key":"SMITH"},{"data":"Replay:Undeath\u0027s Touch","floor":32,"key":"SMITH"},{"data":"Battle Trance","floor":40,"key":"SMITH"},{"data":"Battle Trance","floor":46,"key":"SMITH"},{"data":"Sword Boomerang","floor":49,"key":"SMITH"}],"circlet_count":0,"master_deck":["Defend_R","Defend_R+1","Defend_R+1","Defend_R","Bash+1","Shockwave+1","Injury","Sword Boomerang+1","Sever Soul","Uppercut+1","Fiend Fire","Life Link+1","True Grit+1","ReplayTheSpireMod:Limb From Limb+1","Bite+1","Bite+1","Bite+1","Bite+1","Bite+1","Hallucinations","ReplayTheSpireMod:Stacked+1","Pommel Strike+1","Replay:Undeath\u0027s Touch+1","ReplayTheSpireMod:Faulty Equipment","Limit Break","Heavy Blade","Battle Trance+1","Fire Breathing+1","Sword Boomerang+1","Corruption","Regret","ReplayTheSpireMod:Doomed","Battle Trance+1","Havoc+1","Heavy Blade+1","Offering"],"relics":["Cursed Key","Darkstone Periapt","Du-Vu Doll","Bloody Idol","Bottled Flame","ReplayTheSpireMod:Ring of Addiction","Potion Belt","SacredBark","Vajra","Runic Dome","Simple Rune","Matryoshka","Replay:Bottled Eggs","Coffee Dripper","Champion Belt","Strange Spoon","Lantern","Omamori","Sundial"],"acts_visited":["Exordium","TheCity","TheBeyond"],"potions_floor_usage":[11,14,16,19,19,24,33,36,37,38,44,47,50,50,50],"damage_taken":[{"damage":4.0,"enemies":"Jaw Worm","floor":1.0,"turns":2.0},{"damage":0.0,"enemies":"2 Louse","floor":3.0,"turns":2.0},{"damage":9.0,"enemies":"Replay:BlueRogue","floor":6.0,"turns":2.0},{"damage":0,"enemies":"Cultist","floor":10,"turns":1},{"damage":0,"enemies":"Looter","floor":11,"turns":1},{"damage":0,"enemies":"Blue Slaver","floor":13,"turns":1},{"damage":0,"enemies":"Exordium Wildlife","floor":14,"turns":1},{"damage":28,"enemies":"The Guardian","floor":16,"turns":5},{"damage":0,"enemies":"Shell Parasite","floor":18,"turns":1},{"damage":12,"enemies":"3 Byrds","floor":19,"turns":1},{"damage":9,"enemies":"3 Cultists","floor":20,"turns":3},{"damage":27,"enemies":"Shelled Parasite and Fungi","floor":21,"turns":2},{"damage":25,"enemies":"Book of Stabbing","floor":24,"turns":3},{"damage":5,"enemies":"Snake Plant","floor":27,"turns":2},{"damage":0,"enemies":"Cultist and Chosen","floor":28,"turns":3},{"damage":0,"enemies":"Chosen and Byrds","floor":29,"turns":3},{"damage":0,"enemies":"Snake Plant","floor":31,"turns":2},{"damage":9,"enemies":"Automaton","floor":33,"turns":3},{"damage":0,"enemies":"Orb Walker","floor":35,"turns":1},{"damage":31,"enemies":"3 Shapes","floor":36,"turns":2},{"damage":54,"enemies":"Mind Bloom Boss Battle","floor":37,"turns":3},{"damage":21,"enemies":"Writhing Mass","floor":38,"turns":3},{"damage":23,"enemies":"3 Darklings","floor":39,"turns":2},{"damage":0,"enemies":"Spire Growth","floor":44,"turns":2},{"damage":19,"enemies":"Jaw Worm Horde","floor":45,"turns":3},{"damage":0,"enemies":"Giant Head","floor":47,"turns":5},{"damage":1,"enemies":"4 Shapes","floor":48,"turns":2},{"damage":46,"enemies":"Donu and Deca","floor":50,"turns":4}],"seed_played":"-4060160915487772418","potions_obtained":[{"floor":1.0,"key":"SteroidPotion"},{"floor":3.0,"key":"PowerPotion"},{"floor":8,"key":"GamblersBrew"},{"floor":8,"key":"Adrenaline Potion"},{"floor":8,"key":"Weak Potion"},{"floor":10,"key":"BloodPotion"},{"floor":14,"key":"LiquidBronze"},{"floor":18,"key":"SteroidPotion"},{"floor":21,"key":"Energy Potion"},{"floor":24,"key":"LiquidBronze"},{"floor":28,"key":"SteroidPotion"},{"floor":33,"key":"Fruit Juice"},{"floor":37,"key":"CultistPotion"},{"floor":38,"key":"Block Potion"},{"floor":39,"key":"FairyPotion"},{"floor":47,"key":"Block Potion"},{"floor":48,"key":"BlessingOfTheForge"}],"is_trial":false,"path_per_floor":["M","?","M","?","$","E","R","?","T","M","M","R","M","M","R","B",null,"M","M","M","M","?","R","E","?","T","M","M","M","$","M","R","B",null,"M","M","?","M","M","R","$","?","T","M","M","R","E","M","R","B",null],"character_chosen":"IRONCLAD","items_purchased":["Replay:Bottled Eggs","BloodPotion","Corruption","Strange Spoon"],"campfire_rested":0,"item_purchase_floors":[30,30,41,41],"current_hp_per_floor":[76,82,82,82,82,73,73,73,79,79,92,92,92,92,92,70,98,98,86,77,50,50,50,35,35,46,48,57,70,70,68,68,74,74,74,64,21,47,38,38,38,44,50,64,59,59,79,86,86,49],"gold":92,"neow_bonus":"","is_daily":true,"chose_seed":false,"campfire_upgraded":8,"win_rate":0.0,"timestamp":1613608287,"path_taken":["M","?","M","?","$","E","R","?","T","M","M","R","M","M","R","BOSS","M","M","M","M","?","R","E","?","T","M","M","?","$","M","R","BOSS","M","M","?","M","M","R","$","?","T","?","M","R","E","M","R","BOSS"],"items_purchased_type":["Relic","Potion","Card","Relic"],"build_version":"2020-12-18","purchased_purges":2,"victory":true,"max_hp_per_floor":[80,86,86,86,86,86,86,86,92,92,92,92,92,92,92,98,98,98,98,98,98,68,66,66,66,72,72,70,70,70,68,68,74,74,74,84,84,84,84,84,84,88,94,94,94,94,94,94,94,94],"relic_stats":{"Darkstone Periapt":42,"Strange Spoon":[6],"counters":[28,65],"Sundial":[0],"Bloody Idol":63,"Champion Belt":[11],"Cursed Key":3,"obtain_stats":[{"Darkstone Periapt":0,"Potion Belt":8,"Lantern":43,"Golden Idol":2,"ReplayTheSpireMod:Ring of Addiction":8,"SacredBark":8,"Vajra":9,"Omamori":43,"Cursed Key":0,"Du-Vu Doll":0,"Runic Dome":17,"Strange Spoon":41,"Bottled Flame":6,"Matryoshka":26,"Sundial":47,"Bloody Idol":25,"Simple Rune":24,"Coffee Dripper":34,"Champion Belt":37,"Replay:Bottled Eggs":30},{"Darkstone Periapt":0,"Potion Belt":3,"Lantern":23,"Golden Idol":1,"ReplayTheSpireMod:Ring of Addiction":3,"SacredBark":3,"Vajra":3,"Omamori":23,"Cursed Key":0,"Du-Vu Doll":0,"Runic Dome":8,"Strange Spoon":23,"Bottled Flame":3,"Matryoshka":13,"Sundial":26,"Bloody Idol":13,"Simple Rune":13,"Coffee Dripper":18,"Champion Belt":21,"Replay:Bottled Eggs":16},{"Darkstone Periapt":0,"Potion Belt":6,"Lantern":49,"Golden Idol":2,"ReplayTheSpireMod:Ring of Addiction":6,"SacredBark":6,"Vajra":6,"Omamori":49,"Cursed Key":0,"Du-Vu Doll":0,"Runic Dome":15,"Strange Spoon":49,"Bottled Flame":6,"Matryoshka":25,"Sundial":59,"Bloody Idol":25,"Simple Rune":25,"Coffee Dripper":38,"Champion Belt":44,"Replay:Bottled Eggs":33}]},"card_choices":[{"not_picked":["Bloodletting","Havoc"],"picked":"Shockwave","floor":1.0},{"not_picked":["Havoc","Sentinel"],"picked":"Sword Boomerang","floor":3.0},{"not_picked":["ReplayTheSpireMod:Corrosion Curse","Seeing Red","Havoc"],"picked":"SKIP","floor":6},{"not_picked":["Shockwave","Warcry"],"picked":"Sever Soul","floor":10},{"not_picked":["Bloodletting","Armaments","Wild Strike"],"picked":"SKIP","floor":11},{"not_picked":["ReplayTheSpireMod:Strike From Hell","Sever Soul","ReplayTheSpireMod:Limb From Limb"],"picked":"SKIP","floor":13},{"not_picked":["Thunderclap","Abandon"],"picked":"Uppercut","floor":14},{"not_picked":["Barricade","Replay:Many Hands"],"picked":"Fiend Fire","floor":16},{"not_picked":["Spot Weakness","Evolve"],"picked":"Life Link+1","floor":18},{"not_picked":["Cleave","Armaments+1"],"picked":"True Grit+1","floor":19},{"not_picked":["Combust","Cleave"],"picked":"ReplayTheSpireMod:Limb From Limb+1","floor":20},{"not_picked":["Dual Wield","Abandon","ReplayTheSpireMod:Strike From Hell"],"picked":"SKIP","floor":21},{"not_picked":["Clash","Dark Embrace","Iron Wave+1"],"picked":"SKIP","floor":24},{"not_picked":["Uppercut+1","ReplayTheSpireMod:Corrosion Curse"],"picked":"ReplayTheSpireMod:Stacked+1","floor":27},{"not_picked":["Reckless Charge","Warcry","Entrench"],"picked":"SKIP","floor":28},{"not_picked":["Clash+1","Pommel Strike+1","Clothesline"],"picked":"SKIP","floor":29},{"not_picked":["Clash+1","Clothesline"],"picked":"Pommel Strike+1","floor":29},{"not_picked":["Warcry","Shrug It Off"],"picked":"Replay:Undeath\u0027s Touch","floor":31},{"not_picked":["Bludgeon","Impervious"],"picked":"Limit Break","floor":33},{"not_picked":["Warcry+1","Wild Strike"],"picked":"Heavy Blade","floor":35},{"not_picked":["Wild Strike+1","Rupture+1"],"picked":"Battle Trance","floor":36},{"not_picked":["ReplayTheSpireMod:Strike From Hell","Dark Embrace"],"picked":"Fire Breathing+1","floor":38},{"not_picked":["Headbutt+1","Twin Strike+1"],"picked":"Sword Boomerang","floor":39},{"not_picked":["Flame Barrier","Twin Strike"],"picked":"Battle Trance","floor":44},{"not_picked":["Havoc+1","Perfected Strike","Twin Strike"],"picked":"SKIP","floor":45},{"not_picked":["Perfected Strike","Twin Strike"],"picked":"Havoc+1","floor":45},{"not_picked":["Armaments+1","ReplayTheSpireMod:Muscle Training"],"picked":"Heavy Blade+1","floor":47},{"not_picked":["Pommel Strike+1","ReplayTheSpireMod:Limb From Limb"],"picked":"Offering","floor":48}],"player_experience":758979,"relics_obtained":[{"floor":6,"key":"Bottled Flame"},{"floor":8,"key":"ReplayTheSpireMod:Ring of Addiction"},{"floor":8,"key":"Potion Belt"},{"floor":8,"key":"SacredBark"},{"floor":9,"key":"Vajra"},{"floor":24,"key":"Simple Rune"},{"floor":26,"key":"Matryoshka"},{"floor":37,"key":"Champion Belt"},{"floor":43,"key":"Lantern"},{"floor":43,"key":"Omamori"},{"floor":47,"key":"Sundial"}],"event_choices":[{"damage_healed":0.0,"max_hp_gain":0.0,"max_hp_loss":0.0,"gold_gain":0.0,"event_name":"Golden Idol","player_choice":"Take Wound","floor":2.0,"gold_loss":0.0,"damage_taken":0.0,"relics_obtained":["Golden Idol"],"cards_obtained":["Injury"]},{"cards_removed":["Strike_R"],"damage_healed":0.0,"max_hp_gain":0.0,"max_hp_loss":0.0,"gold_gain":0.0,"event_name":"The Cleric","player_choice":"Card Removal","floor":4.0,"gold_loss":50.0,"damage_taken":0.0},{"damage_healed":0,"gold_gain":0,"player_choice":"Became a vampire","damage_taken":0,"max_hp_gain":0,"max_hp_loss":30,"event_name":"Vampires","floor":22,"gold_loss":0,"cards_obtained":["Bite","Bite","Bite","Bite","Bite"]},{"damage_healed":0,"gold_gain":0,"player_choice":"Gave Idol","damage_taken":0,"relics_obtained":["Bloody Idol"],"max_hp_gain":0,"max_hp_loss":0,"event_name":"Forgotten Altar","floor":25,"relics_lost":["Golden Idol"],"gold_loss":0},{"damage_healed":0,"gold_gain":0,"player_choice":"Fight","damage_taken":0,"max_hp_gain":0,"max_hp_loss":0,"event_name":"MindBloom","floor":37,"gold_loss":0},{"damage_healed":0,"gold_gain":0,"cards_transformed":["Replay:Hysterical Blindness"],"player_choice":"Transformed","damage_taken":0,"max_hp_gain":0,"max_hp_loss":0,"event_name":"Transmorgrifier","floor":42,"gold_loss":0,"cards_obtained":["Regret"]}],"is_beta":true,"boss_relics":[{"not_picked":["Black Star","Replay:Wanted Poster"],"picked":"Runic Dome"},{"not_picked":["Sozu","Abe\u0027s Treasure"],"picked":"Coffee Dripper"}],"items_purged_floors":[5,30],"is_endless":false,"potions_floor_spawned":[1,3,10,14,18,21,24,28,33,37,38,39,47,48],"ascension_level":0}}