{"host":"e0kes70z4atl8xdk","time":1613658676,"event":{"mods":["AchievementEnabler","BaseMod","Colored Map","Colored Powertips","Minty Spire (QoL Compilation)","Rare Cards Sparkle","Relic Stats"],"gold_per_floor":[116,134,144,155,168,168,13,39,117,117,127,49,79,92,92,191,191,208,219,31,31,43,43,71,71,71,90,100,100,117,142,142,242,242,257,73,73,85,105,105,138,152,152,152,164,164,214,263,263,263,263,263,52,87,87,87],"floor_reached":55,"language":"ENG","playtime":5450,"items_purged":["Strike_G"],"score":751,"play_id":"14513c3c-fa24-45c1-9ddf-51dcff02d4ae","local_time":"20210218153116","is_ascension_mode":false,"campfire_choices":[{"data":"Noxious Fumes","floor":6.0,"key":"SMITH"},{"floor":15.0,"key":"REST"},{"floor":23.0,"key":"REST"},{"data":"Catalyst","floor":25.0,"key":"SMITH"},{"floor":32.0,"key":"REST"},{"data":"Catalyst","floor":40.0,"key":"SMITH"},{"floor":44.0,"key":"RECALL"},{"data":"Apotheosis","floor":46.0,"key":"SMITH"},{"floor":49.0,"key":"REST"},{"data":"Bullet Time","floor":52.0,"key":"SMITH"}],"circlet_count":0,"master_deck":["Strike_G+1","Strike_G+1","Defend_G+1","Defend_G+1","Defend_G+1","Defend_G+1","Defend_G+1","Survivor","Neutralize+1","Endless Agony+1","Crippling Poison","Noxious Fumes+1","Backflip","Terror","Catalyst+1","Escape Plan","Footwork","Corpse Explosion","Catalyst+1","Bullet Time+1","Deflect","Noxious Fumes+1","Bandage Up","Prepared","Bouncing Flask","Calculated Gamble+1","Blur","Adrenaline","Acrobatics","Apotheosis+1","Enlightenment"],"relics":["Ring of the Snake","TwistedFunnel","Boot","Unceasing Top","Vajra","Philosopher\u0027s Stone","Molten Egg 2","Bag of Marbles","Whetstone","Runic Pyramid","Lantern","Darkstone Periapt","Girya","StoneCalendar","Shuriken"],"acts_visited":["Exordium","TheCity","TheBeyond","TheEnding"],"potions_floor_usage":[55,55,55],"damage_taken":[{"damage":1.0,"enemies":"Cultist","floor":1.0,"turns":4.0},{"damage":0.0,"enemies":"Small Slimes","floor":2.0,"turns":5.0},{"damage":0.0,"enemies":"2 Louse","floor":3.0,"turns":3.0},{"damage":0.0,"enemies":"Blue Slaver","floor":4.0,"turns":5.0},{"damage":4.0,"enemies":"2 Fungi Beasts","floor":5.0,"turns":3.0},{"damage":11.0,"enemies":"Lagavulin","floor":8.0,"turns":4.0},{"damage":1.0,"enemies":"Lots of Slimes","floor":11.0,"turns":2.0},{"damage":7.0,"enemies":"3 Sentries","floor":13.0,"turns":6.0},{"damage":1.0,"enemies":"Gremlin Gang","floor":14.0,"turns":3.0},{"damage":2.0,"enemies":"The Guardian","floor":16.0,"turns":6.0},{"damage":19.0,"enemies":"Shell Parasite","floor":18.0,"turns":4.0},{"damage":7.0,"enemies":"2 Thieves","floor":19.0,"turns":2.0},{"damage":2.0,"enemies":"3 Cultists","floor":22.0,"turns":4.0},{"damage":23.0,"enemies":"Slavers","floor":24.0,"turns":2.0},{"damage":1.0,"enemies":"Shelled Parasite and Fungi","floor":27.0,"turns":4.0},{"damage":0.0,"enemies":"Centurion and Healer","floor":28.0,"turns":3.0},{"damage":0.0,"enemies":"3 Cultists","floor":30.0,"turns":2.0},{"damage":26.0,"enemies":"Book of Stabbing","floor":31.0,"turns":6.0},{"damage":36.0,"enemies":"Champ","floor":33.0,"turns":6.0},{"damage":14.0,"enemies":"Orb Walker","floor":35.0,"turns":3.0},{"damage":0.0,"enemies":"3 Darklings","floor":38.0,"turns":3.0},{"damage":0.0,"enemies":"Jaw Worm Horde","floor":39.0,"turns":2.0},{"damage":12.0,"enemies":"Reptomancer","floor":41.0,"turns":4.0},{"damage":1.0,"enemies":"Maw","floor":42.0,"turns":4.0},{"damage":2.0,"enemies":"Transient","floor":45.0,"turns":5.0},{"damage":0.0,"enemies":"Mind Bloom Boss Battle","floor":47.0,"turns":3.0},{"damage":17.0,"enemies":"2 Orb Walkers","floor":48.0,"turns":5.0},{"damage":18.0,"enemies":"Donu and Deca","floor":50.0,"turns":4.0},{"damage":0.0,"enemies":"Shield and Spear","floor":54.0,"turns":3.0},{"damage":79,"enemies":"The Heart","floor":55,"turns":5}],"seed_played":"-8071061150957640149","potions_obtained":[{"floor":1.0,"key":"Poison Potion"},{"floor":3.0,"key":"Poison Potion"},{"floor":13.0,"key":"Block Potion"},{"floor":16.0,"key":"SpeedPotion"},{"floor":18.0,"key":"Ancient Potion"},{"floor":22.0,"key":"Dexterity Potion"},{"floor":27.0,"key":"GhostInAJar"},{"floor":31.0,"key":"SpeedPotion"},{"floor":41.0,"key":"Energy Potion"},{"floor":42.0,"key":"Explosive Potion"},{"floor":47.0,"key":"Dexterity Potion"}],"is_trial":false,"path_per_floor":["M","M","M","M","M","R","$","E","T","?","M","$","E","M","R","B",null,"M","M","$","?","M","R","E","R","T","M","M","?","M","E","R","B",null,"M","$","?","M","M","R","E","M","T","R","M","R","?","?","R","B",null,"R","$","E","B"],"character_chosen":"THE_SILENT","items_purchased":["TwistedFunnel","Footwork","Bandage Up","Prepared","Apotheosis","DuplicationPotion","Enlightenment","Strength Potion"],"campfire_rested":4,"item_purchase_floors":[7,12,20,20,36,53,53,53],"current_hp_per_floor":[69,69,69,69,65,65,65,54,54,54,53,53,46,45,66,64,70,51,44,44,44,46,67,44,44,44,47,51,51,55,33,54,22,70,60,60,60,64,64,64,58,61,61,61,65,65,70,59,70,58,70,70,70,70,0,0],"gold":87,"neow_bonus":"TRANSFORM_CARD","is_daily":false,"chose_seed":false,"campfire_upgraded":5,"win_rate":0.0,"timestamp":1613658676,"path_taken":["M","M","M","M","?","R","$","E","T","?","M","?","E","M","R","BOSS","M","M","$","?","M","R","E","R","T","M","M","?","M","E","R","BOSS","M","$","?","?","?","R","E","M","T","R","M","R","?","?","R","BOSS","R","$","E","BOSS"],"items_purchased_type":["Relic","Card","Card","Card","Card","Potion","Card","Potion"],"build_version":"2020-12-22","purchased_purges":1,"victory":false,"max_hp_per_floor":[70,70,70,70,70,70,70,70,70,70,70,70,70,70,70,70,70,70,70,70,70,70,70,70,70,70,70,70,70,70,70,70,70,70,70,70,70,70,70,70,70,70,70,70,70,70,70,70,70,70,70,70,70,70,70,70],"relic_stats":{"Darkstone Periapt":0,"counters":[30,115],"Shuriken":[0],"StoneCalendar":[0],"Whetstone":["Endless Agony","Neutralize"],"Boot":[20],"obtain_stats":[{"TwistedFunnel":7,"Darkstone Periapt":43,"Girya":47,"Lantern":41,"Vajra":13,"StoneCalendar":48,"Whetstone":31,"Boot":8,"Shuriken":54,"Philosopher\u0027s Stone":17,"Molten Egg 2":24,"Bag of Marbles":26,"Unceasing Top":10,"Ring of the Snake":0,"Runic Pyramid":34},{"TwistedFunnel":5,"Darkstone Periapt":24,"Girya":26,"Lantern":23,"Vajra":8,"StoneCalendar":27,"Whetstone":18,"Boot":6,"Shuriken":29,"Philosopher\u0027s Stone":10,"Molten Egg 2":14,"Bag of Marbles":14,"Unceasing Top":6,"Ring of the Snake":0,"Runic Pyramid":19},{"TwistedFunnel":20,"Darkstone Periapt":90,"Girya":98,"Lantern":86,"Vajra":32,"StoneCalendar":103,"Whetstone":68,"Boot":24,"Shuriken":110,"Philosopher\u0027s Stone":41,"Molten Egg 2":53,"Bag of Marbles":53,"Unceasing Top":24,"Ring of the Snake":0,"Runic Pyramid":74}],"Unceasing Top":[10],"Ring of the Snake":[63]},"card_choices":[{"not_picked":["Dagger Spray","Flechettes"],"picked":"Crippling Poison","floor":1.0},{"not_picked":["Leg Sweep","Dagger Spray"],"picked":"Noxious Fumes","floor":2.0},{"not_picked":["Slice","PiercingWail"],"picked":"Backflip","floor":3.0},{"not_picked":["Endless Agony","Cloak And Dagger"],"picked":"Terror","floor":4.0},{"not_picked":["Choke","Skewer"],"picked":"Catalyst","floor":5.0},{"not_picked":["Poisoned Stab","Predator"],"picked":"Escape Plan","floor":8.0},{"not_picked":["Crippling Poison","Dodge and Roll","Caltrops"],"picked":"SKIP","floor":11.0},{"not_picked":["Sucker Punch","Heel Hook"],"picked":"Corpse Explosion","floor":13.0},{"not_picked":["Quick Slash","Tactician"],"picked":"Catalyst","floor":14.0},{"not_picked":["Envenom","Unload"],"picked":"Bullet Time","floor":16.0},{"not_picked":["Choke","Acrobatics"],"picked":"Deflect","floor":18.0},{"not_picked":["Distraction","Reflex+1"],"picked":"Noxious Fumes+1","floor":19.0},{"not_picked":["Terror+1","Outmaneuver","Flying Knee+1"],"picked":"SKIP","floor":22.0},{"not_picked":["PiercingWail","Predator+1"],"picked":"Bouncing Flask","floor":24.0},{"not_picked":["Bouncing Flask","PiercingWail","Tools of the Trade"],"picked":"SKIP","floor":27.0},{"not_picked":["PiercingWail+1","Catalyst"],"picked":"Calculated Gamble+1","floor":28.0},{"not_picked":["Bane+1","Accuracy","Eviscerate+1"],"picked":"SKIP","floor":30.0},{"not_picked":["Bouncing Flask+1","Accuracy+1"],"picked":"Blur","floor":31.0},{"not_picked":["Glass Knife+1","Corpse Explosion"],"picked":"Adrenaline","floor":33.0},{"not_picked":["Bouncing Flask","Poisoned Stab+1"],"picked":"Acrobatics","floor":35.0},{"not_picked":["Backflip+1","Reflex","Calculated Gamble+1"],"picked":"SKIP","floor":38.0},{"not_picked":["Blur","PiercingWail+1","Blade Dance+1"],"picked":"SKIP","floor":39.0},{"not_picked":["Deflect+1","Underhanded Strike+1","Acrobatics"],"picked":"SKIP","floor":41.0},{"not_picked":["Blur+1","Underhanded Strike+1","Dagger Throw+1"],"picked":"SKIP","floor":42.0},{"not_picked":["Backflip+1","Leg Sweep","Predator+1"],"picked":"SKIP","floor":45.0},{"not_picked":["Dagger Spray+1","Acrobatics","Poisoned Stab+1"],"picked":"SKIP","floor":54.0}],"player_experience":233524,"relics_obtained":[{"floor":8.0,"key":"Boot"},{"floor":13.0,"key":"Vajra"},{"floor":24.0,"key":"Molten Egg 2"},{"floor":26.0,"key":"Bag of Marbles"},{"floor":31.0,"key":"Whetstone"},{"floor":41.0,"key":"Lantern"},{"floor":43.0,"key":"Darkstone Periapt"},{"floor":47.0,"key":"Girya"},{"floor":48.0,"key":"StoneCalendar"},{"floor":54.0,"key":"Shuriken"}],"event_choices":[{"damage_healed":0.0,"max_hp_gain":0.0,"max_hp_loss":0.0,"gold_gain":0.0,"event_name":"WeMeetAgain","player_choice":"Gave Potion","floor":10.0,"gold_loss":0.0,"damage_taken":0.0,"relics_obtained":["Unceasing Top"]},{"damage_healed":0.0,"max_hp_gain":0.0,"max_hp_loss":0.0,"gold_gain":0.0,"event_name":"Back to Basics","player_choice":"Simplicity","floor":21.0,"gold_loss":0.0,"damage_taken":0.0,"cards_upgraded":["Strike_G","Strike_G","Strike_G","Defend_G","Defend_G","Defend_G","Defend_G","Defend_G"]},{"damage_healed":0.0,"max_hp_gain":0.0,"max_hp_loss":0.0,"gold_gain":0.0,"event_name":"Vampires","player_choice":"Ignored","floor":29.0,"gold_loss":0.0,"damage_taken":0.0},{"cards_removed":["Strike_G"],"damage_healed":0.0,"max_hp_gain":0.0,"max_hp_loss":0.0,"gold_gain":0.0,"event_name":"Bonfire Elementals","player_choice":"Offered Basic","floor":37.0,"gold_loss":0.0,"damage_taken":0.0},{"damage_healed":0.0,"max_hp_gain":0.0,"max_hp_loss":0.0,"gold_gain":0.0,"event_name":"MindBloom","player_choice":"Fight","floor":47.0,"gold_loss":0.0,"damage_taken":0.0},{"damage_healed":0.0,"max_hp_gain":0.0,"max_hp_loss":0.0,"gold_gain":0.0,"event_name":"Mysterious Sphere","player_choice":"Fight","floor":48.0,"gold_loss":0.0,"damage_taken":0.0}],"is_beta":false,"boss_relics":[{"not_picked":["Cursed Key","Calling Bell"],"picked":"Philosopher\u0027s Stone"},{"not_picked":["Busted Crown","Coffee Dripper"],"picked":"Runic Pyramid"}],"items_purged_floors":[20],"is_endless":false,"potions_floor_spawned":[1,3,13,16,18,22,27,31,41,42,47],"killed_by":"The Heart","ascension_level":0}}