{"host":"mo324zvkdr1xwprd","time":1613661830,"event":{"mods":["A Penny For Your Troubles","BaseMod","Better Note","Better Third Choice","BetterRewards","Hermit","Highlight Path","Hubris","Minty Spire (QoL Compilation)","Quick Restart","Rare Cards Sparkle","Shop Mod","StSLib","The Cursed","The Hierophant","The Servant 0.9.4","Transform Curses"],"gold_per_floor":[53,65,30,43,43,43,74,91,137,44,70,80,108,128,128,202,202,216,216,226,238,249,283,283,316,390,390,408,433,186,197,197,271,271,290,305,360,375,375,402,402,129,154,180,180,280,306,318,318,319,319,319,6,38,38],"floor_reached":56,"language":"ENG","playtime":3829,"items_purged":["Apotheosis+1"],"score":2936,"play_id":"b0280d47-c9ea-4dca-be79-fbc1f741a4f9","local_time":"20210218152350","is_ascension_mode":true,"campfire_choices":[{"floor":6.0,"key":"REST"},{"data":"1","floor":15.0,"key":"LIFT"},{"floor":24.0,"key":"REST"},{"data":"2","floor":27.0,"key":"LIFT"},{"floor":32.0,"key":"REST"},{"data":"3","floor":41.0,"key":"LIFT"},{"floor":49.0,"key":"RECALL"},{"floor":52.0,"key":"REST"}],"circlet_count":0,"master_deck":["AscendersBane","Apotheosis+1","Strike_R","Strike_R","Strike_R","Strike_R","Strike_R","Defend_R+1","Defend_R","Defend_R","Defend_R","Bash+1","Pommel Strike","Cleave","Metallicize","Ghostly Armor","Perfected Strike","Sword Boomerang","Anger+1","Shockwave+1","hubris:ReadiedAction","Headbutt+1","Seeing Red","Pommel Strike+1","Pommel Strike+1","Twin Strike+1","Thunderclap+1","Carnage+1","Barricade","Perfected Strike+1","Power Through","Shrug It Off","hubris:StunningStrike+1","Anger+1","Wild Strike+1","Pommel Strike+1","Perfected Strike+1","Feed+1","Shrug It Off","Perfected Strike+1","Pummel+1","Sword Boomerang+1","Anger+1","Mind Blast+1","Secret Technique","Reckless Charge+1","Shockwave","Shrug It Off","Seeing Red+1"],"relics":["Burning Blood","Pen Nib","Ginger","Bag of Preparation","Torii","Juzu Bracelet","hubris:Zylophone","Sling","War Paint","Molten Egg 2","Sundial","Art of War","Kunai","Girya","SlaversCollar","Bronze Scales","Whetstone","Matryoshka","hubris:TenFootPole","Bottled Lightning","hubris:Backtick","Ice Cream","CaptainsWheel","hubris:Icosahedron","Bottled Flame","Omamori","Ornamental Fan","Bird Faced Urn","Pear","hubris:BottledRain"],"acts_visited":["Exordium","TheCity","TheBeyond","TheEnding"],"potions_floor_usage":[55,55],"damage_taken":[{"damage":0.0,"enemies":"Cultist","floor":1.0,"turns":2.0},{"damage":0.0,"enemies":"Jaw Worm","floor":2.0,"turns":3.0},{"damage":10.0,"enemies":"Small Slimes","floor":4.0,"turns":2.0},{"damage":0.0,"enemies":"Lagavulin","floor":7.0,"turns":4.0},{"damage":1.0,"enemies":"3 Louse","floor":8.0,"turns":3.0},{"damage":0.0,"enemies":"3 Sentries","floor":11.0,"turns":2.0},{"damage":0.0,"enemies":"Looter","floor":12.0,"turns":2.0},{"damage":0.0,"enemies":"Gremlin Nob","floor":13.0,"turns":2.0},{"damage":0.0,"enemies":"Lots of Slimes","floor":14.0,"turns":1.0},{"damage":0.0,"enemies":"Slime Boss","floor":16.0,"turns":4.0},{"damage":9.0,"enemies":"Shell Parasite","floor":18.0,"turns":4.0},{"damage":26.0,"enemies":"2 Thieves","floor":20.0,"turns":4.0},{"damage":0.0,"enemies":"Snake Plant","floor":21.0,"turns":2.0},{"damage":0.0,"enemies":"Sentry and Sphere","floor":22.0,"turns":3.0},{"damage":27.0,"enemies":"Gremlin Leader","floor":23.0,"turns":4.0},{"damage":21.0,"enemies":"Book of Stabbing","floor":25.0,"turns":3.0},{"damage":9.0,"enemies":"Centurion and Healer","floor":28.0,"turns":4.0},{"damage":20.0,"enemies":"Slavers","floor":29.0,"turns":3.0},{"damage":0.0,"enemies":"Snecko","floor":31.0,"turns":2.0},{"damage":23.0,"enemies":"hubris:MusketHawk","floor":33.0,"turns":5.0},{"damage":30.0,"enemies":"3 Darklings","floor":35.0,"turns":3.0},{"damage":0.0,"enemies":"3 Shapes","floor":36.0,"turns":2.0},{"damage":36.0,"enemies":"2 Orb Walkers","floor":37.0,"turns":5.0},{"damage":0.0,"enemies":"Transient","floor":38.0,"turns":5.0},{"damage":13.0,"enemies":"Giant Head","floor":40.0,"turns":5.0},{"damage":1.0,"enemies":"Reptomancer","floor":44.0,"turns":2.0},{"damage":0.0,"enemies":"Nemesis","floor":47.0,"turns":4.0},{"damage":1.0,"enemies":"Writhing Mass","floor":48.0,"turns":4.0},{"damage":16.0,"enemies":"hubris:GrandSnecko","floor":50.0,"turns":9.0},{"damage":0,"enemies":"Shield and Spear","floor":54,"turns":2},{"damage":56,"enemies":"The Heart","floor":55,"turns":7}],"seed_played":"-8671591167085077201","potions_obtained":[{"floor":4.0,"key":"Energy Potion"},{"floor":8.0,"key":"Dexterity Potion"},{"floor":14.0,"key":"LiquidBronze"},{"floor":21.0,"key":"ColorlessPotion"},{"floor":23.0,"key":"Dexterity Potion"},{"floor":36.0,"key":"CultistPotion"},{"floor":37.0,"key":"PowerPotion"},{"floor":38.0,"key":"SpeedPotion"},{"floor":47.0,"key":"AttackPotion"},{"floor":48.0,"key":"ColorlessPotion"},{"floor":54,"key":"LiquidBronze"}],"is_trial":false,"path_per_floor":["M","M","?","M","?","R","E","M","T","$","E","M","E","M","R","B",null,"M","?","M","M","M","E","R","E","T","R","M","E","$","M","R","B",null,"M","M","?","M","?","E","R","$","T","E","?","?","E","M","R","B",null,"R","$","E","B",null],"character_chosen":"IRONCLAD","items_purchased":["Pen Nib","Fruit Juice","Pommel Strike","Cleave","Bag of Preparation","Metallicize","Juzu Bracelet","Sling","Ghostly Armor","Perfected Strike","Seeing Red","Pommel Strike+1","Bottled Lightning","Mind Blast+1","Secret Technique","LiquidBronze","Pear"],"campfire_rested":4,"item_purchase_floors":[0,0,0,0,0,0,0,0,0,0,10,10,30,42,42,53,53],"current_hp_per_floor":[32,38,58,54,37,61,67,72,72,72,78,80,80,80,80,80,80,77,77,57,63,69,48,72,57,57,57,54,40,40,46,70,53,73,49,55,25,31,31,24,24,24,24,80,80,80,80,80,80,72,78,80,90,90,43],"gold":38,"neow_bonus":"","is_daily":false,"chose_seed":false,"campfire_upgraded":0,"win_rate":0.0,"timestamp":1613661830,"path_taken":["M","M","?","M","?","R","E","M","T","$","E","M","E","M","R","BOSS","M","?","M","M","M","E","R","E","T","R","M","E","$","M","R","BOSS","M","M","?","M","?","E","R","$","T","E","?","?","E","M","R","BOSS","R","$","E","BOSS"],"items_purchased_type":["Relic","Potion","Card","Card","Relic","Card","Relic","Relic","Card","Card","Card","Card","Relic","Card","Card","Potion","Relic"],"build_version":"2020-12-22","purchased_purges":1,"victory":true,"max_hp_per_floor":[80,80,80,80,80,80,80,80,80,80,80,80,80,80,80,80,80,80,80,80,80,80,80,80,80,80,80,80,80,80,80,80,80,80,80,80,80,80,80,80,80,80,80,80,80,80,80,80,80,80,80,80,90,90,90],"card_choices":[{"not_picked":["Clothesline","Combust"],"picked":"Sword Boomerang","floor":1.0},{"not_picked":["Perfected Strike","Clash"],"picked":"Anger","floor":2.0},{"not_picked":["Twin Strike","Headbutt"],"picked":"Shockwave","floor":4.0},{"not_picked":["True Grit","Havoc"],"picked":"hubris:ReadiedAction","floor":7.0},{"not_picked":["Iron Wave+1","Feel No Pain"],"picked":"Headbutt+1","floor":8.0},{"not_picked":["Sever Soul+1","True Grit"],"picked":"Pommel Strike+1","floor":11.0},{"not_picked":["True Grit","Warcry"],"picked":"Twin Strike+1","floor":12.0},{"not_picked":["Wild Strike+1","Combust"],"picked":"Thunderclap+1","floor":13.0},{"not_picked":["Iron Wave+1","Body Slam+1"],"picked":"Carnage+1","floor":14.0},{"not_picked":["Fiend Fire+1","Offering"],"picked":"Barricade","floor":16.0},{"not_picked":["Heavy Blade+1","Entrench"],"picked":"Perfected Strike+1","floor":18.0},{"not_picked":["Headbutt+1","Thunderclap+1"],"picked":"Power Through","floor":20.0},{"not_picked":["Blood for Blood+1","Pommel Strike+1"],"picked":"Shrug It Off","floor":21.0},{"not_picked":["Thunderclap+1","Blood for Blood+1"],"picked":"hubris:StunningStrike+1","floor":22.0},{"not_picked":["Blood for Blood+1","Headbutt+1"],"picked":"Anger+1","floor":23.0},{"not_picked":["Evolve+1","hubris:SharpeningStone"],"picked":"Wild Strike+1","floor":25.0},{"not_picked":["Clash+1","Twin Strike+1"],"picked":"Pommel Strike+1","floor":28.0},{"not_picked":["Clothesline+1","Anger+1"],"picked":"Perfected Strike+1","floor":29.0},{"not_picked":["Bloodletting","Body Slam+1"],"picked":"Rage","floor":31.0},{"not_picked":["Brutality","Corruption"],"picked":"Feed+1","floor":33.0},{"not_picked":["Pommel Strike+1","hubris:CleavingFinish+1"],"picked":"Shrug It Off","floor":35.0},{"not_picked":["Iron Wave+1","Headbutt+1"],"picked":"Perfected Strike+1","floor":36.0},{"not_picked":["Dual Wield","Clash+1"],"picked":"Pummel+1","floor":37.0},{"not_picked":["Wild Strike+1","Havoc"],"picked":"Sword Boomerang+1","floor":38.0},{"not_picked":["Havoc","Barricade"],"picked":"Anger+1","floor":40.0},{"not_picked":["Body Slam+1","Shrug It Off"],"picked":"Reckless Charge+1","floor":44.0},{"not_picked":["Clash+1","Blood for Blood+1"],"picked":"Shockwave","floor":47.0},{"not_picked":["Sentinel","Body Slam+1"],"picked":"Shrug It Off","floor":48.0},{"not_picked":["Anger+1","Infernal Blade"],"picked":"Seeing Red+1","floor":54}],"player_experience":756648,"relics_obtained":[{"floor":7.0,"key":"Sundial"},{"floor":9.0,"key":"Art of War"},{"floor":11.0,"key":"Kunai"},{"floor":13.0,"key":"Girya"},{"floor":23.0,"key":"Bronze Scales"},{"floor":25.0,"key":"Whetstone"},{"floor":26.0,"key":"Matryoshka"},{"floor":29.0,"key":"hubris:TenFootPole"},{"floor":37.0,"key":"CaptainsWheel"},{"floor":40.0,"key":"Bottled Flame"},{"floor":43.0,"key":"Omamori"},{"floor":44.0,"key":"Ornamental Fan"},{"floor":47.0,"key":"Bird Faced Urn"},{"floor":54,"key":"hubris:BottledRain"}],"event_choices":[{"damage_healed":20.0,"max_hp_gain":0.0,"max_hp_loss":0.0,"gold_gain":0.0,"event_name":"The Cleric","player_choice":"Healed","floor":3.0,"gold_loss":35.0,"damage_taken":0.0},{"damage_healed":0.0,"max_hp_gain":0.0,"max_hp_loss":0.0,"gold_gain":1.0,"event_name":"betterThird:BetterScrap","player_choice":"Relic Relic ","floor":5.0,"gold_loss":0.0,"damage_taken":17.0,"cards_obtained":["Fasting2"]},{"damage_healed":0.0,"max_hp_gain":0.0,"max_hp_loss":0.0,"gold_gain":0.0,"event_name":"Ghosts","player_choice":"Ignored","floor":19.0,"gold_loss":0.0,"damage_taken":0.0},{"damage_healed":0.0,"max_hp_gain":0.0,"max_hp_loss":0.0,"gold_gain":0.0,"event_name":"Mysterious Sphere","player_choice":"Fight","floor":37.0,"gold_loss":0.0,"damage_taken":0.0},{"cards_removed":["Rage"],"damage_healed":0.0,"max_hp_gain":0.0,"max_hp_loss":0.0,"gold_gain":0.0,"event_name":"Falling","player_choice":"Removed Skill","floor":45.0,"gold_loss":0.0,"damage_taken":0.0},{"damage_healed":0.0,"max_hp_gain":0.0,"max_hp_loss":0.0,"gold_gain":100.0,"event_name":"Golden Shrine","player_choice":"Pray","floor":46.0,"gold_loss":0.0,"damage_taken":0.0}],"is_beta":false,"boss_relics":[{"not_picked":["Astrolabe","Snecko Eye"],"picked":"SlaversCollar"},{"not_picked":["Velvet Choker","hubris:TerracottaHorce"],"picked":"hubris:Backtick"}],"items_purged_floors":[0],"is_endless":false,"potions_floor_spawned":[4,8,11,14,16,21,22,23,29,36,37,38,47,48,54],"ascension_level":14}}