{"host":"21o28mgl9u9ntir2","time":1613657303,"event":{"mods":["BaseMod","BetterRewards","Colored Powertips","Minty Spire (QoL Compilation)","Quick Restart","Remove Card Discount Mod","SOS（斯巴达之子）","Spicy Shops","StSLib","SuperFastMode","[IsaacMod]以撒尖塔","【遗物卡牌】REMEMod","残留之物"],"gold_per_floor":[155,155,155,168,216,216,275,275,299,65,80,154,154,182,182,285,335,358,405,208,227,197,245,348,348,400,477,537,537,537],"floor_reached":29,"language":"ZHS","playtime":749,"items_purged":["Shoot","Shoot","Parasite"],"score":349,"play_id":"5f39640d-9a2c-4a5c-bda9-1d1902193512","local_time":"20210218220823","is_ascension_mode":true,"campfire_choices":[{"data":"Redorb","floor":6.0,"key":"SMITH"},{"data":"Swordmaster","floor":8.0,"key":"SMITH"},{"floor":15,"key":"REST"},{"data":"Rebellion","floor":25,"key":"SMITH"}],"circlet_count":0,"master_deck":["Attack_a","Attack_b","Provocation","Defend_Dante","Defend_Dante","Defend_Dante+1","Defend_Dante","Redorb+1","Swordmaster+1","Rebellion+1","Swordcombo"],"relics":["SSS","Combocheck","HushsDoor","REME_ComplimentaryCards","BloodDonationMachine","Blood Vial","Potion Belt","TheBible","REME_OnlineShoppingPlatform","Tiny House","Membership Card","Ice Cream","SteamSale","NineVolt","Happy Flower","Art of War","Anchor","D6","Lantern","Bag of Preparation","Damocles","Molten Egg 2"],"acts_visited":["Exordium","TheCity"],"potions_floor_usage":[14,21,21,23,23,23,23,24],"damage_taken":[{"damage":7.0,"enemies":"2 Louse","floor":1.0,"turns":3.0},{"damage":0.0,"enemies":"Small Slimes","floor":4.0,"turns":2.0},{"damage":10.0,"enemies":"Cultist","floor":5.0,"turns":4.0},{"damage":45.0,"enemies":"Lagavulin","floor":7.0,"turns":9.0},{"damage":16.0,"enemies":"3 Louse","floor":11.0,"turns":3.0},{"damage":8.0,"enemies":"Gremlin Gang","floor":12.0,"turns":2.0},{"damage":0,"enemies":"Exordium Thugs","floor":14,"turns":2},{"damage":10,"enemies":"Slime Boss","floor":16,"turns":7},{"damage":0,"enemies":"Chosen","floor":18,"turns":1},{"damage":6,"enemies":"Shell Parasite","floor":19,"turns":2},{"damage":0,"enemies":"Snake Plant","floor":21,"turns":1},{"damage":0,"enemies":"Slavers","floor":23,"turns":1},{"damage":0,"enemies":"Centurion and Healer","floor":24,"turns":2},{"damage":0,"enemies":"Book of Stabbing","floor":27,"turns":1},{"damage":0,"enemies":"Snecko","floor":28,"turns":1}],"seed_played":"-6128293008763070821","potions_obtained":[{"floor":7.0,"key":"SteroidPotion"}],"is_trial":false,"path_per_floor":["M","$","?","M","M","R","E","R","T","$","M","M","?","M","R","B",null,"M","M","$","M","$","E","M","R","T","E","M","?"],"character_chosen":"DANTE","items_purchased":["Rebellion","REME_OnlineShoppingPlatform","Membership Card","Ice Cream","SteamSale","NineVolt","Happy Flower","Art of War","Anchor","D6","Swordcombo"],"campfire_rested":1,"item_purchase_floors":[10,10,20,20,22,22,22,22,22,22,22],"current_hp_per_floor":[73,73,73,75,67,67,24,24,24,24,10,4,4,11,36,28,90,90,84,84,86,86,87,87,87,87,87,87,0,0],"gold":537,"neow_bonus":"RANDOM_COMMON_RELIC","is_daily":false,"chose_seed":false,"campfire_upgraded":3,"win_rate":0.0,"timestamp":1613657303,"path_taken":["M","$","?","M","M","R","E","R","T","$","?","M","?","M","R","BOSS","M","M","$","M","$","E","M","R","T","E","M","?"],"items_purchased_type":["Card","Relic","Relic","Relic","Relic","Relic","Relic","Relic","Relic","Relic","Card"],"build_version":"2020-12-22","purchased_purges":3,"victory":false,"max_hp_per_floor":[80,80,80,80,80,80,80,80,80,80,80,80,80,85,85,85,90,90,90,90,90,87,87,87,87,87,87,87,92,92],"card_choices":[{"not_picked":[],"picked":"Bomb","floor":0.0},{"not_picked":["Chargeshoot","LucifercomboC"],"picked":"Swordmaster","floor":1.0},{"not_picked":["Weaponupgrade","Pandora","Splesh"],"picked":"SKIP","floor":4.0},{"not_picked":["Airhike","Pandora","Weaponupgrade"],"picked":"SKIP","floor":5.0},{"not_picked":["Doubleshoot","Stylechange","LucifercomboD"],"picked":"SKIP","floor":7.0},{"not_picked":["Honeycombofire","Royaldefend"],"picked":"Bomb","floor":11.0},{"not_picked":["DevilstarS","Kick13","Gunslinger"],"picked":"SKIP","floor":12.0},{"not_picked":["VitalstarS","Gilgamesh","Unrisingdragon"],"picked":"SKIP","floor":14},{"not_picked":["Straight","DevilstarS","VitalstarS"],"picked":"SKIP","floor":18},{"not_picked":["Gunstinger","Gunslinger+1","Stinger"],"picked":"SKIP","floor":19},{"not_picked":["Pandora","LucifercomboC","Airhike"],"picked":"SKIP","floor":21},{"not_picked":["Swordmaster","GilgameshcomboA","Unrisingdragon+1"],"picked":"SKIP","floor":23},{"not_picked":["Stylechange","Stinger","DevilstarS"],"picked":"SKIP","floor":24},{"not_picked":["Doubleshoot","Weaponchange","Honeycombofire"],"picked":"SKIP","floor":27},{"not_picked":["Airhike","BeastUppercut+1","Royaldefend"],"picked":"SKIP","floor":28}],"player_experience":739504,"relics_obtained":[{"floor":7.0,"key":"Potion Belt"},{"floor":9.0,"key":"TheBible"},{"floor":23,"key":"Lantern"},{"floor":26,"key":"Bag of Preparation"},{"floor":27,"key":"Damocles"},{"floor":28,"key":"Molten Egg 2"}],"event_choices":[{"damage_healed":0.0,"max_hp_gain":0.0,"max_hp_loss":0.0,"gold_gain":0.0,"event_name":"Liars Game","player_choice":"Ignored","floor":3.0,"gold_loss":0.0,"damage_taken":0.0},{"cards_removed":["Attack_a"],"damage_healed":0,"gold_gain":0,"player_choice":"Offered Basic","damage_taken":0,"max_hp_gain":0,"max_hp_loss":0,"event_name":"Bonfire Elementals","floor":13,"gold_loss":0}],"is_beta":false,"boss_relics":[{"not_picked":["REME_LowDesire","ChampionBelt"],"picked":"Tiny House"},{"not_picked":[]}],"items_purged_floors":[10,10,22],"is_endless":false,"potions_floor_spawned":[7,12,14,16,18,23,24,28],"ascension_level":2}}