{"host":"wqdhni9hq4z6pe8c","time":1613616844,"event":{"mods":["BaseMod","Colored Map","Downfall","Highlight Path","Minty Spire (QoL Compilation)","StSLib"],"gold_per_floor":[119,132,132,149,149,178,178,68,118,148,162,162,180,1,1,98,98,113,125,125,50,62,62,80,80,80,80,93,93,104,10,10,113,113,127,143,143,18,18,18,18,18],"floor_reached":41,"language":"ENG","playtime":3405,"items_purged":["Strike_G","Strike_G","Defend_G"],"score":411,"play_id":"8dd1a9f7-9367-4314-b2bf-726ce3131f3b","local_time":"20210217205404","is_ascension_mode":true,"campfire_choices":[{"floor":7.0,"key":"REST"},{"floor":15.0,"key":"REST"},{"floor":25.0,"key":"REST"},{"data":"Caltrops","floor":27.0,"key":"SMITH"},{"data":"Dash","floor":29.0,"key":"SMITH"},{"floor":32.0,"key":"REST"},{"data":"Skewer","floor":40,"key":"SMITH"}],"circlet_count":0,"master_deck":["Defend_G","Defend_G","Survivor","Neutralize","Riddle With Holes","Caltrops+1","Poisoned Stab","Well Laid Plans","Outmaneuver","Corpse Explosion","Noxious Fumes","PiercingWail","Dodge and Roll","Skewer+1","Blur+1","Night Terror","Prepared+1","Backstab+1","Terror+1","Distraction","Dagger Throw","Footwork","Dash+1","Footwork","Backstab","Slice","Panacea","Deflect","Envenom"],"relics":["Ring of the Snake","Vajra","Dream Catcher","Astrolabe","sneckomod:BabySnecko","Bottled Flame","Busted Crown","Calipers"],"acts_visited":["Exordium","TheCity","TheBeyond"],"potions_floor_usage":[35,41],"damage_taken":[{"damage":9.0,"enemies":"Jaw Worm","floor":1.0,"turns":4.0},{"damage":0.0,"enemies":"2 Louse","floor":2.0,"turns":2.0},{"damage":6.0,"enemies":"Small Slimes","floor":4.0,"turns":3.0},{"damage":31.0,"enemies":"3 Sentries","floor":6.0,"turns":12.0},{"damage":0.0,"enemies":"2 Fungi Beasts","floor":11.0,"turns":3.0},{"damage":9.0,"enemies":"Exordium Thugs","floor":13.0,"turns":4.0},{"damage":20.0,"enemies":"Hexaghost","floor":16.0,"turns":9.0},{"damage":0.0,"enemies":"3 Byrds","floor":18.0,"turns":3.0},{"damage":17.0,"enemies":"Shell Parasite","floor":19.0,"turns":7.0},{"damage":20.0,"enemies":"Snake Plant","floor":22.0,"turns":4.0},{"damage":0.0,"enemies":"3 Cultists","floor":24.0,"turns":2.0},{"damage":16.0,"enemies":"Centurion and Healer","floor":28.0,"turns":5.0},{"damage":23.0,"enemies":"Shelled Parasite and Fungi","floor":30.0,"turns":6.0},{"damage":23.0,"enemies":"Champ","floor":33.0,"turns":15.0},{"damage":20,"enemies":"3 Darklings","floor":35,"turns":5},{"damage":2,"enemies":"3 Shapes","floor":36,"turns":3},{"damage":114,"enemies":"Transient","floor":41,"turns":5}],"seed_played":"-4038894254033357475","potions_obtained":[{"floor":1.0,"key":"champ:CounterPotion"},{"floor":6.0,"key":"Fruit Juice"},{"floor":11.0,"key":"Block Potion"},{"floor":18.0,"key":"CunningPotion"},{"floor":22.0,"key":"DistilledChaos"},{"floor":30.0,"key":"Dexterity Potion"},{"floor":33.0,"key":"Explosive Potion"},{"floor":36,"key":"DuplicationPotion"},{"floor":39,"key":"Fruit Juice"},{"floor":39,"key":"Weak Potion"},{"floor":39,"key":"champ:CounterPotion"}],"is_trial":false,"path_per_floor":["M","M","?","M","?","E","R","$","T","?","M","?","M","$","R","B",null,"M","M","?","?","M","?","M","R","T","R","M","R","M","$","R","B",null,"M","M","T","$","?","R","M"],"character_chosen":"THE_SILENT","items_purchased":["Noxious Fumes","Skewer","Panacea"],"campfire_rested":4,"item_purchase_floors":[8,14,31],"current_hp_per_floor":[61,61,61,55,55,24,45,50,50,50,50,50,41,41,63,43,75,75,58,58,58,38,38,38,60,60,60,44,44,21,21,43,20,75,55,53,53,53,53,53,0,0],"gold":18,"neow_bonus":"TRANSFORM_TWO_CARDS","is_daily":false,"chose_seed":false,"campfire_upgraded":3,"win_rate":0.0,"timestamp":1613616844,"path_taken":["M","M","?","M","?","E","R","$","T","?","M","?","?","?","R","BOSS","M","M","?","?","M","?","M","R","T","R","M","R","M","$","R","BOSS","M","M","?","$","?","R","M"],"items_purchased_type":["Card","Card","Card"],"build_version":"2020-12-22","purchased_purges":3,"victory":false,"max_hp_per_floor":[70,70,70,70,70,70,70,75,75,75,75,75,75,75,75,75,75,75,75,75,75,75,75,75,75,75,75,75,75,75,75,75,75,75,75,75,75,75,75,75,80,80],"card_choices":[{"not_picked":["Acrobatics","Finisher"],"picked":"Poisoned Stab","floor":1.0},{"not_picked":["Acrobatics","Blade Dance"],"picked":"Well Laid Plans","floor":2.0},{"not_picked":["Quick Slash","Underhanded Strike"],"picked":"Outmaneuver","floor":4.0},{"not_picked":["Endless Agony","Venomology"],"picked":"Corpse Explosion","floor":6.0},{"not_picked":["Cloak And Dagger","Blade Dance"],"picked":"PiercingWail","floor":11.0},{"not_picked":["Finisher","Dagger Throw"],"picked":"Dodge and Roll","floor":13.0},{"not_picked":["Quick Slash","Tactician"],"picked":"Blur","floor":15.0},{"not_picked":["Corpse Explosion","Storm of Steel"],"picked":"Night Terror","floor":16.0},{"not_picked":["Noxious Fumes","PiercingWail"],"picked":"Distraction","floor":18.0},{"not_picked":["PiercingWail","Dagger Spray"],"picked":"Dagger Throw","floor":19.0},{"not_picked":["Acrobatics","Slice"],"picked":"Footwork","floor":22.0},{"not_picked":["Reflex+1","Finisher"],"picked":"Dash","floor":24.0},{"not_picked":["Infinite Blades","Dagger Spray"],"picked":"Footwork","floor":25.0},{"not_picked":["Endless Agony","Flying Knee+1"],"picked":"Backstab","floor":28.0},{"not_picked":["Distraction","Tactician"],"picked":"Slice","floor":30.0},{"not_picked":["PiercingWail","Flying Knee"],"picked":"Deflect","floor":32.0},{"not_picked":["Bullet Time","Doppelganger"],"picked":"Envenom","floor":33.0},{"not_picked":["Dagger Spray+1"],"picked":"SKIP","floor":35},{"not_picked":["Slice"],"picked":"SKIP","floor":36}],"player_experience":184205,"relics_obtained":[{"floor":6.0,"key":"Vajra"},{"floor":9.0,"key":"Dream Catcher"},{"floor":26.0,"key":"Bottled Flame"},{"floor":37,"key":"Calipers"}],"event_choices":[{"cards_removed":["Injury"],"damage_healed":0.0,"max_hp_gain":0.0,"max_hp_loss":0.0,"gold_gain":0.0,"event_name":"Living Wall","player_choice":"Forget","floor":3.0,"gold_loss":0.0,"damage_taken":0.0},{"damage_healed":0.0,"max_hp_gain":0.0,"max_hp_loss":0.0,"gold_gain":0.0,"event_name":"Golden Idol","player_choice":"Ignored","floor":5.0,"gold_loss":0.0,"damage_taken":0.0},{"damage_healed":0.0,"max_hp_gain":0.0,"max_hp_loss":0.0,"gold_gain":30.0,"event_name":"Dead Adventurer","player_choice":"Searched \u00271\u0027 times","floor":10.0,"gold_loss":0.0,"damage_taken":0.0},{"damage_healed":0.0,"max_hp_gain":0.0,"max_hp_loss":0.0,"gold_gain":0.0,"cards_transformed":["Strike_G"],"event_name":"Transmorgrifier","player_choice":"Transformed","floor":12.0,"gold_loss":0.0,"damage_taken":0.0,"cards_obtained":["Blade Dance"]},{"cards_removed":["downfall:Bewildered"],"damage_healed":0.0,"max_hp_gain":0.0,"max_hp_loss":0.0,"gold_gain":0.0,"event_name":"Beggar","player_choice":"Gave Gold","floor":21.0,"gold_loss":75.0,"damage_taken":0.0},{"damage_healed":0.0,"max_hp_gain":0.0,"max_hp_loss":0.0,"gold_gain":0.0,"event_name":"Accursed Blacksmith","player_choice":"Forge","floor":23.0,"gold_loss":0.0,"damage_taken":0.0,"cards_upgraded":["Blur"]},{"damage_healed":0,"gold_gain":0,"player_choice":"Got Potions","damage_taken":0,"max_hp_gain":0,"max_hp_loss":0,"event_name":"Lab","floor":39,"gold_loss":0}],"is_beta":false,"boss_relics":[{"not_picked":["Coffee Dripper","Velvet Choker"],"picked":"Astrolabe"},{"not_picked":["WristBlade","SlaversCollar"],"picked":"Busted Crown"}],"items_purged_floors":[8,14,38],"is_endless":false,"potions_floor_spawned":[1,6,11,18,22,30,33,36],"killed_by":"Transient","ascension_level":1}}