{"host":"4i5my69dv6e41930","time":1613688623,"event":{"mods":["AchievementEnabler","BaseMod","Minty Spire (QoL Compilation)","Relic Stats"],"gold_per_floor":[19,69,79,90,3,3,34,34,34,64,64,137,137,148,148,225,225,236,151,201,201,218,218,218,218],"floor_reached":24,"language":"ENG","playtime":1342,"items_purged":[],"score":404,"play_id":"631a821a-44bf-4d8f-b4fa-c1b236437241","local_time":"20210218175023","is_ascension_mode":true,"campfire_choices":[{"data":"Predator","floor":6.0,"key":"SMITH"},{"floor":8.0,"key":"REST"},{"floor":13.0,"key":"REST"},{"data":"Dagger Spray","floor":15.0,"key":"SMITH"},{"data":"Neutralize","floor":23,"key":"SMITH"}],"circlet_count":0,"master_deck":["AscendersBane","Strike_G","Strike_G","Strike_G","Strike_G","Strike_G","Defend_G","Defend_G","Defend_G","Defend_G","Defend_G","Survivor","Neutralize+1","Skewer","Deadly Poison","Backflip","Predator+1","Dagger Spray+1","Adrenaline","Bouncing Flask"],"relics":["Ring of the Serpent","Girya","White Beast Statue","Ninja Scroll","Paper Crane","CaptainsWheel"],"acts_visited":["Exordium","TheCity"],"potions_floor_usage":[16,18,18,24],"damage_taken":[{"damage":5.0,"enemies":"Small Slimes","floor":1.0,"turns":6.0},{"damage":0.0,"enemies":"Cultist","floor":3.0,"turns":3.0},{"damage":2.0,"enemies":"Jaw Worm","floor":4.0,"turns":6.0},{"damage":24.0,"enemies":"Gremlin Nob","floor":7.0,"turns":4.0},{"damage":32.0,"enemies":"3 Sentries","floor":10.0,"turns":8.0},{"damage":3.0,"enemies":"Gremlin Gang","floor":14.0,"turns":3.0},{"damage":27,"enemies":"Slime Boss","floor":16,"turns":10},{"damage":17,"enemies":"Spheric Guardian","floor":18,"turns":11},{"damage":0,"enemies":"3 Byrds","floor":22,"turns":6},{"damage":32,"enemies":"Slavers","floor":24,"turns":2}],"seed_played":"-7329072768827230798","potions_obtained":[{"floor":1.0,"key":"SpeedPotion"},{"floor":10.0,"key":"BlessingOfTheForge"},{"floor":14.0,"key":"EssenceOfSteel"},{"floor":16,"key":"Ancient Potion"},{"floor":18,"key":"Ancient Potion"},{"floor":22,"key":"Strength Potion"}],"is_trial":false,"path_per_floor":["M","?","M","M","$","R","E","R","T","E","$","T","R","M","R","B",null,"M","?","?","?","M","R","E"],"character_chosen":"THE_SILENT","items_purchased":["Predator"],"campfire_rested":2,"item_purchase_floors":[5],"current_hp_per_floor":[54,54,54,52,52,52,28,47,47,15,15,15,34,31,31,4,51,34,34,34,28,28,28,0,0],"gold":218,"neow_bonus":"ONE_RARE_RELIC","is_daily":false,"chose_seed":false,"campfire_upgraded":3,"win_rate":0.0,"timestamp":1613688623,"path_taken":["M","?","M","M","$","R","E","R","T","E","?","?","R","?","R","BOSS","M","?","?","?","M","R","E"],"items_purchased_type":["Card"],"build_version":"2020-12-22","purchased_purges":0,"victory":false,"max_hp_per_floor":[66,66,66,66,66,66,66,66,66,66,66,66,66,66,66,66,66,66,66,66,66,66,66,66,66],"relic_stats":{"counters":[10,59],"obtain_stats":[{"Girya":0,"CaptainsWheel":19,"Ninja Scroll":10,"Paper Crane":12,"White Beast Statue":7,"Ring of the Serpent":17,"Ring of the Snake":0},{"Girya":0,"CaptainsWheel":8,"Ninja Scroll":5,"Paper Crane":5,"White Beast Statue":4,"Ring of the Serpent":7,"Ring of the Snake":0},{"Girya":0,"CaptainsWheel":51,"Ninja Scroll":27,"Paper Crane":27,"White Beast Statue":19,"Ring of the Serpent":40,"Ring of the Snake":0}]},"card_choices":[{"not_picked":["Heel Hook","Quick Slash"],"picked":"Skewer","floor":1.0},{"not_picked":["Poisoned Stab","Blur"],"picked":"Deadly Poison","floor":3.0},{"not_picked":["Prepared","PiercingWail"],"picked":"Backflip","floor":4.0},{"not_picked":["Backflip","Sucker Punch"],"picked":"Dagger Spray","floor":7.0},{"not_picked":["Grand Finale","Eviscerate","Underhanded Strike"],"picked":"SKIP","floor":10.0},{"not_picked":["Underhanded Strike","Accuracy","Infinite Blades"],"picked":"SKIP","floor":14.0},{"not_picked":["Envenom","A Thousand Cuts"],"picked":"Adrenaline","floor":16},{"not_picked":["Quick Slash","Concentrate"],"picked":"Bouncing Flask","floor":18},{"not_picked":["Slice","Bane","Flying Knee"],"picked":"SKIP","floor":22}],"player_experience":52984,"relics_obtained":[{"floor":7.0,"key":"White Beast Statue"},{"floor":10.0,"key":"Ninja Scroll"},{"floor":12.0,"key":"Paper Crane"}],"event_choices":[{"damage_healed":0.0,"max_hp_gain":0.0,"max_hp_loss":0.0,"gold_gain":50.0,"event_name":"Golden Shrine","player_choice":"Pray","floor":2.0,"gold_loss":0.0,"damage_taken":0.0},{"damage_healed":0,"gold_gain":0,"player_choice":"Obtained Relic","damage_taken":0,"relics_obtained":["CaptainsWheel"],"max_hp_gain":0,"max_hp_loss":0,"event_name":"Addict","floor":19,"gold_loss":85},{"damage_healed":0,"gold_gain":50,"player_choice":"Stole From Cult","damage_taken":0,"max_hp_gain":0,"max_hp_loss":0,"event_name":"Nest","floor":20,"gold_loss":0},{"damage_healed":0,"gold_gain":0,"player_choice":"","damage_taken":6,"max_hp_gain":0,"max_hp_loss":0,"event_name":"Knowing Skull","floor":21,"potions_obtained":[],"gold_loss":0,"cards_obtained":[]}],"is_beta":false,"boss_relics":[{"not_picked":["Sozu","Fusion Hammer"],"picked":"Ring of the Serpent"}],"items_purged_floors":[],"is_endless":false,"potions_floor_spawned":[1,10,14,16,18,22],"killed_by":"Slavers","ascension_level":20}}