{"host":"lv7etzzgwahaenh9","time":1613684891,"event":{"mods":["AchievementEnabler","BaseMod","Colored Map","Colored Powertips","Highlight Path","Minty Spire (QoL Compilation)","Permanent Neow","Quick Restart","Random Character Button","StSLib"],"gold_per_floor":[113,124,26,26,38,38,70,70,70,84,84,84,118,137,137,233,233,244,297,222,222,222,222,222,222],"floor_reached":24,"language":"ENG","playtime":818,"items_purged":[],"score":323,"play_id":"8ec543cb-f299-48d7-b113-e0c3142cea64","local_time":"20210218134811","is_ascension_mode":true,"campfire_choices":[{"data":"Footwork","floor":6,"key":"SMITH"},{"data":"Slice","floor":8,"key":"SMITH"},{"data":"Dagger Spray","floor":11,"key":"SMITH"},{"floor":15,"key":"REST"},{"floor":23,"key":"REST"}],"circlet_count":0,"master_deck":["AscendersBane","Strike_G","Strike_G","Strike_G","Defend_G","Defend_G","Defend_G","Defend_G","Defend_G+1","Survivor","Neutralize","Unload","Dagger Spray+1","Cloak And Dagger","Footwork+1","Cloak And Dagger+1","All Out Attack","Slice+1","Deadly Poison","Poisoned Stab","Dash","Escape Plan","After Image","Predator","Writhe"],"relics":["Ring of the Snake","War Paint","Bottled Tornado","Toy Ornithopter","Fusion Hammer","Tiny Chest","Bottled Flame","Sundial"],"acts_visited":["Exordium","TheCity"],"potions_floor_usage":[16,18],"damage_taken":[{"damage":0,"enemies":"Jaw Worm","floor":1,"turns":4},{"damage":0,"enemies":"2 Louse","floor":2,"turns":2},{"damage":0,"enemies":"Cultist","floor":5,"turns":3},{"damage":24,"enemies":"Lagavulin","floor":7,"turns":10},{"damage":2,"enemies":"Large Slime","floor":10,"turns":6},{"damage":11,"enemies":"3 Sentries","floor":13,"turns":5},{"damage":0,"enemies":"Blue Slaver","floor":14,"turns":3},{"damage":35,"enemies":"Slime Boss","floor":16,"turns":8},{"damage":1,"enemies":"3 Byrds","floor":18,"turns":3},{"damage":72,"enemies":"Book of Stabbing","floor":24,"turns":7}],"seed_played":"-1945742198740360161","potions_obtained":[{"floor":2,"key":"Energy Potion"},{"floor":5,"key":"SpeedPotion"},{"floor":14,"key":"Strength Potion"},{"floor":16,"key":"LiquidBronze"}],"is_trial":false,"path_per_floor":["M","M","$","?","M","R","E","R","T","M","R","?","E","M","R","B",null,"M","T","?","T","?","R","E"],"character_chosen":"THE_SILENT","items_purchased":["Footwork","Cloak And Dagger"],"campfire_rested":2,"item_purchase_floors":[3,3],"current_hp_per_floor":[63,63,63,56,56,56,32,32,32,30,30,30,19,19,40,10,55,59,59,59,59,59,70,0,0],"gold":222,"neow_bonus":"THREE_RARE_CARDS","is_daily":false,"chose_seed":false,"campfire_upgraded":3,"win_rate":0.0,"timestamp":1613684891,"path_taken":["M","M","$","?","M","R","E","R","T","M","R","?","E","M","R","BOSS","M","?","?","?","?","R","E"],"items_purchased_type":["Card","Card"],"build_version":"2020-12-22","purchased_purges":0,"victory":false,"max_hp_per_floor":[70,70,70,70,70,70,70,70,70,70,70,70,70,70,70,70,70,70,70,70,70,70,70,70,70],"card_choices":[{"not_picked":["Bullet Time","Adrenaline"],"picked":"Unload","floor":0},{"not_picked":["Sucker Punch","Bane"],"picked":"Dagger Spray","floor":1},{"not_picked":["Blade Dance","Deadly Poison"],"picked":"Cloak And Dagger","floor":2},{"not_picked":["Sucker Punch","Underhanded Strike"],"picked":"All Out Attack","floor":5},{"not_picked":["Doppelganger","Dagger Spray"],"picked":"Slice","floor":7},{"not_picked":["Bane","Quick Slash"],"picked":"Deadly Poison","floor":10},{"not_picked":["Flying Knee","Caltrops"],"picked":"Dash","floor":13},{"not_picked":["Slice","Flying Knee"],"picked":"Escape Plan","floor":14},{"not_picked":["Doppelganger","Unload"],"picked":"After Image","floor":16},{"not_picked":["Sucker Punch","Dagger Throw"],"picked":"Predator","floor":18}],"player_experience":428550,"relics_obtained":[{"floor":7,"key":"War Paint"},{"floor":9,"key":"Bottled Tornado"},{"floor":13,"key":"Toy Ornithopter"},{"floor":19,"key":"Tiny Chest"},{"floor":21,"key":"Bottled Flame"}],"event_choices":[{"cards_removed":["Shame"],"damage_healed":0,"gold_gain":0,"player_choice":"Card Removal","damage_taken":7,"max_hp_gain":0,"max_hp_loss":0,"event_name":"Golden Wing","floor":4,"gold_loss":0},{"damage_healed":0,"gold_gain":0,"cards_transformed":["Strike_G"],"player_choice":"Transformed","damage_taken":0,"max_hp_gain":0,"max_hp_loss":0,"event_name":"Transmorgrifier","floor":12,"gold_loss":0,"cards_obtained":["Poisoned Stab"]},{"cards_removed":["Strike_G"],"damage_healed":0,"gold_gain":0,"player_choice":"Gave Gold","damage_taken":0,"max_hp_gain":0,"max_hp_loss":0,"event_name":"Beggar","floor":20,"gold_loss":75},{"damage_healed":0,"gold_gain":0,"player_choice":"Opened","damage_taken":0,"relics_obtained":["Sundial"],"max_hp_gain":0,"max_hp_loss":0,"event_name":"The Mausoleum","floor":22,"gold_loss":0,"cards_obtained":["Writhe"]}],"is_beta":false,"boss_relics":[{"not_picked":["HoveringKite","Black Star"],"picked":"Fusion Hammer"}],"items_purged_floors":[],"is_endless":false,"potions_floor_spawned":[2,5,14,16],"killed_by":"Book of Stabbing","ascension_level":12}}