{"host":"sav7uxregyirlf69","time":1613619897,"event":{"mods":["AchievementEnabler","BaseMod","Colored Map","DeckTracker","Keyboard Shortcuts","Minty Spire (QoL Compilation)","READ ME - Guardian Mod","StSLib","SuperFastMode"],"gold_per_floor":[117,117,42,59,79,79,103,113,113,139,166,0,0,10,10,81,81,100,74,74,85,85,85,131,131,131,144,154,172,47,74,74,153,153,166,76,94,106,117,117,146,160,160,180,214,228,239,269,269,269,269,269,269,63,96,96],"floor_reached":57,"language":"KOR","playtime":2321,"items_purged":["Strike_G","Strike_G","Strike_G"],"score":3236,"play_id":"29663e0b-8e6c-4b04-8ce0-41711ce86250","local_time":"20210218124457","is_ascension_mode":true,"campfire_choices":[{"data":"Dash","floor":6.0,"key":"SMITH"},{"floor":13.0,"key":"REST"},{"data":"Poisoned Stab","floor":15.0,"key":"SMITH"},{"data":"Malaise","floor":23.0,"key":"SMITH"},{"data":"Tactician","floor":32.0,"key":"SMITH"},{"data":"Well Laid Plans","floor":40.0,"key":"SMITH"},{"floor":49.0,"key":"RECALL"},{"data":"Acrobatics","floor":53.0,"key":"SMITH"}],"circlet_count":0,"master_deck":["AscendersBane","Strike_G","Defend_G","Defend_G","Survivor","Neutralize","Dash+1","After Image","Blur","Poisoned Stab+1","Footwork","Malaise+1","Dodge and Roll+1","Reflex+1","Tactician+1","Dagger Throw","Acrobatics+1","Well Laid Plans+1","Crippling Poison+1","Grand Finale","Prepared+1","Adrenaline","After Image","Backflip","Blur","Escape Plan+1","Deflect+1"],"relics":["Ring of the Snake","Snake Skull","TungstenRod","Odd Mushroom","Incense Burner","Membership Card","Coffee Dripper","MealTicket","Oddly Smooth Stone","Orrery","Kunai","HoveringKite","Letter Opener","Thread and Needle","Toxic Egg 2","ClockworkSouvenir","Toy Ornithopter"],"acts_visited":["Exordium","TheCity","TheBeyond","TheEnding"],"potions_floor_usage":[55,56],"damage_taken":[{"damage":0.0,"enemies":"Jaw Worm","floor":1.0,"turns":5.0},{"damage":0.0,"enemies":"Small Slimes","floor":4.0,"turns":5.0},{"damage":0.0,"enemies":"2 Louse","floor":5.0,"turns":3.0},{"damage":5.0,"enemies":"Blue Slaver","floor":8.0,"turns":6.0},{"damage":17.0,"enemies":"The Mushroom Lair","floor":10.0,"turns":6.0},{"damage":9.0,"enemies":"Lagavulin","floor":11.0,"turns":8.0},{"damage":0.0,"enemies":"2 Fungi Beasts","floor":14.0,"turns":4.0},{"damage":18.0,"enemies":"Slime Boss","floor":16.0,"turns":14.0},{"damage":0.0,"enemies":"Spheric Guardian","floor":18.0,"turns":8.0},{"damage":9.0,"enemies":"2 Thieves","floor":19.0,"turns":4.0},{"damage":2.0,"enemies":"Shelled Parasite and Fungi","floor":21.0,"turns":8.0},{"damage":2.0,"enemies":"Snake Plant","floor":27.0,"turns":7.0},{"damage":0.0,"enemies":"Centurion and Healer","floor":28.0,"turns":10.0},{"damage":7.0,"enemies":"Cultist and Chosen","floor":29.0,"turns":13.0},{"damage":10.0,"enemies":"Book of Stabbing","floor":31.0,"turns":7.0},{"damage":19.0,"enemies":"Collector","floor":33.0,"turns":15.0},{"damage":7.0,"enemies":"3 Darklings","floor":35.0,"turns":4.0},{"damage":0.0,"enemies":"3 Shapes","floor":37.0,"turns":4.0},{"damage":0.0,"enemies":"Spire Growth","floor":38.0,"turns":6.0},{"damage":1.0,"enemies":"3 Darklings","floor":39.0,"turns":3.0},{"damage":0.0,"enemies":"Nemesis","floor":41.0,"turns":9.0},{"damage":0.0,"enemies":"4 Shapes","floor":42.0,"turns":5.0},{"damage":6.0,"enemies":"Transient","floor":44.0,"turns":6.0},{"damage":19.0,"enemies":"Reptomancer","floor":45.0,"turns":8.0},{"damage":0.0,"enemies":"Sphere and 2 Shapes","floor":46.0,"turns":4.0},{"damage":0.0,"enemies":"Jaw Worm Horde","floor":47.0,"turns":2.0},{"damage":0.0,"enemies":"Giant Head","floor":48.0,"turns":10.0},{"damage":0.0,"enemies":"Awakened One","floor":50.0,"turns":21.0},{"damage":0.0,"enemies":"Donu and Deca","floor":51.0,"turns":14.0},{"damage":0,"enemies":"Shield and Spear","floor":55,"turns":10},{"damage":0,"enemies":"The Heart","floor":56,"turns":15}],"seed_played":"-7248478264828341891","potions_obtained":[{"floor":1.0,"key":"Ancient Potion"},{"floor":4.0,"key":"EntropicBrew"},{"floor":11.0,"key":"PowerPotion"},{"floor":16.0,"key":"Dexterity Potion"},{"floor":21.0,"key":"PowerPotion"},{"floor":31.0,"key":"SkillPotion"},{"floor":37.0,"key":"SteroidPotion"},{"floor":45.0,"key":"SkillPotion"},{"floor":46.0,"key":"Dexterity Potion"}],"is_trial":false,"path_per_floor":["M","?","?","M","M","R","T","M","T","?","E","$","R","M","R","B",null,"M","M","?","M","?","R","T","?","T","M","M","M","$","E","R","B",null,"M","$","M","M","M","R","E","M","T","M","E","M","M","E","R","B","B",null,"R","$","E","B",null],"character_chosen":"THE_SILENT","items_purchased":["Membership Card","Orrery","Adrenaline","ClockworkSouvenir","SkillPotion","Deflect+1"],"campfire_rested":1,"item_purchase_floors":[12,30,36,54,54,54],"current_hp_per_floor":[59,59,59,59,59,59,59,54,54,37,28,28,46,46,46,28,52,52,43,43,41,41,41,41,41,41,39,54,47,60,50,50,31,53,46,60,60,60,59,59,59,59,59,53,34,34,34,34,34,34,34,54,54,60,60,60],"gold":96,"neow_bonus":"TRANSFORM_TWO_CARDS","is_daily":false,"chose_seed":true,"campfire_upgraded":6,"win_rate":0.0,"timestamp":1613619897,"path_taken":["M","?","?","M","M","R","?","?","T","?","E","?","R","M","R","BOSS","M","M","?","M","?","R","?","?","T","?","M","M","$","E","R","BOSS","M","?","M","M","M","R","E","M","T","M","E","M","M","E","R","BOSS","BOSS","R","$","E","BOSS"],"items_purchased_type":["Relic","Relic","Card","Relic","Potion","Card"],"build_version":"2020-12-22","purchased_purges":3,"victory":true,"max_hp_per_floor":[60,60,60,60,60,60,60,60,60,60,60,60,60,60,60,60,60,60,60,60,60,60,60,60,60,60,60,60,60,60,60,60,60,60,60,60,60,60,60,60,60,60,60,60,60,60,60,60,60,60,60,60,60,60,60,60],"card_choices":[{"not_picked":["Backflip","Dash"],"picked":"Blur","floor":1.0},{"not_picked":["Endless Agony","Calculated Gamble","PiercingWail"],"picked":"SKIP","floor":4.0},{"not_picked":["Quick Slash","PiercingWail","Prepared"],"picked":"SKIP","floor":5.0},{"not_picked":["Calculated Gamble","Backflip"],"picked":"Poisoned Stab","floor":8.0},{"not_picked":["Underhanded Strike","Cloak And Dagger"],"picked":"Footwork","floor":10.0},{"not_picked":["Flying Knee","Prepared","Unload"],"picked":"SKIP","floor":11.0},{"not_picked":["Accuracy","Dodge and Roll","Underhanded Strike"],"picked":"SKIP","floor":14.0},{"not_picked":["Venomology","Doppelganger"],"picked":"Malaise","floor":16.0},{"not_picked":["Setup","Flying Knee"],"picked":"Dodge and Roll+1","floor":18.0},{"not_picked":["Dagger Throw","Sucker Punch","Terror"],"picked":"SKIP","floor":19.0},{"not_picked":["Flying Knee","Quick Slash"],"picked":"Reflex+1","floor":21.0},{"not_picked":["Dagger Spray","Outmaneuver","Finisher"],"picked":"SKIP","floor":27.0},{"not_picked":["Flechettes","Prepared"],"picked":"Tactician","floor":28.0},{"not_picked":["Leg Sweep","Caltrops"],"picked":"Dagger Throw","floor":29.0},{"not_picked":["Doppelganger","Skewer"],"picked":"Acrobatics","floor":30.0},{"not_picked":["PiercingWail","Phantasmal Killer"],"picked":"Well Laid Plans","floor":30.0},{"not_picked":["Well Laid Plans","Cloak And Dagger"],"picked":"Crippling Poison+1","floor":30.0},{"not_picked":["Acrobatics","Dash","Backflip"],"picked":"SKIP","floor":31.0},{"not_picked":["After Image","Die Die Die"],"picked":"Grand Finale","floor":33.0},{"not_picked":["Expertise","Blade Dance"],"picked":"Prepared+1","floor":35.0},{"not_picked":["Dagger Throw","Backstab","Underhanded Strike"],"picked":"SKIP","floor":37.0},{"not_picked":["Leg Sweep","Masterful Stab","Cloak And Dagger+1"],"picked":"SKIP","floor":38.0},{"not_picked":["Leg Sweep","Masterful Stab","Cloak And Dagger+1"],"picked":"SKIP","floor":38.0},{"not_picked":["Deflect","Terror","Dagger Throw"],"picked":"SKIP","floor":39.0},{"not_picked":["Predator+1","Dagger Throw"],"picked":"After Image","floor":41.0},{"not_picked":["Prepared","Concentrate+1","Endless Agony+1"],"picked":"SKIP","floor":42.0},{"not_picked":["Footwork","Predator","Flechettes"],"picked":"SKIP","floor":44.0},{"not_picked":["Dagger Spray","Tools of the Trade"],"picked":"Backflip","floor":45.0},{"not_picked":["Underhanded Strike","Well Laid Plans","Prepared"],"picked":"SKIP","floor":46.0},{"not_picked":["Predator","Flying Knee"],"picked":"Blur","floor":47.0},{"not_picked":["Outmaneuver+1","Cloak And Dagger+1"],"picked":"Escape Plan+1","floor":48.0},{"not_picked":["Bouncing Flask+1","Predator","Masterful Stab"],"picked":"SKIP","floor":55}],"player_experience":1604157,"relics_obtained":[{"floor":7.0,"key":"Snake Skull"},{"floor":9.0,"key":"TungstenRod"},{"floor":10.0,"key":"Odd Mushroom"},{"floor":11.0,"key":"Incense Burner"},{"floor":24.0,"key":"MealTicket"},{"floor":26.0,"key":"Oddly Smooth Stone"},{"floor":31.0,"key":"Kunai"},{"floor":41.0,"key":"Letter Opener"},{"floor":45.0,"key":"Thread and Needle"},{"floor":48.0,"key":"Toxic Egg 2"},{"floor":55,"key":"Toy Ornithopter"}],"event_choices":[{"damage_healed":0.0,"max_hp_gain":0.0,"max_hp_loss":0.0,"gold_gain":0.0,"event_name":"Scrap Ooze","player_choice":"Fled","floor":2.0,"gold_loss":0.0,"damage_taken":0.0},{"cards_removed":["Defend_G"],"damage_healed":0.0,"max_hp_gain":0.0,"max_hp_loss":0.0,"gold_gain":0.0,"event_name":"The Cleric","player_choice":"Card Removal","floor":3.0,"gold_loss":75.0,"damage_taken":0.0},{"damage_healed":0.0,"max_hp_gain":0.0,"max_hp_loss":0.0,"gold_gain":0.0,"event_name":"Mushrooms","player_choice":"Fought Mushrooms","floor":10.0,"gold_loss":0.0,"damage_taken":0.0},{"cards_removed":["Defend_G"],"damage_healed":0.0,"max_hp_gain":0.0,"max_hp_loss":0.0,"gold_gain":0.0,"event_name":"Back to Basics","player_choice":"Elegance","floor":20.0,"gold_loss":0.0,"damage_taken":0.0},{"damage_healed":0.0,"max_hp_gain":0.0,"max_hp_loss":0.0,"gold_gain":0.0,"event_name":"Cursed Tome","player_choice":"Ignored","floor":22.0,"gold_loss":0.0,"damage_taken":0.0},{"damage_healed":0.0,"max_hp_gain":0.0,"max_hp_loss":0.0,"gold_gain":0.0,"event_name":"Ghosts","player_choice":"Ignored","floor":25.0,"gold_loss":0.0,"damage_taken":0.0}],"is_beta":false,"boss_relics":[{"not_picked":["SacredBark","SlaversCollar"],"picked":"Coffee Dripper"},{"not_picked":["Philosopher\u0027s Stone","Black Star"],"picked":"HoveringKite"}],"items_purged_floors":[30,36,54],"is_endless":false,"potions_floor_spawned":[1,4,11,16,21,27,31,37,42,45,46,48],"ascension_level":20}}