{"host":"rbccvrvdyhsypb23","time":1613672665,"event":{"mods":["AchievementEnabler","Act Like it!","Arknights","Aspiration","BaseMod","Better Third Choice","BetterRewards","Fox Events","Friendly Minions","Gensokyo","Hubris","Infinite Spire","Ironclad Rager","KomeijiMod","Minty Spire (QoL Compilation)","Replay The Spire","Shade Mod","StSLib","The Blackbeard","The Marked","The Mystic","Wandering Minibosses"],"gold_per_floor":[115,127,141,157,168,197,7,32,100,135,148,148,168,168,168,268,268,286,286,298,238,257,282,282,313,339,365,365,384,384,399,399,498,498,514,526,537,537,537,537,537,569,647,672,690,690,718,718,718,718],"floor_reached":51,"language":"ENG","playtime":2278,"items_purged":[],"score":1255,"play_id":"24707c06-bc5c-4557-aabb-2a31da3c55e8","local_time":"20210218212425","is_ascension_mode":true,"campfire_choices":[{"data":"Genetic Algorithm","floor":12,"key":"SMITH"},{"data":"Zap","floor":15,"key":"SMITH"},{"data":"Rainbow","floor":28,"key":"SMITH"},{"data":"Chill","floor":32,"key":"SMITH"},{"data":"Go for the Eyes","floor":40,"key":"SMITH"},{"data":"Chaos","floor":46,"key":"SMITH"},{"floor":49,"key":"REST"}],"circlet_count":0,"master_deck":["infinitespire:Collect+1","Strike_B","Strike_B","Strike_B","Strike_B","Defend_B","Defend_B","Defend_B","Defend_B","Zap+1","Dualcast","Doom and Gloom","Coolheaded","Coolheaded","Reinforced Body","Rainbow+1","Genetic Algorithm+1","Chill+1","BasicCrystalCard","BasicCrystalCard","Seek","Compile Driver","Conserve Battery+1","Go for the Eyes+1","Ball Lightning+1","Core Surge","infinitespire:Fortify","Fusion+1","Thunder Strike","Tempest","Chaos+1"],"relics":["Cracked Core","Thread and Needle","Matryoshka","Raider\u0027s Mask","Bag of Preparation","PreservedInsect","Anchor","Chameleon Ring","FossilizedHelix","hubris:ScarierMask","Gambling Chip","Nloth\u0027s Gift","Peace Pipe","Akabeko","Replay:Wax Seal","Blue Doll","BargainBundle","aspiration:BursterCore","wanderingMiniBosses:CarrionFlame","Busted Crown","Sling","Boot","aspiration:FetidBarrel","hubris:DeckOfHolding","hubris:64BitClover","Ice Cream"],"acts_visited":["Exordium","TheCity","TheBeyond"],"potions_floor_usage":[5,6,6,31,31,33,42],"damage_taken":[{"damage":6,"enemies":"2 Louse","floor":1,"turns":2},{"damage":0,"enemies":"Small Slimes","floor":2,"turns":3},{"damage":0,"enemies":"ats:Genji","floor":3,"turns":3},{"damage":3,"enemies":"Looter","floor":4,"turns":3},{"damage":0,"enemies":"Red Slaver","floor":5,"turns":6},{"damage":12,"enemies":"Gremlin Nob","floor":6,"turns":3},{"damage":3,"enemies":"Lagavulin","floor":8,"turns":6},{"damage":8,"enemies":"Gremlin Nob","floor":10,"turns":3},{"damage":0,"enemies":"Lots of Slimes","floor":11,"turns":1},{"damage":0,"enemies":"Blue Slaver","floor":13,"turns":2},{"damage":0,"enemies":"The Guardian","floor":16,"turns":12},{"damage":0,"enemies":"2 Thieves","floor":18,"turns":2},{"damage":0,"enemies":"3 Byrds","floor":20,"turns":2},{"damage":0,"enemies":"Snecko","floor":22,"turns":4},{"damage":0,"enemies":"Book of Stabbing","floor":23,"turns":4},{"damage":0,"enemies":"Gremlin Leader","floor":25,"turns":7},{"damage":0,"enemies":"Slavers","floor":27,"turns":3},{"damage":0,"enemies":"Sentry and Sphere","floor":29,"turns":1},{"damage":0,"enemies":"3 Cultists","floor":31,"turns":5},{"damage":37,"enemies":"hubris:MusketHawk","floor":33,"turns":9},{"damage":0,"enemies":"Orb Walker","floor":35,"turns":3},{"damage":0,"enemies":"3 Darklings","floor":36,"turns":3},{"damage":4,"enemies":"Maw","floor":37,"turns":7},{"damage":0,"enemies":"Nemesis","floor":42,"turns":5},{"damage":17,"enemies":"Giant Head","floor":44,"turns":7},{"damage":0,"enemies":"Sphere and 2 Shapes","floor":45,"turns":1},{"damage":0,"enemies":"R_Hoarder","floor":47,"turns":6},{"damage":0,"enemies":"Replay:Hell Engine","floor":50,"turns":1}],"seed_played":"8327637580073444321","potions_obtained":[{"floor":3,"key":"Weak Potion"},{"floor":4,"key":"SkillPotion"},{"floor":5,"key":"Strength Potion"},{"floor":11,"key":"Block Potion"},{"floor":18,"key":"PotionOfCapacity"},{"floor":23,"key":"AttackPotion"},{"floor":25,"key":"Death Potion"},{"floor":36,"key":"Energy Potion"},{"floor":44,"key":"Energy Potion"},{"floor":45,"key":"EssenceOfSteel"},{"floor":47,"key":"EntropicBrew"}],"is_trial":false,"path_per_floor":["M","M","M","M","M","E","$","E","T","E","M","R","M","?","R","B",null,"M","?","M","?","M","E","?","E","T","E","R","M","AVR","M","R","B",null,"M","M","M","?","AVR","R","?","E","T","E","M","R","E","$","R","B",null],"character_chosen":"DEFECT","items_purchased":["Matryoshka","Doom and Gloom","Raider\u0027s Mask","Coolheaded","Coolheaded","PreservedInsect","BasicCrystalCard","Ice Cream"],"campfire_rested":1,"item_purchase_floors":[0,0,0,0,0,7,7,48],"current_hp_per_floor":[69,69,69,66,66,54,54,51,51,43,43,43,43,48,48,48,80,80,80,80,80,80,80,80,80,80,80,80,80,80,80,80,43,80,80,80,76,55,55,55,70,70,70,53,53,53,53,33,57,57],"gold":718,"neow_bonus":"","is_daily":false,"chose_seed":false,"campfire_upgraded":6,"win_rate":0.0,"timestamp":1613672665,"path_taken":["M","M","M","M","M","E","$","E","T","E","M","R","M","?","R","BOSS","M","?","M","?","M","E","?","E","T","E","R","M","AVR","?","R","BOSS","M","?","M","?","AVR","R","?","E","T","E","M","R","E","?","R","BOSS"],"items_purchased_type":["Relic","Card","Relic","Card","Card","Relic","Card","Relic"],"build_version":"2020-12-22","purchased_purges":0,"victory":true,"max_hp_per_floor":[75,75,75,75,75,75,75,75,75,75,75,75,75,80,80,80,80,80,80,80,80,80,80,80,80,80,80,80,80,80,80,80,80,80,80,80,80,80,80,80,80,80,80,80,80,80,80,80,80,80],"card_choices":[{"not_picked":["Streamline","Doom and Gloom"],"picked":"Reinforced Body","floor":1},{"not_picked":["Streamline","Redo"],"picked":"Rainbow","floor":2},{"not_picked":["Sunder","Hologram"],"picked":"Genetic Algorithm","floor":3},{"not_picked":["Sunder","Leap","Glacier"],"picked":"SKIP","floor":4},{"not_picked":["Sunder","Leap","Glacier"],"picked":"SKIP","floor":4},{"not_picked":["Beam Cell","Blizzard"],"picked":"Chill","floor":5},{"not_picked":["Leap","ReplaySort","Reprogram"],"picked":"SKIP","floor":6},{"not_picked":["Streamline","Cold Snap","Turbo"],"picked":"SKIP","floor":8},{"not_picked":["Stack","Steam","Self Repair"],"picked":"SKIP","floor":10},{"not_picked":["Steam","Cold Snap"],"picked":"Seek","floor":11},{"not_picked":["Rebound","Sweeping Beam"],"picked":"Compile Driver","floor":13},{"not_picked":["Fusion","Steam"],"picked":"Conserve Battery+1","floor":18},{"not_picked":["Streamline","Sweeping Beam+1"],"picked":"Go for the Eyes","floor":20},{"not_picked":["Redo","Double Energy"],"picked":"Ball Lightning+1","floor":22},{"not_picked":["Rebound","Go for the Eyes","Sweeping Beam+1"],"picked":"SKIP","floor":23},{"not_picked":["ReplayTheSpireMod:Reroute Power","Loop"],"picked":"Core Surge","floor":25},{"not_picked":["Meteor Strike","ReplayTheSpireMod:Omega Cannon","Steam Power+1"],"picked":"SKIP","floor":27},{"not_picked":["Chaos","Turbo","FTL"],"picked":"SKIP","floor":29},{"not_picked":["ReplayTheSpireMod:GoodbyeWorld+1","Cold Snap+1"],"picked":"Fusion+1","floor":31},{"not_picked":["Electrodynamics","ReplayTheSpireMod:Omega Cannon"],"picked":"Thunder Strike","floor":33},{"not_picked":["Conserve Battery"],"picked":"SKIP","floor":35},{"not_picked":["BasicCrystalCard+1"],"picked":"SKIP","floor":36},{"not_picked":["Barrage+1"],"picked":"SKIP","floor":37},{"not_picked":["ReplayTheSpireMod:??????????????????????","infinitespire:Oblivion"],"picked":"infinitespire:SealOfDarkness+","floor":38},{"not_picked":[],"picked":"Tempest","floor":42},{"not_picked":[],"picked":"Chaos","floor":44},{"not_picked":["Fusion"],"picked":"SKIP","floor":45},{"not_picked":["Lockon+1"],"picked":"SKIP","floor":47}],"player_experience":645162,"relics_obtained":[{"floor":6,"key":"Bag of Preparation"},{"floor":8,"key":"Mercury Hourglass"},{"floor":9,"key":"Anchor"},{"floor":9,"key":"Chameleon Ring"},{"floor":10,"key":"FossilizedHelix"},{"floor":23,"key":"Gambling Chip"},{"floor":25,"key":"Peace Pipe"},{"floor":26,"key":"Akabeko"},{"floor":26,"key":"Replay:Wax Seal"},{"floor":27,"key":"Blue Doll"},{"floor":31,"key":"wanderingMiniBosses:CarrionFlame"},{"floor":42,"key":"Boot"},{"floor":43,"key":"aspiration:FetidBarrel"},{"floor":44,"key":"hubris:DeckOfHolding"},{"floor":47,"key":"hubris:64BitClover"}],"event_choices":[{"damage_healed":0,"gold_gain":0,"player_choice":"Donut","damage_taken":0,"max_hp_gain":5,"max_hp_loss":0,"event_name":"Big Fish","floor":14,"gold_loss":0},{"damage_healed":0,"gold_gain":0,"player_choice":"Adaptability","damage_taken":0,"max_hp_gain":0,"max_hp_loss":0,"event_name":"betterThird:BetterWriting","floor":19,"gold_loss":0},{"damage_healed":0,"gold_gain":0,"player_choice":"Traded Relic","damage_taken":0,"relics_obtained":["Nloth\u0027s Gift"],"max_hp_gain":0,"max_hp_loss":0,"event_name":"N\u0027loth","floor":24,"relics_lost":["Mercury Hourglass"],"gold_loss":0}],"is_beta":false,"boss_relics":[{"not_picked":["hubris:BlackHole","Ring of Chaos"],"picked":"hubris:ScarierMask"},{"not_picked":["SlaversCollar","Fusion Hammer"],"picked":"Busted Crown"}],"items_purged_floors":[],"is_endless":false,"potions_floor_spawned":[3,4,5,6,11,18,23,25,27,36,44,45,47],"ascension_level":4}}