{"host":"61s3c1o1s4fng5dr","time":1613690481,"event":{"mods":["AchievementEnabler","Alarm Clock","AlwaysNeverKeys","BaseMod","Bestiary","Block Reminder","Colored Map","Googly Eyes","Highlight Path","Minty Spire (QoL Compilation)","Permanent Neow","Quick Restart","Random Character Button","Spire Birthday Party"],"gold_per_floor":[112,112,112,287,287,287,303,303,303,303,108,123,138,153,153,249,249,266,266,25,49,49,49,69,69,69,69,92,92,133,60,60,165,165,182,200,223,38,47,47,47],"floor_reached":40,"language":"ENG","playtime":2907,"items_purged":["Regret","Doubt"],"score":441,"play_id":"b6098f98-d0f7-4b38-bfa4-478f12392d74","local_time":"20210218182121","is_ascension_mode":false,"campfire_choices":[{"floor":6.0,"key":"REST"},{"data":"Creative AI","floor":8.0,"key":"SMITH"},{"data":"Dualcast","floor":10.0,"key":"SMITH"},{"floor":15.0,"key":"REST"},{"data":"Seek","floor":23.0,"key":"SMITH"},{"floor":25.0,"key":"REST"},{"data":"Amplify","floor":27.0,"key":"SMITH"},{"data":"Skim","floor":32,"key":"SMITH"}],"circlet_count":0,"master_deck":["Strike_B","Strike_B","Strike_B","Strike_B","Defend_B","Defend_B","Defend_B","Defend_B","Zap","Dualcast+1","Creative AI+1","Genetic Algorithm","Amplify+1","Seek+1","Stack","Self Repair","Meteor Strike","Stack+1","Conserve Battery","Turbo","Skim+1","Self Repair","Force Field","Good Instincts","Madness","Madness","Chaos+1","Enlightenment","Bandage Up"],"relics":["Cracked Core","Eternal Feather","Regal Pillow","Darkstone Periapt","Tiny Chest","Membership Card","Sozu","CeramicFish","Letter Opener","InkBottle","Spirit Poop","Torii","SlaversCollar","Omamori","Bag of Marbles"],"acts_visited":["Exordium","TheCity","TheBeyond"],"potions_floor_usage":[],"damage_taken":[{"damage":12.0,"enemies":"Small Slimes","floor":1.0,"turns":3.0},{"damage":0.0,"enemies":"2 Louse","floor":7.0,"turns":2.0},{"damage":15.0,"enemies":"Jaw Worm","floor":12.0,"turns":4.0},{"damage":18.0,"enemies":"Lots of Slimes","floor":13.0,"turns":5.0},{"damage":35.0,"enemies":"Large Slime","floor":14.0,"turns":7.0},{"damage":0.0,"enemies":"Slime Boss","floor":16.0,"turns":35.0},{"damage":32.0,"enemies":"Spheric Guardian","floor":18.0,"turns":5.0},{"damage":40.0,"enemies":"Chosen","floor":21.0,"turns":8.0},{"damage":40.0,"enemies":"Snake Plant","floor":24.0,"turns":6.0},{"damage":4.0,"enemies":"Snecko","floor":28.0,"turns":4.0},{"damage":39,"enemies":"Book of Stabbing","floor":30,"turns":7},{"damage":1,"enemies":"Automaton","floor":33,"turns":12},{"damage":16,"enemies":"3 Shapes","floor":35,"turns":6},{"damage":36,"enemies":"3 Darklings","floor":37,"turns":6},{"damage":51,"enemies":"Giant Head","floor":40,"turns":8}],"seed_played":"-4419748895740198651","potions_obtained":[{"floor":1.0,"key":"GamblersBrew"},{"floor":13.0,"key":"ColorlessPotion"}],"is_trial":false,"path_per_floor":["M","?","?","?","T","R","M","R","T","R","$","M","M","M","R","B",null,"M","?","$","M","T","R","M","R","T","R","M","?","E","$","R","B",null,"M","?","M","$","?","E"],"character_chosen":"DEFECT","items_purchased":["Membership Card","Self Repair","Meteor Strike","CeramicFish","Self Repair","Force Field","Good Instincts","Enlightenment","Omamori","Bag of Marbles"],"campfire_rested":3,"item_purchase_floors":[11,20,20,20,31,31,31,38,38,38],"current_hp_per_floor":[63,60,60,60,60,75,75,75,75,75,75,60,42,7,53,53,75,43,68,68,35,35,44,11,60,60,72,75,75,50,50,62,75,75,73,64,42,42,42,0,0],"gold":47,"neow_bonus":"THREE_RARE_CARDS","is_daily":false,"chose_seed":false,"campfire_upgraded":5,"win_rate":0.0,"timestamp":1613690481,"path_taken":["M","?","?","?","?","R","M","R","T","R","$","?","?","M","R","BOSS","M","?","$","M","?","R","M","R","T","R","M","?","E","$","R","BOSS","M","?","M","$","?","E"],"items_purchased_type":["Relic","Card","Card","Relic","Card","Card","Card","Card","Relic","Relic"],"build_version":"2020-12-22","purchased_purges":2,"victory":false,"max_hp_per_floor":[75,75,75,75,75,75,75,75,75,75,75,75,75,75,75,75,75,75,75,75,75,75,75,75,75,75,75,75,75,75,75,75,75,75,75,75,75,75,75,75,75],"card_choices":[{"not_picked":["All For One","Biased Cognition"],"picked":"Creative AI","floor":0.0},{"not_picked":["Cold Snap","Ball Lightning","Steam"],"picked":"SKIP","floor":1.0},{"not_picked":["Barrage","Ball Lightning","Cold Snap"],"picked":"SKIP","floor":7.0},{"not_picked":["Ball Lightning","Capacitor"],"picked":"Genetic Algorithm","floor":12.0},{"not_picked":["Streamline","Rebound"],"picked":"Amplify","floor":13.0},{"not_picked":["Compile Driver","Rebound","Recycle"],"picked":"SKIP","floor":14.0},{"not_picked":["Hyperbeam","Biased Cognition"],"picked":"Seek","floor":16.0},{"not_picked":["Cold Snap","Ball Lightning"],"picked":"Stack","floor":18.0},{"not_picked":["Chill","Gash+1"],"picked":"Stack+1","floor":21.0},{"not_picked":["Scrape+1","Barrage"],"picked":"Conserve Battery","floor":24.0},{"not_picked":["Barrage","Cold Snap+1"],"picked":"Turbo","floor":28.0},{"not_picked":["Scrape+1","Static Discharge+1"],"picked":"Skim","floor":30},{"not_picked":["Go for the Eyes+1","Streamline","Compile Driver+1"],"picked":"SKIP","floor":35},{"not_picked":["Go for the Eyes+1","Doom and Gloom+1"],"picked":"Chaos+1","floor":37},{"not_picked":["Metamorphosis","Deep Breath"],"picked":"Bandage Up","floor":39}],"player_experience":481729,"relics_obtained":[{"floor":5.0,"key":"Darkstone Periapt"},{"floor":9.0,"key":"Tiny Chest"},{"floor":22.0,"key":"Letter Opener"},{"floor":26.0,"key":"InkBottle"},{"floor":30,"key":"Torii"}],"event_choices":[{"damage_healed":0.0,"max_hp_gain":0.0,"max_hp_loss":0.0,"gold_gain":0.0,"event_name":"Scrap Ooze","player_choice":"Success","floor":2.0,"gold_loss":0.0,"damage_taken":3.0,"relics_obtained":["Eternal Feather"]},{"damage_healed":0.0,"max_hp_gain":0.0,"max_hp_loss":0.0,"gold_gain":0.0,"event_name":"Big Fish","player_choice":"Box","floor":3.0,"gold_loss":0.0,"damage_taken":0.0,"relics_obtained":["Regal Pillow"],"cards_obtained":["Regret"]},{"damage_healed":0.0,"max_hp_gain":0.0,"max_hp_loss":0.0,"gold_gain":175.0,"event_name":"Liars Game","player_choice":"AGREE","floor":4.0,"gold_loss":0.0,"damage_taken":0.0,"cards_obtained":["Doubt"]},{"damage_healed":25.0,"max_hp_gain":0.0,"max_hp_loss":0.0,"gold_gain":0.0,"event_name":"The Library","player_choice":"Heal","floor":19.0,"gold_loss":0.0,"damage_taken":0.0},{"cards_removed":["Writhe"],"damage_healed":0.0,"max_hp_gain":0.0,"max_hp_loss":0.0,"gold_gain":0.0,"event_name":"Bonfire Elementals","player_choice":"Offered Curse","floor":29.0,"gold_loss":0.0,"damage_taken":0.0,"relics_obtained":["Spirit Poop"]},{"damage_healed":0,"gold_gain":0,"player_choice":"Embrace Madness","damage_taken":9,"max_hp_gain":0,"max_hp_loss":0,"event_name":"Winding Halls","floor":36,"gold_loss":0,"cards_obtained":["Madness","Madness"]},{"damage_healed":0,"gold_gain":0,"player_choice":"Memory 1","damage_taken":0,"max_hp_gain":0,"max_hp_loss":0,"event_name":"SensoryStone","floor":39,"gold_loss":0}],"is_beta":false,"boss_relics":[{"not_picked":["Coffee Dripper","Busted Crown"],"picked":"Sozu"},{"not_picked":["Velvet Choker","Pandora\u0027s Box"],"picked":"SlaversCollar"}],"items_purged_floors":[11,20],"is_endless":false,"potions_floor_spawned":[1,13,24,33],"killed_by":"Giant Head","ascension_level":0}}