{"host":"6dypmz777xraikqf","time":1613613086,"event":{"mods":["AchievementEnabler","BaseMod","BetterRewards","Colored Map","Colored Powertips","Downfall","Highlight Path","Hubris","Infinite Spire","Minty Spire (QoL Compilation)","Replay The Spire","StSLib"],"gold_per_floor":[368,51,67,242,317,317,317,344,344,358,358,373,66,81,81,178,178,189,207,227,241,29,29,29,29],"floor_reached":24,"language":"ENG","playtime":1119,"items_purged":["downfall:Bewildered","Doubt","Strike_B"],"score":262,"play_id":"50f4660c-565e-4f8d-8398-ac7e52b04991","local_time":"20210218015126","is_ascension_mode":true,"campfire_choices":[{"data":"Zap","floor":6,"key":"SMITH"},{"data":"Strike_B","floor":15,"key":"PURGE"}],"circlet_count":0,"master_deck":["Strike_B","Strike_B","Defend_B","Defend_B","Defend_B","Defend_B","Zap+1","Dualcast","Coolheaded","Doom and Gloom","Chaos+1","Heatsinks+1","Genetic Algorithm","Fission","Coolheaded+1","Coolheaded","FIFO Queue","Streamline+1","Jack Of All Trades"],"relics":["Cracked Core","Sundial","Geode","Mummified Hand","TheAbacus","hubris:TerracottaHorce"],"acts_visited":["Exordium","TheCity"],"potions_floor_usage":[8,16,16,16,16,16,23],"damage_taken":[{"damage":0,"enemies":"2 Louse","floor":1,"turns":2},{"damage":0,"enemies":"Small Slimes","floor":3,"turns":3},{"damage":15,"enemies":"Lagavulin","floor":8,"turns":5},{"damage":0,"enemies":"Cultist","floor":10,"turns":4},{"damage":4,"enemies":"Blue Slaver","floor":12,"turns":4},{"damage":2,"enemies":"Red Slaver","floor":14,"turns":3},{"damage":51,"enemies":"Hexaghost","floor":16,"turns":15},{"damage":20,"enemies":"3 Byrds","floor":18,"turns":4},{"damage":14,"enemies":"2 Thieves","floor":19,"turns":4},{"damage":7,"enemies":"Cultist and Chosen","floor":20,"turns":6},{"damage":12,"enemies":"Centurion and Healer","floor":21,"turns":11},{"damage":3,"enemies":"Replay:Snechameleon","floor":23,"turns":2},{"damage":6,"enemies":"Sentry and Sphere","floor":24,"turns":2}],"seed_played":"-1762269732441362627","potions_obtained":[{"floor":7,"key":"Regen Potion"},{"floor":7,"key":"EssenceOfDarkness"},{"floor":7,"key":"EntropicBrew"},{"floor":12,"key":"Adrenaline Potion"},{"floor":18,"key":"Cursed Concoction"},{"floor":20,"key":"SmokeBomb"}],"is_trial":false,"path_per_floor":["M","$","M","?","?","R","?","E","T","M","?","M","$","M","R_BF","B",null,"M","M","M","M","$","E","M"],"character_chosen":"DEFECT","items_purchased":["Sundial","Heatsinks+1","TheAbacus","Jack Of All Trades"],"campfire_rested":0,"item_purchase_floors":[2,13,13,22],"current_hp_per_floor":[75,75,75,75,64,64,64,49,49,49,49,45,45,43,43,7,58,38,24,17,5,5,2,0,0],"gold":29,"neow_bonus":"TWO_FIFTY_GOLD","is_daily":false,"chose_seed":false,"campfire_upgraded":1,"win_rate":0.0,"timestamp":1613613086,"path_taken":["M","$","M","?","?","R","?","E","T","?","?","?","$","M","R_BF","BOSS","M","M","M","M","$","E","M"],"items_purchased_type":["Relic","Card","Relic","Card"],"build_version":"2020-12-22","purchased_purges":3,"victory":false,"max_hp_per_floor":[75,75,75,75,75,75,75,75,75,75,75,75,75,75,75,75,75,75,75,75,75,75,75,75,75],"card_choices":[{"not_picked":["Steam","Rebound"],"picked":"Coolheaded","floor":1},{"not_picked":["Beam Cell","Melter","Recycle"],"picked":"SKIP","floor":3},{"not_picked":["Hello World","White Noise"],"picked":"Doom and Gloom","floor":8},{"not_picked":["BootSequence","Streamline"],"picked":"Chaos","floor":10},{"not_picked":["Rebound","ReplayGash","Sweeping Beam"],"picked":"SKIP","floor":12},{"not_picked":["Cold Snap","Compile Driver"],"picked":"Genetic Algorithm","floor":14},{"not_picked":["Seek","hubris:DoWhile"],"picked":"Fission","floor":16},{"not_picked":["Double Energy","Streamline"],"picked":"Coolheaded+1","floor":18},{"not_picked":["Cold Snap","Compile Driver"],"picked":"Coolheaded","floor":19},{"not_picked":["Turbo","hubris:PowerSurge+1"],"picked":"FIFO Queue","floor":20},{"not_picked":["Panic Button","ReplaySort"],"picked":"Streamline+1","floor":21}],"player_experience":255521,"relics_obtained":[{"floor":8,"key":"Geode"},{"floor":9,"key":"Mummified Hand"}],"event_choices":[{"damage_healed":0,"gold_gain":175,"player_choice":"AGREE","damage_taken":0,"max_hp_gain":0,"max_hp_loss":0,"event_name":"Liars Game","floor":4,"gold_loss":0,"cards_obtained":["Doubt"]},{"damage_healed":0,"gold_gain":75,"player_choice":"Gather Gold","damage_taken":11,"max_hp_gain":0,"max_hp_loss":0,"event_name":"World of Goop","floor":5,"gold_loss":0},{"damage_healed":0,"gold_gain":0,"player_choice":"Got Potions","damage_taken":0,"max_hp_gain":0,"max_hp_loss":0,"event_name":"Lab","floor":7,"gold_loss":0},{"damage_healed":0,"gold_gain":0,"player_choice":"Upgraded","damage_taken":0,"max_hp_gain":0,"max_hp_loss":0,"event_name":"Upgrade Shrine","floor":11,"gold_loss":0,"cards_upgraded":["Chaos"]}],"is_beta":false,"boss_relics":[{"not_picked":["Runic Dome","Astrolabe"],"picked":"hubris:TerracottaHorce"}],"items_purged_floors":[2,13,22],"is_endless":false,"potions_floor_spawned":[12,14,18,20,21],"killed_by":"Sentry and Sphere","ascension_level":4}}