{"host":"xsuxkwaivmtd234a","time":1613674661,"event":{"mods":["BaseMod","Bestiary","Colored Map","Filter the Spire","Minty Spire (QoL Compilation)","Relic Stats","StSLib"],"gold_per_floor":[209,23,42,117,117,117,151,228,251,276,276,294,294,328,328,328,328],"floor_reached":16,"language":"ENG","playtime":498,"items_purged":[],"score":145,"play_id":"312f97eb-3b19-4713-a78c-e982a56896da","local_time":"20210218135741","is_ascension_mode":true,"campfire_choices":[{"data":"Die Die Die","floor":6,"key":"SMITH"},{"data":"Neutralize","floor":13,"key":"SMITH"},{"data":"Blade Dance","floor":15,"key":"SMITH"}],"circlet_count":0,"master_deck":["Strike_G","Strike_G","Strike_G","Strike_G","Defend_G","Defend_G","Defend_G","Defend_G","Defend_G","Survivor","Neutralize+1","Calculated Gamble","Die Die Die+1","Noxious Fumes","Footwork","Caltrops","Blade Dance+1","Blur","Accuracy"],"relics":["Ring of the Snake","MealTicket","Lantern","Ornamental Fan"],"acts_visited":["Exordium"],"potions_floor_usage":[7,7,7,10,14],"damage_taken":[{"damage":0,"enemies":"Jaw Worm","floor":1,"turns":4},{"damage":0,"enemies":"2 Louse","floor":3,"turns":1},{"damage":16,"enemies":"Gremlin Nob","floor":7,"turns":3},{"damage":9,"enemies":"Lagavulin","floor":10,"turns":7},{"damage":0,"enemies":"Small Slimes","floor":12,"turns":3},{"damage":18,"enemies":"Gremlin Nob","floor":14,"turns":4},{"damage":22,"enemies":"Slime Boss","floor":16,"turns":7}],"seed_played":"-2841897278966870595","potions_obtained":[{"floor":3,"key":"EntropicBrew"},{"floor":12,"key":"Ancient Potion"}],"is_trial":false,"path_per_floor":["M","$","M","?","?","R","E","?","T","E","?","M","R","E","R","B"],"character_chosen":"THE_SILENT","items_purchased":["Die Die Die","Noxious Fumes"],"campfire_rested":0,"item_purchase_floors":[2,2],"current_hp_per_floor":[70,70,70,59,64,64,48,48,48,39,39,39,39,21,21,0,0],"gold":328,"neow_bonus":"HUNDRED_GOLD","is_daily":false,"chose_seed":false,"campfire_upgraded":3,"win_rate":0.0,"timestamp":1613674661,"path_taken":["M","$","M","?","?","R","E","?","T","E","?","M","R","E","R","BOSS"],"items_purchased_type":["Card","Card"],"build_version":"2020-12-22","purchased_purges":0,"victory":false,"max_hp_per_floor":[70,70,70,70,75,75,75,75,75,75,75,75,75,75,75,75,75],"relic_stats":{"counters":[7,29],"Ornamental Fan":[12],"MealTicket":0,"obtain_stats":[{"Lantern":10,"Ornamental Fan":14,"MealTicket":7,"Ring of the Snake":0},{"Lantern":4,"Ornamental Fan":6,"MealTicket":3,"Ring of the Snake":0},{"Lantern":15,"Ornamental Fan":22,"MealTicket":8,"Ring of the Snake":0}],"Ring of the Snake":[14]},"card_choices":[{"not_picked":["Slice","Prepared"],"picked":"Calculated Gamble","floor":1},{"not_picked":["Backflip","Flying Knee"],"picked":"Footwork","floor":3},{"not_picked":["Underhanded Strike","Well Laid Plans"],"picked":"Caltrops","floor":7},{"not_picked":["Prepared","Deadly Poison"],"picked":"Blade Dance","floor":10},{"not_picked":["Prepared","Sucker Punch","Endless Agony"],"picked":"SKIP","floor":12},{"not_picked":["Footwork","Bane"],"picked":"Accuracy","floor":14}],"player_experience":1296443,"relics_obtained":[{"floor":7,"key":"MealTicket"},{"floor":10,"key":"Lantern"},{"floor":14,"key":"Ornamental Fan"}],"event_choices":[{"damage_healed":0,"gold_gain":75,"player_choice":"Gather Gold","damage_taken":11,"max_hp_gain":0,"max_hp_loss":0,"event_name":"World of Goop","floor":4,"gold_loss":0},{"damage_healed":0,"gold_gain":0,"player_choice":"Donut","damage_taken":0,"max_hp_gain":5,"max_hp_loss":0,"event_name":"Big Fish","floor":5,"gold_loss":0},{"damage_healed":0,"gold_gain":77,"player_choice":"Gained Gold","damage_taken":0,"max_hp_gain":0,"max_hp_loss":0,"event_name":"Golden Wing","floor":8,"gold_loss":0},{"damage_healed":0,"gold_gain":0,"cards_transformed":["Strike_G"],"player_choice":"Change","damage_taken":0,"max_hp_gain":0,"max_hp_loss":0,"event_name":"Living Wall","floor":11,"gold_loss":0,"cards_obtained":["Blur"]}],"is_beta":false,"boss_relics":[],"items_purged_floors":[],"is_endless":false,"potions_floor_spawned":[3,12],"killed_by":"Slime Boss","ascension_level":5}}