{"host":"whe4vf9w0yuhsr02","time":1613659404,"event":{"mods":["AchievementEnabler","Act Like it!","BaseMod","Better Altar","Better Match","Better Note","Better Sensory Stone","Better Skull","Better Third Choice","Colored Map","Dark Map","Friendly Minions","Highlight Path","Hubris","Lobotomy","LobotomyExtend","Minty Spire (QoL Compilation)","Poor People Problems","Quick Restart","Replay The Spire","Ruina","StSLib","everything is the same but u backflip on backflip"],"gold_per_floor":[118,193,26,44,44,76,76,76,76,96,109,141,238,238,238,238,238,339,339,356,356,306,530,554,554,600,630,699,727,652,672,79,125,125,240,240,257,52,74,74,74,113,113,113,148,184,239,290,352,378,378,403,403,441,465,465,473],"floor_reached":58,"language":"ENG","playtime":3788,"items_purged":["SpecialBullet","Galaxy"],"score":803,"play_id":"2e9d2567-cced-47f5-ae0e-9326a3861783","local_time":"20210218164324","is_ascension_mode":true,"campfire_choices":[{"floor":17.0,"key":"REST"}],"circlet_count":0,"master_deck":["SpecialBullet","SpecialBullet","SpecialBullet","SpecialBullet","SpecialBullet","SpecialBullet","ControlCode","CentralCode","SecurityCode","OSAHOGD","Ecstasy","Blind","Venomology+1","InformationCode","ScreamingWedge","UniverseFragment","ScreamingWedge","Lamp+16","Twilight","ruina:Harvest","SwordSharpenedByTears+1","ruina:Mimicry","ruina:Nihil","CENSORED_ego","GreedKing","TrainingCode","Diffraction+1","TT2Protocol"],"relics":["CogitoBucket","NeowsBlessing","LetterFromLob","Ancient Tea Set","The Courier","hubris:SlimyHat","Toy Ornithopter","Replay:Wax Seal","hubris:VirtuousBlindfold","AspirationHeart","RedMistMask","ruina:FalsePresent","Blood Vial","Replay:Bandana","Garlic","Blue Candle","ChangeAnything","Juzu Bracelet","ReplayFunnel","hubris:ToyBattleship","hubris:ScarierMask","Strange Spoon","AtMidnight","ReplayTheSpireMod:Ring of Challenge","hubris:BundleOfHerbs","ReplayTheSpireMod:TigerMarble","Replay:Towering Pillar of Hats","Gambling Chip"],"acts_visited":["Exordium","ruina:Briah","TheBeyond"],"potions_floor_usage":[58],"damage_taken":[{"damage":0.0,"enemies":"Small Slimes","floor":1.0,"turns":1.0},{"damage":0.0,"enemies":"2 Louse","floor":4.0,"turns":1.0},{"damage":0.0,"enemies":"3 Sentries","floor":6.0,"turns":1.0},{"damage":12.0,"enemies":"Jaw Worm","floor":10.0,"turns":3.0},{"damage":18.0,"enemies":"Exordium Thugs","floor":11.0,"turns":5.0},{"damage":22.0,"enemies":"Gremlin Nob","floor":12.0,"turns":4.0},{"damage":38.0,"enemies":"Fading Forest","floor":18.0,"turns":11.0},{"damage":5.0,"enemies":"ruina:BadWolf","floor":20.0,"turns":5.0},{"damage":12.0,"enemies":"ruina:2_Scarecrows","floor":24.0,"turns":3.0},{"damage":7.0,"enemies":"ruina:Mountain","floor":26.0,"turns":6.0},{"damage":24.0,"enemies":"ruina:Woodsman","floor":27.0,"turns":4.0},{"damage":2.0,"enemies":"ruina:QueenOfHate","floor":29.0,"turns":3.0},{"damage":17.0,"enemies":"ruina:KnightOfDespair","floor":31.0,"turns":5.0},{"damage":0.0,"enemies":"ruina:ServantOfWrath","floor":33.0,"turns":4.0},{"damage":48.0,"enemies":"ruina:Ozma","floor":35.0,"turns":11.0},{"damage":0.0,"enemies":"Orb Walker","floor":37.0,"turns":2.0},{"damage":0.0,"enemies":"3 Shapes","floor":39.0,"turns":2.0},{"damage":52.0,"enemies":"Maw","floor":42.0,"turns":25.0},{"damage":32.0,"enemies":"Giant Head","floor":45.0,"turns":7.0},{"damage":16.0,"enemies":"4 Shapes","floor":46.0,"turns":5.0},{"damage":3.0,"enemies":"Reptomancer","floor":48.0,"turns":5.0},{"damage":11.0,"enemies":"Mind Bloom Boss Battle","floor":49.0,"turns":11.0},{"damage":9.0,"enemies":"Spire Growth","floor":50.0,"turns":6.0},{"damage":20.0,"enemies":"Maw","floor":52.0,"turns":10.0},{"damage":43.0,"enemies":"Replay:Hell Engine","floor":54.0,"turns":9.0},{"damage":28.0,"enemies":"Malkuth","floor":55.0,"turns":8.0},{"damage":24.0,"enemies":"Yesod","floor":55.0,"turns":15.0},{"damage":154.0,"enemies":"Chesed","floor":57.0,"turns":18.0},{"damage":72.0,"enemies":"Hokma","floor":57.0,"turns":30.0}],"seed_played":"9186734401462155830","potions_obtained":[{"floor":4.0,"key":"Doom Potion"},{"floor":10.0,"key":"Dexterity Potion"},{"floor":11.0,"key":"PowerPotion"},{"floor":18.0,"key":"SkillPotion"},{"floor":22.0,"key":"Death Potion"},{"floor":24.0,"key":"Swift Potion"},{"floor":26.0,"key":"EssenceOfSteel"},{"floor":27.0,"key":"Block Potion"},{"floor":39.0,"key":"Death Potion"},{"floor":45.0,"key":"Swift Potion"},{"floor":50.0,"key":"EssenceOfSteel"}],"is_trial":false,"path_per_floor":["M","?","$","M","?","E","?","R","T","M","M","E","?","PTL","PTL","E","R","B",null,"M","?","?","?","M","R","E","M","T","M","?","M","$","E","R","B",null,"M","$","M","PTL","PTL","M","?","R","E","M","T","E","?","M","R","M","R_BF","B",null,null,null,null,null,null],"character_chosen":"Angela","items_purchased":["Ecstasy","Blind","ruina:Mimicry","ruina:Nihil","Juzu Bracelet","ReplayFunnel","Strange Spoon"],"campfire_rested":1,"item_purchase_floors":[3,3,32,32,32,32,38],"current_hp_per_floor":[70,59,59,67,55,63,67,67,67,63,53,39,11,11,11,11,32,25,70,80,74,69,27,44,44,66,57,57,69,69,67,67,69,69,67,69,69,69,69,69,69,69,69,69,66,69,69,69,69,69,69,69,69,69,69,69,69],"gold":481,"neow_bonus":"THREE_ENEMY_KILL","is_daily":false,"chose_seed":false,"campfire_upgraded":0,"win_rate":0.0,"timestamp":1613659404,"path_taken":["M","?","$","M","?","E","?","R","T","M","M","E","?","PTL","PTL","E","R","BOSS","M","?","?","?","M","R","E","M","T","?","?","?","$","E","R","BOSS","M","?","M","PTL","PTL","M","?","R","E","M","T","E","?","M","R","M","R_BF","BOSS"],"items_purchased_type":["Card","Card","Card","Card","Relic","Relic","Relic"],"build_version":"2020-12-22","purchased_purges":2,"victory":true,"max_hp_per_floor":[70,70,70,70,70,70,70,70,70,70,70,70,70,70,70,70,70,70,70,80,74,69,69,69,69,69,69,69,69,69,69,69,69,69,69,69,69,69,69,69,69,69,69,69,69,69,69,69,69,69,69,69,69,69,69,69,69],"card_choices":[{"not_picked":["CherryBlossoms","CrumblingArmor"],"picked":"OSAHOGD","floor":1.0},{"not_picked":["RedEyes","Noise"],"picked":"SKIP","floor":1.0},{"not_picked":["Soda","TodaysExpression"],"picked":"SKIP","floor":4.0},{"not_picked":["FrostShard","Discord"],"picked":"SKIP","floor":6.0},{"not_picked":["Lantern"],"picked":"ScreamingWedge","floor":10.0},{"not_picked":["SomewhereSpear","CherryBlossom"],"picked":"SKIP","floor":11.0},{"not_picked":["MHz","LittlePrince"],"picked":"UniverseFragment","floor":12.0},{"not_picked":["TodaysExpression"],"picked":"ScreamingWedge","floor":12.0},{"not_picked":["CUTE"],"picked":"Galaxy","floor":13.0},{"not_picked":["Penitence"],"picked":"Lamp","floor":13.0},{"not_picked":["Justitia"],"picked":"Twilight","floor":18.0},{"not_picked":["Tough","Regret_ego"],"picked":"SKIP","floor":20.0},{"not_picked":["ruina:HomingInstinct"],"picked":"ruina:Harvest","floor":21.0},{"not_picked":["Loneliness+1","Wingbeat"],"picked":"SKIP","floor":24.0},{"not_picked":["Penitence"],"picked":"SwordSharpenedByTears+1","floor":26.0},{"not_picked":["FourthMatchFlame","Logging+1"],"picked":"SKIP","floor":27.0},{"not_picked":["RapturousDream","Loneliness"],"picked":"SKIP","floor":29.0},{"not_picked":["Lantern","RapturousDream"],"picked":"SKIP","floor":31.0},{"not_picked":["WristCuter+1","Wingbeat"],"picked":"SKIP","floor":33.0},{"not_picked":["Justitia"],"picked":"CENSORED_ego","floor":35.0},{"not_picked":["WristCuter+1","Amita"],"picked":"SKIP","floor":37.0},{"not_picked":["Bloodbath","MeltingLove"],"picked":"GreedKing","floor":39.0},{"not_picked":["Hornet","Lantern+1"],"picked":"SKIP","floor":39.0},{"not_picked":["Noise","Spore"],"picked":"SKIP","floor":42.0},{"not_picked":["Hypocrisy","Penitence"],"picked":"SKIP","floor":45.0},{"not_picked":["SomewhereSpear+1","Soda"],"picked":"SKIP","floor":46.0},{"not_picked":["Penitence+1","Tough+1"],"picked":"SKIP","floor":48.0},{"not_picked":["Penitence+1"],"picked":"Diffraction+1","floor":50.0},{"not_picked":["Lantern","TodaysExpression"],"picked":"SKIP","floor":52.0}],"player_experience":496011,"relics_obtained":[{"floor":1.0,"key":"LetterFromLob"},{"floor":6.0,"key":"The Courier"},{"floor":9.0,"key":"hubris:SlimyHat"},{"floor":12.0,"key":"Toy Ornithopter"},{"floor":13.0,"key":"Replay:Wax Seal"},{"floor":20.0,"key":"RedMistMask"},{"floor":26.0,"key":"Garlic"},{"floor":28.0,"key":"Blue Candle"},{"floor":33.0,"key":"hubris:ToyBattleship"},{"floor":42.0,"key":"AtMidnight"},{"floor":43.0,"key":"ReplayTheSpireMod:Ring of Challenge"},{"floor":45.0,"key":"hubris:BundleOfHerbs"},{"floor":47.0,"key":"ReplayTheSpireMod:TigerMarble"},{"floor":48.0,"key":"Replay:Towering Pillar of Hats"},{"floor":49.0,"key":"Gambling Chip"}],"event_choices":[{"damage_healed":0.0,"max_hp_gain":0.0,"max_hp_loss":0.0,"gold_gain":75.0,"event_name":"betterThird:BetterGoop","player_choice":"Gold","floor":2.0,"gold_loss":0.0,"damage_taken":11.0},{"damage_healed":0.0,"max_hp_gain":0.0,"max_hp_loss":0.0,"gold_gain":224.0,"event_name":"betterSkull:BetterSkull","player_choice":"RE RE GO GO ","floor":23.0,"gold_loss":0.0,"damage_taken":48.0,"cards_upgraded":[],"relics_obtained":["Blood Vial","Replay:Bandana"]},{"damage_healed":0.0,"max_hp_gain":0.0,"max_hp_loss":0.0,"gold_gain":0.0,"event_name":"betterMatch:BetterMatch","player_choice":"2","floor":30.0,"gold_loss":0.0,"damage_taken":0.0,"cards_obtained":["betterMatch:CommonCard"]},{"damage_healed":0.0,"max_hp_gain":0.0,"max_hp_loss":0.0,"gold_gain":0.0,"event_name":"MindBloom","player_choice":"Fight","floor":49.0,"gold_loss":0.0,"damage_taken":0.0}],"is_beta":false,"boss_relics":[{"not_picked":["Abe\u0027s Treasure","hubris:RunicObelisk"],"picked":"hubris:VirtuousBlindfold"},{"not_picked":["Philosopher\u0027s Stone","Kintsugi"],"picked":"hubris:ScarierMask"}],"items_purged_floors":[32,38],"is_endless":false,"potions_floor_spawned":[4,10,11,18,24,26,27,39,45,49,50],"ascension_level":2}}