{"host":"r9v0g0iwbsx9dzwu","time":1613658960,"event":{"mods":["ATMod(°¢èªMod)","Act Like it!","Arknights","Aspiration","BaseMod","Minty Spire (QoL Compilation)","MostiFishMod","Reliquary","Replay The Spire","RumiaBox-Â¶Ã×æ«µÄÉñÃØºÐ×Ó","StSLib","TestMod","[IsaacMod]ÒÔÈö¼âËþ","¡¾ÒÅÎï¿¨ÅÆ¡¿REMEMod"],"gold_per_floor":[349,367,382,396,416,446,529,704,704,736,385,385,118,274,274,352,352,338,348,273,323,323,323],"floor_reached":22,"language":"ZHS","playtime":745,"items_purged":["ats:Strike V","ats:Strike C","ats:Strike S"],"score":546,"play_id":"276e8415-9101-4e73-beb0-871d34c45385","local_time":"20210218223600","daily_mods":["Heirloom"],"is_ascension_mode":true,"campfire_choices":[{"data":"ats:Overload","floor":12,"key":"SMITH"},{"data":"ats:Sashimi Platter","floor":15,"key":"SMITH"}],"circlet_count":0,"master_deck":["ats:Armor Crushing Shot","ats:Defend","ats:Defend","ats:Defend","ats:Defend","ats:Emotion Absorption","ats:Phantom","ats:Curse Doll","ats:Cat Scratch","ats:Revitalization","ats:Part Time Job","ats:Overload+1","ats:Sashimi Platter+1","ats:LN2 Cannon","ats:Shadow Assault","ats:Shadow Assault+1","ats:Echo Reverb","ats:True Silver Slash","ats:Red Shift"],"relics":["ats:Sanity","AT_ATBox","DaveBox","testmod-TestBox","HushsDoor","REME_ComplimentaryCards","Torii","BloodDonationBag","testmod-SaigiyounoYou","ShadowXiaoBlade","Baka2","ats:Originium","Question Card","Odd Mushroom","Gremlin Horn","MagicDraw1","aspiration:FrozenJewel","reliquary:SilkGlove","Replay:Bronze Core","Akabeko","AT_MibuBalloonWealth"],"acts_visited":["Exordium","TheCity"],"potions_floor_usage":[16],"damage_taken":[{"damage":1,"enemies":"Cultist","floor":1,"turns":3},{"damage":0,"enemies":"Small Slimes","floor":2,"turns":2},{"damage":6,"enemies":"2 Louse","floor":3,"turns":3},{"damage":1,"enemies":"Exordium Wildlife","floor":4,"turns":2},{"damage":1,"enemies":"Looter","floor":5,"turns":2},{"damage":0,"enemies":"Lagavulin","floor":6,"turns":4},{"damage":0,"enemies":"Gremlin Gang","floor":7,"turns":1},{"damage":9,"enemies":"The Mushroom Lair","floor":8,"turns":2},{"damage":9,"enemies":"Gremlin Nob","floor":10,"turns":3},{"damage":9,"enemies":"Exordium Thugs","floor":14,"turns":4},{"damage":0,"enemies":"Slime Boss","floor":16,"turns":3},{"damage":0,"enemies":"Spheric Guardian","floor":18,"turns":3},{"damage":0,"enemies":"Shell Parasite","floor":19,"turns":1},{"damage":9,"enemies":"Snake Plant","floor":22,"turns":1}],"seed_played":"-8579750224196628632","potions_obtained":[{"floor":1,"key":"Milkshake"},{"floor":3,"key":"LiquidMemories"},{"floor":10,"key":"ats:Burn Small Potion"}],"is_trial":true,"path_per_floor":["M","M","M","M","M","E","M","?","T","E","$","R","$","M","R","B",null,"M","M","?","?","M"],"character_chosen":"DOCTOR_CLASS","items_purchased":["aspiration:FrozenJewel","reliquary:SilkGlove","Damocles","ats:True Silver Slash"],"campfire_rested":0,"item_purchase_floors":[11,13,17,17],"current_hp_per_floor":[34,40,38,51,53,68,71,49,49,71,71,71,71,44,44,71,52,52,52,52,52,0,0],"gold":323,"neow_bonus":"","is_daily":false,"chose_seed":false,"campfire_upgraded":2,"win_rate":0.0,"timestamp":1613658960,"path_taken":["M","M","M","M","M","E","M","?","T","E","$","R","$","?","R","BOSS","M","M","?","?","M"],"items_purchased_type":["Relic","Relic","Relic","Card"],"build_version":"2020-12-22","purchased_purges":3,"victory":false,"max_hp_per_floor":[71,71,71,71,71,71,71,71,71,71,71,71,71,71,71,71,52,52,52,52,52,52,52],"card_choices":[{"not_picked":[],"picked":"ChaosCard","floor":0},{"not_picked":["ats:Revitalization","ats:Assault Order"],"picked":"ats:Curse Doll","floor":1},{"not_picked":["ats:Encircling Forest","ats:Collapsing Strike"],"picked":"ats:Cat Scratch","floor":2},{"not_picked":["ats:Powerful Strike","ats:Healing Strengthening"],"picked":"ats:Revitalization","floor":3},{"not_picked":["ats:Counter Healing Mode","ats:Leaping Hammer"],"picked":"ats:Part Time Job","floor":4},{"not_picked":["ats:Shell Defense","ats:Cat Scratch","ats:Curse Doll"],"picked":"SKIP","floor":5},{"not_picked":["ats:Poison Spread","ats:Shell Defense"],"picked":"ats:Sashimi Platter","floor":6},{"not_picked":["ats:Cat Scratch","ats:Curse Doll","ats:Closed Bolt Burst Fire"],"picked":"ats:LN2 Cannon","floor":7},{"not_picked":["ats:Absolute Focus","ats:Support Order","ats:Blood Oath"],"picked":"ats:Shadow Assault","floor":8},{"not_picked":["ats:Thorns","ats:Part Time Job","ats:Consecutive Shot Auto","ats:Ignite"],"picked":"SKIP","floor":10},{"not_picked":["ats:Explosion Area Strengthen","ats:Leaping Hammer","ats:Volcano","ats:Shell Defense"],"picked":"SKIP","floor":14},{"not_picked":["ats:Fractured Body","ats:Rat Pack","ats:Disruption Kick"],"picked":"ats:Echo Reverb","floor":16},{"not_picked":["ats:Ignite","ats:Beaten Up","ats:Poison Spread","ats:Revitalization"],"picked":"SKIP","floor":18},{"not_picked":["ats:Explosion Area Strengthen","ats:Literary Storm","ats:Defend Order"],"picked":"ats:Red Shift","floor":19}],"player_experience":59872,"relics_obtained":[{"floor":1,"key":"Baka"},{"floor":2,"key":"Baka2"},{"floor":6,"key":"ats:Originium"},{"floor":6,"key":"Question Card"},{"floor":8,"key":"Odd Mushroom"},{"floor":9,"key":"Gremlin Horn"},{"floor":10,"key":"ats:Originium"},{"floor":10,"key":"MagicDraw1"},{"floor":18,"key":"Akabeko"},{"floor":19,"key":"AT_MibuBalloonWealth"}],"event_choices":[{"damage_healed":0,"gold_gain":0,"player_choice":"Fought Mushrooms","damage_taken":0,"max_hp_gain":0,"max_hp_loss":0,"event_name":"Mushrooms","floor":8,"gold_loss":0},{"cards_removed":["ats:Strike G"],"damage_healed":0,"gold_gain":0,"player_choice":"Gave Gold","damage_taken":0,"max_hp_gain":0,"max_hp_loss":0,"event_name":"Beggar","floor":20,"gold_loss":75},{"damage_healed":0,"gold_gain":50,"player_choice":"Stole From Cult","damage_taken":0,"max_hp_gain":0,"max_hp_loss":0,"event_name":"Nest","floor":21,"gold_loss":0}],"is_beta":false,"boss_relics":[{"not_picked":["reliquary:RedPaperclip","Tiny House"],"picked":"Replay:Bronze Core"},{"not_picked":[]}],"items_purged_floors":[11,13,17],"is_endless":false,"potions_floor_spawned":[1,3,7,10,14,19],"killed_by":"Snake Plant","ascension_level":20}}