{"host":"0xnlke9dn7m72v1t","time":1613660798,"event":{"mods":["AchievementEnabler","BaseMod","BetterRewards","Colored Map","Colored Powertips","Minty Spire (QoL Compilation)","Quick Restart","StSLib","Together in Spire"],"gold_per_floor":[116,34,50,65,165,191,203,203,227,258,271,290,317,33,33,138,138,153,153,153,172,187,187,218,218,218,252,232,245,160,160,160,262,262,277,5,5,55,55,81,81,112,112,130,146,446,446,59,59,59,59],"floor_reached":50,"language":"DEU","playtime":4425,"items_purged":[],"score":656,"play_id":"89722a08-f808-4c21-a58e-4460e86c5e5d","local_time":"20210218160638","is_ascension_mode":false,"campfire_choices":[{"data":"Barricade","floor":8,"key":"SMITH"},{"floor":15,"key":"REST"},{"data":"Fire Breathing","floor":23,"key":"SMITH"},{"floor":25,"key":"REST"},{"data":"Anger","floor":32,"key":"SMITH"},{"data":"Fire Breathing","floor":41,"key":"SMITH"},{"data":"Juggernaut","floor":47,"key":"SMITH"},{"data":"Flex","floor":49,"key":"SMITH"}],"circlet_count":0,"master_deck":["Strike_R","Strike_R","Strike_R","Strike_R","Strike_R","Defend_R","Defend_R","Defend_R","Defend_R+1","Metallicize","Feel No Pain","Inflame","Barricade+1","Rage+1","Rage","Whirlwind","Metallicize","Fire Breathing+1","Flex+1","Demon Form+1","Anger+1","Spot Weakness","Dark Embrace","Clash+1","Clash+1","Anger+1","Juggernaut+1","Flex+1","Fire Breathing+1","Good Instincts+1","Intimidate+1","Secret Technique+1","Madness+1","Deep Breath+1","Infernal Blade+1","Madness+1","Madness+1","Seeing Red+1","Spot Weakness+1","Warcry+1","Warcry+1","Anger+1","Shrug It Off+1","Secret Weapon+1"],"relics":["Burning Blood","Red Skull","StoneCalendar","PreservedInsect","Regal Pillow","War Paint","White Beast Statue","Chemical X","Mark of Pain","Anchor","Vajra","Omamori","Toxic Egg 2","Calling Bell","Bag of Marbles","Gremlin Horn","Prayer Wheel","Toolbox","Gambling Chip","Bag of Preparation","Ancient Tea Set","Eternal Feather","Centennial Puzzle"],"acts_visited":["Exordium","TheCity","TheBeyond"],"potions_floor_usage":[6,16,16,21,22,27,28,33,33,38,38,42,50,50,50],"damage_taken":[{"damage":2,"enemies":"2 Louse","floor":1,"turns":2},{"damage":0,"enemies":"Cultist","floor":3,"turns":4},{"damage":0,"enemies":"Small Slimes","floor":4,"turns":2},{"damage":11,"enemies":"3 Sentries","floor":6,"turns":7},{"damage":16,"enemies":"Blue Slaver","floor":7,"turns":4},{"damage":20,"enemies":"Lagavulin","floor":10,"turns":5},{"damage":0,"enemies":"Large Slime","floor":11,"turns":5},{"damage":9,"enemies":"Exordium Thugs","floor":12,"turns":5},{"damage":13,"enemies":"Gremlin Nob","floor":13,"turns":3},{"damage":22,"enemies":"Hexaghost","floor":16,"turns":6},{"damage":28,"enemies":"Shell Parasite","floor":18,"turns":6},{"damage":10,"enemies":"3 Byrds","floor":21,"turns":2},{"damage":12,"enemies":"Centurion and Healer","floor":22,"turns":5},{"damage":17,"enemies":"Gremlin Leader","floor":24,"turns":4},{"damage":8,"enemies":"Book of Stabbing","floor":27,"turns":2},{"damage":4,"enemies":"Shelled Parasite and Fungi","floor":29,"turns":3},{"damage":0,"enemies":"Automaton","floor":33,"turns":4},{"damage":0,"enemies":"3 Shapes","floor":35,"turns":2},{"damage":34,"enemies":"Mind Bloom Boss Battle","floor":38,"turns":5},{"damage":0,"enemies":"Nemesis","floor":40,"turns":2},{"damage":0,"enemies":"Reptomancer","floor":42,"turns":2},{"damage":0,"enemies":"3 Darklings","floor":44,"turns":1},{"damage":0,"enemies":"Writhing Mass","floor":45,"turns":1},{"damage":92,"enemies":"Time Eater","floor":50,"turns":7}],"seed_played":"1461083313936530612","potions_obtained":[{"floor":1,"key":"Energy Potion"},{"floor":7,"key":"Block Potion"},{"floor":11,"key":"ElixirPotion"},{"floor":13,"key":"SneckoOil"},{"floor":16,"key":"Explosive Potion"},{"floor":18,"key":"ColorlessPotion"},{"floor":21,"key":"Block Potion"},{"floor":22,"key":"GamblersBrew"},{"floor":24,"key":"Dexterity Potion"},{"floor":28,"key":"Fruit Juice"},{"floor":29,"key":"Ancient Potion"},{"floor":33,"key":"LiquidMemories"},{"floor":35,"key":"BlessingOfTheForge"},{"floor":38,"key":"Energy Potion"},{"floor":40,"key":"GamblersBrew"},{"floor":42,"key":"FearPotion"},{"floor":44,"key":"Strength Potion"}],"is_trial":false,"path_per_floor":["M","$","M","M","?","E","M","R","T","E","M","M","E","$","R","B",null,"M","$","?","M","M","R","E","R","T","E","?","M","?","?","R","B",null,"M","$","?","?","?","E","R","E","T","M","M","?","R","$","R","B"],"character_chosen":"IRONCLAD","items_purchased":["Metallicize","Red Skull","Inflame","Chemical X","Fire Breathing","Flex","Good Instincts+1","Toolbox","Intimidate+1","Shrug It Off+1","Centennial Puzzle","Secret Weapon+1"],"campfire_rested":2,"item_purchase_floors":[0,0,2,14,14,14,36,36,36,48,48,48],"current_hp_per_floor":[63,63,69,75,75,70,60,60,60,46,52,49,42,42,80,64,80,58,58,58,54,48,48,37,76,76,74,79,81,81,81,81,85,85,85,85,75,47,36,42,42,48,48,54,60,60,84,84,85,0,0],"gold":59,"neow_bonus":"","is_daily":false,"chose_seed":false,"campfire_upgraded":6,"win_rate":0.0,"timestamp":1613660798,"path_taken":["M","$","M","M","?","E","M","R","T","E","M","M","E","?","R","BOSS","M","$","?","M","M","R","E","R","T","E","?","?","?","?","R","BOSS","M","$","?","?","?","E","R","E","T","M","M","?","R","$","R","BOSS"],"items_purchased_type":["Card","Relic","Card","Relic","Card","Card","Card","Relic","Card","Card","Relic","Card"],"build_version":"2020-12-22","purchased_purges":0,"victory":false,"max_hp_per_floor":[80,80,80,80,80,80,80,80,80,80,80,80,80,80,80,80,80,80,80,80,80,80,80,80,80,80,80,85,85,85,85,85,85,85,85,85,85,85,85,85,85,85,85,85,85,85,85,85,85,85,85],"card_choices":[{"not_picked":["Flame Barrier","Twin Strike"],"picked":"Feel No Pain","floor":1},{"not_picked":["Thunderclap","Clothesline","Flex"],"picked":"SKIP","floor":3},{"not_picked":["Flex","Flame Barrier"],"picked":"Barricade","floor":4},{"not_picked":["True Grit","Flex"],"picked":"Rage","floor":6},{"not_picked":["Uppercut","Infernal Blade","Cleave"],"picked":"SKIP","floor":7},{"not_picked":["Twin Strike","True Grit"],"picked":"Rage","floor":10},{"not_picked":["Ghostly Armor","True Grit"],"picked":"Whirlwind","floor":11},{"not_picked":["Spot Weakness","Feed"],"picked":"Body Slam","floor":12},{"not_picked":["Ghostly Armor","Clothesline"],"picked":"Metallicize","floor":13},{"not_picked":["Limit Break","Feed"],"picked":"Demon Form","floor":16},{"not_picked":["Clash","Headbutt"],"picked":"Anger","floor":18},{"not_picked":["Twin Strike","Thunderclap+1","Sword Boomerang"],"picked":"SKIP","floor":21},{"not_picked":["Iron Wave","Heavy Blade"],"picked":"Clash+1","floor":22},{"not_picked":["Dual Wield","Burning Pact"],"picked":"Clash+1","floor":24},{"not_picked":["Flame Barrier","Fire Breathing"],"picked":"Anger+1","floor":27},{"not_picked":["Power Through","Armaments","Dual Wield"],"picked":"SKIP","floor":29},{"not_picked":["Offering+1","Limit Break+1"],"picked":"Juggernaut","floor":33},{"not_picked":["True Grit+1","Perfected Strike"],"picked":"Flex+1","floor":35},{"not_picked":["Intimidate+1","Cleave"],"picked":"Fire Breathing","floor":35},{"not_picked":["HandOfGreed","PanicButton+1"],"picked":"Secret Technique+1","floor":37},{"not_picked":["Mayhem","Secret Weapon+1"],"picked":"Madness+1","floor":37},{"not_picked":["Panacea+1","Trip+1"],"picked":"Deep Breath+1","floor":37},{"not_picked":["Entrench+1","Clash"],"picked":"Infernal Blade+1","floor":38},{"not_picked":["Sword Boomerang","Anger"],"picked":"Seeing Red+1","floor":40},{"not_picked":["Heavy Blade","Feel No Pain"],"picked":"Spot Weakness+1","floor":42},{"not_picked":["Shrug It Off+1","Armaments+1"],"picked":"Warcry+1","floor":44},{"not_picked":["Cleave","Fire Breathing+1"],"picked":"Warcry+1","floor":44},{"not_picked":["Rupture+1","Iron Wave"],"picked":"Anger+1","floor":45},{"not_picked":["Searing Blow+1","Feel No Pain","Twin Strike"],"picked":"SKIP","floor":45}],"player_experience":18244,"relics_obtained":[{"floor":6,"key":"PreservedInsect"},{"floor":9,"key":"Regal Pillow"},{"floor":10,"key":"War Paint"},{"floor":13,"key":"White Beast Statue"},{"floor":24,"key":"Anchor"},{"floor":26,"key":"Vajra"},{"floor":27,"key":"Omamori"},{"floor":34,"key":"Bag of Marbles"},{"floor":34,"key":"Gremlin Horn"},{"floor":34,"key":"Prayer Wheel"},{"floor":38,"key":"Gambling Chip"},{"floor":40,"key":"Bag of Preparation"},{"floor":42,"key":"Ancient Tea Set"},{"floor":43,"key":"Eternal Feather"}],"event_choices":[{"damage_healed":0,"gold_gain":100,"player_choice":"Pray","damage_taken":0,"max_hp_gain":0,"max_hp_loss":0,"event_name":"Golden Shrine","floor":5,"gold_loss":0},{"damage_healed":0,"gold_gain":0,"cards_transformed":["Bash","Body Slam"],"player_choice":"Became Test Subject","damage_taken":0,"max_hp_gain":0,"max_hp_loss":0,"event_name":"Drug Dealer","floor":20,"gold_loss":0,"cards_obtained":["Spot Weakness","Dark Embrace"]},{"damage_healed":0,"gold_gain":0,"player_choice":"Bought 1 Potion","damage_taken":0,"max_hp_gain":0,"max_hp_loss":0,"event_name":"The Woman in Blue","floor":28,"gold_loss":0},{"damage_healed":0,"gold_gain":0,"player_choice":"Obtained Relic","damage_taken":0,"relics_obtained":["Toxic Egg 2"],"max_hp_gain":0,"max_hp_loss":0,"event_name":"Addict","floor":30,"gold_loss":85},{"damage_healed":0,"gold_gain":0,"player_choice":"Forge","damage_taken":0,"max_hp_gain":0,"max_hp_loss":0,"event_name":"Accursed Blacksmith","floor":31,"gold_loss":0,"cards_upgraded":["Demon Form"]},{"damage_healed":0,"gold_gain":0,"player_choice":"Memory 3","damage_taken":10,"max_hp_gain":0,"max_hp_loss":0,"event_name":"SensoryStone","floor":37,"gold_loss":0},{"damage_healed":0,"gold_gain":0,"player_choice":"Fight","damage_taken":0,"max_hp_gain":0,"max_hp_loss":0,"event_name":"MindBloom","floor":38,"gold_loss":0},{"damage_healed":0,"gold_gain":0,"player_choice":"Embrace Madness","damage_taken":11,"max_hp_gain":0,"max_hp_loss":0,"event_name":"Winding Halls","floor":39,"gold_loss":0,"cards_obtained":["Madness","Madness"]},{"damage_healed":0,"gold_gain":300,"player_choice":"Gold","damage_taken":0,"max_hp_gain":0,"max_hp_loss":0,"event_name":"Wheel of Change","floor":46,"gold_loss":0}],"is_beta":false,"boss_relics":[{"not_picked":["Philosopher\u0027s Stone","Snecko Eye"],"picked":"Mark of Pain"},{"not_picked":["Cursed Key","Sozu"],"picked":"Calling Bell"}],"items_purged_floors":[],"is_endless":false,"potions_floor_spawned":[1,7,11,13,16,18,21,22,24,27,29,33,35,38,40,42,44,45],"killed_by":"Time Eater","ascension_level":0}}