{"host":"zlmf7uudqr1sj8t0","time":1613633967,"event":{"mods":["BaseMod","Colored Map","DeckTracker","Highlight Path","Minty Spire (QoL Compilation)"],"gold_per_floor":[118,129,140,140,153,180,196,196,273,303,315,328,363,328,328,431,431,442,455,469,469,469,498,246,258,258,268,22,40,66,165,165,261,261,276,276,61,111,123,152,152,152,199,199,224,241,241,260,260,260,260],"floor_reached":50,"language":"ENG","playtime":3821,"items_purged":["Strike_B","Clumsy","Strike_B"],"score":732,"play_id":"1c09c9e0-2367-44fe-a97e-f64461984a42","local_time":"20210217233927","is_ascension_mode":true,"campfire_choices":[{"data":"All For One","floor":8,"key":"SMITH"},{"data":"Gash","floor":15,"key":"SMITH"},{"floor":32,"key":"REST"},{"floor":41,"key":"RECALL"},{"floor":47,"key":"REST"},{"floor":49,"key":"REST"}],"circlet_count":0,"master_deck":["Strike_B","Defend_B","Defend_B","Defend_B","Defend_B","Zap","Dualcast","Ball Lightning","Gash","BootSequence+1","Gash+1","Hologram+1","All For One+1","Seek+1","Gash+1","Reboot+1","Scrape+1","Streamline+1","Beam Cell+1","Skim+1","Violence+1","Madness+1","Pain","Pain","Go for the Eyes+1"],"relics":["Cracked Core","Toxic Egg 2","Molten Egg 2","Lizard Tail","Centennial Puzzle","Cursed Key","Matryoshka","Lee\u0027s Waffle","Toy Ornithopter","Sling","Ancient Tea Set","Philosopher\u0027s Stone","Ice Cream","Strawberry","Smiling Mask","PreservedInsect","Pocketwatch","Bag of Marbles"],"acts_visited":["Exordium","TheCity","TheBeyond"],"potions_floor_usage":[6,50,50,50],"damage_taken":[{"damage":7,"enemies":"2 Louse","floor":1,"turns":2},{"damage":2,"enemies":"Jaw Worm","floor":2,"turns":3},{"damage":1,"enemies":"Cultist","floor":3,"turns":3},{"damage":0,"enemies":"Looter","floor":5,"turns":2},{"damage":18,"enemies":"Gremlin Nob","floor":6,"turns":4},{"damage":0,"enemies":"Large Slime","floor":7,"turns":4},{"damage":15,"enemies":"Lagavulin","floor":10,"turns":5},{"damage":0,"enemies":"Blue Slaver","floor":11,"turns":2},{"damage":0,"enemies":"Looter","floor":12,"turns":2},{"damage":2,"enemies":"3 Sentries","floor":13,"turns":3},{"damage":16,"enemies":"Hexaghost","floor":16,"turns":7},{"damage":7,"enemies":"2 Thieves","floor":18,"turns":2},{"damage":1,"enemies":"Spheric Guardian","floor":19,"turns":3},{"damage":0,"enemies":"Snake Plant","floor":20,"turns":2},{"damage":25,"enemies":"Book of Stabbing","floor":23,"turns":4},{"damage":10,"enemies":"Centurion and Healer","floor":25,"turns":4},{"damage":5,"enemies":"3 Cultists","floor":27,"turns":4},{"damage":8,"enemies":"Snecko","floor":29,"turns":3},{"damage":16,"enemies":"Gremlin Leader","floor":30,"turns":4},{"damage":30,"enemies":"Champ","floor":33,"turns":6},{"damage":1,"enemies":"3 Shapes","floor":35,"turns":3},{"damage":0,"enemies":"Mind Bloom Boss Battle","floor":38,"turns":2},{"damage":0,"enemies":"3 Darklings","floor":39,"turns":3},{"damage":35,"enemies":"Nemesis","floor":40,"turns":3},{"damage":11,"enemies":"Giant Head","floor":45,"turns":4},{"damage":41,"enemies":"Spire Growth","floor":46,"turns":3},{"damage":8,"enemies":"Writhing Mass","floor":48,"turns":3},{"damage":155,"enemies":"Time Eater","floor":50,"turns":8}],"seed_played":"3749539361386697976","potions_obtained":[{"floor":2,"key":"Explosive Potion"},{"floor":5,"key":"LiquidBronze"},{"floor":6,"key":"FairyPotion"},{"floor":12,"key":"DistilledChaos"},{"floor":39,"key":"Fire Potion"},{"floor":48,"key":"Dexterity Potion"}],"is_trial":false,"path_per_floor":["M","M","M","?","M","E","M","R","T","E","M","M","E","?","R","B",null,"M","M","M","?","?","E","$","M","T","M","$","M","E","?","R","B",null,"M","?","$","?","M","E","R","?","T","T","E","M","R","M","R","B"],"character_chosen":"DEFECT","items_purchased":["Lee\u0027s Waffle","Streamline+1","Sling","Madness+1"],"campfire_rested":3,"item_purchase_floors":[24,24,28,37],"current_hp_per_floor":[68,66,65,58,58,40,40,40,40,25,25,25,23,41,41,25,75,68,67,67,53,53,28,87,77,77,72,72,64,48,48,74,44,87,86,76,76,76,76,48,48,48,48,48,37,28,56,48,76,0,0],"gold":260,"neow_bonus":"THREE_CARDS","is_daily":false,"chose_seed":false,"campfire_upgraded":2,"win_rate":0.0,"timestamp":1613633967,"path_taken":["M","M","M","?","M","E","M","R","T","E","M","M","E","?","R","BOSS","M","M","M","?","?","E","$","M","T","?","$","M","E","?","R","BOSS","M","?","$","?","M","E","R","?","T","?","E","M","R","M","R","BOSS"],"items_purchased_type":["Relic","Card","Relic","Card"],"build_version":"2020-12-22","purchased_purges":3,"victory":false,"max_hp_per_floor":[75,75,75,75,75,75,75,75,75,75,75,75,75,75,75,75,75,75,75,75,80,80,80,87,87,87,87,87,87,87,87,87,87,87,87,87,87,87,87,94,94,94,94,94,94,94,94,94,94,94,94],"card_choices":[{"not_picked":["Coolheaded","Cold Snap"],"picked":"Ball Lightning","floor":0},{"not_picked":["Reinforced Body","Conserve Battery"],"picked":"Gash","floor":1},{"not_picked":["Static Discharge","Heatsinks"],"picked":"BootSequence","floor":2},{"not_picked":["Cold Snap","Blizzard","Steam"],"picked":"SKIP","floor":3},{"not_picked":["Undo","Leap"],"picked":"Gash","floor":5},{"not_picked":["Genetic Algorithm+1","Auto Shields+1"],"picked":"Hologram+1","floor":6},{"not_picked":["Stack+1","Glacier+1"],"picked":"All For One","floor":7},{"not_picked":["Compile Driver+1","Beam Cell+1"],"picked":"Seek+1","floor":10},{"not_picked":["Coolheaded+1","Barrage+1","Steam+1"],"picked":"SKIP","floor":11},{"not_picked":["Blizzard+1","Leap+1"],"picked":"Gash+1","floor":12},{"not_picked":["Hello World","Recycle+1","Undo+1"],"picked":"SKIP","floor":13},{"not_picked":["Multi-Cast+1","Creative AI"],"picked":"Reboot+1","floor":16},{"not_picked":["Barrage+1","Rebound+1"],"picked":"Go for the Eyes+1","floor":18},{"not_picked":["Redo+1","Self Repair","Chill+1"],"picked":"SKIP","floor":19},{"not_picked":["Hello World","Cold Snap+1","Turbo+1"],"picked":"SKIP","floor":20},{"not_picked":["Force Field+1","Reprogram+1"],"picked":"Scrape+1","floor":23},{"not_picked":["Barrage+1","Static Discharge"],"picked":"Beam Cell+1","floor":25},{"not_picked":["Coolheaded+1","Beam Cell+1","Static Discharge+1"],"picked":"SKIP","floor":27},{"not_picked":["Ball Lightning+1","Force Field+1"],"picked":"Skim+1","floor":29},{"not_picked":["Turbo+1","White Noise+1","Sweeping Beam+1"],"picked":"SKIP","floor":30},{"not_picked":["Steam Power+1","Conserve Battery+1","Tempest+1"],"picked":"SKIP","floor":35},{"not_picked":["Bandage Up+1","Forethought+1"],"picked":"Violence+1","floor":36},{"not_picked":["Beam Cell+1","Storm+1","Stack+1"],"picked":"SKIP","floor":39},{"not_picked":["Rip and Tear+1","Biased Cognition","Darkness+1"],"picked":"SKIP","floor":40},{"not_picked":["Beam Cell+1","Turbo+1","Leap+1"],"picked":"SKIP","floor":45},{"not_picked":["Redo+1","Sweeping Beam+1","Melter+1"],"picked":"SKIP","floor":46},{"not_picked":["Storm","Compile Driver+1"],"picked":"Go for the Eyes+1","floor":48}],"player_experience":181401,"relics_obtained":[{"floor":6,"key":"Toxic Egg 2"},{"floor":9,"key":"Molten Egg 2"},{"floor":10,"key":"Lizard Tail"},{"floor":13,"key":"Centennial Puzzle"},{"floor":23,"key":"Matryoshka"},{"floor":26,"key":"Toy Ornithopter"},{"floor":30,"key":"Ancient Tea Set"},{"floor":38,"key":"Ice Cream"},{"floor":40,"key":"Strawberry"},{"floor":43,"key":"Smiling Mask"},{"floor":43,"key":"PreservedInsect"},{"floor":44,"key":"Pocketwatch"},{"floor":45,"key":"Bag of Marbles"}],"event_choices":[{"cards_removed":["Strike_B"],"damage_healed":0,"gold_gain":0,"player_choice":"Card Removal","damage_taken":7,"max_hp_gain":0,"max_hp_loss":0,"event_name":"Golden Wing","floor":4,"gold_loss":0},{"damage_healed":18,"gold_gain":0,"player_choice":"Healed","damage_taken":0,"max_hp_gain":0,"max_hp_loss":0,"event_name":"The Cleric","floor":14,"gold_loss":35},{"damage_healed":0,"gold_gain":0,"player_choice":"Shed Blood","damage_taken":19,"max_hp_gain":5,"max_hp_loss":0,"event_name":"Forgotten Altar","floor":21,"gold_loss":0},{"damage_healed":0,"gold_gain":0,"player_choice":"Upgraded","damage_taken":0,"max_hp_gain":0,"max_hp_loss":0,"event_name":"Upgrade Shrine","floor":22,"gold_loss":0,"cards_upgraded":["BootSequence"]},{"damage_healed":0,"gold_gain":99,"player_choice":"Stole From Cult","damage_taken":0,"max_hp_gain":0,"max_hp_loss":0,"event_name":"Nest","floor":31,"gold_loss":0},{"damage_healed":0,"gold_gain":0,"player_choice":"Memory 3","damage_taken":10,"max_hp_gain":0,"max_hp_loss":0,"event_name":"SensoryStone","floor":36,"gold_loss":0},{"damage_healed":0,"gold_gain":0,"player_choice":"Fight","damage_taken":0,"max_hp_gain":0,"max_hp_loss":0,"event_name":"MindBloom","floor":38,"gold_loss":0},{"cards_removed":["Go for the Eyes"],"damage_healed":0,"gold_gain":0,"player_choice":"Removed Attack","damage_taken":0,"max_hp_gain":0,"max_hp_loss":0,"event_name":"Falling","floor":42,"gold_loss":0}],"is_beta":false,"boss_relics":[{"not_picked":["Velvet Choker","Runic Dome"],"picked":"Cursed Key"},{"not_picked":["Coffee Dripper","Astrolabe"],"picked":"Philosopher\u0027s Stone"}],"items_purged_floors":[24,28,37],"is_endless":false,"potions_floor_spawned":[2,5,6,12,19,29,30,39,45,48],"killed_by":"Time Eater","ascension_level":4}}