{"host":"p0hktren06injwdf","time":1613626191,"event":{"mods":["AchievementEnabler","BaseMod","Colored Map","DeckTracker","Minty Spire (QoL Compilation)","Permanent Neow","StSLib","SuperFastMode"],"gold_per_floor":[118,118,132,132,148,181,181,192,237,255,280,292,9,9,9,9,9],"floor_reached":16,"language":"KOR","playtime":348,"items_purged":[],"score":224,"play_id":"2504b695-41b9-494f-91c8-83010982347d","local_time":"20210218142951","is_ascension_mode":true,"campfire_choices":[{"floor":7.0,"key":"REST"},{"data":"Dagger Spray","floor":15.0,"key":"SMITH"}],"circlet_count":0,"master_deck":["AscendersBane","Strike_G","Strike_G","Strike_G","Strike_G","Defend_G","Defend_G","Defend_G","Defend_G","Defend_G","Survivor","Neutralize","Cloak And Dagger","Burst","Deadly Poison","Backstab","Escape Plan","Flying Knee","Dagger Spray+1","Cloak And Dagger"],"relics":["Ring of the Snake","Orichalcum","Pear","Regal Pillow","Akabeko","Meat on the Bone","Golden Idol"],"acts_visited":["Exordium"],"potions_floor_usage":[16,16],"damage_taken":[{"damage":6.0,"enemies":"Small Slimes","floor":1.0,"turns":4.0},{"damage":5.0,"enemies":"Cultist","floor":3.0,"turns":6.0},{"damage":0.0,"enemies":"2 Louse","floor":5.0,"turns":2.0},{"damage":42.0,"enemies":"Lagavulin","floor":6.0,"turns":8.0},{"damage":3.0,"enemies":"Blue Slaver","floor":8.0,"turns":4.0},{"damage":4.0,"enemies":"Exordium Wildlife","floor":10.0,"turns":5.0},{"damage":16.0,"enemies":"3 Sentries","floor":11.0,"turns":13.0},{"damage":0.0,"enemies":"Looter","floor":12.0,"turns":3.0},{"damage":26,"enemies":"Slime Boss","floor":16,"turns":9}],"seed_played":"-1461872065976739013","potions_obtained":[{"floor":1.0,"key":"SpeedPotion"},{"floor":8.0,"key":"Regen Potion"},{"floor":12.0,"key":"Dexterity Potion"}],"is_trial":false,"path_per_floor":["M","?","M","?","M","E","R","M","T","M","E","M","$","?","R","B"],"character_chosen":"THE_SILENT","items_purchased":["Meat on the Bone"],"campfire_rested":1,"item_purchase_floors":[13],"current_hp_per_floor":[53,53,48,48,48,16,38,35,35,31,30,30,30,30,30,4,4],"gold":9,"neow_bonus":"RANDOM_COMMON_RELIC","is_daily":false,"chose_seed":false,"campfire_upgraded":1,"win_rate":0.0,"timestamp":1613626191,"path_taken":["M","?","?","?","M","E","R","M","T","M","E","M","$","?","R","BOSS"],"items_purchased_type":["Relic"],"build_version":"2020-12-22","purchased_purges":0,"victory":false,"max_hp_per_floor":[66,66,66,66,66,76,76,76,76,76,76,76,76,69,69,69,69],"card_choices":[{"not_picked":["Slice","Dodge and Roll"],"picked":"Cloak And Dagger","floor":1.0},{"not_picked":["PiercingWail","Distraction"],"picked":"Deadly Poison","floor":3.0},{"not_picked":["Outmaneuver","Eviscerate","Calculated Gamble"],"picked":"SKIP","floor":5.0},{"not_picked":["Backflip","Quick Slash"],"picked":"Backstab","floor":6.0},{"not_picked":["Quick Slash","Dagger Throw"],"picked":"Escape Plan","floor":8.0},{"not_picked":["Backflip","Choke"],"picked":"Flying Knee","floor":10.0},{"not_picked":["Prepared","Escape Plan"],"picked":"Dagger Spray","floor":11.0},{"not_picked":["Wraith Form v2","Distraction"],"picked":"Cloak And Dagger","floor":12.0}],"player_experience":1077765,"relics_obtained":[{"floor":6.0,"key":"Pear"},{"floor":9.0,"key":"Regal Pillow"},{"floor":11.0,"key":"Akabeko"}],"event_choices":[{"damage_healed":0.0,"max_hp_gain":0.0,"max_hp_loss":0.0,"gold_gain":0.0,"cards_transformed":["Strike_G"],"event_name":"Transmorgrifier","player_choice":"Transformed","floor":2.0,"gold_loss":0.0,"damage_taken":0.0,"cards_obtained":["Burst"]},{"damage_healed":0.0,"max_hp_gain":0.0,"max_hp_loss":0.0,"gold_gain":0.0,"event_name":"Liars Game","player_choice":"Ignored","floor":4.0,"gold_loss":0.0,"damage_taken":0.0},{"damage_healed":0.0,"max_hp_gain":0.0,"max_hp_loss":7.0,"gold_gain":0.0,"event_name":"Golden Idol","player_choice":"Lose Max HP","floor":14.0,"gold_loss":0.0,"damage_taken":0.0,"relics_obtained":["Golden Idol"]}],"is_beta":false,"boss_relics":[],"items_purged_floors":[],"is_endless":false,"potions_floor_spawned":[1,8,12],"killed_by":"Slime Boss","ascension_level":20}}