{"host":"2cc5p8abrq83pe05","time":1613606614,"event":{"mods":["AchievementEnabler","BaseMod","Colored Map","Colored Powertips","DeckTracker","Downfall","Googly Eyes","Minty Spire (QoL Compilation)","Quick Restart","StSLib","everything is the same but u backflip on backflip"],"gold_per_floor":[99,116,135,152,169,169,196,196,212,225,225,236,236,261,278,379,379,379,392,408,408,456,476,501,501,501,527,547,6,32,48,63,168,168,168,178,15,34,52,52,104,121,121,152,152,187,187,93,107,107],"floor_reached":51,"language":"ENG","playtime":3547,"items_purged":["Guardian:Strike_Guardian","Guardian:Planning"],"score":828,"play_id":"c3b47ea9-15d8-4a0f-b8db-1e4a983fa4e2","local_time":"20210217170334","is_ascension_mode":false,"campfire_choices":[{"data":"Guardian:TwinSlam","floor":1.0,"key":"SMITH"},{"data":"Guardian:DecasProtection","floor":8.0,"key":"SMITH"},{"data":"Guardian:PiercingHide","floor":11.0,"key":"SMITH"},{"data":"Guardian:Reroute","floor":13.0,"key":"SMITH"},{"data":"Guardian:TimeSifter","floor":18.0,"key":"SMITH"},{"data":"Guardian:Planning","floor":25.0,"key":"SMITH"},{"data":"Guardian:FastForward","floor":35.0,"key":"SMITH"},{"data":"Guardian:ConstructionForm","floor":43,"key":"SMITH"},{"floor":47,"key":"RECALL"}],"circlet_count":0,"master_deck":["Guardian:CurlUp","Guardian:TwinSlam+1","Guardian:DecasProtection+1","Guardian:BronzeOrb","Guardian:BronzeArmor","Guardian:Reroute+1","Guardian:PiercingHide+1","Guardian:TemporalStrike","Guardian:Reroute","Guardian:TimeSifter+1","Guardian:RollAttack","Guardian:Planning+1","Guardian:FloatingOrbs","Guardian:ConstructionForm+1","expansioncontent:QuickStudy","Guardian:Preprogram+1","Guardian:FastForward+1","Guardian:BronzeOrb","Guardian:FloatingOrbs","Guardian:FastForward","Guardian:TimeBomb","Guardian:DonusPower","Guardian:CrystalBeam","Guardian:Planning+1","Guardian:RollAttack","Guardian:ConstructionForm","Dark Shackles","Guardian:ArmoredProtocol"],"relics":["Guardian:ModeShifter","Vajra","Centennial Puzzle","Philosopher\u0027s Stone","sneckomod:BabySnecko","Oddly Smooth Stone","MealTicket","Orichalcum","Shuriken","Question Card","Pandora\u0027s Box","DollysMirror","Singing Bowl","Gambling Chip","Mummified Hand"],"acts_visited":["Exordium","TheCity","TheBeyond"],"potions_floor_usage":[],"damage_taken":[{"damage":1.0,"enemies":"Cultist","floor":2.0,"turns":4.0},{"damage":1.0,"enemies":"2 Louse","floor":3.0,"turns":2.0},{"damage":5.0,"enemies":"Jaw Worm","floor":4.0,"turns":4.0},{"damage":8.0,"enemies":"Blue Slaver","floor":5.0,"turns":6.0},{"damage":10.0,"enemies":"Exordium Thugs","floor":9.0,"turns":4.0},{"damage":1.0,"enemies":"3 Louse","floor":10.0,"turns":3.0},{"damage":8.0,"enemies":"Lots of Slimes","floor":12.0,"turns":3.0},{"damage":6.0,"enemies":"Gremlin Nob","floor":14.0,"turns":3.0},{"damage":0.0,"enemies":"downfall:LooterAlt","floor":15.0,"turns":3.0},{"damage":13.0,"enemies":"SI_SHIV_ARCHETYPE","floor":16.0,"turns":6.0},{"damage":0.0,"enemies":"Shell Parasite","floor":19.0,"turns":5.0},{"damage":6.0,"enemies":"3 Byrds","floor":20.0,"turns":3.0},{"damage":10.0,"enemies":"Snake Plant","floor":23.0,"turns":3.0},{"damage":29.0,"enemies":"Slavers","floor":27.0,"turns":4.0},{"damage":7.0,"enemies":"Cultist and Chosen","floor":28.0,"turns":4.0},{"damage":0.0,"enemies":"downfall:FleeingMerchant","floor":29.0,"turns":4.0},{"damage":8.0,"enemies":"Book of Stabbing","floor":30.0,"turns":4.0},{"damage":8.0,"enemies":"Shelled Parasite and Fungi","floor":31.0,"turns":3.0},{"damage":3.0,"enemies":"Snecko","floor":32.0,"turns":3.0},{"damage":28.0,"enemies":"DF_ARCHETYPE_CLAW","floor":33.0,"turns":8.0},{"damage":0.0,"enemies":"3 Shapes","floor":36.0,"turns":2.0},{"damage":8.0,"enemies":"downfall:FleeingMerchant","floor":37.0,"turns":4.0},{"damage":0.0,"enemies":"Orb Walker","floor":38.0,"turns":3.0},{"damage":0.0,"enemies":"Sphere and 2 Shapes","floor":39.0,"turns":3.0},{"damage":19.0,"enemies":"3 Darklings","floor":42.0,"turns":3.0},{"damage":24,"enemies":"Nemesis","floor":44,"turns":5},{"damage":6,"enemies":"Giant Head","floor":46,"turns":5},{"damage":0,"enemies":"downfall:FleeingMerchant","floor":48,"turns":4},{"damage":12,"enemies":"Writhing Mass","floor":49,"turns":3},{"damage":0,"enemies":"WA_ARCHETYPE_DIVINITY","floor":50,"turns":7}],"seed_played":"-1646497120712099641","potions_obtained":[{"floor":3.0,"key":"GamblersBrew"},{"floor":10.0,"key":"BlessingOfTheForge"},{"floor":15.0,"key":"Swift Potion"},{"floor":16.0,"key":"SkillPotion"},{"floor":26.0,"key":"Fruit Juice"},{"floor":26.0,"key":"Dexterity Potion"},{"floor":26.0,"key":"hexamod:SoulburnPotion"},{"floor":27.0,"key":"sneckomod:MuddlingPotion"},{"floor":28.0,"key":"Guardian:BlockOnCardUsePotion"},{"floor":32.0,"key":"BlessingOfTheForge"},{"floor":42.0,"key":"Guardian:StasisDiscoveryPotion"}],"is_trial":false,"path_per_floor":["R","M","M","M","M","?","T","R","M","M","R","M","R","E","M","B",null,"R","M","M","?","T","M","T","R","?","E","M","$","E","M","M","B",null,"R","M","$","M","M","?","T","M","R","E","?","E","R","$","M","B",null],"character_chosen":"GUARDIAN","items_purchased":["Shuriken","expansioncontent:QuickStudy","DollysMirror","Mummified Hand","Guardian:ArmoredProtocol"],"campfire_rested":0,"item_purchase_floors":[29,29,37,48,48],"current_hp_per_floor":[88,87,86,81,73,78,78,78,68,67,67,59,59,53,53,40,93,93,93,87,87,87,77,77,77,82,53,46,61,53,45,42,14,98,98,98,90,90,90,90,90,71,71,49,49,45,45,62,52,52],"gold":107,"neow_bonus":"TEN_PERCENT_HP_BONUS","is_daily":false,"chose_seed":false,"campfire_upgraded":8,"win_rate":0.0,"timestamp":1613606614,"path_taken":["R","M","M","M","?","?","T","R","M","M","R","M","R","E","M","BOSS","R","M","M","?","?","M","T","R","?","E","M","$","E","M","M","BOSS","R","M","$","M","M","?","T","M","R","E","?","E","R","$","M","BOSS"],"items_purchased_type":["Relic","Card","Relic","Relic","Card"],"build_version":"2020-12-22","purchased_purges":2,"victory":true,"max_hp_per_floor":[88,88,88,88,88,93,93,93,93,93,93,93,93,93,93,93,93,93,93,93,93,93,93,93,93,98,98,98,98,98,98,98,98,98,98,98,98,98,98,98,98,98,98,100,100,102,102,104,106,106],"card_choices":[{"not_picked":["Guardian:Gem_Green","Guardian:TemporalStrike"],"picked":"Guardian:DecasProtection","floor":2.0},{"not_picked":["Guardian:Suspension","Guardian:Reroute"],"picked":"Guardian:Gem_White","floor":3.0},{"not_picked":["Guardian:Gem_White","Guardian:Gem_Lightblue"],"picked":"Guardian:BronzeOrb","floor":4.0},{"not_picked":["Guardian:TemporalShield","Guardian:Gem_Green"],"picked":"Guardian:BronzeArmor","floor":5.0},{"not_picked":["Guardian:Gem_Cyan","Guardian:DonusPower"],"picked":"Guardian:Reroute","floor":9.0},{"not_picked":["Guardian:RollAttack","Guardian:ShieldSpikes"],"picked":"Guardian:PiercingHide","floor":10.0},{"not_picked":["Guardian:RefractedBeam","Guardian:BodySlam"],"picked":"Guardian:Gem_Crimson","floor":12.0},{"not_picked":["Guardian:RollAttack","Guardian:BodySlam"],"picked":"Guardian:TemporalStrike","floor":14.0},{"not_picked":["Guardian:SentryBeam","Guardian:BronzeArmor"],"picked":"Guardian:Reroute","floor":15.0},{"not_picked":["Guardian:ConstructionForm","Guardian:Gem_Orange"],"picked":"Guardian:TimeSifter","floor":16.0},{"not_picked":["Guardian:GuardianWhirl","Guardian:PiercingHide+1","Guardian:EvasiveProtocol"],"picked":"SKIP","floor":19.0},{"not_picked":["Guardian:Gem_Red","Guardian:MultiBeam"],"picked":"Guardian:RollAttack","floor":20.0},{"not_picked":["Guardian:GuardianWhirl","Guardian:Gem_Red"],"picked":"Guardian:Planning","floor":23.0},{"not_picked":["Guardian:ArmoredProtocol","Guardian:ChargeCore"],"picked":"Guardian:FloatingOrbs","floor":27.0},{"not_picked":["Guardian:TimeCapacitor","Guardian:VentSteam+1"],"picked":"Guardian:Planning","floor":28.0},{"not_picked":["Guardian:Gem_Blue","Guardian:Planning+1"],"picked":"Guardian:ConstructionForm","floor":29.0},{"not_picked":["Guardian:RefractedBeam","Guardian:SentryBeam+1"],"picked":"Guardian:Gem_White","floor":30.0},{"not_picked":["Guardian:PiercingHide","Guardian:Recover","Guardian:ArmoredProtocol"],"picked":"Guardian:Gem_Cyan","floor":31.0},{"not_picked":["Guardian:ShieldCharger+1","Guardian:VentSteam","Guardian:Suspension"],"picked":"Guardian:Preprogram+1","floor":32.0},{"not_picked":["Guardian:BaubleBeam","Guardian:ExploitGems","Guardian:HyperBeam_Guardian"],"picked":"Guardian:Gem_Orange","floor":33.0},{"not_picked":["Guardian:TemporalStrike+1","Guardian:CrystalBeam+1","Guardian:PolyBeam","Guardian:RefractedBeam+1"],"picked":"SKIP","floor":36.0},{"not_picked":["Guardian:VentSteam","Guardian:Clone+1","Guardian:TemporalStrike+1","Guardian:RevengeProtocol"],"picked":"SKIP","floor":37.0},{"not_picked":["Guardian:TemporalStrike","Guardian:TemporalShield","Guardian:PiercingHide"],"picked":"Guardian:RollAttack","floor":38.0},{"not_picked":["Guardian:Gem_Lightblue","Guardian:TemporalShield+1","Guardian:ChargeCore"],"picked":"Guardian:Gem_Green","floor":39.0},{"not_picked":["Guardian:Reroute+1","Guardian:StasisField","Guardian:PrimingBeam+1"],"picked":"Guardian:Gem_Red","floor":42.0},{"not_picked":["Guardian:BodySlam","Guardian:TemporalStrike","Guardian:Gem_Cyan","Guardian:Gem_Red"],"picked":"Singing Bowl","floor":44},{"not_picked":["Guardian:BronzeOrb+1","Guardian:VentSteam","Guardian:MultiBeam","Guardian:Suspension+1"],"picked":"Singing Bowl","floor":46},{"not_picked":["Guardian:TemporalStrike","Guardian:CrystalBeam+1","Guardian:TimeSifter","Guardian:ArmoredProtocol+1"],"picked":"Singing Bowl","floor":48},{"not_picked":["Guardian:TemporalStrike","Guardian:WalkerClaw+1","Guardian:Gem_White","Guardian:ShieldSpikes"],"picked":"Singing Bowl","floor":49}],"player_experience":144535,"relics_obtained":[{"floor":7.0,"key":"Vajra"},{"floor":14.0,"key":"Centennial Puzzle"},{"floor":22.0,"key":"Oddly Smooth Stone"},{"floor":24.0,"key":"MealTicket"},{"floor":27.0,"key":"Orichalcum"},{"floor":30.0,"key":"Question Card"},{"floor":44,"key":"Singing Bowl"},{"floor":46,"key":"Gambling Chip"}],"event_choices":[{"damage_healed":0.0,"max_hp_gain":5.0,"max_hp_loss":0.0,"gold_gain":0.0,"event_name":"Big Fish","player_choice":"Donut","floor":6.0,"gold_loss":0.0,"damage_taken":0.0},{"damage_healed":0.0,"max_hp_gain":0.0,"max_hp_loss":0.0,"gold_gain":0.0,"event_name":"Lab","player_choice":"Got Potions","floor":26.0,"gold_loss":0.0,"damage_taken":0.0}],"is_beta":false,"boss_relics":[{"not_picked":["Astrolabe","Runic Pyramid"],"picked":"Philosopher\u0027s Stone"},{"not_picked":["Busted Crown","Runic Dome"],"picked":"Pandora\u0027s Box"}],"items_purged_floors":[29,48],"is_endless":false,"potions_floor_spawned":[3,10,15,16,19,27,28,30,31,32,42,44,46],"ascension_level":0}}