{"host":"z37g2hkgkh2zjyzk","time":1613691356,"event":{"mods":["2.2 Compatiblity","AchievementEnabler","BaseMod","Bestiary","Colored Map","Colored Powertips","Curses Come First","Keyboard Shortcuts","Minty Spire (QoL Compilation)","Relic Stats","StSLib","SuperFastMode"],"gold_per_floor":[113,113,63,74,86,86,119,119,119,119,194,207,16,28,28,130,130,146,71,71,71,71,71,101,119,119,136,4,32,32,48,48,151,151,170,220,35,47,94,94,112,126,126,156,167,200,210,23,23,23,23,23,11,37,37],"floor_reached":56,"language":"ENG","playtime":6421,"items_purged":["Strike_B"],"score":1269,"play_id":"1c4ce131-1a93-480a-a09a-a38f931b79fd","local_time":"20210219003556","is_ascension_mode":true,"campfire_choices":[{"data":"Sweeping Beam","floor":6,"key":"SMITH"},{"floor":8,"key":"REST"},{"data":"White Noise","floor":15,"key":"SMITH"},{"data":"Leap","floor":23,"key":"SMITH"},{"floor":30,"key":"REST"},{"data":"Amplify","floor":32,"key":"SMITH"},{"floor":40,"key":"RECALL"},{"data":"Barrage","floor":49,"key":"SMITH"},{"data":"Capacitor","floor":52,"key":"SMITH"}],"circlet_count":0,"master_deck":["Strike_B","Defend_B","Defend_B","Defend_B","Zap","Dualcast","Leap+1","Ball Lightning","Sweeping Beam+1","Coolheaded+1","Capacitor+1","White Noise+1","Amplify+1","Melter+1","Leap","Hologram","Streamline","Loop+1","BootSequence","Hello World+1","Reinforced Body","Electrodynamics+1","Force Field","Chill","Undo","Stack+1","Barrage+1","Chill+1","Conserve Battery+1","Defragment+1","Conserve Battery+1","Coolheaded+1"],"relics":["Runic Dome","Juzu Bracelet","Darkstone Periapt","Membership Card","Nuclear Battery","Enchiridion","Frozen Egg 2","MealTicket","Bag of Preparation","Bottled Lightning","PreservedInsect","Matryoshka","Sozu","Torii","Meat on the Bone","Lizard Tail","Happy Flower","Toxic Egg 2","Bag of Marbles","Ice Cream","Bronze Scales"],"acts_visited":["Exordium","TheCity","TheBeyond","TheEnding"],"potions_floor_usage":[16,16,24,33,33,50],"damage_taken":[{"damage":3,"enemies":"2 Louse","floor":1,"turns":3},{"damage":1,"enemies":"Small Slimes","floor":4,"turns":4},{"damage":6,"enemies":"Jaw Worm","floor":5,"turns":2},{"damage":23,"enemies":"Lagavulin","floor":7,"turns":6},{"damage":2,"enemies":"Red Slaver","floor":12,"turns":3},{"damage":3,"enemies":"Looter","floor":14,"turns":3},{"damage":23,"enemies":"The Guardian","floor":16,"turns":10},{"damage":10,"enemies":"2 Thieves","floor":18,"turns":4},{"damage":20,"enemies":"Gremlin Leader","floor":24,"turns":5},{"damage":6,"enemies":"3 Byrds","floor":25,"turns":4},{"damage":2,"enemies":"Snake Plant","floor":27,"turns":3},{"damage":5,"enemies":"Slavers","floor":29,"turns":3},{"damage":6,"enemies":"Centurion and Healer","floor":31,"turns":5},{"damage":0,"enemies":"Collector","floor":33,"turns":10},{"damage":0,"enemies":"3 Shapes","floor":35,"turns":3},{"damage":28,"enemies":"Mind Bloom Boss Battle","floor":36,"turns":5},{"damage":1,"enemies":"Orb Walker","floor":38,"turns":4},{"damage":0,"enemies":"2 Orb Walkers","floor":39,"turns":5},{"damage":0,"enemies":"3 Darklings","floor":41,"turns":2},{"damage":0,"enemies":"Transient","floor":42,"turns":5},{"damage":3,"enemies":"Giant Head","floor":44,"turns":8},{"damage":0,"enemies":"4 Shapes","floor":45,"turns":2},{"damage":31,"enemies":"Nemesis","floor":46,"turns":8},{"damage":0,"enemies":"Spire Growth","floor":47,"turns":3},{"damage":38,"enemies":"Time Eater","floor":50,"turns":9},{"damage":19,"enemies":"Shield and Spear","floor":54,"turns":6},{"damage":82,"enemies":"The Heart","floor":55,"turns":8}],"seed_played":"1398539031048095714","potions_obtained":[{"floor":4,"key":"ColorlessPotion"},{"floor":5,"key":"Energy Potion"},{"floor":12,"key":"PowerPotion"},{"floor":16,"key":"Strength Potion"},{"floor":18,"key":"EssenceOfSteel"},{"floor":31,"key":"BlessingOfTheForge"},{"floor":33,"key":"BlessingOfTheForge"}],"is_trial":false,"path_per_floor":["M","?","?","M","M","R","E","R","T","?","?","M","$","M","R","B",null,"M","?","?","T","?","R","E","M","T","M","$","E","R","M","R","B",null,"M","?","$","M","?","R","M","M","T","E","M","E","M","$","R","B",null,"R","$","E","B",null],"character_chosen":"DEFECT","items_purchased":["Membership Card","PotionOfCapacity","Loop+1","PreservedInsect","BootSequence","Chill","Meat on the Bone","Defragment+1","Ice Cream","Conserve Battery+1"],"campfire_rested":2,"item_purchase_floors":[13,13,28,28,28,37,37,48,48,53],"current_hp_per_floor":[72,65,65,64,58,58,35,57,57,57,46,44,44,41,41,18,75,65,65,49,49,49,49,29,23,23,21,36,31,53,47,47,47,75,75,47,62,61,61,61,61,61,61,58,58,39,39,54,54,28,75,75,75,56,36],"gold":37,"neow_bonus":"BOSS_RELIC","is_daily":false,"chose_seed":false,"campfire_upgraded":6,"win_rate":0.0,"timestamp":1613691356,"path_taken":["M","?","?","M","M","R","E","R","T","?","?","M","$","M","R","BOSS","M","?","?","?","?","R","E","M","T","M","?","E","R","M","R","BOSS","M","?","$","M","?","R","M","M","T","E","M","E","M","$","R","BOSS","R","$","E","BOSS"],"items_purchased_type":["Relic","Potion","Card","Relic","Card","Card","Relic","Card","Relic","Card"],"build_version":"2020-12-22","purchased_purges":1,"victory":true,"max_hp_per_floor":[75,75,75,75,75,75,75,75,75,75,75,75,75,75,75,75,75,75,75,75,75,75,75,75,75,75,75,75,75,75,75,75,75,75,75,75,75,75,75,75,75,75,75,75,75,75,75,75,75,75,75,75,75,75,75],"relic_stats":{"Darkstone Periapt":0,"Torii":51,"Happy Flower":[14],"counters":[27,132],"PreservedInsect":279,"Juzu Bracelet":1,"Bag of Preparation":[36],"Sozu":6,"Lizard Tail":37,"Bronze Scales":[78],"MealTicket":45,"obtain_stats":[{"Darkstone Periapt":9,"Ice Cream":48,"Torii":36,"Happy Flower":43,"Enchiridion":20,"PreservedInsect":28,"Juzu Bracelet":7,"Bag of Preparation":24,"Frozen Egg 2":21,"Nuclear Battery":17,"Sozu":34,"Runic Dome":0,"Lizard Tail":39,"Matryoshka":29,"Bronze Scales":54,"MealTicket":22,"Bag of Marbles":46,"Membership Card":13,"Bottled Lightning":26,"Toxic Egg 2":44,"Cracked Core":0,"Meat on the Bone":37},{"Darkstone Periapt":4,"Ice Cream":24,"Torii":16,"Happy Flower":20,"Enchiridion":8,"PreservedInsect":11,"Juzu Bracelet":4,"Bag of Preparation":9,"Frozen Egg 2":8,"Nuclear Battery":7,"Sozu":14,"Runic Dome":0,"Lizard Tail":18,"Matryoshka":12,"Bronze Scales":26,"MealTicket":8,"Bag of Marbles":23,"Membership Card":5,"Bottled Lightning":10,"Toxic Egg 2":21,"Cracked Core":0,"Meat on the Bone":16},{"Darkstone Periapt":15,"Ice Cream":110,"Torii":73,"Happy Flower":89,"Enchiridion":35,"PreservedInsect":47,"Juzu Bracelet":15,"Bag of Preparation":40,"Frozen Egg 2":35,"Nuclear Battery":31,"Sozu":65,"Runic Dome":0,"Lizard Tail":82,"Matryoshka":50,"Bronze Scales":125,"MealTicket":35,"Bag of Marbles":107,"Membership Card":18,"Bottled Lightning":44,"Toxic Egg 2":97,"Cracked Core":0,"Meat on the Bone":73}],"Meat on the Bone":36},"card_choices":[{"not_picked":["Redo","Beam Cell"],"picked":"Leap","floor":1},{"not_picked":["Reprogram","Barrage"],"picked":"Ball Lightning","floor":4},{"not_picked":["Turbo","Stack"],"picked":"Sweeping Beam","floor":5},{"not_picked":["Gash","Redo"],"picked":"Coolheaded","floor":7},{"not_picked":["Gash","Chaos"],"picked":"Capacitor","floor":12},{"not_picked":["Multi-Cast","FTL"],"picked":"White Noise","floor":14},{"not_picked":["Seek","Rainbow"],"picked":"Amplify","floor":16},{"not_picked":["Redo","Stack+1"],"picked":"Melter+1","floor":18},{"not_picked":["Rebound","Gash"],"picked":"Leap","floor":24},{"not_picked":["Steam","Go for the Eyes"],"picked":"Hologram","floor":25},{"not_picked":["Stack","Steam"],"picked":"Streamline","floor":27},{"not_picked":["Leap","Reinforced Body"],"picked":"Hello World+1","floor":29},{"not_picked":["Cold Snap+1","Beam Cell"],"picked":"Reinforced Body","floor":31},{"not_picked":["Rainbow","Thunder Strike"],"picked":"Electrodynamics+1","floor":33},{"not_picked":["Rebound+1","Hologram+1","Sweeping Beam+1"],"picked":"SKIP","floor":35},{"not_picked":["Sweeping Beam","Conserve Battery+1"],"picked":"Force Field","floor":36},{"not_picked":["BootSequence+1","Steam+1"],"picked":"Undo","floor":38},{"not_picked":["Leap","Static Discharge+1"],"picked":"Stack+1","floor":39},{"not_picked":["Darkness","Cold Snap"],"picked":"Barrage","floor":41},{"not_picked":["Stack","Sunder+1","Turbo+1"],"picked":"SKIP","floor":42},{"not_picked":["Stack+1","Steam+1"],"picked":"Chill+1","floor":44},{"not_picked":["Go for the Eyes+1","Rainbow+1"],"picked":"Conserve Battery+1","floor":45},{"not_picked":["Ball Lightning+1","Turbo+1","Double Energy+1"],"picked":"SKIP","floor":46},{"not_picked":["Ball Lightning+1","Darkness+1","Doom and Gloom"],"picked":"SKIP","floor":47},{"not_picked":["Chaos+1","Steam Power+1"],"picked":"Coolheaded+1","floor":54}],"player_experience":104695,"relics_obtained":[{"floor":7,"key":"Juzu Bracelet"},{"floor":9,"key":"Darkstone Periapt"},{"floor":20,"key":"Enchiridion"},{"floor":21,"key":"Frozen Egg 2"},{"floor":24,"key":"Bag of Preparation"},{"floor":26,"key":"Bottled Lightning"},{"floor":29,"key":"Matryoshka"},{"floor":36,"key":"Torii"},{"floor":39,"key":"Lizard Tail"},{"floor":43,"key":"Happy Flower"},{"floor":44,"key":"Toxic Egg 2"},{"floor":46,"key":"Bag of Marbles"},{"floor":54,"key":"Bronze Scales"}],"event_choices":[{"cards_removed":["Strike_B"],"damage_healed":0,"gold_gain":0,"player_choice":"Card Removal","damage_taken":7,"max_hp_gain":0,"max_hp_loss":0,"event_name":"Golden Wing","floor":2,"gold_loss":0},{"cards_removed":["Defend_B"],"damage_healed":0,"gold_gain":0,"player_choice":"Card Removal","damage_taken":0,"max_hp_gain":0,"max_hp_loss":0,"event_name":"The Cleric","floor":3,"gold_loss":50},{"damage_healed":0,"gold_gain":0,"player_choice":"Grow","damage_taken":0,"max_hp_gain":0,"max_hp_loss":0,"event_name":"Living Wall","floor":10,"gold_loss":0,"cards_upgraded":["Coolheaded"]},{"damage_healed":0,"gold_gain":75,"player_choice":"Gather Gold","damage_taken":11,"max_hp_gain":0,"max_hp_loss":0,"event_name":"World of Goop","floor":11,"gold_loss":0},{"cards_removed":["Strike_B"],"damage_healed":0,"gold_gain":0,"player_choice":"Gave Gold","damage_taken":0,"max_hp_gain":0,"max_hp_loss":0,"event_name":"Beggar","floor":19,"gold_loss":75},{"damage_healed":0,"gold_gain":0,"player_choice":"Obtained Book","damage_taken":16,"max_hp_gain":0,"max_hp_loss":0,"event_name":"Cursed Tome","floor":20,"gold_loss":0},{"damage_healed":0,"gold_gain":0,"player_choice":"Gave Potion","damage_taken":0,"relics_obtained":["MealTicket"],"max_hp_gain":0,"max_hp_loss":0,"event_name":"WeMeetAgain","floor":22,"gold_loss":0},{"damage_healed":0,"gold_gain":0,"player_choice":"Fight","damage_taken":0,"max_hp_gain":0,"max_hp_loss":0,"event_name":"MindBloom","floor":36,"gold_loss":0},{"damage_healed":0,"gold_gain":0,"player_choice":"Fight","damage_taken":0,"max_hp_gain":0,"max_hp_loss":0,"event_name":"Mysterious Sphere","floor":39,"gold_loss":0}],"is_beta":false,"boss_relics":[{"not_picked":["Cursed Key","Pandora\u0027s Box"],"picked":"Nuclear Battery"},{"not_picked":["Busted Crown","Empty Cage"],"picked":"Sozu"}],"items_purged_floors":[37],"is_endless":false,"potions_floor_spawned":[4,5,12,16,18,31,33,36,41,42,44,45,54],"ascension_level":1}}