{"host":"y64g3erquapiaw2n","time":1613624243,"event":{"mods":["BaseMod","Colored Map","Colored Powertips","Downfall","Googly Eyes","Minty Spire (QoL Compilation)","Quick Restart","Rare Cards Sparkle","StSLib"],"gold_per_floor":[99,117,117,75,95,95,167,197,197,0,0,11,40,115,128,224,224,224,238,258,258,258,258,258,90,90,121,121,121,121,121,134,134,134,134],"floor_reached":33,"language":"ENG","playtime":3875,"items_purged":[],"score":294,"play_id":"8bdd26c2-16f3-49bd-9482-71c1eecbd4a2","local_time":"20210217235723","is_ascension_mode":false,"campfire_choices":[{"data":"Slimebound:Split","floor":1,"key":"SMITH"},{"floor":6,"key":"REST"},{"data":"Slimebound:HauntingLick","floor":11,"key":"SMITH"},{"data":"Slimebound:Replication","floor":18,"key":"SMITH"},{"data":"Slimebound:MassFeed","floor":26,"key":"SMITH"},{"floor":28,"key":"REST"},{"floor":30,"key":"REST"}],"circlet_count":0,"master_deck":["Slimebound:Tackle","Slimebound:Defend_Slimebound","Slimebound:Defend_Slimebound","Slimebound:Defend_Slimebound","Slimebound:Defend_Slimebound","Slimebound:Split+1","Slimebound:CorrosiveSpit+1","Slimebound:RollThrough","Slimebound:GoopSpray","Slimebound:RollThrough","Slimebound:GoopSpray","Slimebound:AcidTongue","Slimebound:HauntingLick+1","Slimebound:Prepare","Slimebound:LivingWall+1","Slimebound:Replication+1","Slimebound:MassRepurpose+1","Slimebound:OozeBath","CurseOfTheBell","Slimebound:Schlurp+1","Slimebound:DisruptingSlam","Slimebound:MassFeed+1","Bite","Bite","Bite","Bite","Bite","Slimebound:SamplingLick+1","Slimebound:Tackle+1","Slimebound:Tackle+1","Slimebound:Tackle+1","Slimebound:Schlurp"],"relics":["Slimebound:AbsorbEndCombat","HornCleat","Blue Candle","HandDrill","Orichalcum","Calling Bell","Anchor","Ornamental Fan","WingedGreaves","Sundial","War Paint","Regal Pillow"],"acts_visited":["Exordium","TheCity"],"potions_floor_usage":[16,33,33],"damage_taken":[{"damage":6,"enemies":"2 Louse","floor":2,"turns":2},{"damage":5,"enemies":"downfall:FleeingMerchant","floor":4,"turns":4},{"damage":6,"enemies":"Cultist","floor":5,"turns":3},{"damage":1,"enemies":"3 Sentries","floor":8,"turns":5},{"damage":1,"enemies":"downfall:FleeingMerchant","floor":10,"turns":4},{"damage":0,"enemies":"Small Slimes","floor":12,"turns":2},{"damage":4,"enemies":"Lagavulin","floor":13,"turns":6},{"damage":0,"enemies":"3 Louse","floor":15,"turns":2},{"damage":31,"enemies":"WA_ARCHETYPE_RETAIN","floor":16,"turns":10},{"damage":21,"enemies":"Spheric Guardian","floor":19,"turns":6},{"damage":0,"enemies":"downfall:LooterAlt2","floor":20,"turns":4},{"damage":0,"enemies":"downfall:FleeingMerchant","floor":25,"turns":4},{"damage":72,"enemies":"Book of Stabbing","floor":27,"turns":8},{"damage":34,"enemies":"Snecko","floor":32,"turns":8},{"damage":70,"enemies":"SI_MIRROR_ARCHETYPE","floor":33,"turns":8}],"seed_played":"-7977717534696734865","potions_obtained":[{"floor":5,"key":"GamblersBrew"},{"floor":8,"key":"DuplicationPotion"},{"floor":12,"key":"Swift Potion"},{"floor":20,"key":"Explosive Potion"},{"floor":27,"key":"DuplicationPotion"}],"is_trial":false,"path_per_floor":["R","M","?","$","M","R","T","E","?","$","R","M","E","?","M","B",null,"R","M","M","?","?","?","T","$","R","E","R","?","R","?","M","B"],"character_chosen":"SLIMEBOUND","items_purchased":["Slimebound:RollThrough","HandDrill","Slimebound:Prepare","War Paint"],"campfire_rested":3,"item_purchase_floors":[4,10,10,25],"current_hp_per_floor":[71,65,65,62,60,71,71,71,66,71,71,71,71,71,71,46,71,71,54,64,64,64,64,64,71,71,9,45,45,71,71,45,0,0,0],"gold":134,"neow_bonus":"TEN_PERCENT_HP_BONUS","is_daily":false,"chose_seed":false,"campfire_upgraded":4,"win_rate":0.0,"timestamp":1613624243,"path_taken":["R","M","?","?","M","R","T","E","?","$","R","M","E","?","M","BOSS","R","M","M","?","?","?","T","$","R","E","R","?","R","?","M","BOSS"],"items_purchased_type":["Card","Relic","Card","Relic"],"build_version":"2020-12-22","purchased_purges":0,"victory":false,"max_hp_per_floor":[71,71,71,71,71,71,71,71,71,71,71,71,71,71,71,71,71,71,71,71,71,71,71,71,71,71,71,71,71,71,71,71,71,71,71],"card_choices":[{"not_picked":["Slimebound:ComboTackle","Slimebound:SplitAcid"],"picked":"Slimebound:RollThrough","floor":2},{"not_picked":["Slimebound:Equalize","Slimebound:Nibble"],"picked":"Slimebound:GoopSpray","floor":4},{"not_picked":["Slimebound:FlameTackle","Slimebound:SlimeBrawl"],"picked":"Slimebound:GoopSpray","floor":5},{"not_picked":["Slimebound:WasteNot","Slimebound:Equalize"],"picked":"Slimebound:AcidTongue","floor":8},{"not_picked":["Slimebound:LivingWall","Slimebound:LeadByExample"],"picked":"Slimebound:HauntingLick","floor":10},{"not_picked":["Slimebound:RollThrough","Slimebound:GrowthPunch"],"picked":"Slimebound:LivingWall","floor":12},{"not_picked":["Slimebound:SlimeSpikes","Slimebound:LeechEnergy"],"picked":"Slimebound:Replication","floor":13},{"not_picked":["Slimebound:Prepare","Slimebound:ViciousTackle"],"picked":"Slimebound:MassRepurpose","floor":15},{"not_picked":["Slimebound:SlimeSlap","Slimebound:Teamwork"],"picked":"Slimebound:OozeBath","floor":16},{"not_picked":["Slimebound:ViciousTackle","Slimebound:SlimeSpikes+1"],"picked":"Slimebound:Schlurp+1","floor":19},{"not_picked":["Slimebound:ForwardTackle","Slimebound:Prepare"],"picked":"Slimebound:DisruptingSlam","floor":20},{"not_picked":["Slimebound:Dissolve+1","Slimebound:SplitAcid"],"picked":"Slimebound:SamplingLick+1","floor":25},{"not_picked":["Slimebound:Gluttony","Slimebound:ProtectTheBoss","Slimebound:SplitMire"],"picked":"SKIP","floor":27},{"not_picked":["Slimebound:FlameTackle","Slimebound:RollThrough"],"picked":"Slimebound:Schlurp","floor":32}],"player_experience":57801,"relics_obtained":[{"floor":7,"key":"HornCleat"},{"floor":8,"key":"Blood Vial"},{"floor":13,"key":"Orichalcum"},{"floor":17,"key":"Anchor"},{"floor":17,"key":"Ornamental Fan"},{"floor":17,"key":"WingedGreaves"},{"floor":24,"key":"Sundial"},{"floor":27,"key":"Regal Pillow"}],"event_choices":[{"damage_healed":0,"gold_gain":0,"player_choice":"Forge","damage_taken":0,"max_hp_gain":0,"max_hp_loss":0,"event_name":"Accursed Blacksmith","floor":3,"gold_loss":0,"cards_upgraded":["Slimebound:CorrosiveSpit"]},{"damage_healed":0,"gold_gain":0,"player_choice":"Read","damage_taken":0,"max_hp_gain":0,"max_hp_loss":0,"event_name":"The Library","floor":21,"gold_loss":0,"cards_obtained":["Slimebound:MassFeed"]},{"damage_healed":0,"gold_gain":0,"player_choice":"Became a vampire (Vial)","damage_taken":0,"max_hp_gain":0,"max_hp_loss":0,"event_name":"Vampires","floor":22,"relics_lost":["Blood Vial"],"gold_loss":0,"cards_obtained":["Bite","Bite","Bite","Bite","Bite"]},{"damage_healed":0,"gold_gain":0,"player_choice":"Ignored","damage_taken":0,"max_hp_gain":0,"max_hp_loss":0,"event_name":"Ghosts","floor":29,"gold_loss":0}],"is_beta":false,"boss_relics":[{"not_picked":["Coffee Dripper","Cursed Key"],"picked":"Calling Bell"}],"items_purged_floors":[],"is_endless":false,"potions_floor_spawned":[5,8,12,20,27,32],"killed_by":"SI_MIRROR_ARCHETYPE","ascension_level":0}}