{"host":"dw8ij7emqco3quom","time":1613689852,"event":{"mods":["BaseMod","Minty Spire (QoL Compilation)"],"gold_per_floor":[109,109,122,46,65,65,93,93,168,179,179,212,212,162,162,259,259,271,291,291,390,404,404,404],"floor_reached":23,"language":"FRA","playtime":1641,"items_purged":[],"score":324,"play_id":"e2abfe78-f338-4bc6-b701-4efbbbd1e549","local_time":"20210219001052","is_ascension_mode":true,"campfire_choices":[{"floor":6.0,"key":"REST"},{"floor":8.0,"key":"RECALL"},{"floor":13.0,"key":"REST"},{"data":"Doppelganger","floor":15.0,"key":"SMITH"}],"circlet_count":0,"master_deck":["Strike_G","Strike_G","Defend_G","Survivor","Neutralize","Skewer+1","Crippling Poison+1","Well Laid Plans+1","Poisoned Stab","Dash","Backflip","Dagger Spray","Doppelganger+1","Corpse Explosion","Venomology","Flying Knee","Noxious Fumes","Skewer"],"relics":["Astrolabe","Boot","Orichalcum","Pantograph","Juzu Bracelet","Black Star"],"acts_visited":["Exordium","TheCity"],"potions_floor_usage":[18,19,22,22,23,23,23],"damage_taken":[{"damage":2.0,"enemies":"Small Slimes","floor":1.0,"turns":2.0},{"damage":0.0,"enemies":"2 Louse","floor":3.0,"turns":3.0},{"damage":0.0,"enemies":"Cultist","floor":5.0,"turns":3.0},{"damage":7.0,"enemies":"Lagavulin","floor":7.0,"turns":6.0},{"damage":2.0,"enemies":"Looter","floor":10.0,"turns":2.0},{"damage":11.0,"enemies":"Gremlin Nob","floor":12.0,"turns":4.0},{"damage":0.0,"enemies":"Slime Boss","floor":16.0,"turns":7.0},{"damage":8,"enemies":"2 Thieves","floor":18,"turns":4},{"damage":27,"enemies":"Shell Parasite","floor":19,"turns":5},{"damage":5,"enemies":"Cultist and Chosen","floor":22,"turns":5},{"damage":35,"enemies":"Gremlin Leader","floor":23,"turns":7}],"seed_played":"-535010640767361284","potions_obtained":[{"floor":1.0,"key":"PowerPotion"},{"floor":7.0,"key":"Swift Potion"},{"floor":12.0,"key":"Dexterity Potion"},{"floor":16.0,"key":"DuplicationPotion"}],"is_trial":false,"path_per_floor":["M","?","M","$","M","R","E","R","T","M","?","E","R","?","R","B",null,"M","M","?","?","M","E"],"character_chosen":"THE_SILENT","items_purchased":["Dash"],"campfire_rested":2,"item_purchase_floors":[4],"current_hp_per_floor":[61,49,49,49,49,70,63,63,63,61,61,50,70,70,70,70,70,62,35,35,35,30,0,0],"gold":404,"neow_bonus":"BOSS_RELIC","is_daily":false,"chose_seed":false,"campfire_upgraded":1,"win_rate":0.0,"timestamp":1613689852,"path_taken":["M","?","M","$","M","R","E","R","T","M","?","E","R","?","R","BOSS","M","M","?","?","M","E"],"items_purchased_type":["Card"],"build_version":"2020-12-22","purchased_purges":0,"victory":false,"max_hp_per_floor":[70,70,70,70,70,70,70,70,70,70,70,70,70,70,70,70,70,70,70,70,70,70,70,70],"card_choices":[{"not_picked":["Concentrate","Blade Dance"],"picked":"Poisoned Stab","floor":1.0},{"not_picked":["Riddle With Holes","Blade Dance","Distraction"],"picked":"SKIP","floor":3.0},{"not_picked":["Skewer","Calculated Gamble"],"picked":"Backflip","floor":5.0},{"not_picked":["Underhanded Strike","Blade Dance","Acrobatics"],"picked":"SKIP","floor":7.0},{"not_picked":["Blade Dance","Cloak And Dagger"],"picked":"Dagger Spray","floor":10.0},{"not_picked":["Acrobatics","Prepared"],"picked":"Corpse Explosion","floor":12.0},{"not_picked":["A Thousand Cuts","Storm of Steel"],"picked":"Venomology","floor":16.0},{"not_picked":["Bouncing Flask","Accuracy"],"picked":"Flying Knee","floor":18},{"not_picked":["Tactician","Underhanded Strike","Dodge and Roll"],"picked":"SKIP","floor":19},{"not_picked":["Flying Knee","Finisher+1","Accuracy"],"picked":"SKIP","floor":22}],"player_experience":742326,"relics_obtained":[{"floor":7.0,"key":"Orichalcum"},{"floor":9.0,"key":"Pantograph"},{"floor":12.0,"key":"Juzu Bracelet"}],"event_choices":[{"damage_healed":0.0,"max_hp_gain":0.0,"max_hp_loss":0.0,"gold_gain":0.0,"event_name":"Scrap Ooze","player_choice":"Success","floor":2.0,"gold_loss":0.0,"damage_taken":12.0,"relics_obtained":["Boot"]},{"damage_healed":0.0,"max_hp_gain":0.0,"max_hp_loss":0.0,"gold_gain":0.0,"cards_transformed":["Strike_G"],"event_name":"Transmorgrifier","player_choice":"Transformed","floor":11.0,"gold_loss":0.0,"damage_taken":0.0,"cards_obtained":["Doppelganger"]},{"cards_removed":["Defend_G"],"damage_healed":0.0,"max_hp_gain":0.0,"max_hp_loss":0.0,"gold_gain":0.0,"event_name":"The Cleric","player_choice":"Card Removal","floor":14.0,"gold_loss":50.0,"damage_taken":0.0},{"damage_healed":0,"gold_gain":0,"cards_transformed":["Strike_G","Defend_G"],"player_choice":"Became Test Subject","damage_taken":0,"max_hp_gain":0,"max_hp_loss":0,"event_name":"Drug Dealer","floor":20,"gold_loss":0,"cards_obtained":["Noxious Fumes","Skewer"]},{"damage_healed":0,"gold_gain":99,"player_choice":"Stole From Cult","damage_taken":0,"max_hp_gain":0,"max_hp_loss":0,"event_name":"Nest","floor":21,"gold_loss":0}],"is_beta":false,"boss_relics":[{"not_picked":["Pandora\u0027s Box","Runic Pyramid"],"picked":"Black Star"}],"items_purged_floors":[],"is_endless":false,"potions_floor_spawned":[1,7,12,16],"killed_by":"Gremlin Leader","ascension_level":6}}