{"host":"0luxfixkkfk9wck3","time":1613684649,"event":{"mods":["BaseMod","DeckTracker","Downfall","Highlight Path","Minty Spire (QoL Compilation)","StSLib"],"gold_per_floor":[99,110,110,110,58,58,58,58,77,77,90,90,90,105,121,195,195,195,205,305,322,322,322,374,409,409,419,419,433,433,433,447,447,447,447],"floor_reached":33,"language":"ENG","playtime":4600,"items_purged":[],"score":434,"play_id":"d952438c-a34a-4183-9681-6cb2d4df0f46","local_time":"20210218154409","is_ascension_mode":true,"campfire_choices":[{"data":"Apotheosis","floor":1,"key":"SMITH"},{"floor":23,"key":"REST"},{"floor":28,"key":"REST"},{"floor":30,"key":"REST"}],"circlet_count":0,"master_deck":["AscendersBane","sneckomod:Strike","sneckomod:Strike","sneckomod:Strike","sneckomod:Defend","sneckomod:Defend","sneckomod:Defend","sneckomod:TailWhip","sneckomod:SnekBite","Apotheosis+1","sneckomod:DiceBlock","sneckomod:UnendingSupply","Glacier","sneckomod:Rotation","sneckomod:UnknownColorless","sneckomod:Nope","hexamod:TimeOfNeed","sneckomod:Restock","sneckomod:SerpentMind","hexamod:RainOfEmbers","sneckomod:UnknownBlock","sneckomod:UnknownCommonAttack","sneckomod:DangerNoodle","bronze:SpaghettiCode","sneckomod:UnknownUncommonAttack+1","sneckomod:SlitherStrike"],"relics":["sneckomod:SneckoSoul","Blue Candle","FaceOfCleric","SlaversCollar","Incense Burner","downfall:RedIOU","Bag of Preparation","Omamori"],"acts_visited":["Exordium","TheCity"],"potions_floor_usage":[11,16,33],"damage_taken":[{"damage":5,"enemies":"Jaw Worm","floor":2,"turns":3},{"damage":4,"enemies":"downfall:FleeingMerchant","floor":5,"turns":4},{"damage":0,"enemies":"2 Louse","floor":9,"turns":3},{"damage":0,"enemies":"Cultist","floor":10,"turns":1},{"damage":15,"enemies":"Gremlin Gang","floor":11,"turns":5},{"damage":0,"enemies":"Blue Slaver","floor":14,"turns":4},{"damage":8,"enemies":"downfall:LooterAlt","floor":15,"turns":3},{"damage":18,"enemies":"WA_ARCHETYPE_RETAIN","floor":16,"turns":9},{"damage":8,"enemies":"Chosen","floor":19,"turns":6},{"damage":11,"enemies":"DF_ARCHETYPE_STREAMLINE","floor":20,"turns":7},{"damage":16,"enemies":"Spheric Guardian","floor":21,"turns":6},{"damage":26,"enemies":"Gremlin Leader","floor":25,"turns":6},{"damage":44,"enemies":"3 Cultists","floor":27,"turns":8},{"damage":21,"enemies":"Snecko","floor":29,"turns":5},{"damage":30,"enemies":"Snake Plant","floor":32,"turns":5},{"damage":12,"enemies":"IC_MUSHROOM_ARCHETYPE","floor":33,"turns":1}],"seed_played":"-388124603984801165","potions_obtained":[{"floor":2,"key":"AttackPotion"},{"floor":11,"key":"ColorlessPotion"},{"floor":12,"key":"Regen Potion"},{"floor":12,"key":"bronze:BurnAndBuffPotion"},{"floor":20,"key":"Dexterity Potion"}],"is_trial":false,"path_per_floor":["R","M","?","?","$","R","T","?","M","M","M","?","R","M","M","B",null,"R","M","?","M","?","R","T","E","R","M","R","M","R","?","M","B"],"character_chosen":"THE_SNECKO","items_purchased":["sneckomod:UnendingSupply"],"campfire_rested":3,"item_purchase_floors":[5],"current_hp_per_floor":[75,70,70,70,66,66,66,66,67,68,54,54,54,55,48,46,78,78,71,61,46,46,73,73,48,48,5,33,13,41,41,12,0,0,0],"gold":447,"neow_bonus":"RANDOM_COLORLESS_2","is_daily":false,"chose_seed":false,"campfire_upgraded":1,"win_rate":0.0,"timestamp":1613684649,"path_taken":["R","M","?","?","$","R","T","?","?","M","?","?","R","?","M","BOSS","R","M","?","M","?","R","T","E","R","M","R","M","R","?","M","BOSS"],"items_purchased_type":["Card"],"build_version":"2020-12-22","purchased_purges":0,"victory":false,"max_hp_per_floor":[83,83,83,83,83,83,83,83,84,85,86,86,86,87,88,89,89,89,90,91,92,92,92,92,93,93,94,94,95,95,95,96,96,96,96],"card_choices":[{"not_picked":["Mayhem","Sadistic Nature"],"picked":"Apotheosis","floor":0},{"not_picked":["sneckomod:UnknownBlock","sneckomod:UnknownStrike"],"picked":"sneckomod:UnknownVulnerable","floor":2},{"not_picked":["sneckomod:DiceCrush","sneckomod:RainOfDice"],"picked":"sneckomod:DiceBlock","floor":5},{"not_picked":["sneckomod:SoulCleanse","sneckomod:DiceCrush"],"picked":"sneckomod:Rotation","floor":9},{"not_picked":["sneckomod:IronFang","sneckomod:UnknownCommonSkill"],"picked":"sneckomod:UnknownColorless","floor":10},{"not_picked":["sneckomod:QuickBite","sneckomod:UnknownDraw"],"picked":"sneckomod:Nope","floor":11},{"not_picked":["sneckomod:DiceCrush","sneckomod:SoulDraw","sneckomod:UnknownCommonAttack"],"picked":"SKIP","floor":14},{"not_picked":["sneckomod:CheapStock","sneckomod:RainOfDice"],"picked":"sneckomod:Restock","floor":15},{"not_picked":["sneckomod:UnknownRareAttack","sneckomod:UnknownRareSkill"],"picked":"sneckomod:SerpentMind","floor":16},{"not_picked":["sneckomod:Nope","sneckomod:UnknownClassHEXA_GHOST_PURPLE"],"picked":"sneckomod:UnknownBlock","floor":19},{"not_picked":["sneckomod:RainOfDice","sneckomod:DiceCrush"],"picked":"sneckomod:UnknownCommonAttack","floor":20},{"not_picked":["sneckomod:Unknown1Cost","sneckomod:SoulDraw"],"picked":"sneckomod:DangerNoodle","floor":21},{"not_picked":["sneckomod:SlitherStrike","sneckomod:DiceCrush"],"picked":"sneckomod:UnknownRareSkill","floor":25},{"not_picked":["sneckomod:RainOfDice","sneckomod:WideSting","sneckomod:QuickBite"],"picked":"SKIP","floor":27},{"not_picked":["sneckomod:PureSnecko","sneckomod:DiceCrush"],"picked":"sneckomod:UnknownUncommonAttack+1","floor":29},{"not_picked":["sneckomod:PureSnecko","sneckomod:QuickMove"],"picked":"sneckomod:SlitherStrike","floor":32}],"player_experience":11981834,"relics_obtained":[{"floor":7,"key":"Blue Candle"},{"floor":20,"key":"Incense Burner"},{"floor":20,"key":"Matryoshka"},{"floor":24,"key":"Bag of Preparation"},{"floor":25,"key":"Omamori"}],"event_choices":[{"damage_healed":0,"gold_gain":0,"player_choice":"Trade","damage_taken":0,"relics_obtained":["FaceOfCleric"],"max_hp_gain":0,"max_hp_loss":0,"event_name":"FaceTrader","floor":8,"gold_loss":0},{"damage_healed":0,"gold_gain":0,"player_choice":"Got Potions","damage_taken":0,"max_hp_gain":0,"max_hp_loss":0,"event_name":"Lab","floor":12,"gold_loss":0}],"is_beta":false,"boss_relics":[{"not_picked":["Runic Dome","Tiny House"],"picked":"SlaversCollar"}],"items_purged_floors":[],"is_endless":false,"potions_floor_spawned":[2,11,15,20,25,27,32],"killed_by":"IC_MUSHROOM_ARCHETYPE","ascension_level":14}}