{"host":"y2ptgajoxt8nh64w","time":1613653511,"event":{"mods":["100% Spire Juice","AchievementEnabler","Act Like it!","Arknights","Aspiration","BaseMod","Better Vampires","Colored Map","Colored Powertips","Conspire","DeckTracker","Friendly Minions","Gensokyo","GifTheSpireLib","Hallownest","Highlight Path","KinomotoSakuraMod(木之本樱)","Minty Spire (QoL Compilation)","Quick Restart","Rare Cards Sparkle","Relic Stats","Remilia（蕾米莉亚）","RumiaBox-露米娅的神秘盒子","Ryuuou龙王","Small Relic Pack","StSLib","The Animator","Wide Potions","Youmu（魂魄妖梦）","【功能Mod】混沌之环修复补丁","【功能Mod】聪明的最终Boss","【遗物卡牌】REMEMod"],"gold_per_floor":[111,124,124,124,124,124,124],"floor_reached":6,"language":"ZHS","playtime":241,"items_purged":[],"score":34,"play_id":"34c4dad6-9df5-4718-a94c-4ebf352d298c","local_time":"20210218210511","is_ascension_mode":false,"campfire_choices":[],"circlet_count":0,"master_deck":["animator:Strike_Konosuba","animator:Defend_Konosuba","animator:Strike","animator:Strike","animator:Strike+1","animator:Defend","animator:Defend","animator:Defend+1","animator:Kazuma","animator:Aqua","animator:Biyorigo","animator:Shalltear","animator:Alexander"],"relics":["animator:LivingPicture","animator:TheMissingPiece","REME_ComplimentaryCards"],"acts_visited":["Exordium"],"potions_floor_usage":[],"damage_taken":[{"damage":9,"enemies":"Small Slimes","floor":1,"turns":5},{"damage":9,"enemies":"Jaw Worm","floor":2,"turns":10},{"damage":47,"enemies":"Gremlin Nob","floor":6,"turns":5}],"seed_played":"6698723717441599818","potions_obtained":[{"floor":1,"key":"CultistPotion"}],"is_trial":false,"path_per_floor":["M","M","?","?","?","E"],"character_chosen":"THE_ANIMATOR","items_purchased":[],"campfire_rested":0,"item_purchase_floors":[],"current_hp_per_floor":[63,56,56,42,42,0,0],"gold":124,"neow_bonus":"TEN_PERCENT_HP_BONUS","is_daily":false,"chose_seed":false,"campfire_upgraded":0,"win_rate":0.0,"timestamp":1613653511,"path_taken":["M","M","?","?","?","E"],"items_purchased_type":[],"build_version":"2020-12-22","purchased_purges":0,"victory":false,"max_hp_per_floor":[72,72,72,72,72,72,72],"relic_stats":{"counters":[3,20],"obtain_stats":[{"animator:TheMissingPiece":0,"animator:LivingPicture":0,"REME_ComplimentaryCards":0},{"animator:TheMissingPiece":0,"animator:LivingPicture":0,"REME_ComplimentaryCards":0},{"animator:TheMissingPiece":0,"animator:LivingPicture":0,"REME_ComplimentaryCards":0}]},"card_choices":[{"not_picked":["animator:Layla","animator:Souei"],"picked":"animator:Shalltear","floor":1},{"not_picked":["animator:Vesta","animator:DolaRiku"],"picked":"animator:Alexander","floor":2}],"player_experience":10426,"relics_obtained":[],"event_choices":[{"damage_healed":0,"gold_gain":0,"player_choice":"Ignored","damage_taken":0,"max_hp_gain":0,"max_hp_loss":0,"event_name":"Liars Game","floor":3,"gold_loss":0},{"damage_healed":0,"gold_gain":0,"player_choice":"Entered Light","damage_taken":14,"max_hp_gain":0,"max_hp_loss":0,"event_name":"Shining Light","floor":4,"gold_loss":0,"cards_upgraded":["animator:Strike","animator:Defend"]},{"damage_healed":0,"gold_gain":0,"player_choice":"Ignored","damage_taken":0,"max_hp_gain":0,"max_hp_loss":0,"event_name":"Golden Idol","floor":5,"gold_loss":0}],"is_beta":false,"boss_relics":[],"items_purged_floors":[],"is_endless":false,"potions_floor_spawned":[1],"killed_by":"Gremlin Nob","ascension_level":0}}