{"host":"7hgb9mjb8q1kiawz","time":1613674724,"event":{"mods":["BaseMod","Better Third Choice","Colored Map","Marisa????????","Minty Spire (QoL Compilation)","Replay The Spire","StSLib","The Cursed","The Disciple","The Servant 0.9.4"],"gold_per_floor":[118,118,136,152,152,152,152,152,152,181,181,216,236,250,250,327,327,341,341,101,101,118,118,118],"floor_reached":23,"language":"ENG","playtime":1426,"items_purged":["Strike_B"],"score":403,"play_id":"6396b9f1-30ca-48fe-87b2-dbb9bc2dd97b","local_time":"20210218195844","is_ascension_mode":true,"campfire_choices":[{"data":"Zap","floor":6,"key":"SMITH"},{"data":"Auto Shields","floor":8,"key":"SMITH"},{"data":"Strike_B","floor":11,"key":"PURGE"},{"data":"Defend_B","floor":15,"key":"PURGE"}],"circlet_count":0,"master_deck":["AscendersBane","Defend_B","Defend_B","Defend_B","Zap+1","Dualcast+1","Doom and Gloom","Auto Shields+1","Barrage","Compile Driver","Coolheaded","White Noise","Sweeping Beam","Creative AI","Hologram","Necronomicurse","ReplayGash","Turbo","Steam+1"],"relics":["Cracked Core","NlothsMask","Solar Panel","Peace Pipe","Letter Opener","Painkiller Herb","Necronomicon","Sling"],"acts_visited":["Exordium","TheCity"],"potions_floor_usage":[10,12,16],"damage_taken":[{"damage":2,"enemies":"Jaw Worm","floor":1,"turns":3},{"damage":0,"enemies":"Cultist","floor":3,"turns":4},{"damage":1,"enemies":"2 Louse","floor":4,"turns":2},{"damage":10,"enemies":"3 Sentries","floor":10,"turns":6},{"damage":0,"enemies":"Lagavulin","floor":12,"turns":6},{"damage":3,"enemies":"Blue Slaver","floor":13,"turns":3},{"damage":1,"enemies":"3 Louse","floor":14,"turns":2},{"damage":37,"enemies":"Hexaghost","floor":16,"turns":9},{"damage":13,"enemies":"Shell Parasite","floor":18,"turns":4},{"damage":6,"enemies":"Spheric Guardian","floor":22,"turns":3},{"damage":32,"enemies":"Replay:Snechameleon","floor":23,"turns":4}],"seed_played":"-6017271758413564759","potions_obtained":[{"floor":1,"key":"Flashbang"},{"floor":3,"key":"DistilledChaos"},{"floor":10,"key":"Ancient Potion"},{"floor":13,"key":"Venom Potion"}],"is_trial":false,"path_per_floor":["M","?","M","M","T","R","?","R","T","E","R","E","M","M","R_BF","B",null,"?","?","T","?","?","E"],"character_chosen":"DEFECT","items_purchased":["Sling"],"campfire_rested":0,"item_purchase_floors":[20],"current_hp_per_floor":[69,69,69,68,68,68,68,68,68,60,60,62,61,62,62,29,66,55,34,34,34,28,0,0],"gold":118,"neow_bonus":"TEN_PERCENT_HP_BONUS","is_daily":false,"chose_seed":false,"campfire_upgraded":2,"win_rate":0.0,"timestamp":1613674724,"path_taken":["M","?","M","?","?","R","?","R","T","E","R","E","M","?","R_BF","BOSS","?","?","T","?","?","E"],"items_purchased_type":["Relic"],"build_version":"2020-12-22","purchased_purges":1,"victory":false,"max_hp_per_floor":[78,78,78,78,78,78,78,78,78,78,78,78,78,78,78,78,78,78,78,78,78,78,78,78],"card_choices":[{"not_picked":["Stack","Redo"],"picked":"Doom and Gloom","floor":1},{"not_picked":["Leap","Melter"],"picked":"Auto Shields","floor":3},{"not_picked":["Aggregate","Storm"],"picked":"Barrage","floor":4},{"not_picked":["Panic Button","Gash"],"picked":"Compile Driver","floor":10},{"not_picked":["Redo","Hello World"],"picked":"Coolheaded","floor":12},{"not_picked":["Hologram","Panic Button"],"picked":"White Noise","floor":13},{"not_picked":["Genetic Algorithm","Scrape"],"picked":"Sweeping Beam","floor":14},{"not_picked":["Electrodynamics","ReplayTheSpireMod:Omega Cannon"],"picked":"Creative AI","floor":16},{"not_picked":["Gash","Streamline"],"picked":"Hologram","floor":18},{"not_picked":["Sweeping Beam","Go for the Eyes"],"picked":"Steam+1","floor":22}],"player_experience":842866,"relics_obtained":[{"floor":9,"key":"Solar Panel"},{"floor":10,"key":"Peace Pipe"},{"floor":12,"key":"Letter Opener"},{"floor":19,"key":"Necronomicon"}],"event_choices":[{"damage_healed":0,"gold_gain":0,"player_choice":"Trade","damage_taken":0,"relics_obtained":["NlothsMask"],"max_hp_gain":0,"max_hp_loss":0,"event_name":"FaceTrader","floor":2,"gold_loss":0},{"damage_healed":0,"gold_gain":0,"player_choice":"Upgraded","damage_taken":0,"max_hp_gain":0,"max_hp_loss":0,"event_name":"Upgrade Shrine","floor":7,"gold_loss":0,"cards_upgraded":["Dualcast"]},{"damage_healed":0,"gold_gain":0,"player_choice":"Obtained Book","damage_taken":21,"max_hp_gain":0,"max_hp_loss":0,"event_name":"Cursed Tome","floor":19,"gold_loss":0},{"damage_healed":0,"gold_gain":0,"cards_transformed":["Strike_B","Strike_B"],"player_choice":"Became Test Subject","damage_taken":0,"max_hp_gain":0,"max_hp_loss":0,"event_name":"Drug Dealer","floor":21,"gold_loss":0,"cards_obtained":["ReplayGash","Turbo"]}],"is_beta":false,"boss_relics":[{"not_picked":["Nuclear Battery","Replay:Wanted Poster"],"picked":"Painkiller Herb"}],"items_purged_floors":[20],"is_endless":false,"potions_floor_spawned":[1,3,10,13],"killed_by":"Replay:Snechameleon","ascension_level":16}}