{"host":"t9h87jftyp6v51pz","time":1613629681,"event":{"mods":["Act Like it!","Arknights","Ascension Reborn","BaseMod","Gensokyo","Lobotomy","LobotomyExtend","Minty Spire (QoL Compilation)","MostiFishMod","RumiaBox-露米娅的神秘盒子","Shop Mod","StSLib","Waifu the Spire"],"gold_per_floor":[118,118,118,130,142,171,189,246,246,259,259,272,227,237,237,338,338,356,356,372,59,72,53,72,72,99,99,99,28,42,42,42,105,105,71,71,71,95,109,109,138,152,152,152,182,199,219,219,219,219],"floor_reached":51,"language":"ZHS","playtime":3474,"items_purged":["ats:Strike G"],"score":779,"play_id":"5423ace8-bd12-4e54-a57c-93b8f54718da","local_time":"20210218142801","is_ascension_mode":true,"campfire_choices":[{"floor":11,"key":"REST"},{"data":"ats:Shadow Assault","floor":15,"key":"SMITH"},{"floor":25,"key":"REST"},{"floor":32,"key":"REST"},{"data":"ats:Thermite Blade","floor":40,"key":"SMITH"},{"data":"ats:Consecutive Shot Auto","floor":49,"key":"SMITH"}],"circlet_count":0,"master_deck":["ats:Strike C","ats:Strike S","ats:Defend","ats:Emotion Absorption","ats:Apocalypse+1","CherryBlossoms","FairyFestival","ats:Consecutive Shot Auto+1","CrumblingArmor","ats:Magnetic Hammer","BigBadWolf","ats:Nebulous Foxfire","ats:Very Hot Blade+1","Alriune","ats:Thermite Blade+1","ats:Volcano","ats:Blood Oath+1","ats:Sword Rain","ats:Encircling Forest","ats:Durian+1","SnowQueen","ats:Disruption Kick+1","GreedKing","ats:Composite Medical Shells+1","CENSORED","ats:Part Time Job","ats:Collapsing Strike+1","ats:Sword Rain+1","ats:Cat Scratch+1","ats:Closed Bolt Burst Fire+1","ats:Consecutive Shot Auto+1"],"relics":["ats:Sanity","DaveBox","CogitoBucket","xbg","SynthV:TestCard","LetterFromLob","ats:Originium","Torii","MostiFishMod:Haymaker","TreeSap","RhineSuit","LuminousBracelet","ats:Ability Aura","Bottled Lightning","Boot","GodSword1","GreenFoldingFan","AdjustmentMirror","AtMidnight","MagicBullet_r","LaetitiaHeart","Nunchaku","Lantern","Sundial","SynthV:C4","ats:Omniscience"],"acts_visited":["Exordium","Exordium","Gensokyo:Gensokyoer"],"potions_floor_usage":[],"damage_taken":[{"damage":13,"enemies":"ats:Genji","floor":1,"turns":4},{"damage":3,"enemies":"Jaw Worm","floor":4,"turns":3},{"damage":5,"enemies":"Cultist","floor":5,"turns":4},{"damage":44,"enemies":"Gremlin Nob","floor":6,"turns":5},{"damage":0,"enemies":"Looter","floor":7,"turns":2},{"damage":25,"enemies":"2 Fungi Beasts","floor":10,"turns":4},{"damage":70,"enemies":"Large Slime","floor":12,"turns":11},{"damage":2,"enemies":"Looter","floor":14,"turns":4},{"damage":71,"enemies":"Hexaghost","floor":16,"turns":13},{"damage":1,"enemies":"Gensokyo:2_Gloops","floor":18,"turns":4},{"damage":18,"enemies":"Gensokyo:3_Dogs","floor":20,"turns":4},{"damage":42,"enemies":"Gensokyo:Wraith","floor":22,"turns":6},{"damage":52,"enemies":"Gensokyo:Tenshi","floor":23,"turns":3},{"damage":22,"enemies":"Gensokyo:Slime_Group","floor":24,"turns":3},{"damage":67,"enemies":"Gensokyo:Mirror_and_Dog","floor":30,"turns":6},{"damage":87,"enemies":"Gensokyo:Eiki","floor":33,"turns":7},{"damage":71,"enemies":"Gensokyo:3_Boulders","floor":35,"turns":5},{"damage":7,"enemies":"Gensokyo:3_Bats","floor":39,"turns":3},{"damage":65,"enemies":"Gensokyo:Kasen","floor":41,"turns":5},{"damage":21,"enemies":"Gensokyo:AtlasGolem","floor":42,"turns":4},{"damage":64,"enemies":"Gensokyo:Marisa","floor":45,"turns":5},{"damage":5,"enemies":"Gensokyo:4_Bats","floor":46,"turns":2},{"damage":27,"enemies":"Gensokyo:SeedOfUnknown","floor":47,"turns":5},{"damage":138,"enemies":"Gensokyo:Shinki","floor":50,"turns":9}],"seed_played":"6771009103645143774","potions_obtained":[{"floor":6,"key":"ats:Burn Big Potion"},{"floor":10,"key":"ats:Burn Small Potion"}],"is_trial":false,"path_per_floor":["M","?","?","M","M","E","M","?","T","M","R","M","?","M","R","B",null,"M","?","M","$","M","E","M","R","T","?","?","$","M","?","R","B",null,"M","?","?","T","M","R","E","M","T","$","E","M","M","T","R","B",null],"character_chosen":"DOCTOR_CLASS","items_purchased":["ats:Thermite Blade","ats:Ability Aura","ats:Encircling Forest"],"campfire_rested":3,"item_purchase_floors":[21,21,29],"current_hp_per_floor":[59,59,52,49,52,20,20,20,20,7,28,37,37,60,60,13,72,72,72,75,75,84,41,29,55,55,67,67,67,38,38,62,34,66,53,53,53,53,65,65,66,66,66,66,56,62,66,66,66,45],"gold":219,"neow_bonus":"","is_daily":false,"chose_seed":false,"campfire_upgraded":3,"win_rate":0.0,"timestamp":1613629681,"path_taken":["M","?","?","?","M","E","M","?","T","M","R","?","?","M","R","BOSS","M","?","M","$","M","E","M","R","T","?","?","?","M","?","R","BOSS","M","?","?","?","M","R","E","?","T","?","E","M","M","?","R","BOSS"],"items_purchased_type":["Card","Relic","Card"],"build_version":"2020-12-22","purchased_purges":1,"victory":true,"max_hp_per_floor":[72,72,72,72,72,72,72,72,72,72,72,72,72,72,72,72,72,72,72,87,87,87,87,87,87,87,87,81,81,81,81,81,66,66,66,66,66,66,66,66,66,66,66,66,66,66,66,66,66,66],"card_choices":[{"not_picked":["OSAHOGD","BeautyBeast"],"picked":"SpiderBud","floor":1},{"not_picked":["ats:Song Of Battle","ats:Leaping Hammer"],"picked":"ats:Ignite","floor":1},{"not_picked":["ats:Disruption Kick","ats:Sunburst","ats:Thorns","ats:Sword Rain"],"picked":"ats:Apocalypse","floor":4},{"not_picked":["BeautyBeast","MHz"],"picked":"CherryBlossoms","floor":5},{"not_picked":["ats:Guardian Obelisk","ats:Absolute Focus","ats:Support Order","ats:Burning Ground"],"picked":"ats:Closed Bolt Burst Fire","floor":5},{"not_picked":["Wellcheers","MHz"],"picked":"FairyFestival","floor":6},{"not_picked":["ats:Guardian Obelisk","ats:Guard Mode","ats:Closed Bolt Burst Fire","ats:Dogmatic Field"],"picked":"ats:Consecutive Shot Auto","floor":6},{"not_picked":["ats:Absolute Focus","ats:Poison Spread","ats:Hammer On","ats:Flexible Camouflage"],"picked":"ats:Shadow Assault","floor":7},{"not_picked":["Wellcheers","Yin"],"picked":"CrumblingArmor","floor":10},{"not_picked":["ats:Absolute Focus","ats:Soul Absorption","ats:Poison Spread","ats:Guard Mode"],"picked":"ats:Part Time Job","floor":10},{"not_picked":["Wellcheers","OSAHOGD"],"picked":"QueenOfHatred","floor":12},{"not_picked":["ats:Sunburst","ats:Ignite","ats:Overload","ats:Beaten Up"],"picked":"ats:Magnetic Hammer","floor":12},{"not_picked":["ats:Powerful Strike","ats:Absolute Focus","ats:Curse Doll","ats:Shell Defense"],"picked":"ats:Phantom","floor":14},{"not_picked":["WallGazer","SpiderBud"],"picked":"BigBadWolf","floor":14},{"not_picked":["ats:Calcification","ats:True Silver Slash","ats:Wolf Pack","ats:Dogmatic Field"],"picked":"ats:Nebulous Foxfire","floor":16},{"not_picked":["ats:Curse Doll","ats:Hammer On","ats:Explosion Area Strengthen","ats:Defend Order"],"picked":"ats:Very Hot Blade+1","floor":18},{"not_picked":["MeatLantern","MHz"],"picked":"Alriune","floor":20},{"not_picked":["ats:Shell Defense","ats:Very Hot Blade","ats:Sword Rain+1","ats:Defend Order"],"picked":"ats:Neurotoxin+1","floor":20},{"not_picked":["HappyTeddy","OldLady"],"picked":"Freischutz","floor":22},{"not_picked":["ats:Very Hot Blade","ats:Automatic Cover","ats:Absolute Focus","ats:Leaping Hammer"],"picked":"ats:Volcano","floor":22},{"not_picked":["ats:Red Shift","ats:Shell Defense+1","ats:Counter Healing Mode+1","ats:Curse Doll+1"],"picked":"ats:Blood Oath+1","floor":23},{"not_picked":["ats:Shell Defense+1","ats:Blood Oath","ats:Guard Mode","ats:Absolute Focus"],"picked":"ats:Sword Rain","floor":24},{"not_picked":["ats:Phantom+1","ats:Ignite+1","ats:Explosion Area Strengthen","ats:Assault Order"],"picked":"ats:Flexible Camouflage","floor":30},{"not_picked":["OSAHOGD","Yin"],"picked":"SnowQueen","floor":33},{"not_picked":["ats:True Silver Slash","ats:Echo Reverb","ats:Rat Pack","ats:Calcification"],"picked":"ats:Disruption Kick","floor":33},{"not_picked":["SpiderBud","Funeral"],"picked":"GreedKing","floor":35},{"not_picked":["ats:Flame Of Heaven","ats:Apocalypse","ats:Curse Doll","ats:Part Time Job"],"picked":"ats:Composite Medical Shells+1","floor":35},{"not_picked":["SingingMachine","Murderer"],"picked":"CENSORED","floor":39},{"not_picked":["ats:Ignite","ats:Absolute Focus+1","ats:Soul Absorption","ats:Automatic Cover"],"picked":"ats:Part Time Job","floor":39},{"not_picked":["ats:Guardian Obelisk+1","ats:Red Shift+1","ats:Flexible Camouflage","ats:Hammer On"],"picked":"ats:Collapsing Strike+1","floor":41},{"not_picked":["ats:Poison Spread+1","ats:Mental Burst","ats:Flexible Camouflage+1","ats:Shadow Assault"],"picked":"ats:Sword Rain+1","floor":42},{"not_picked":["ats:Support Order+1","ats:Leaping Hammer","ats:Charging Defense","ats:Blood Oath+1"],"picked":"ats:Cat Scratch+1","floor":45},{"not_picked":["ats:Apocalypse+1","ats:Counter Healing Mode","ats:Guardian Obelisk","ats:Sword Rain"],"picked":"ats:Closed Bolt Burst Fire+1","floor":46},{"not_picked":["ats:True Silver Slash","ats:Flexible Camouflage+1","ats:Poison Spread+1","ats:Curse Doll"],"picked":"ats:Consecutive Shot Auto+1","floor":47}],"player_experience":0,"relics_obtained":[{"floor":1,"key":"SynthV:TestCard"},{"floor":1,"key":"LetterFromLob"},{"floor":6,"key":"ats:Originium"},{"floor":6,"key":"Torii"},{"floor":9,"key":"MostiFishMod:Haymaker"},{"floor":23,"key":"ats:Originium"},{"floor":23,"key":"Bottled Lightning"},{"floor":26,"key":"Boot"},{"floor":35,"key":"AtMidnight"},{"floor":38,"key":"Nunchaku"},{"floor":41,"key":"ats:Originium"},{"floor":41,"key":"Lantern"},{"floor":43,"key":"Sundial"},{"floor":45,"key":"ats:Originium"},{"floor":45,"key":"SynthV:C4"},{"floor":48,"key":"ats:Omniscience"}],"event_choices":[{"damage_healed":0,"gold_gain":0,"player_choice":"Ignored","damage_taken":0,"max_hp_gain":0,"max_hp_loss":0,"event_name":"Golden Idol","floor":2,"gold_loss":0},{"damage_healed":0,"gold_gain":0,"player_choice":"Damaged","damage_taken":7,"max_hp_gain":0,"max_hp_loss":0,"event_name":"Wheel of Change","floor":3,"gold_loss":0},{"damage_healed":0,"gold_gain":57,"player_choice":"Gained Gold","damage_taken":0,"max_hp_gain":0,"max_hp_loss":0,"event_name":"Golden Wing","floor":8,"gold_loss":0},{"damage_healed":0,"gold_gain":0,"player_choice":"Left Gold","damage_taken":0,"max_hp_gain":0,"max_hp_loss":0,"event_name":"World of Goop","floor":13,"gold_loss":45}],"is_beta":false,"boss_relics":[{"not_picked":["Ectoplasm","Coffee Dripper"],"picked":"RhineSuit"},{"not_picked":["Empty Cage","SacredBark"],"picked":"GreenFoldingFan"}],"items_purged_floors":[21],"is_endless":false,"potions_floor_spawned":[6,10,12,14,16,18,22,23,30,39,42,45],"ascension_level":0}}