{"host":"5y2vm16xfq9gfmb2","time":1613629406,"event":{"mods":["AchievementEnabler","BaseMod","Better Third Choice","Colored Map","Colored Powertips","DeckTracker","Friendly Minions","Marisa????????","Minty Spire (QoL Compilation)","Rare Cards Sparkle","Relic Stats","StSLib","The Alterego","The Animator","The Marked","The Servant 0.9.4","Yohane!"],"gold_per_floor":[114,114,114,114,133,133,152,171,196,215,390,409,428,28,28,153,153,172,191,216,51,70,108,108,108,183,183,198,198,223,23,23,123,123,150,177,219,244,1255,1267,829,829,829,629,629,644,94,109,109,109],"floor_reached":51,"language":"ENG","playtime":1880,"items_purged":["Normality","Normality"],"score":930,"play_id":"8658e003-7943-4050-b640-3fe2e2812f82","local_time":"20210218012326","daily_mods":["Cursed Run","ControlledChaos","Lethality"],"is_ascension_mode":false,"campfire_choices":[{"floor":6,"key":"REST"},{"floor":15,"key":"REST"},{"floor":24,"key":"REST"},{"floor":32,"key":"REST"},{"floor":40,"key":"DIG"},{"floor":42,"key":"DIG"},{"floor":49,"key":"DIG"}],"circlet_count":0,"master_deck":["Zap","Dualcast","Injury","Cold Snap","Beam Cell","Blizzard","animator:Curse_Nutcracker","Compile Driver","Doubt","Doom and Gloom+1","BootSequence","Writhe","Electrodynamics","Genetic Algorithm","Glacier","Turbo","Reprogram","Reinforced Body","Glacier","Meteor Strike","Ball Lightning+1","Melter","Ball Lightning+1","Coolheaded","Secret Weapon","Loop+1","Doubt","Doubt","Fusion+1","animator:Curse_Greed","Injury","Electrodynamics","CurseOfTheBell","Barrage+1","Chill+1","Stack","Redo","Writhe","Barrage+1","Capacitor+1","Pain"],"relics":["Cursed Key","Darkstone Periapt","Du-Vu Doll","Frozen Eye","Smiling Mask","Bloody Idol","Strawberry","Cables","OrangePellets","Pandora\u0027s Box","Red Mask","Oddly Smooth Stone","Molten Egg 2","Boot","Art of War","Runic Capacitor","Calling Bell","MawBank","Eternal Feather","Emotion Chip","CatCart","Shovel","Happy Flower","Whetstone","Vajra","Toxic Egg 2","Meat on the Bone","ClockworkSouvenir","Strange Spoon","Mercury Hourglass","Pen Nib","Blue Candle"],"acts_visited":["Exordium","TheCity","TheBeyond"],"potions_floor_usage":[19,20,23,23,33,33,50],"damage_taken":[{"damage":9,"enemies":"Jaw Worm","floor":1,"turns":3},{"damage":0,"enemies":"2 Louse","floor":5,"turns":2},{"damage":0,"enemies":"Cultist","floor":7,"turns":3},{"damage":6,"enemies":"Looter","floor":8,"turns":2},{"damage":3,"enemies":"Blue Slaver","floor":10,"turns":3},{"damage":9,"enemies":"Exordium Wildlife","floor":12,"turns":2},{"damage":3,"enemies":"3 Louse","floor":13,"turns":2},{"damage":37,"enemies":"The Guardian","floor":16,"turns":7},{"damage":6,"enemies":"Chosen","floor":18,"turns":3},{"damage":47,"enemies":"3 Byrds","floor":19,"turns":3},{"damage":0,"enemies":"Masked Bandits","floor":20,"turns":2},{"damage":25,"enemies":"Shelled Parasite and Fungi","floor":22,"turns":4},{"damage":18,"enemies":"Book of Stabbing","floor":23,"turns":4},{"damage":6,"enemies":"Cultist and Chosen","floor":28,"turns":4},{"damage":28,"enemies":"Automaton","floor":33,"turns":6},{"damage":20,"enemies":"3 Darklings","floor":35,"turns":4},{"damage":0,"enemies":"Orb Walker","floor":36,"turns":2},{"damage":97,"enemies":"Orin","floor":37,"turns":7},{"damage":21,"enemies":"2 Orb Walkers","floor":38,"turns":4},{"damage":24,"enemies":"Writhing Mass","floor":46,"turns":6},{"damage":10,"enemies":"Jaw Worm Horde","floor":48,"turns":3},{"damage":101,"enemies":"Awakened One","floor":50,"turns":7}],"seed_played":"-4060160915487772418","potions_obtained":[{"floor":1,"key":"FearPotion"},{"floor":10,"key":"FocusPotion"},{"floor":16,"key":"Fire Potion"},{"floor":19,"key":"Dexterity Potion"},{"floor":22,"key":"PowerPotion"},{"floor":23,"key":"Regen Potion"},{"floor":36,"key":"SmokeBomb"},{"floor":38,"key":"BlessingOfTheForge"},{"floor":46,"key":"Swift Potion"}],"is_trial":false,"path_per_floor":["M","?","?","?","M","R","M","M","T","M","?","M","M","$","R","B",null,"M","M","?","$","M","E","R","?","T","T","M","?","T","$","R","B",null,"M","M","?","?","?","R","$","R","T","$","?","M","$","M","R","B",null],"character_chosen":"DEFECT","items_purchased":["Cables","OrangePellets","Secret Weapon","Runic Capacitor","SkillPotion","Whetstone","EssenceOfDarkness","Vajra","ClockworkSouvenir","Strange Spoon","Mercury Hourglass","Pen Nib"],"campfire_rested":4,"item_purchase_floors":[14,14,21,31,31,41,41,41,44,47,47,47],"current_hp_per_floor":[66,51,33,39,39,63,63,57,70,67,73,64,61,61,91,60,106,100,53,53,53,28,10,41,41,52,58,57,57,68,68,105,102,136,121,131,44,33,55,84,89,110,116,116,164,145,145,140,164,81],"gold":109,"neow_bonus":"","is_daily":true,"chose_seed":false,"campfire_upgraded":0,"win_rate":0.0,"timestamp":1613629406,"path_taken":["M","?","?","?","M","R","M","M","T","?","?","M","M","$","R","BOSS","M","M","?","$","M","E","R","?","T","?","?","?","?","$","R","BOSS","M","M","?","?","?","R","$","R","T","?","?","M","$","M","R","BOSS"],"items_purchased_type":["Relic","Relic","Card","Relic","Potion","Relic","Potion","Relic","Relic","Relic","Relic","Relic"],"build_version":"2020-12-22","purchased_purges":2,"victory":true,"max_hp_per_floor":[75,75,75,81,81,81,81,81,94,94,100,100,100,100,100,106,106,106,106,106,106,106,106,106,106,112,118,118,118,124,124,124,130,136,136,136,136,136,148,148,148,148,154,154,164,164,164,164,164,170],"relic_stats":{"Darkstone Periapt":78,"Happy Flower":[5],"counters":[22,83],"Blue Candle":[6],"Eternal Feather":69,"Pen Nib":[1],"Whetstone":["Ball Lightning","Doom and Gloom"],"Cursed Key":5,"Smiling Mask":75,"Boot":[2],"MawBank":84,"Cables":[68,23,30,12,3],"Mercury Hourglass":[42],"OrangePellets":[6],"Strange Spoon":[6],"Emotion Chip":[78,34,25,11,8],"Shovel":3,"Bloody Idol":85,"Pandora\u0027s Box":["Genetic Algorithm","Glacier","Turbo","Reprogram","Reinforced Body","Glacier","Meteor Strike","Ball Lightning"],"Art of War":[6],"obtain_stats":[{"Darkstone Periapt":0,"Vajra":41,"Runic Capacitor":31,"Whetstone":41,"Cursed Key":0,"Smiling Mask":3,"Boot":27,"ClockworkSouvenir":44,"Frozen Eye":0,"Emotion Chip":34,"Shovel":38,"Strawberry":9,"Red Mask":20,"Toxic Egg 2":42,"Happy Flower":40,"Golden Idol":4,"Blue Candle":49,"Oddly Smooth Stone":23,"Eternal Feather":34,"Pen Nib":47,"MawBank":34,"Cables":14,"Mercury Hourglass":47,"Du-Vu Doll":0,"Calling Bell":34,"OrangePellets":14,"Strange Spoon":47,"Bloody Idol":25,"Pandora\u0027s Box":17,"Molten Egg 2":26,"Art of War":30,"CatCart":37,"Meat on the Bone":43},{"Darkstone Periapt":0,"Vajra":19,"Runic Capacitor":14,"Whetstone":19,"Cursed Key":0,"Smiling Mask":1,"Boot":13,"ClockworkSouvenir":19,"Frozen Eye":0,"Emotion Chip":15,"Shovel":19,"Strawberry":4,"Red Mask":11,"Toxic Egg 2":19,"Happy Flower":19,"Golden Idol":1,"Blue Candle":21,"Oddly Smooth Stone":13,"Eternal Feather":15,"Pen Nib":20,"MawBank":15,"Cables":7,"Mercury Hourglass":20,"Du-Vu Doll":0,"Calling Bell":15,"OrangePellets":7,"Strange Spoon":20,"Bloody Idol":13,"Pandora\u0027s Box":8,"Molten Egg 2":13,"Art of War":14,"CatCart":18,"Meat on the Bone":19},{"Darkstone Periapt":0,"Vajra":67,"Runic Capacitor":44,"Whetstone":67,"Cursed Key":0,"Smiling Mask":3,"Boot":40,"ClockworkSouvenir":67,"Frozen Eye":0,"Emotion Chip":50,"Shovel":67,"Strawberry":10,"Red Mask":32,"Toxic Egg 2":67,"Happy Flower":67,"Golden Idol":3,"Blue Candle":76,"Oddly Smooth Stone":40,"Eternal Feather":50,"Pen Nib":73,"MawBank":50,"Cables":17,"Mercury Hourglass":73,"Du-Vu Doll":0,"Calling Bell":50,"OrangePellets":17,"Strange Spoon":73,"Bloody Idol":40,"Pandora\u0027s Box":24,"Molten Egg 2":40,"Art of War":44,"CatCart":63,"Meat on the Bone":67}],"Meat on the Bone":12},"card_choices":[{"not_picked":["Glacier","Hologram","White Noise"],"picked":"SKIP","floor":1},{"not_picked":["Steam","Force Field"],"picked":"Cold Snap","floor":5},{"not_picked":["Turbo","Steam"],"picked":"Beam Cell","floor":7},{"not_picked":["Darkness","Leap"],"picked":"Blizzard","floor":8},{"not_picked":["Consume","Chaos"],"picked":"Compile Driver","floor":10},{"not_picked":["Hologram","Coolheaded"],"picked":"Doom and Gloom","floor":12},{"not_picked":["Stack","Steam"],"picked":"BootSequence","floor":13},{"not_picked":["All For One","Multi-Cast"],"picked":"Electrodynamics","floor":16},{"not_picked":["Consume","Chaos+1"],"picked":"Melter","floor":18},{"not_picked":["Go for the Eyes+1","Steam"],"picked":"Ball Lightning+1","floor":19},{"not_picked":["Steam Power","Undo+1"],"picked":"Coolheaded","floor":20},{"not_picked":["Streamline+1","Leap+1"],"picked":"Hyperbeam","floor":22},{"not_picked":["Defragment+1","Reprogram"],"picked":"Loop+1","floor":23},{"not_picked":["Steam","Auto Shields"],"picked":"Fusion+1","floor":28},{"not_picked":["Seek","Hyperbeam+1"],"picked":"Electrodynamics","floor":33},{"not_picked":["Hologram","Gash+1"],"picked":"Barrage+1","floor":35},{"not_picked":["Go for the Eyes+1","Skim"],"picked":"Chill+1","floor":36},{"not_picked":["Cold Snap+1","Reprogram"],"picked":"Stack","floor":37},{"not_picked":["Compile Driver+1","Coolheaded"],"picked":"Redo","floor":38},{"not_picked":["Compile Driver+1","Rebound+1"],"picked":"Barrage+1","floor":46},{"not_picked":["Steam+1","Recycle+1"],"picked":"Capacitor+1","floor":48}],"player_experience":145497,"relics_obtained":[{"floor":9,"key":"Strawberry"},{"floor":20,"key":"Red Mask"},{"floor":23,"key":"Oddly Smooth Stone"},{"floor":26,"key":"Molten Egg 2"},{"floor":27,"key":"Boot"},{"floor":30,"key":"Art of War"},{"floor":34,"key":"MawBank"},{"floor":34,"key":"Eternal Feather"},{"floor":34,"key":"Emotion Chip"},{"floor":37,"key":"CatCart"},{"floor":38,"key":"Shovel"},{"floor":40,"key":"Happy Flower"},{"floor":42,"key":"Toxic Egg 2"},{"floor":43,"key":"Meat on the Bone"},{"floor":49,"key":"Blue Candle"}],"event_choices":[{"damage_healed":66,"gold_gain":0,"player_choice":"Upgrade","damage_taken":15,"max_hp_gain":0,"max_hp_loss":75,"event_name":"betterThird:BetterShining","floor":2,"gold_loss":0,"cards_upgraded":["Strike_B","Strike_B"]},{"damage_healed":0,"gold_gain":0,"player_choice":"Relic ","damage_taken":18,"max_hp_gain":0,"max_hp_loss":0,"event_name":"betterThird:BetterScrap","floor":3,"gold_loss":0,"cards_obtained":["Crippling Poison"]},{"damage_healed":0,"gold_gain":0,"player_choice":"Take Wound","damage_taken":0,"relics_obtained":["Golden Idol"],"max_hp_gain":0,"max_hp_loss":0,"event_name":"Golden Idol","floor":4,"gold_loss":0,"cards_obtained":["Injury"]},{"damage_healed":0,"gold_gain":175,"player_choice":"AGREE","damage_taken":215,"max_hp_gain":0,"max_hp_loss":0,"event_name":"betterThird:BetterSerpent","floor":11,"gold_loss":0},{"damage_healed":0,"gold_gain":0,"player_choice":"Fought Bandits","damage_taken":0,"max_hp_gain":0,"max_hp_loss":0,"event_name":"Masked Bandits","floor":20,"gold_loss":0},{"damage_healed":0,"gold_gain":0,"player_choice":"Gave Idol","damage_taken":0,"relics_obtained":["Bloody Idol"],"max_hp_gain":0,"max_hp_loss":0,"event_name":"Forgotten Altar","floor":25,"relics_lost":["Golden Idol"],"gold_loss":0},{"damage_healed":0,"gold_gain":0,"player_choice":"Ignored","damage_taken":0,"max_hp_gain":0,"max_hp_loss":0,"event_name":"Beggar","floor":29,"gold_loss":0},{"damage_healed":0,"gold_gain":0,"player_choice":"Fight","damage_taken":0,"max_hp_gain":0,"max_hp_loss":0,"event_name":"OrinTheCat","floor":37,"gold_loss":0},{"damage_healed":0,"gold_gain":0,"player_choice":"Fight","damage_taken":0,"max_hp_gain":0,"max_hp_loss":0,"event_name":"Mysterious Sphere","floor":38,"gold_loss":0},{"damage_healed":0,"gold_gain":999,"player_choice":"Gold","damage_taken":0,"max_hp_gain":0,"max_hp_loss":0,"event_name":"MindBloom","floor":39,"gold_loss":0,"cards_obtained":["Normality","Normality"]},{"cards_removed":["Hyperbeam"],"damage_healed":38,"gold_gain":0,"player_choice":"Offered Rare","damage_taken":0,"max_hp_gain":10,"max_hp_loss":0,"event_name":"Bonfire Elementals","floor":45,"gold_loss":0}],"is_beta":false,"boss_relics":[{"not_picked":["SlaversCollar","Runic Dome"],"picked":"Pandora\u0027s Box"},{"not_picked":["Runic Pyramid","Fusion Hammer"],"picked":"Calling Bell"}],"items_purged_floors":[41,44],"is_endless":false,"potions_floor_spawned":[1,10,16,18,19,22,23,36,38,46,48],"ascension_level":0}}