{"host":"2ty4h143nj8vwezc","time":1613619132,"event":{"mods":["BaseMod","Colored Map","Googly Eyes","Highlight Path","Minty Spire (QoL Compilation)","Quick Restart","StSLib"],"gold_per_floor":[112,59,69,81,81,116,116,38,61,86,86,86,114,128,128,128,128],"floor_reached":16,"language":"ENG","playtime":433,"items_purged":[],"score":178,"play_id":"baa502bc-14ce-490a-bf10-5c57e24bef91","local_time":"20210217223212","is_ascension_mode":true,"campfire_choices":[{"data":"Ball Lightning","floor":7.0,"key":"SMITH"},{"floor":11,"key":"REST"},{"floor":15,"key":"REST"}],"circlet_count":0,"master_deck":["AscendersBane","Strike_B","Strike_B","Strike_B","Defend_B","Defend_B","Defend_B","Defend_B","Zap","Dualcast","Capacitor","Cold Snap","Conserve Battery","Conserve Battery","Ball Lightning+1","Defragment","Skim","Turbo","Self Repair"],"relics":["Cracked Core","NeowsBlessing","PreservedInsect","Juzu Bracelet","Bag of Marbles","Odd Mushroom"],"acts_visited":["Exordium"],"potions_floor_usage":[10],"damage_taken":[{"damage":0.0,"enemies":"Small Slimes","floor":1.0,"turns":1.0},{"damage":0.0,"enemies":"Jaw Worm","floor":3.0,"turns":1.0},{"damage":0.0,"enemies":"2 Louse","floor":4.0,"turns":1.0},{"damage":41.0,"enemies":"Gremlin Nob","floor":6.0,"turns":5.0},{"damage":13,"enemies":"3 Sentries","floor":10,"turns":4},{"damage":12,"enemies":"The Mushroom Lair","floor":13,"turns":4},{"damage":5,"enemies":"2 Fungi Beasts","floor":14,"turns":3},{"damage":41,"enemies":"Hexaghost","floor":16,"turns":10}],"seed_played":"9056440982925754878","potions_obtained":[{"floor":6.0,"key":"FocusPotion"},{"floor":10,"key":"Ancient Potion"},{"floor":14,"key":"Energy Potion"}],"is_trial":false,"path_per_floor":["M","$","M","M","?","E","R","$","T","E","R","?","?","M","R","B"],"character_chosen":"DEFECT","items_purchased":["Cold Snap","Defragment"],"campfire_rested":2,"item_purchase_floors":[2,8],"current_hp_per_floor":[68,68,68,68,68,27,27,27,27,14,36,36,24,19,41,0,0],"gold":128,"neow_bonus":"THREE_ENEMY_KILL","is_daily":false,"chose_seed":false,"campfire_upgraded":1,"win_rate":0.0,"timestamp":1613619132,"path_taken":["M","$","M","M","?","E","R","?","T","E","R","?","?","M","R","BOSS"],"items_purchased_type":["Card","Card"],"build_version":"2020-12-22","purchased_purges":0,"victory":false,"max_hp_per_floor":[75,75,75,75,75,75,75,75,75,75,75,75,75,75,75,75,75],"card_choices":[{"not_picked":["Leap","Compile Driver"],"picked":"Capacitor","floor":1.0},{"not_picked":["Redo","Beam Cell"],"picked":"Conserve Battery","floor":3.0},{"not_picked":["Rebound","Beam Cell"],"picked":"Conserve Battery","floor":4.0},{"not_picked":["Steam","Hyperbeam","Reprogram"],"picked":"SKIP","floor":6.0},{"not_picked":["Reprogram","Compile Driver"],"picked":"Skim","floor":10},{"not_picked":["Doom and Gloom","Gash"],"picked":"Turbo","floor":13},{"not_picked":["Coolheaded","Conserve Battery"],"picked":"Self Repair","floor":14}],"player_experience":441193,"relics_obtained":[{"floor":6.0,"key":"PreservedInsect"},{"floor":9.0,"key":"Juzu Bracelet"},{"floor":10,"key":"Bag of Marbles"},{"floor":13,"key":"Odd Mushroom"}],"event_choices":[{"damage_healed":0.0,"max_hp_gain":0.0,"max_hp_loss":0.0,"gold_gain":0.0,"cards_transformed":["Strike_B"],"event_name":"Living Wall","player_choice":"Change","floor":5.0,"gold_loss":0.0,"damage_taken":0.0,"cards_obtained":["Ball Lightning"]},{"damage_healed":0,"gold_gain":0,"player_choice":"Searched \u00271\u0027 times","damage_taken":0,"max_hp_gain":0,"max_hp_loss":0,"event_name":"Dead Adventurer","floor":12,"gold_loss":0},{"damage_healed":0,"gold_gain":0,"player_choice":"Fought Mushrooms","damage_taken":0,"max_hp_gain":0,"max_hp_loss":0,"event_name":"Mushrooms","floor":13,"gold_loss":0}],"is_beta":false,"boss_relics":[],"items_purged_floors":[],"is_endless":false,"potions_floor_spawned":[6,10,14],"killed_by":"Hexaghost","ascension_level":13}}