{"host":"xr2w6q7a088fu8w2","time":1613657686,"event":{"mods":["AchievementEnabler","BaseMod","Colored Powertips","Good Game Mod","Mimic Mod","Minty Spire (QoL Compilation)","MostiFishMod","Reliquary","StSLib","UnlockEverythingMod"],"gold_per_floor":[115,40,40,54,67,67,95,95,128,78,109,109,137,137,137,242,242,253,6,25,43,43,43,43,54,54,54,81,6,6,6,6,101,101,118,118,131,6,19,19,44,55,55,55,84,84,0,0,0,0,0,0,0,33,33,33],"floor_reached":55,"language":"ZHS","playtime":1351,"items_purged":["Defend_G","Strike_G","Strike_G"],"score":1146,"play_id":"73db74d6-a04b-4284-b662-590f64b7b71b","local_time":"20210218221446","is_ascension_mode":true,"campfire_choices":[{"data":"Bane","floor":6,"key":"SMITH"},{"data":"Bane","floor":8,"key":"SMITH"},{"data":"Poisoned Stab","floor":12,"key":"SMITH"},{"data":"Survivor","floor":15,"key":"SMITH"},{"data":"Neutralize","floor":23,"key":"SMITH"},{"floor":30,"key":"RECALL"},{"data":"Defend_G","floor":32,"key":"SMITH"},{"data":"Die Die Die","floor":40,"key":"SMITH"},{"data":"Strike_G","floor":44,"key":"SMITH"},{"data":"Defend_G","floor":49,"key":"SMITH"},{"floor":52,"key":"REST"}],"circlet_count":0,"master_deck":["Strike_G+1","Defend_G","Defend_G+1","Defend_G+1","Survivor+1","Neutralize+1","Hyperbeam+1","Bane+1","Poisoned Stab+1","Bane+1","Poisoned Stab+1","Sucker Punch+1","Die Die Die+1","Deflect+1","Bane+1"],"relics":["Ring of the Snake","REME:ComplimentaryCards","DaveBox","SentryEyes","SynthV:TestCard","Unceasing Top","reliquary:Knoch","Singing Bowl","Frozen Egg 2","xbg","PreservedInsect","Pantograph","Centennial Puzzle","ChiXiaoBlade","reliquary:Pushpin","Mercury Hourglass","Red Mask","Kunai"],"acts_visited":["Exordium","TheCity","TheBeyond","TheEnding"],"potions_floor_usage":[13,21,21,25,39,39,41,50,55],"damage_taken":[{"damage":0,"enemies":"2 Louse","floor":1,"turns":1},{"damage":0,"enemies":"Cultist","floor":4,"turns":1},{"damage":4,"enemies":"Jaw Worm","floor":5,"turns":2},{"damage":12,"enemies":"Lagavulin","floor":7,"turns":4},{"damage":0,"enemies":"3 Louse","floor":9,"turns":4},{"damage":0,"enemies":"3 Sentries","floor":11,"turns":1},{"damage":0,"enemies":"Lagavulin","floor":13,"turns":2},{"damage":0,"enemies":"Slime Boss","floor":16,"turns":3},{"damage":2,"enemies":"Chosen","floor":18,"turns":2},{"damage":0,"enemies":"3 Byrds","floor":20,"turns":2},{"damage":0,"enemies":"Cultist and Chosen","floor":21,"turns":3},{"damage":1,"enemies":"Centurion and Healer","floor":25,"turns":2},{"damage":16,"enemies":"Slavers","floor":28,"turns":2},{"damage":18,"enemies":"Automaton","floor":33,"turns":6},{"damage":0,"enemies":"3 Shapes","floor":35,"turns":1},{"damage":0,"enemies":"3 Darklings","floor":37,"turns":2},{"damage":14,"enemies":"Maw","floor":39,"turns":4},{"damage":10,"enemies":"Nemesis","floor":41,"turns":3},{"damage":0,"enemies":"Spire Growth","floor":42,"turns":3},{"damage":0,"enemies":"Giant Head","floor":45,"turns":5},{"damage":55,"enemies":"Donu and Deca","floor":50,"turns":6},{"damage":0,"enemies":"Shield and Spear","floor":54,"turns":3},{"damage":101,"enemies":"The Heart","floor":55,"turns":5}],"seed_played":"-5520683035468757156","potions_obtained":[{"floor":7,"key":"CunningPotion"},{"floor":13,"key":"Weak Potion"},{"floor":16,"key":"DuplicationPotion"},{"floor":21,"key":"EssenceOfSteel"},{"floor":28,"key":"ColorlessPotion"},{"floor":33,"key":"Energy Potion"},{"floor":39,"key":"AttackPotion"},{"floor":42,"key":"SteroidPotion"},{"floor":54,"key":"LiquidMemories"}],"is_trial":false,"path_per_floor":["M","$","?","M","M","R","E","R","MIM","?","E","R","E","?","R","B",null,"M","$","M","M","?","R","?","M","T","?","E","?","R","?","R","B",null,"M","?","M","$","M","R","E","M","T","R","E","?","?","$","R","B",null,"R","$","E","B"],"character_chosen":"THE_SILENT","items_purchased":["PreservedInsect"],"campfire_rested":1,"item_purchase_floors":[19],"current_hp_per_floor":[77,77,77,77,73,73,61,61,61,61,61,61,63,63,63,65,77,77,77,77,79,85,85,85,86,86,86,72,72,72,72,72,71,85,87,87,89,89,79,79,71,73,73,73,73,75,75,75,75,45,87,101,101,101,0,0],"gold":33,"neow_bonus":"TEN_PERCENT_HP_BONUS","is_daily":false,"chose_seed":false,"campfire_upgraded":9,"win_rate":0.0,"timestamp":1613657686,"path_taken":["M","$","?","?","?","R","E","R","MIM","?","E","R","E","?","R","BOSS","M","$","M","M","?","R","?","?","T","?","E","?","R","?","R","BOSS","M","?","M","$","M","R","E","?","T","R","E","?","?","?","R","BOSS","R","$","E","BOSS"],"items_purchased_type":["Relic"],"build_version":"2020-12-22","purchased_purges":3,"victory":false,"max_hp_per_floor":[77,77,77,77,77,77,77,77,77,77,77,77,79,79,79,81,81,83,83,83,85,85,85,85,87,87,87,89,89,89,89,89,89,89,91,91,93,93,95,95,97,99,99,99,99,101,101,101,101,101,101,101,101,101,101,101],"card_choices":[{"not_picked":["Dodge and Roll","Deadly Poison"],"picked":"Bane","floor":1},{"not_picked":["Outmaneuver","Flying Knee","All Out Attack","Dodge and Roll"],"picked":"Poisoned Stab","floor":4},{"not_picked":["Blade Dance","MostiFishMod:WinterMarkForm","Footwork","Prepared","Bouncing Flask"],"picked":"SKIP","floor":5},{"not_picked":["All Out Attack","Dagger Throw","Outmaneuver","Cloak And Dagger"],"picked":"Bane","floor":7},{"not_picked":["Malaise","A Thousand Cuts","Slice","Sucker Punch"],"picked":"Poisoned Stab","floor":11},{"not_picked":["PiercingWail","Malaise","Dagger Spray","Bane","MostiFishMod:Listen"],"picked":"Singing Bowl","floor":13},{"not_picked":["Burst","Tools of the Trade+1","Corpse Explosion","Storm of Steel","MostiFishMod:Neurotoxin+1"],"picked":"Singing Bowl","floor":16},{"not_picked":["Dodge and Roll+1","Poisoned Stab+1","Slice","Quick Slash+1","Dagger Spray"],"picked":"Singing Bowl","floor":18},{"not_picked":["Quick Slash","Slice+1","Phantasmal Killer","Bane"],"picked":"Sucker Punch+1","floor":20},{"not_picked":["Quick Slash","Underhanded Strike","Slice","Outmaneuver","Backflip"],"picked":"Singing Bowl","floor":21},{"not_picked":["Outmaneuver","Bane+1","Malaise","Prepared","Deadly Poison+1"],"picked":"Singing Bowl","floor":25},{"not_picked":["Backflip","MostiFishMod:PerfectParry+1","MostiFishMod:VineMother+1","Dagger Spray","Slice"],"picked":"Singing Bowl","floor":28},{"not_picked":["Tools of the Trade+1","MostiFishMod:HiddenBlade","MostiFishMod:FullyArmed","Envenom+1"],"picked":"Die Die Die","floor":33},{"not_picked":["Sucker Punch+1","Flying Knee","Dagger Throw+1","Deadly Poison","Blade Dance"],"picked":"Singing Bowl","floor":35},{"not_picked":["Bouncing Flask","Blade Dance","Cloak And Dagger+1","Riddle With Holes+1","Slice+1"],"picked":"Singing Bowl","floor":37},{"not_picked":["Poisoned Stab+1","Deadly Poison","Accuracy+1","Flying Knee+1","Blade Dance+1"],"picked":"Singing Bowl","floor":39},{"not_picked":["Masterful Stab","Flying Knee","PiercingWail+1","Calculated Gamble+1","Well Laid Plans+1"],"picked":"Singing Bowl","floor":41},{"not_picked":["Doppelganger","All Out Attack+1","Underhanded Strike","Skewer","Acrobatics+1"],"picked":"Singing Bowl","floor":42},{"not_picked":["MostiFishMod:ThornCasing+1","Endless Agony+1","Leg Sweep","PiercingWail"],"picked":"Deflect+1","floor":45},{"not_picked":["Madness","Discovery","Deep Breath","Master of Strategy","Enlightenment"],"picked":"Singing Bowl","floor":46},{"not_picked":["Underhanded Strike","Blade Dance+1","Quick Slash","Dodge and Roll+1"],"picked":"Bane+1","floor":54}],"player_experience":118442,"relics_obtained":[{"floor":1,"key":"SynthV:TestCard"},{"floor":7,"key":"Unceasing Top"},{"floor":9,"key":"reliquary:Knoch"},{"floor":11,"key":"Singing Bowl"},{"floor":13,"key":"Frozen Egg 2"},{"floor":26,"key":"Pantograph"},{"floor":28,"key":"Centennial Puzzle"},{"floor":41,"key":"reliquary:Pushpin"},{"floor":45,"key":"Mercury Hourglass"},{"floor":54,"key":"Kunai"}],"event_choices":[{"damage_healed":0,"gold_gain":0,"player_choice":"Upgraded","damage_taken":0,"max_hp_gain":0,"max_hp_loss":0,"event_name":"Upgrade Shrine","floor":3,"gold_loss":0,"cards_upgraded":["Hyperbeam"]},{"cards_removed":["Defend_G"],"damage_healed":0,"gold_gain":0,"player_choice":"Card Removal","damage_taken":0,"max_hp_gain":0,"max_hp_loss":0,"event_name":"The Cleric","floor":10,"gold_loss":50},{"damage_healed":0,"gold_gain":0,"player_choice":"Grow","damage_taken":0,"max_hp_gain":0,"max_hp_loss":0,"event_name":"Living Wall","floor":14,"gold_loss":0,"cards_upgraded":["Poisoned Stab"]},{"damage_healed":28,"gold_gain":0,"player_choice":"Heal","damage_taken":0,"max_hp_gain":0,"max_hp_loss":0,"event_name":"The Library","floor":22,"gold_loss":0},{"cards_removed":["Strike_G"],"damage_healed":0,"gold_gain":0,"player_choice":"Took Card","damage_taken":0,"max_hp_gain":0,"max_hp_loss":0,"event_name":"NoteForYourself","floor":24,"gold_loss":0,"cards_obtained":["Strike_G"]},{"damage_healed":0,"gold_gain":0,"player_choice":"Ignored","damage_taken":0,"max_hp_gain":0,"max_hp_loss":0,"event_name":"Vampires","floor":27,"gold_loss":0},{"cards_removed":["Strike_G"],"damage_healed":0,"gold_gain":0,"player_choice":"Gave Gold","damage_taken":0,"max_hp_gain":0,"max_hp_loss":0,"event_name":"Beggar","floor":29,"gold_loss":75},{"damage_healed":0,"gold_gain":0,"player_choice":"Ignored","damage_taken":0,"max_hp_gain":0,"max_hp_loss":0,"event_name":"The Mausoleum","floor":31,"gold_loss":0},{"cards_removed":["Strike_G"],"damage_healed":0,"gold_gain":0,"player_choice":"Offered Basic","damage_taken":0,"max_hp_gain":0,"max_hp_loss":0,"event_name":"Bonfire Elementals","floor":36,"gold_loss":0},{"damage_healed":0,"gold_gain":0,"player_choice":"Memory 1","damage_taken":0,"max_hp_gain":0,"max_hp_loss":0,"event_name":"SensoryStone","floor":46,"gold_loss":0},{"damage_healed":0,"gold_gain":0,"player_choice":"Paid","damage_taken":0,"relics_obtained":["Red Mask"],"max_hp_gain":0,"max_hp_loss":0,"event_name":"Tomb of Lord Red Mask","floor":47,"gold_loss":84}],"is_beta":false,"boss_relics":[{"not_picked":["SacredBark","HoveringKite"],"picked":"xbg"},{"not_picked":["reliquary:WritOfMandamus","RhineFirstAidKit"],"picked":"ChiXiaoBlade"}],"items_purged_floors":[2,19,38],"is_endless":false,"potions_floor_spawned":[7,13,16,21,28,33,39,42,54],"killed_by":"The Heart","ascension_level":5}}