{"host":"Tonhão","time":1613679522,"event":{"mods":["Aspiration","BaseMod","Better Third Choice","Conspire","Downfall","Friendly Minions","Halation","Hermit","Highlight Path","Hubris","Infinite Spire","Jedi Mod","Minty Spire (QoL Compilation)","Relic Sorter","Reliquary","Replay The Spire","Spicy Shops","StSLib","The Animator","The Construct","The Cursed","The Jester","The Senshi","The Servant 0.9.4"],"gold_per_floor":[114,114,162,180,180,180,205,235,235,269,289,30,30,49,49,152,152,166,166,166,166,4,38,58,58,84,95,70,70,88,99,99,200,200,226,307,10,60,80,80,120,144,167,167,194,218,268,352,352,352],"floor_reached":51,"language":"ENG","playtime":3589,"items_purged":["Decay","Rupture"],"score":1057,"play_id":"3e09fb14-cec5-486a-a70a-4354f2e4149a","local_time":"20210218171842","is_ascension_mode":false,"campfire_choices":[{"data":"Hightail","floor":6,"key":"SMITH"},{"floor":13,"key":"REST"},{"data":"Potential","floor":15,"key":"SMITH"},{"data":"Exchange","floor":25,"key":"SMITH"},{"floor":32,"key":"REST"},{"data":"DoubleEdge","floor":40,"key":"SMITH"},{"data":"ShatteredReality","floor":44,"key":"SMITH"},{"floor":49,"key":"REST"}],"circlet_count":0,"master_deck":["Strike_S","Strike_S","Strike_S","Strike_S","Defend_S","Defend_S","Defend_S","Defend_S","KidneyShot","Exchange+1","Hightail+1","Deny+1","Potential+1","SoulSculpture+1","Potential+1","TheWorld+1","ShatteredReality+1","RealityMarble","Foresight","FlawlessForm+1","DoubleEdge+1","champ:GladiatorStyle"],"relics":["m_BurningSludge","hubris:Icosahedron","halation:PinkSoulGem","halation:VictoryRuler","halation:LoveArrow","NeowsBlessing","reliquary:RoseTintedGlasses","infinitespire:Cubic Diamond","Golden Egg","Bird Faced Urn","aspiration:FrozenJewel","reliquary:HotPoker","MutagenicStrength","halation:BottledLove","Lantern","ReplayTheSpireMod:CursedCoin","SsserpentHead","infinitespire:EvilPickle","halation:Prosthetics","PrismaticShard","TheAbacus","hubris:PeanutButter"],"acts_visited":["Exordium","TheCity","TheBeyond"],"potions_floor_usage":[16,23,23,24,30,31,36,50],"damage_taken":[{"damage":0,"enemies":"Jaw Worm","floor":1,"turns":1},{"damage":0,"enemies":"Cultist","floor":4,"turns":1},{"damage":0,"enemies":"Gremlin Nob","floor":7,"turns":1},{"damage":31,"enemies":"3 Sentries","floor":10,"turns":9},{"damage":0,"enemies":"Small Slimes","floor":11,"turns":6},{"damage":0,"enemies":"3 Louse","floor":14,"turns":7},{"damage":46,"enemies":"Fading Forest","floor":16,"turns":11},{"damage":0,"enemies":"Spheric Guardian","floor":18,"turns":4},{"damage":13,"enemies":"Slavers","floor":23,"turns":4},{"damage":11,"enemies":"Shell Parasite","floor":24,"turns":4},{"damage":12,"enemies":"Cultist and Chosen","floor":27,"turns":2},{"damage":1,"enemies":"Snecko","floor":30,"turns":5},{"damage":15,"enemies":"Shelled Parasite and Fungi","floor":31,"turns":4},{"damage":0,"enemies":"Pondfish","floor":33,"turns":10},{"damage":4,"enemies":"3 Shapes","floor":35,"turns":4},{"damage":3,"enemies":"3 Darklings","floor":36,"turns":4},{"damage":5,"enemies":"Spire Growth","floor":39,"turns":4},{"damage":0,"enemies":"R_Hoarder","floor":41,"turns":6},{"damage":10,"enemies":"Writhing Mass","floor":42,"turns":4},{"damage":0,"enemies":"Transient","floor":45,"turns":5},{"damage":0,"enemies":"Sphere and 2 Shapes","floor":46,"turns":3},{"damage":27,"enemies":"4 Shapes","floor":48,"turns":3},{"damage":4,"enemies":"infinitespire:MassOfShapes","floor":50,"turns":7}],"seed_played":"-2667017120573528859","potions_obtained":[{"floor":7,"key":"jedi:wingpotion"},{"floor":14,"key":"SkillPotion"},{"floor":16,"key":"Languid Potion"},{"floor":18,"key":"SkillPotion"},{"floor":27,"key":"AttackPotion"},{"floor":30,"key":"LiquidMemories"},{"floor":35,"key":"hexamod:SoulburnPotion"},{"floor":42,"key":"PowerPotion"}],"is_trial":false,"path_per_floor":["M","?","T","M","?","R","E","?","T","E","M","$","R","M","R","B",null,"M","?","T","?","$","E","M","R","T","M","$","?","M","M","R","B",null,"M","M","$","?","M","R","E","M","T","R","M","M","?","M","R","B",null],"character_chosen":"THE_SERVANT","items_purchased":["reliquary:HotPoker","TheWorld","ReplayTheSpireMod:CursedCoin","PrismaticShard","TheAbacus"],"campfire_rested":3,"item_purchase_floors":[12,22,28,37,37],"current_hp_per_floor":[65,65,65,65,65,65,65,65,65,34,34,34,53,53,53,9,65,65,65,65,65,65,52,41,41,41,29,29,29,30,17,36,40,30,29,29,29,29,27,27,30,20,20,20,24,30,28,1,9,15],"gold":352,"neow_bonus":"THREE_ENEMY_KILL","is_daily":false,"chose_seed":false,"campfire_upgraded":5,"win_rate":0.0,"timestamp":1613679522,"path_taken":["M","?","?","?","?","R","E","?","T","E","M","$","R","M","R","BOSS","M","?","?","?","$","E","?","R","T","M","$","?","M","M","R","BOSS","M","?","$","?","M","R","E","M","T","R","M","M","?","?","R","BOSS"],"items_purchased_type":["Relic","Card","Relic","Relic","Relic"],"build_version":"2020-11-17","purchased_purges":2,"victory":true,"max_hp_per_floor":[65,65,65,65,65,65,65,65,65,65,65,65,65,65,65,65,65,65,65,65,65,65,65,65,65,65,65,65,65,65,65,65,65,30,30,30,30,30,30,30,30,30,30,30,30,30,28,28,28,28],"card_choices":[{"not_picked":["Replace","Ricochet"],"picked":"Hightail","floor":1},{"not_picked":["FastForward","TimeWarp","ShatteredReality"],"picked":"SKIP","floor":4},{"not_picked":["Sword Boomerang","Hightail","FastForward"],"picked":"SKIP","floor":7},{"not_picked":["Defy","Sunlight"],"picked":"Deny","floor":10},{"not_picked":["Sword Boomerang","Alleviate"],"picked":"Rupture","floor":11},{"not_picked":["ReturningBlade","Starlight"],"picked":"Potential","floor":14},{"not_picked":["Initiator","Slimebound:CheckThePlaybook"],"picked":"SoulSculpture","floor":16},{"not_picked":["Unruled+1","WasteNot"],"picked":"Potential+1","floor":18},{"not_picked":["Potential","Revamp"],"picked":"ShatteredReality","floor":23},{"not_picked":["Defy","Gouge","Spin+1"],"picked":"SKIP","floor":24},{"not_picked":["Starlight","Potential"],"picked":"RealityMarble","floor":27},{"not_picked":["FlawlessForm","Alleviate","Hightail"],"picked":"SKIP","floor":30},{"not_picked":["Rearm","DoubleEdge"],"picked":"Foresight","floor":31},{"not_picked":["Sunlight","SoulSculpture"],"picked":"FlawlessForm","floor":33},{"not_picked":["Revamp+1","Alleviate","Starlight"],"picked":"SKIP","floor":35},{"not_picked":["TimeWarp+1","Replace+1"],"picked":"DoubleEdge","floor":36},{"not_picked":["EmptyBody","theSenshi:MoonTiaraMagic+1","animator:Shion"],"picked":"SKIP","floor":39},{"not_picked":["bronze:InfiniteBeams","BowlingBash","theSenshi:SailorV"],"picked":"SKIP","floor":41},{"not_picked":["Force Field","Heatsinks","champ:Shatter+1"],"picked":"SKIP","floor":42},{"not_picked":["Halt","jedi:fear"],"picked":"champ:GladiatorStyle","floor":45},{"not_picked":["sneckomod:UnknownClassHEXA_GHOST_PURPLE+1","hexamod:SuperheatedStrike","animator:FielNirvalen+1"],"picked":"SKIP","floor":46},{"not_picked":["animator:NononJakuzure","Defy+1","sneckomod:UnknownDexterity+1"],"picked":"SKIP","floor":48}],"player_experience":163167,"relics_obtained":[{"floor":3,"key":"reliquary:RoseTintedGlasses"},{"floor":7,"key":"Golden Egg"},{"floor":9,"key":"Bird Faced Urn"},{"floor":10,"key":"aspiration:FrozenJewel"},{"floor":20,"key":"halation:VictoryRuler"},{"floor":23,"key":"halation:BottledLove"},{"floor":26,"key":"Lantern"},{"floor":41,"key":"hubris:PeanutButter"}],"event_choices":[{"damage_healed":0,"gold_gain":30,"player_choice":"Searched \u00272\u0027 times","damage_taken":0,"max_hp_gain":0,"max_hp_loss":0,"event_name":"Dead Adventurer","floor":8,"gold_loss":0},{"damage_healed":0,"gold_gain":0,"player_choice":"Inject Mutagens","damage_taken":0,"relics_obtained":["MutagenicStrength"],"max_hp_gain":0,"max_hp_loss":0,"event_name":"Drug Dealer","floor":19,"gold_loss":0},{"damage_healed":0,"gold_gain":0,"player_choice":"Trade","damage_taken":0,"relics_obtained":["SsserpentHead"],"max_hp_gain":0,"max_hp_loss":0,"event_name":"FaceTrader","floor":29,"gold_loss":0},{"damage_healed":0,"gold_gain":0,"player_choice":"Leave","damage_taken":0,"max_hp_gain":0,"max_hp_loss":0,"event_name":"conspire:Investor","floor":38,"gold_loss":0},{"damage_healed":0,"gold_gain":0,"player_choice":"Max HP","damage_taken":0,"max_hp_gain":0,"max_hp_loss":2,"event_name":"Winding Halls","floor":47,"gold_loss":0}],"is_beta":true,"boss_relics":[{"not_picked":["halation:MonkeysPaw","Big Top"],"picked":"halation:LoveArrow"},{"not_picked":["Replay:Bronze Core","sneckomod:SneckoTalon"],"picked":"halation:Prosthetics"}],"items_purged_floors":[28,28],"is_endless":false,"potions_floor_spawned":[7,14,16,18,27,30,35,42],"ascension_level":0}}