{"host":"boira1xv6we3zvcv","time":1613620402,"event":{"mods":["BaseMod","Colored Powertips","Hermit","Minty Spire (QoL Compilation)","Shop Mod","StSLib","The Cursed","The Necromancer","UnlockEverythingMod"],"gold_per_floor":[111,111,81,101,52,52,87,97,120,139,139,158,158,169,169,268,268,288,36,36,49,49,49,80,80,103,103,103,103,103],"floor_reached":29,"language":"ENG","playtime":1859,"items_purged":[],"score":291,"play_id":"c8de8b1d-c0ca-410f-b433-4a25c006fb7f","local_time":"20210218045322","is_ascension_mode":false,"campfire_choices":[{"data":"Finger_Of_Death","floor":6,"key":"SMITH"},{"data":"Bone_Shift","floor":13,"key":"SMITH"},{"floor":15,"key":"REST"},{"floor":23,"key":"REST"},{"floor":25,"key":"REST"},{"floor":28,"key":"REST"}],"circlet_count":0,"master_deck":["Defend_W","Defend_W","Defend_W","Defend_W","Negative_Energy_Arrows","Bone_Wall","Bones_to_Steel","Blood_Curse","Finger_Of_Death+1","Bone_Armor","Bone_Spikes","Finger_Of_Death","Bone_Shift+1","Finger_Of_Death","Skeleton_Dragon","Pandemic+1","Bite","Bite","Bite","Bite","Bite"],"relics":["Vampire_Amulet","NeowsBlessing","Bronze Scales","Matryoshka","Busted Crown","Toxic Egg 2","Orichalcum","PreservedInsect","Boot"],"acts_visited":["Exordium","TheCity"],"potions_floor_usage":[10,16,16,16,24,24,24],"damage_taken":[{"damage":0,"enemies":"Jaw Worm","floor":1,"turns":1},{"damage":0,"enemies":"2 Louse","floor":4,"turns":1},{"damage":0,"enemies":"Lagavulin","floor":7,"turns":1},{"damage":6,"enemies":"Cultist","floor":8,"turns":3},{"damage":11,"enemies":"Exordium Thugs","floor":10,"turns":4},{"damage":12,"enemies":"Red Slaver","floor":12,"turns":3},{"damage":4,"enemies":"Lots of Slimes","floor":14,"turns":3},{"damage":17,"enemies":"The Guardian","floor":16,"turns":14},{"damage":17,"enemies":"Spheric Guardian","floor":18,"turns":4},{"damage":16,"enemies":"2 Thieves","floor":21,"turns":4},{"damage":73,"enemies":"Gremlin Leader","floor":24,"turns":8},{"damage":21,"enemies":"Colosseum Slavers","floor":27,"turns":4},{"damage":40,"enemies":"Book of Stabbing","floor":29,"turns":5}],"seed_played":"9092060665610758725","potions_obtained":[{"floor":1,"key":"EntropicBrew"},{"floor":3,"key":"SpeedPotion"},{"floor":3,"key":"SneckoOil"},{"floor":10,"key":"ColorlessPotion"},{"floor":12,"key":"DistilledChaos"}],"is_trial":false,"path_per_floor":["M","?","?","M","$","R","E","M","T","M","T","M","R","M","R","B",null,"M","$","?","M","?","R","E","R","T","?","R","E"],"character_chosen":"NECROMANCER","items_purchased":["Finger_Of_Death","Toxic Egg 2"],"campfire_rested":4,"item_purchase_floors":[5,19],"current_hp_per_floor":[75,68,68,72,72,72,74,70,70,63,63,53,53,59,75,60,75,60,60,60,48,48,52,5,20,20,13,28,0,0],"gold":103,"neow_bonus":"THREE_ENEMY_KILL","is_daily":false,"chose_seed":false,"campfire_upgraded":2,"win_rate":0.0,"timestamp":1613620402,"path_taken":["M","?","?","M","$","R","E","M","T","?","?","M","R","?","R","BOSS","M","$","?","?","?","R","E","R","T","?","R","E"],"items_purchased_type":["Card","Relic"],"build_version":"2020-12-22","purchased_purges":0,"victory":false,"max_hp_per_floor":[75,75,75,75,75,75,75,75,75,75,75,75,75,75,75,75,75,75,75,75,75,52,52,52,52,52,52,52,52,52],"card_choices":[{"not_picked":["Spectral_Armor","Shackles_Of_Pain"],"picked":"Bones_to_Steel","floor":1},{"not_picked":["Toxic_Smoke_Screen","Spectral_Walk"],"picked":"Blood_Curse","floor":4},{"not_picked":["Summon_Undead","Plague_Bolt"],"picked":"Bone_Armor","floor":7},{"not_picked":["Death_March_Dance","Reap_The_Weak"],"picked":"Bone_Spikes","floor":8},{"not_picked":["Negative_Energy_Sphere","Chill_Blood"],"picked":"Finger_Of_Death","floor":10},{"not_picked":["Spectral_Armor","Finger_Of_Death"],"picked":"Bone_Shift","floor":12},{"not_picked":["Consume_Illness","Blood_Whip"],"picked":"Finger_Of_Death","floor":14},{"not_picked":["Grasp_Heart","Summon_Death_Knight"],"picked":"Skeleton_Dragon","floor":16},{"not_picked":[],"picked":"Pandemic+1","floor":18},{"not_picked":["Blood_for_Blood"],"picked":"SKIP","floor":21},{"not_picked":["Reap_The_Weak"],"picked":"SKIP","floor":24}],"player_experience":44751,"relics_obtained":[{"floor":7,"key":"Bronze Scales"},{"floor":11,"key":"Matryoshka"},{"floor":24,"key":"Orichalcum"},{"floor":26,"key":"PreservedInsect"},{"floor":26,"key":"Boot"}],"event_choices":[{"cards_removed":["Strike_W"],"damage_healed":0,"gold_gain":0,"player_choice":"Card Removal","damage_taken":7,"max_hp_gain":0,"max_hp_loss":0,"event_name":"Golden Wing","floor":2,"gold_loss":0},{"damage_healed":0,"gold_gain":0,"player_choice":"Bought 2 Potions","damage_taken":0,"max_hp_gain":0,"max_hp_loss":0,"event_name":"The Woman in Blue","floor":3,"gold_loss":0},{"cards_removed":["Strike_W"],"damage_healed":0,"gold_gain":0,"player_choice":"Purged","damage_taken":0,"max_hp_gain":0,"max_hp_loss":0,"event_name":"Purifier","floor":20,"gold_loss":0},{"damage_healed":0,"gold_gain":0,"player_choice":"Became a vampire","damage_taken":0,"max_hp_gain":0,"max_hp_loss":23,"event_name":"Vampires","floor":22,"gold_loss":0,"cards_obtained":["Bite","Bite","Bite","Bite","Bite"]},{"damage_healed":0,"gold_gain":0,"player_choice":"Fight","damage_taken":0,"max_hp_gain":0,"max_hp_loss":0,"event_name":"Colosseum","floor":27,"gold_loss":0},{"damage_healed":0,"gold_gain":0,"player_choice":"Fled From Nobs","damage_taken":0,"max_hp_gain":0,"max_hp_loss":0,"event_name":"Colosseum","floor":27,"gold_loss":0}],"is_beta":false,"boss_relics":[{"not_picked":["SlaversCollar","Runic Pyramid"],"picked":"Busted Crown"}],"items_purged_floors":[],"is_endless":false,"potions_floor_spawned":[1,10,12,21],"killed_by":"Book of Stabbing","ascension_level":0}}