{"host":"t81nzcd9m7brb0qe","time":1613622717,"event":{"mods":["2.2 Compatiblity","BaseMod","Colored Map","Dark Map","Downfall","Highlight Path","Minty Spire (QoL Compilation)","StSLib"],"gold_per_floor":[99,115,215,232,244,269,323,335,366,385,385,385,385,69,84,197,197,197,209,209,221,221,221,221,221],"floor_reached":23,"language":"ENG","playtime":840,"items_purged":[],"score":216,"play_id":"63736d00-540c-4e0c-8a11-4f8e307fc98a","local_time":"20210217203157","is_ascension_mode":false,"campfire_choices":[{"data":"sneckomod:Unknown","floor":1,"key":"SMITH"},{"floor":11,"key":"REST"},{"data":"sneckomod:Unknown3Cost","floor":13,"key":"SMITH"},{"floor":18,"key":"REST"}],"circlet_count":0,"master_deck":["sneckomod:Strike","sneckomod:Defend","sneckomod:Defend","sneckomod:Defend+1","sneckomod:TailWhip","sneckomod:SnekBite","sneckomod:Unknown+1","sneckomod:Unknown+1","sneckomod:UnknownClassRED","sneckomod:SerpentIdol","sneckomod:UnknownDexterity","sneckomod:DiceCrush","sneckomod:Unknown3Cost+1","sneckomod:UnknownClassTHE_BRONZE_AUTOMATON","Parasite","sneckomod:DiceBoulder","sneckomod:Unknown1Cost","sneckomod:Mudshield","sneckomod:RainOfDice","sneckomod:Unknown3Cost","sneckomod:UnendingSupply","sneckomod:UnknownClassSLIMEBOUND"],"relics":["sneckomod:SneckoSoul","MealTicket","PreservedInsect","War Paint","Lantern","ClockworkSouvenir","Fusion Hammer","Pear"],"acts_visited":["Exordium","TheCity"],"potions_floor_usage":[],"damage_taken":[{"damage":8,"enemies":"Jaw Worm","floor":2,"turns":3},{"damage":5,"enemies":"Cultist","floor":4,"turns":4},{"damage":0,"enemies":"Small Slimes","floor":5,"turns":3},{"damage":4,"enemies":"Blue Slaver","floor":8,"turns":3},{"damage":39,"enemies":"Lagavulin","floor":9,"turns":7},{"damage":9,"enemies":"downfall:LooterAlt","floor":10,"turns":5},{"damage":2,"enemies":"downfall:FleeingMerchant","floor":14,"turns":4},{"damage":13,"enemies":"Red Slaver","floor":15,"turns":2},{"damage":15,"enemies":"IC_STATUS_ARCHETYPE","floor":16,"turns":9},{"damage":36,"enemies":"downfall:LooterAlt2","floor":19,"turns":6},{"damage":28,"enemies":"Chosen","floor":21,"turns":5},{"damage":39,"enemies":"Snake Plant","floor":23,"turns":4}],"seed_played":"-4318051881111158533","potions_obtained":[{"floor":5,"key":"champ:CounterPotion"},{"floor":8,"key":"Explosive Potion"},{"floor":9,"key":"EntropicBrew"}],"is_trial":false,"path_per_floor":["R","M","?","M","M","T","T","M","E","M","R","?","R","$","M","B",null,"R","M","?","M","?","M"],"character_chosen":"THE_SNECKO","items_purchased":["Lantern","ClockworkSouvenir"],"campfire_rested":2,"item_purchase_floors":[14,14],"current_hp_per_floor":[99,91,91,86,86,86,86,82,43,34,63,87,87,97,84,69,99,99,63,55,27,37,0,0,0],"gold":221,"neow_bonus":"TEN_PERCENT_HP_BONUS","is_daily":false,"chose_seed":false,"campfire_upgraded":2,"win_rate":0.0,"timestamp":1613622717,"path_taken":["R","M","?","M","?","?","T","M","E","M","R","?","R","?","M","BOSS","R","M","?","?","?","M"],"items_purchased_type":["Relic","Relic"],"build_version":"2020-12-22","purchased_purges":0,"victory":false,"max_hp_per_floor":[99,99,99,99,99,99,99,99,99,99,99,99,99,99,99,99,99,99,99,99,99,109,109,109,109],"card_choices":[{"not_picked":["sneckomod:UnknownColorless","sneckomod:CheapStock"],"picked":"sneckomod:UnknownClassRED","floor":2},{"not_picked":["sneckomod:QuickBite","sneckomod:UnknownUncommonPower"],"picked":"sneckomod:SerpentIdol","floor":4},{"not_picked":["sneckomod:UnknownClassTHE_BRONZE_AUTOMATON","sneckomod:SerpentIdol"],"picked":"sneckomod:UnknownDexterity","floor":5},{"not_picked":["sneckomod:UnendingSupply","sneckomod:Unknown0Cost"],"picked":"sneckomod:DiceCrush","floor":8},{"not_picked":["sneckomod:WideSting","sneckomod:Unknown1Cost"],"picked":"sneckomod:Unknown3Cost","floor":9},{"not_picked":["sneckomod:MasterEye","sneckomod:WideSting"],"picked":"sneckomod:UnknownClassTHE_BRONZE_AUTOMATON","floor":10},{"not_picked":["sneckomod:UnknownBlock","sneckomod:Unknown2Cost"],"picked":"sneckomod:DiceBoulder","floor":14},{"not_picked":["sneckomod:UnendingSupply","sneckomod:MasterEye"],"picked":"sneckomod:Unknown1Cost","floor":15},{"not_picked":["sneckomod:Restock","sneckomod:DangerNoodle"],"picked":"sneckomod:Mudshield","floor":16},{"not_picked":["sneckomod:UnknownCommonSkill","sneckomod:SoulRoll+1"],"picked":"sneckomod:RainOfDice","floor":19},{"not_picked":["sneckomod:UnknownDraw","sneckomod:Unknown1Cost"],"picked":"sneckomod:UnknownClassSLIMEBOUND","floor":21}],"player_experience":146270,"relics_obtained":[{"floor":6,"key":"MealTicket"},{"floor":7,"key":"PreservedInsect"},{"floor":9,"key":"War Paint"}],"event_choices":[{"damage_healed":24,"gold_gain":0,"player_choice":"Healed and dodged fight","damage_taken":0,"max_hp_gain":0,"max_hp_loss":0,"event_name":"Mushrooms","floor":12,"gold_loss":0,"cards_obtained":["Parasite"]}],"is_beta":false,"boss_relics":[{"not_picked":["Tiny House","Runic Dome"],"picked":"Fusion Hammer"}],"items_purged_floors":[],"is_endless":false,"potions_floor_spawned":[5,8,9,16,21],"killed_by":"Snake Plant","ascension_level":0}}