{"host":"n3yraofadl2d9nwo","time":1613609944,"event":{"mods":["BaseMod","Friendly Minions","Marisa????????","Minty Spire (QoL Compilation)","StSLib","The Animator"],"gold_per_floor":[119,119,135,135,149,174,200,200,252,294,306,346,385,412,424,539,551,593,622,559,276,276,276,314,338,362,399,149,149,149,171,171,284,334,349,361,384,404,416,447,447,457,457,457,457,60,90,90,90],"floor_reached":48,"language":"ENG","playtime":3416,"items_purged":["animator:Strike","Writhe"],"score":677,"play_id":"85071cbb-ff80-418f-ac0d-a3d5a0397f83","local_time":"20210218015904","is_ascension_mode":false,"campfire_choices":[{"floor":8,"key":"REST"},{"floor":11,"key":"REST"},{"data":"animator:Shion","floor":15,"key":"SMITH"},{"data":"animator:Shalltear","floor":23,"key":"SMITH"},{"data":"animator:Alexander","floor":29,"key":"SMITH"},{"data":"animator:Alexander","floor":32,"key":"SMITH"},{"data":"animator:Aqua","floor":41,"key":"SMITH"},{"data":"animator:Darkness","floor":45,"key":"SMITH"}],"circlet_count":0,"master_deck":["animator:Strike_Overlord","animator:Defend_Overlord+1","animator:Defend","animator:Defend","animator:Defend+1","animator:Cocytus","animator:Demiurge","animator:Mitsurugi","animator:Vanir","animator:Shalltear+1","animator:Darkness","animator:Shion+1","animator:Shichika","animator:Gillette","animator:GuildGirl","animator:Shizu","animator:Rimuru","animator:Alexander+1","animator:Togame","animator:Aqua+1","animator:KyokoSakura","animator:Shalltear","animator:PandorasActor","animator:Alexander+1","animator:Albedo+1","animator:Archer","animator:Shuna","animator:Mitsurugi+1","animator:Millim+1","animator:Kuribayashi+1","animator:Lu+1","animator:Mikaela+1","animator:Entoma","animator:Darkness+1","animator:Demiurge+1","animator:LimeBell","animator:Nanami"],"relics":["animator:LivingPicture","animator:TheMissingPiece","animator:PurgingStone","NeowsBlessing","Bronze Scales","MawBank","Bag of Marbles","Boot","Mark of Pain","Prayer Wheel","Incense Burner","Smiling Mask","Blood Vial","Lee\u0027s Waffle","Tiny House","War Paint","Pantograph","InkBottle"],"acts_visited":["Exordium","TheCity","TheBeyond"],"potions_floor_usage":[13,24,24,42],"damage_taken":[{"damage":0,"enemies":"Cultist","floor":1,"turns":1},{"damage":0,"enemies":"2 Louse","floor":3,"turns":1},{"damage":0,"enemies":"Jaw Worm","floor":5,"turns":1},{"damage":28,"enemies":"Exordium Thugs","floor":6,"turns":7},{"damage":27,"enemies":"Gremlin Nob","floor":7,"turns":4},{"damage":14,"enemies":"Lagavulin","floor":10,"turns":5},{"damage":4,"enemies":"Gremlin Nob","floor":12,"turns":3},{"damage":8,"enemies":"Exordium Wildlife","floor":13,"turns":3},{"damage":7,"enemies":"Large Slime","floor":14,"turns":4},{"damage":0,"enemies":"Hexaghost","floor":16,"turns":8},{"damage":6,"enemies":"3 Byrds","floor":18,"turns":3},{"damage":4,"enemies":"2 Thieves","floor":19,"turns":3},{"damage":8,"enemies":"Slavers","floor":24,"turns":4},{"damage":8,"enemies":"Snake Plant","floor":25,"turns":4},{"damage":19,"enemies":"animator:HornedBat","floor":27,"turns":6},{"damage":9,"enemies":"Sentry and Sphere","floor":31,"turns":4},{"damage":21,"enemies":"Collector","floor":33,"turns":5},{"damage":0,"enemies":"Orb Walker","floor":35,"turns":2},{"damage":22,"enemies":"3 Darklings","floor":36,"turns":4},{"damage":9,"enemies":"Jaw Worm Horde","floor":37,"turns":3},{"damage":6,"enemies":"Sphere and 2 Shapes","floor":38,"turns":5},{"damage":24,"enemies":"Spire Growth","floor":39,"turns":3},{"damage":28,"enemies":"Giant Head","floor":40,"turns":8},{"damage":0,"enemies":"3 Darklings","floor":42,"turns":2},{"damage":65,"enemies":"Nemesis","floor":47,"turns":7},{"damage":29,"enemies":"Writhing Mass","floor":48,"turns":3}],"seed_played":"-3444640764100936719","potions_obtained":[{"floor":6,"key":"AttackPotion"},{"floor":7,"key":"Swift Potion"},{"floor":12,"key":"Fruit Juice"},{"floor":13,"key":"CultistPotion"},{"floor":18,"key":"animator:FalseLifePotion"},{"floor":25,"key":"Explosive Potion"},{"floor":27,"key":"GamblersBrew"},{"floor":33,"key":"FairyPotion"}],"is_trial":false,"path_per_floor":["M","?","M","?","M","M","E","R","T","E","R","E","M","M","R","B",null,"M","M","?","$","?","R","E","M","T","E","$","R","?","M","R","B",null,"M","M","M","M","M","E","R","M","T","?","R","$","E","M"],"character_chosen":"THE_ANIMATOR","items_purchased":["Prayer Wheel","Lee\u0027s Waffle","animator:KyokoSakura","animator:LimeBell","Pantograph"],"campfire_rested":2,"item_purchase_floors":[21,28,28,46,46],"current_hp_per_floor":[66,66,66,66,66,38,11,30,30,16,35,31,28,21,21,21,71,65,61,61,61,61,61,53,45,45,26,78,78,78,70,70,53,84,84,64,59,57,38,14,14,16,16,37,37,37,25,0,0],"gold":90,"neow_bonus":"THREE_ENEMY_KILL","is_daily":false,"chose_seed":false,"campfire_upgraded":6,"win_rate":0.0,"timestamp":1613609944,"path_taken":["M","?","?","?","?","M","E","R","T","E","R","E","M","M","R","BOSS","M","M","?","$","?","R","E","M","T","E","?","R","?","M","R","BOSS","M","M","M","M","M","E","R","M","T","?","R","$","E","M"],"items_purchased_type":["Relic","Relic","Card","Card","Relic"],"build_version":"2020-12-22","purchased_purges":2,"victory":false,"max_hp_per_floor":[66,66,66,66,66,66,66,66,66,66,66,66,71,71,71,71,71,71,71,71,71,71,71,71,71,71,71,78,78,78,79,79,79,84,84,84,84,84,85,85,85,85,85,85,85,85,85,85,85],"card_choices":[{"not_picked":["animator:DwarfShaman","animator:ZankiKiguchi"],"picked":"animator:Mitsurugi","floor":1},{"not_picked":["animator:IrohaTamaki","animator:Chung","animator:Tyuule"],"picked":"SKIP","floor":3},{"not_picked":["animator:DolaSchwi","animator:TsurugaMeisai"],"picked":"animator:Vanir","floor":5},{"not_picked":["animator:PandorasActor","animator:Cocytus"],"picked":"animator:Shalltear","floor":6},{"not_picked":["animator:LizardPriest","animator:Sonic"],"picked":"animator:Darkness","floor":7},{"not_picked":["animator:Azekura","animator:NarberalGamma"],"picked":"animator:Shion","floor":10},{"not_picked":["animator:Shigure","animator:DolaStephanie"],"picked":"animator:Shichika","floor":12},{"not_picked":["animator:AcuraAkari","animator:ChaikaBohdan"],"picked":"animator:Gillette","floor":13},{"not_picked":["animator:MetalKnight","animator:Mitsuba"],"picked":"animator:GuildGirl","floor":14},{"not_picked":["animator:Albedo","animator:Greed"],"picked":"animator:Shizu","floor":16},{"not_picked":["animator:Berserker","animator:Megumin","animator:DolaStephanie+1"],"picked":"SKIP","floor":18},{"not_picked":["animator:Ara","animator:ShinjiMatou","animator:IrohaTamaki"],"picked":"SKIP","floor":19},{"not_picked":["animator:Millim","animator:Souei"],"picked":"animator:Rimuru","floor":24},{"not_picked":["animator:RoyMustang","animator:ShinjiMatou+1"],"picked":"animator:Alexander","floor":25},{"not_picked":["animator:Verdia","animator:MumenRider"],"picked":"animator:Togame","floor":25},{"not_picked":["animator:Sloth+1","animator:DolaCouronne"],"picked":"animator:Aqua","floor":27},{"not_picked":["animator:EmiyaShirou","animator:Nanami"],"picked":"animator:PandorasActor","floor":31},{"not_picked":["animator:HomuraAkemi","animator:RoyMustang"],"picked":"animator:Alexander","floor":31},{"not_picked":["animator:Elesis","animator:GoblinSlayer"],"picked":"animator:Albedo","floor":33},{"not_picked":["animator:RoyMustang","animator:ShinjiMatou+1"],"picked":"animator:Archer","floor":34},{"not_picked":["animator:Archer","animator:Spearman+1"],"picked":"animator:Shuna","floor":35},{"not_picked":["animator:FielNirvalen","animator:DolaStephanie+1"],"picked":"animator:Mitsurugi+1","floor":36},{"not_picked":["animator:Spearman+1","animator:YunYun"],"picked":"animator:Millim+1","floor":36},{"not_picked":["animator:Viivi","animator:Saitama"],"picked":"animator:Kuribayashi+1","floor":37},{"not_picked":["animator:Assassin","animator:Berserker+1","animator:TukaLunaMarceau"],"picked":"SKIP","floor":37},{"not_picked":["animator:GuildGirl+1","animator:Kazuma+1"],"picked":"animator:Lu+1","floor":38},{"not_picked":["animator:Fredrika","animator:ShinjiMatou+1"],"picked":"animator:Mikaela+1","floor":38},{"not_picked":["animator:Shalltear","animator:NarberalGamma"],"picked":"animator:Entoma","floor":39},{"not_picked":["animator:Kuribayashi+1","animator:ZankiKiguchi","animator:Shion+1"],"picked":"SKIP","floor":39},{"not_picked":["animator:Mikaela+1","animator:Shion+1"],"picked":"animator:Darkness","floor":40},{"not_picked":["animator:Fredrika+1","animator:PandorasActor"],"picked":"animator:Demiurge+1","floor":42},{"not_picked":["animator:Bozes","animator:Layla","animator:Sonic"],"picked":"SKIP","floor":42},{"not_picked":["animator:ShinjiMatou","animator:SakuraMatou"],"picked":"animator:Nanami","floor":47}],"player_experience":848312,"relics_obtained":[{"floor":7,"key":"Bronze Scales"},{"floor":9,"key":"MawBank"},{"floor":10,"key":"Bag of Marbles"},{"floor":12,"key":"Boot"},{"floor":24,"key":"Incense Burner"},{"floor":26,"key":"Smiling Mask"},{"floor":27,"key":"Blood Vial"},{"floor":40,"key":"War Paint"},{"floor":47,"key":"InkBottle"}],"event_choices":[{"damage_healed":0,"gold_gain":0,"player_choice":"Ignored","damage_taken":0,"max_hp_gain":0,"max_hp_loss":0,"event_name":"NoteForYourself","floor":2,"gold_loss":0},{"cards_removed":["animator:Strike"],"damage_healed":0,"gold_gain":0,"player_choice":"Purged","damage_taken":0,"max_hp_gain":0,"max_hp_loss":0,"event_name":"Purifier","floor":4,"gold_loss":0},{"cards_removed":["animator:Strike"],"damage_healed":0,"gold_gain":0,"player_choice":"Gave Gold","damage_taken":0,"max_hp_gain":0,"max_hp_loss":0,"event_name":"Beggar","floor":20,"gold_loss":75},{"damage_healed":0,"gold_gain":0,"player_choice":"Ignored","damage_taken":0,"max_hp_gain":0,"max_hp_loss":0,"event_name":"The Mausoleum","floor":22,"gold_loss":0},{"damage_healed":0,"gold_gain":0,"player_choice":"Read","damage_taken":0,"max_hp_gain":0,"max_hp_loss":0,"event_name":"The Library","floor":30,"gold_loss":0,"cards_obtained":["animator:Shalltear"]},{"damage_healed":21,"gold_gain":0,"player_choice":"Writhe","damage_taken":0,"max_hp_gain":0,"max_hp_loss":0,"event_name":"Winding Halls","floor":44,"gold_loss":0,"cards_obtained":["Writhe"]}],"is_beta":false,"boss_relics":[{"not_picked":["Empty Cage","Calling Bell"],"picked":"Mark of Pain"},{"not_picked":["SacredBark","Coffee Dripper"],"picked":"Tiny House"}],"items_purged_floors":[28,46],"is_endless":false,"potions_floor_spawned":[6,7,12,13,16,18,25,27,33,36,37,40],"killed_by":"Writhing Mass","ascension_level":0}}