{"host":"tq11g1xvjhf4r9h6","time":1613663189,"event":{"mods":["2.2 Compatiblity","BaseMod","Colored Powertips","Communication Mod","DeckTracker","Minty Spire (QoL Compilation)","Permanent Neow","Quick Restart","Rare Cards Sparkle","Relic Stats","StSLib","The Poker Player","Unknown Chances","everything is the same but u backflip on backflip"],"gold_per_floor":[118,118,135,60,60,60,73,148,148,48,62,77,77,91,91,189,189,201,212,232,232,25,25,58,76,125,136,136,151,182,196,196,298,298,312,312,326,97,107,139,139,167,167,181,181,6,53,53,53,53,53,53,53,79,79],"floor_reached":56,"language":"KOR","playtime":2572,"items_purged":["PokerPlayerMod:Club1","PokerPlayerMod:Diamond1","PokerPlayerMod:Spade1","PokerPlayerMod:Diamond5","PokerPlayerMod:Spade2"],"score":1314,"play_id":"cd9e2544-06a3-4a8d-92e5-298c17843939","local_time":"20210219004629","is_ascension_mode":false,"metric_token":926,"campfire_choices":[{"data":"PokerPlayerMod:Diamond3","floor":6.0,"key":"SMITH"},{"data":"PokerPlayerMod:ItsShowtime","floor":15.0,"key":"SMITH"},{"data":"PokerPlayerMod:GamblerForm","floor":23.0,"key":"SMITH"},{"data":"PokerPlayerMod:Diamond2","floor":28.0,"key":"SMITH"},{"data":"PokerPlayerMod:Diamond3","floor":32.0,"key":"SMITH"},{"floor":41.0,"key":"RECALL"},{"data":"PokerPlayerMod:Mulligan","floor":45.0,"key":"SMITH"},{"floor":49.0,"key":"REST"},{"data":"PokerPlayerMod:Club2","floor":52.0,"key":"PURGE"}],"circlet_count":0,"master_deck":["PokerPlayerMod:Diamond4","PokerPlayerMod:Diamond4","PokerPlayerMod:Diamond4","PokerPlayerMod:Spade4","PokerPlayerMod:Spade4","PokerPlayerMod:Heart2","PokerPlayerMod:TrumpStrike+1","PokerPlayerMod:BadJoker","PokerPlayerMod:Mulligan+1","PokerPlayerMod:Diamond4","PokerPlayerMod:Spade4","PokerPlayerMod:ItsShowtime+1","PokerPlayerMod:Club4","PokerPlayerMod:GamblerForm+1","PokerPlayerMod:DiamondStrike+1","PokerPlayerMod:Diamond4","PokerPlayerMod:Sharpen","PokerPlayerMod:Extraction+1"],"relics":["PokerPlayerMod:DeckCase","Tiny Chest","PreservedInsect","Black Star","Akabeko","Omamori","PokerPlayerMod:FairLicense","Whetstone","Du-Vu Doll","Girya","Boot","Toy Ornithopter","Frozen Egg 2","Toxic Egg 2","HornCleat","Peace Pipe","Letter Opener","Kunai"],"acts_visited":["Exordium","TheCity","TheBeyond","TheEnding"],"potions_floor_usage":[55,55,55],"damage_taken":[{"damage":4.0,"enemies":"2 Louse","floor":1.0,"turns":2.0},{"damage":0.0,"enemies":"Cultist","floor":3.0,"turns":3.0},{"damage":0.0,"enemies":"Small Slimes","floor":7.0,"turns":2.0},{"damage":0.0,"enemies":"Gremlin Gang","floor":11.0,"turns":3.0},{"damage":0.0,"enemies":"Blue Slaver","floor":12.0,"turns":2.0},{"damage":0.0,"enemies":"Exordium Wildlife","floor":14.0,"turns":3.0},{"damage":20.0,"enemies":"The Guardian","floor":16.0,"turns":7.0},{"damage":0.0,"enemies":"2 Thieves","floor":18.0,"turns":3.0},{"damage":0.0,"enemies":"3 Byrds","floor":19.0,"turns":2.0},{"damage":0.0,"enemies":"Centurion and Healer","floor":20.0,"turns":4.0},{"damage":18.0,"enemies":"Slavers","floor":24.0,"turns":3.0},{"damage":0.0,"enemies":"Chosen and Byrds","floor":25.0,"turns":4.0},{"damage":15.0,"enemies":"Snecko","floor":27.0,"turns":3.0},{"damage":16.0,"enemies":"Centurion and Healer","floor":29.0,"turns":4.0},{"damage":20.0,"enemies":"Book of Stabbing","floor":30.0,"turns":3.0},{"damage":5.0,"enemies":"Sentry and Sphere","floor":31.0,"turns":3.0},{"damage":0.0,"enemies":"Champ","floor":33.0,"turns":8.0},{"damage":0.0,"enemies":"Orb Walker","floor":35.0,"turns":2.0},{"damage":0.0,"enemies":"3 Darklings","floor":37.0,"turns":2.0},{"damage":0.0,"enemies":"Spire Growth","floor":39.0,"turns":4.0},{"damage":0.0,"enemies":"Nemesis","floor":40.0,"turns":3.0},{"damage":34.0,"enemies":"Giant Head","floor":42.0,"turns":6.0},{"damage":13.0,"enemies":"4 Shapes","floor":44.0,"turns":3.0},{"damage":0.0,"enemies":"2 Orb Walkers","floor":47.0,"turns":2.0},{"damage":1.0,"enemies":"Awakened One","floor":50.0,"turns":6.0},{"damage":6.0,"enemies":"Shield and Spear","floor":54.0,"turns":4.0},{"damage":59,"enemies":"The Heart","floor":55,"turns":8}],"seed_played":"-425150214464420443","potions_obtained":[{"floor":3.0,"key":"Block Potion"},{"floor":11.0,"key":"Strength Potion"},{"floor":19.0,"key":"Fire Potion"},{"floor":44.0,"key":"Explosive Potion"},{"floor":54.0,"key":"PowerPotion"}],"is_trial":false,"path_per_floor":["M","?","M","$","?","R","M","?","T","$","M","M","T","M","R","B",null,"M","M","M","?","$","R","E","M","T","M","R","M","E","M","R","B",null,"M","T","M","$","M","E","R","E","T","M","R","$","?","?","R","B",null,"R","$","E","B",null],"character_chosen":"THE_POKER_PLAYER","items_purchased":["PokerPlayerMod:GamblerForm","PokerPlayerMod:Sharpen"],"campfire_rested":1,"item_purchase_floors":[22,38],"current_hp_per_floor":[48,48,50,50,52,52,52,41,41,41,46,50,50,52,52,35,52,52,52,52,52,52,52,34,40,40,32,32,21,16,11,11,23,52,52,52,52,52,52,52,52,22,22,14,14,14,14,14,29,43,52,52,52,46,12],"gold":79,"neow_bonus":"RANDOM_COMMON_RELIC","is_daily":false,"chose_seed":false,"campfire_upgraded":6,"win_rate":0.0,"timestamp":1613663189,"path_taken":["M","?","M","$","?","R","M","?","T","$","M","M","?","?","R","BOSS","M","?","M","?","$","R","E","M","T","M","R","M","E","M","R","BOSS","M","?","M","$","M","E","R","E","T","M","R","$","?","?","R","BOSS","R","$","E","BOSS"],"items_purchased_type":["Card","Card"],"build_version":"2020-12-22","purchased_purges":5,"victory":true,"max_hp_per_floor":[52,52,52,52,52,52,52,52,52,52,52,52,52,52,52,52,52,52,52,52,52,52,52,52,52,52,52,52,52,52,52,52,52,52,52,52,52,52,52,52,52,52,52,52,52,52,52,52,52,52,52,52,52,52,52],"relic_stats":{"Peace Pipe":1,"counters":[27,99],"Tiny Chest":2,"PreservedInsect":330,"Black Star":5,"Whetstone":["PokerPlayerMod:DiamondStrike","PokerPlayerMod:TrumpStrike"],"Letter Opener":[15],"Kunai":[0],"Boot":[0],"obtain_stats":[{"Girya":36,"PreservedInsect":9,"Omamori":24,"Whetstone":30,"Letter Opener":54,"Frozen Egg 2":42,"Boot":40,"Akabeko":24,"PokerPlayerMod:FairLicense":26,"Du-Vu Doll":30,"Peace Pipe":47,"PokerPlayerMod:DeckCase":0,"HornCleat":43,"Tiny Chest":0,"Black Star":17,"Kunai":54,"Toxic Egg 2":42,"Toy Ornithopter":40},{"Girya":18,"PreservedInsect":3,"Omamori":11,"Whetstone":15,"Letter Opener":26,"Frozen Egg 2":22,"Boot":21,"Akabeko":11,"PokerPlayerMod:FairLicense":12,"Du-Vu Doll":15,"Peace Pipe":24,"PokerPlayerMod:DeckCase":0,"HornCleat":22,"Tiny Chest":0,"Black Star":7,"Kunai":26,"Toxic Egg 2":22,"Toy Ornithopter":21},{"Girya":61,"PreservedInsect":7,"Omamori":34,"Whetstone":48,"Letter Opener":91,"Frozen Egg 2":76,"Boot":70,"Akabeko":34,"PokerPlayerMod:FairLicense":38,"Du-Vu Doll":48,"Peace Pipe":81,"PokerPlayerMod:DeckCase":0,"HornCleat":76,"Tiny Chest":0,"Black Star":22,"Kunai":91,"Toxic Egg 2":76,"Toy Ornithopter":70}],"Toy Ornithopter":20},"card_choices":[{"not_picked":["PokerPlayerMod:Diamond5","PokerPlayerMod:DartThrow"],"picked":"PokerPlayerMod:Diamond4","floor":1.0},{"not_picked":["PokerPlayerMod:SpadeStrike","PokerPlayerMod:ClubsClub"],"picked":"PokerPlayerMod:Spade4","floor":3.0},{"not_picked":["PokerPlayerMod:Fold","PokerPlayerMod:Raise","PokerPlayerMod:Spade2"],"picked":"SKIP","floor":7.0},{"not_picked":["PokerPlayerMod:Configure","PokerPlayerMod:DartThrow","PokerPlayerMod:Spade1"],"picked":"SKIP","floor":11.0},{"not_picked":["PokerPlayerMod:Diamond4","PokerPlayerMod:Diamond3"],"picked":"PokerPlayerMod:ItsShowtime","floor":12.0},{"not_picked":["PokerPlayerMod:Diamond3","PokerPlayerMod:CardBurn","PokerPlayerMod:JackOfSpades"],"picked":"SKIP","floor":14.0},{"not_picked":["PokerPlayerMod:MagicTrick+1","PokerPlayerMod:CardBurn","PokerPlayerMod:Raise"],"picked":"SKIP","floor":18.0},{"not_picked":["PokerPlayerMod:Diamond4","PokerPlayerMod:CloakAndDiamond+1"],"picked":"PokerPlayerMod:Club4","floor":19.0},{"not_picked":["PokerPlayerMod:Trickery","PokerPlayerMod:Spade2","PokerPlayerMod:Club1"],"picked":"SKIP","floor":20.0},{"not_picked":["PokerPlayerMod:DartThrow","PokerPlayerMod:ClubsClub","PokerPlayerMod:Club1"],"picked":"SKIP","floor":24.0},{"not_picked":["PokerPlayerMod:Spade2","PokerPlayerMod:Heart2"],"picked":"PokerPlayerMod:DiamondStrike","floor":25.0},{"not_picked":["PokerPlayerMod:Spade1","PokerPlayerMod:SpadeStrike","PokerPlayerMod:Heart1"],"picked":"SKIP","floor":27.0},{"not_picked":["PokerPlayerMod:SpadeStrike","PokerPlayerMod:DartThrow","PokerPlayerMod:ClubDance"],"picked":"SKIP","floor":29.0},{"not_picked":["PokerPlayerMod:Diamond7","PokerPlayerMod:Spade6","PokerPlayerMod:CloakAndDiamond"],"picked":"SKIP","floor":30.0},{"not_picked":["PokerPlayerMod:SpadeStrike+1","PokerPlayerMod:Trickery"],"picked":"PokerPlayerMod:Diamond4","floor":31.0},{"not_picked":["PokerPlayerMod:MagicTrick+1","PokerPlayerMod:CloakAndDiamond+1","PokerPlayerMod:Spade1"],"picked":"SKIP","floor":35.0},{"not_picked":["PokerPlayerMod:CardPrinter+1","PokerPlayerMod:Diamond2","PokerPlayerMod:Club2"],"picked":"SKIP","floor":37.0},{"not_picked":["PokerPlayerMod:FlyingCard+1","PokerPlayerMod:Diamond1","PokerPlayerMod:Club1"],"picked":"SKIP","floor":39.0},{"not_picked":["PokerPlayerMod:DartThrow","PokerPlayerMod:CloakAndDiamond","PokerPlayerMod:Raise"],"picked":"SKIP","floor":40.0},{"not_picked":["PokerPlayerMod:Manipulation+1","PokerPlayerMod:ClubShade+1","PokerPlayerMod:Heart2"],"picked":"SKIP","floor":42.0},{"not_picked":["PokerPlayerMod:Club2","PokerPlayerMod:Heart5"],"picked":"PokerPlayerMod:Extraction+1","floor":44.0},{"not_picked":["PokerPlayerMod:RoyalStrike","PokerPlayerMod:Diamond1","PokerPlayerMod:Harden+1"],"picked":"SKIP","floor":54.0}],"player_experience":351918,"relics_obtained":[{"floor":9.0,"key":"PreservedInsect"},{"floor":24.0,"key":"Akabeko"},{"floor":24.0,"key":"Omamori"},{"floor":26.0,"key":"PokerPlayerMod:FairLicense"},{"floor":30.0,"key":"Whetstone"},{"floor":30.0,"key":"Du-Vu Doll"},{"floor":36.0,"key":"Girya"},{"floor":40.0,"key":"Boot"},{"floor":40.0,"key":"Toy Ornithopter"},{"floor":42.0,"key":"Frozen Egg 2"},{"floor":42.0,"key":"Toxic Egg 2"},{"floor":43.0,"key":"HornCleat"},{"floor":47.0,"key":"Peace Pipe"},{"floor":54.0,"key":"Letter Opener"},{"floor":54.0,"key":"Kunai"}],"event_choices":[{"damage_healed":0.0,"max_hp_gain":0.0,"max_hp_loss":0.0,"gold_gain":0.0,"event_name":"Accursed Blacksmith","player_choice":"Forge","floor":2.0,"gold_loss":0.0,"damage_taken":0.0,"cards_upgraded":["PokerPlayerMod:Spade4"]},{"damage_healed":17.0,"max_hp_gain":0.0,"max_hp_loss":0.0,"gold_gain":0.0,"event_name":"Big Fish","player_choice":"Banana","floor":5.0,"gold_loss":0.0,"damage_taken":0.0},{"damage_healed":0.0,"max_hp_gain":0.0,"max_hp_loss":0.0,"gold_gain":75.0,"event_name":"World of Goop","player_choice":"Gather Gold","floor":8.0,"gold_loss":0.0,"damage_taken":11.0},{"damage_healed":0.0,"max_hp_gain":0.0,"max_hp_loss":0.0,"gold_gain":0.0,"event_name":"PokerPlayerMod:Vampires","player_choice":"Ignored","floor":21.0,"gold_loss":0.0,"damage_taken":0.0},{"damage_healed":0.0,"max_hp_gain":0.0,"max_hp_loss":0.0,"gold_gain":0.0,"event_name":"Mysterious Sphere","player_choice":"Fight","floor":47.0,"gold_loss":0.0,"damage_taken":0.0},{"damage_healed":0.0,"max_hp_gain":0.0,"max_hp_loss":0.0,"gold_gain":0.0,"event_name":"SensoryStone","player_choice":"Memory 1","floor":48.0,"gold_loss":0.0,"damage_taken":0.0}],"is_beta":false,"boss_relics":[{"not_picked":["PokerPlayerMod:AceCard","Busted Crown"],"picked":"Black Star"},{"not_picked":["Coffee Dripper","Tiny House","Fusion Hammer"]}],"items_purged_floors":[4,10,22,38,46],"is_endless":false,"potions_floor_spawned":[3,11,19,25,29,30,31,42,44,47,54],"ascension_level":0}}