{"host":"k7udt7atmcuzf6l0","time":1613616388,"event":{"mods":["Act Like it!","BaseMod","Colored Map","Colored Powertips","Highlight Path","Minty Spire (QoL Compilation)","Quick Restart","Rare Cards Sparkle","Relic Stats","StSLib","UnlockEverythingMod"],"gold_per_floor":[110,125,10,28,38,72,72,101,101,101,128,128,128,128,128,227,227,242,257,17,32,32,61,79,79,103,103,103,28,28,45,45,145,145,163,163,176,187,11,11,26,26,26,26,36,36,36,48,48,48],"floor_reached":51,"language":"ZHS","playtime":1196,"items_purged":[],"score":835,"play_id":"e833f6d0-9ca2-402a-bc55-88532e27b470","local_time":"20210218104628","is_ascension_mode":false,"campfire_choices":[{"data":"Armaments","floor":7.0,"key":"SMITH"},{"data":"Rage","floor":13.0,"key":"SMITH"},{"data":"Cleave","floor":15.0,"key":"SMITH"},{"data":"Shockwave","floor":25.0,"key":"SMITH"},{"data":"Anger","floor":27.0,"key":"SMITH"},{"data":"Brutality","floor":32,"key":"SMITH"},{"data":"Rupture","floor":40,"key":"SMITH"},{"data":"Double Tap","floor":42,"key":"SMITH"},{"data":"Offering","floor":46,"key":"SMITH"},{"data":"Bloodletting","floor":49,"key":"SMITH"}],"circlet_count":0,"master_deck":["Strike_R","Strike_R","Strike_R+1","Strike_R","Defend_R","Defend_R","Defend_R","Bash","Pommel Strike+1","Armaments+1","Hemokinesis","Anger+1","Bloodletting+1","Cleave+1","Rage+1","Sever Soul+1","Brutality+1","Shockwave+1","Thunderclap+1","Body Slam+1","Seeing Red","Offering+1","Metallicize+1","Clothesline+1","Rupture+1","Double Tap+1","Flex+1","Clash+1"],"relics":["Burning Blood","NeowsBlessing","Gremlin Horn","Shuriken","Charon\u0027s Ashes","Lizard Tail","Whetstone","Philosopher\u0027s Stone","Eternal Feather","Bird Faced Urn","Nunchaku","SacredBark","Meat on the Bone"],"acts_visited":["Exordium","TheCity","TheBeyond"],"potions_floor_usage":[33,33,35,41,41,50],"damage_taken":[{"damage":0.0,"enemies":"Cultist","floor":1.0,"turns":1.0},{"damage":0.0,"enemies":"Jaw Worm","floor":2.0,"turns":1.0},{"damage":0.0,"enemies":"Small Slimes","floor":4.0,"turns":2.0},{"damage":5.0,"enemies":"Looter","floor":5.0,"turns":3.0},{"damage":31.0,"enemies":"Lagavulin","floor":6.0,"turns":5.0},{"damage":23.0,"enemies":"Gremlin Nob","floor":8.0,"turns":4.0},{"damage":33.0,"enemies":"Lagavulin","floor":11.0,"turns":5.0},{"damage":38.0,"enemies":"The Guardian","floor":16.0,"turns":9.0},{"damage":11.0,"enemies":"Shell Parasite","floor":18.0,"turns":3.0},{"damage":10.0,"enemies":"Chosen","floor":19.0,"turns":2.0},{"damage":22.0,"enemies":"Snecko","floor":21.0,"turns":4.0},{"damage":5.0,"enemies":"Gremlin Leader","floor":23.0,"turns":4.0},{"damage":24.0,"enemies":"Snake Plant","floor":24.0,"turns":4.0},{"damage":9,"enemies":"Centurion and Healer","floor":31,"turns":4},{"damage":39,"enemies":"Collector","floor":33,"turns":6},{"damage":10,"enemies":"3 Darklings","floor":35,"turns":2},{"damage":21,"enemies":"Orb Walker","floor":37,"turns":3},{"damage":52,"enemies":"Spire Growth","floor":38,"turns":4},{"damage":44,"enemies":"Writhing Mass","floor":41,"turns":5},{"damage":33,"enemies":"4 Shapes","floor":45,"turns":2},{"damage":12,"enemies":"Jaw Worm Horde","floor":48,"turns":2},{"damage":49,"enemies":"Donu and Deca","floor":50,"turns":5}],"seed_played":"-8215923095198685532","potions_obtained":[{"floor":1.0,"key":"CultistPotion"},{"floor":5.0,"key":"ElixirPotion"},{"floor":11.0,"key":"EssenceOfSteel"},{"floor":16.0,"key":"BlessingOfTheForge"},{"floor":18.0,"key":"FearPotion"},{"floor":24.0,"key":"Energy Potion"},{"floor":31,"key":"Strength Potion"},{"floor":33,"key":"AttackPotion"},{"floor":41,"key":"Strength Potion"},{"floor":48,"key":"SpeedPotion"}],"is_trial":false,"path_per_floor":["M","M","$","M","M","E","R","E","T","?","E","?","R","?","R","B",null,"M","M","$","M","$","E","M","R","T","R","?","$","?","M","R","B",null,"M","?","M","M","$","R","M","R","T","?","M","R","$","M","R","B",null],"character_chosen":"IRONCLAD","items_purchased":["Armaments","Hemokinesis","Eternal Feather","Seeing Red","Rupture","Fruit Juice"],"campfire_rested":0,"item_purchase_floors":[3,3,20,29,39,39],"current_hp_per_floor":[80,80,80,80,80,55,55,38,38,26,44,49,49,49,49,17,85,80,76,76,60,60,61,45,57,57,69,69,69,69,68,80,49,85,81,81,68,26,26,41,19,34,34,34,23,38,38,48,63,38],"gold":48,"neow_bonus":"THREE_ENEMY_KILL","is_daily":false,"chose_seed":false,"campfire_upgraded":10,"win_rate":0.0,"timestamp":1613616388,"path_taken":["M","?","$","?","M","E","R","E","T","?","E","?","R","?","R","BOSS","M","M","$","M","$","E","M","R","T","R","?","$","?","M","R","BOSS","M","?","M","M","$","R","M","R","T","?","M","R","$","M","R","BOSS"],"items_purchased_type":["Card","Card","Relic","Card","Card","Potion"],"build_version":"2020-12-22","purchased_purges":0,"victory":true,"max_hp_per_floor":[80,80,80,80,80,80,80,80,80,80,80,85,85,85,85,85,85,85,85,85,85,85,85,85,85,85,85,85,85,85,85,85,85,85,85,85,85,85,85,85,95,95,95,95,95,95,95,95,95,95],"relic_stats":{"Lizard Tail":40,"Nunchaku":[11],"Gremlin Horn":[17,17],"counters":[22,80],"Shuriken":[38],"Bird Faced Urn":[32],"Eternal Feather":96,"Charon\u0027s Ashes":[81],"Whetstone":["Strike_R","Pommel Strike"],"obtain_stats":[{"NeowsBlessing":0,"Gremlin Horn":6,"SacredBark":34,"Eternal Feather":20,"Charon\u0027s Ashes":9,"Whetstone":11,"Burning Blood":0,"Lizard Tail":10,"Nunchaku":26,"Shuriken":8,"Bird Faced Urn":23,"Philosopher\u0027s Stone":17,"Meat on the Bone":43},{"NeowsBlessing":0,"Gremlin Horn":5,"SacredBark":15,"Eternal Feather":10,"Charon\u0027s Ashes":6,"Whetstone":7,"Burning Blood":0,"Lizard Tail":6,"Nunchaku":13,"Shuriken":6,"Bird Faced Urn":12,"Philosopher\u0027s Stone":8,"Meat on the Bone":19},{"NeowsBlessing":0,"Gremlin Horn":12,"SacredBark":57,"Eternal Feather":35,"Charon\u0027s Ashes":16,"Whetstone":21,"Burning Blood":0,"Lizard Tail":16,"Nunchaku":47,"Shuriken":16,"Bird Faced Urn":43,"Philosopher\u0027s Stone":30,"Meat on the Bone":71}],"Burning Blood":113,"Meat on the Bone":36},"card_choices":[{"not_picked":["Power Through","Perfected Strike"],"picked":"Pommel Strike","floor":1.0},{"not_picked":["Heavy Blade","Iron Wave","Headbutt"],"picked":"SKIP","floor":2.0},{"not_picked":["Dark Embrace","Heavy Blade"],"picked":"Anger","floor":4.0},{"not_picked":["Perfected Strike","Headbutt"],"picked":"Bloodletting","floor":5.0},{"not_picked":["Power Through","Clothesline"],"picked":"Cleave","floor":6.0},{"not_picked":["Dropkick","Juggernaut"],"picked":"Rage","floor":8.0},{"not_picked":["Bludgeon","Feed"],"picked":"Sever Soul","floor":11.0},{"not_picked":["Barricade","Double Tap"],"picked":"Brutality","floor":16.0},{"not_picked":["Carnage","Havoc","Entrench"],"picked":"SKIP","floor":18.0},{"not_picked":["Twin Strike+1","Thunderclap"],"picked":"Shockwave","floor":19.0},{"not_picked":["Twin Strike+1","Clothesline"],"picked":"Thunderclap+1","floor":21.0},{"not_picked":["Warcry","Perfected Strike+1"],"picked":"Body Slam+1","floor":23.0},{"not_picked":["Thunderclap","Body Slam","True Grit"],"picked":"SKIP","floor":24.0},{"not_picked":["Clothesline","Shrug It Off","Reckless Charge+1"],"picked":"SKIP","floor":31},{"not_picked":["Demon Form","Corruption"],"picked":"Offering","floor":33},{"not_picked":["Wild Strike+1","Power Through+1","Thunderclap"],"picked":"SKIP","floor":35},{"not_picked":["Flex","Body Slam+1"],"picked":"Metallicize+1","floor":37},{"not_picked":["Sentinel","Iron Wave"],"picked":"Clothesline+1","floor":38},{"not_picked":["Heavy Blade","Entrench+1"],"picked":"Double Tap","floor":41},{"not_picked":["Wild Strike","Armaments"],"picked":"Flex+1","floor":45},{"not_picked":["Thunderclap+1","Sentinel"],"picked":"Clash+1","floor":48}],"player_experience":141645,"relics_obtained":[{"floor":6.0,"key":"Gremlin Horn"},{"floor":8.0,"key":"Shuriken"},{"floor":9.0,"key":"Charon\u0027s Ashes"},{"floor":11.0,"key":"Whetstone"},{"floor":23.0,"key":"Bird Faced Urn"},{"floor":26.0,"key":"Nunchaku"},{"floor":43,"key":"Meat on the Bone"}],"event_choices":[{"damage_healed":0.0,"max_hp_gain":0.0,"max_hp_loss":0.0,"gold_gain":0.0,"event_name":"Scrap Ooze","player_choice":"Success","floor":10.0,"gold_loss":0.0,"damage_taken":12.0,"relics_obtained":["Lizard Tail"]},{"damage_healed":0.0,"max_hp_gain":5.0,"max_hp_loss":0.0,"gold_gain":0.0,"event_name":"Big Fish","player_choice":"Donut","floor":12.0,"gold_loss":0.0,"damage_taken":0.0},{"damage_healed":0.0,"max_hp_gain":0.0,"max_hp_loss":0.0,"gold_gain":0.0,"event_name":"Living Wall","player_choice":"Grow","floor":14.0,"gold_loss":0.0,"damage_taken":0.0,"cards_upgraded":["Sever Soul"]},{"damage_healed":0,"gold_gain":0,"player_choice":"Ignored","damage_taken":0,"max_hp_gain":0,"max_hp_loss":0,"event_name":"Beggar","floor":28,"gold_loss":0},{"damage_healed":0,"gold_gain":0,"player_choice":"Ignored","damage_taken":0,"max_hp_gain":0,"max_hp_loss":0,"event_name":"Ghosts","floor":30,"gold_loss":0},{"cards_removed":["Defend_R"],"damage_healed":0,"gold_gain":0,"player_choice":"Removed Skill","damage_taken":0,"max_hp_gain":0,"max_hp_loss":0,"event_name":"Falling","floor":36,"gold_loss":0},{"cards_removed":["Strike_R"],"damage_healed":0,"gold_gain":0,"player_choice":"Purged","damage_taken":0,"max_hp_gain":0,"max_hp_loss":0,"event_name":"Purifier","floor":44,"gold_loss":0}],"is_beta":false,"boss_relics":[{"not_picked":["Tiny House","Calling Bell"],"picked":"Philosopher\u0027s Stone"},{"not_picked":["Snecko Eye","Cursed Key"],"picked":"SacredBark"}],"items_purged_floors":[],"is_endless":false,"potions_floor_spawned":[1,5,11,16,18,24,31,33,41,48],"ascension_level":0}}