{"host":"vk2xyavtylxbvrfq","time":1613616160,"event":{"mods":["Bard","BaseMod","Bestiary","Better Altar","Better Match","Better Note","Better Sensory Stone","Better Skull","Better Vampires","Block Reminder","Bossed Relics","Colored Map","Curses Come First","Displayed Cursed Tome","Downfall","Fox Events","Hermit","Ironclad Rager","Marked Mod","Minty Spire (QoL Compilation)","Quick Restart","Rare Cards Sparkle","Relic Sorter","Reliquary","Robot Space Explorer","StSLib","The Hayseed","The Runesmith","TheSurvivalist","Unceasing Turn Reminder"],"gold_per_floor":[112,112,112,20,39,71,71,2,2,34,34,64,80,113,113,217,217,227,2,20,39,39,50,50,50,50,50,50],"floor_reached":27,"language":"ENG","playtime":1058,"items_purged":[],"score":376,"play_id":"714cda97-c355-4d23-8e4a-5eeb5a2847a0","local_time":"20210217214240","is_ascension_mode":true,"campfire_choices":[{"floor":15.0,"key":"REST"},{"floor":24,"key":"REST"}],"circlet_count":0,"master_deck":["hermit:Strike_Hermit","hermit:Strike_Hermit","hermit:Strike_Hermit","hermit:Strike_Hermit","hermit:Defend_Hermit","hermit:Defend_Hermit","hermit:Defend_Hermit","hermit:Defend_Hermit","hermit:Snapshot","hermit:Covet","hermit:TakeCover","hermit:Gestalt","hermit:Headshot","hermit:Maintenance","hermit:Gestalt","hermit:LuckOfTheDraw"],"relics":["hermit:Momento","foxEvents:ScarlettsFace","reliquary:RedPaperclip","NeowsBlessing","reliquary:PrincelyHelmet","reliquary:Sideboard","Tiny Chest","reliquary:HotPoker","reliquary:Stiletto","PreservedInsect","Peace Pipe","Membership Card","Bottled Flame","Unceasing Top"],"acts_visited":["Exordium","TheCity"],"potions_floor_usage":[20,23],"damage_taken":[{"damage":0.0,"enemies":"Cultist","floor":1.0,"turns":1.0},{"damage":0.0,"enemies":"2 Louse","floor":5.0,"turns":1.0},{"damage":0.0,"enemies":"Lagavulin","floor":6.0,"turns":1.0},{"damage":1.0,"enemies":"Gremlin Nob","floor":10.0,"turns":3.0},{"damage":0.0,"enemies":"Lagavulin","floor":12.0,"turns":3.0},{"damage":1.0,"enemies":"Small Slimes","floor":13.0,"turns":3.0},{"damage":1.0,"enemies":"3 Sentries","floor":14.0,"turns":6.0},{"damage":25.0,"enemies":"Hexaghost","floor":16.0,"turns":15.0},{"damage":3.0,"enemies":"2 Thieves","floor":18.0,"turns":3.0},{"damage":14,"enemies":"3 Byrds","floor":20,"turns":10},{"damage":5,"enemies":"Snecko","floor":21,"turns":8},{"damage":6,"enemies":"Centurion and Healer","floor":23,"turns":6},{"damage":12,"enemies":"3 Cultists","floor":27,"turns":2}],"seed_played":"4228056052779898501","potions_obtained":[{"floor":3.0,"key":"sneckomod:MuddlingPotion"},{"floor":3.0,"key":"CultistPotion"},{"floor":3.0,"key":"FearPotion"},{"floor":10.0,"key":"Slimebound:ThreeZeroPotion"},{"floor":14.0,"key":"Energy Potion"},{"floor":16.0,"key":"SteroidPotion"},{"floor":20,"key":"hermit:Eclipse"}],"is_trial":false,"path_per_floor":["M","T","?","$","M","E","?","$","T","E","?","E","M","E","R","B",null,"M","$","M","M","T","M","R","?","T","M"],"character_chosen":"HERMIT","items_purchased":["hermit:Gestalt","hermit:Headshot","hermit:LuckOfTheDraw","Membership Card","FairyPotion","SteroidPotion"],"campfire_rested":2,"item_purchase_floors":[4,4,8,19,19,19],"current_hp_per_floor":[68,68,68,68,68,68,31,31,31,30,12,12,11,10,32,7,58,55,55,41,36,36,30,52,52,52,40,40],"gold":50,"neow_bonus":"THREE_ENEMY_KILL","is_daily":false,"chose_seed":false,"campfire_upgraded":0,"win_rate":0.0,"timestamp":1613616160,"path_taken":["M","?","?","$","?","E","?","?","T","E","?","E","?","E","R","BOSS","M","$","M","M","?","M","R","?","T","M"],"items_purchased_type":["Card","Card","Card","Relic","Potion","Potion"],"build_version":"2020-12-22","purchased_purges":0,"victory":false,"max_hp_per_floor":[75,75,75,75,75,75,75,75,75,75,75,75,75,75,75,75,75,75,75,75,75,75,75,75,75,75,75,75],"card_choices":[{"not_picked":["hermit:TrackingShot","hermit:Snipe"],"picked":"hermit:TakeCover","floor":1.0},{"not_picked":["hermit:BodyArmor","hermit:Combo"],"picked":"hermit:Maintenance","floor":5.0},{"not_picked":["hermit:WideOpen","hermit:TakeAim"],"picked":"hermit:Gestalt","floor":6.0},{"not_picked":["hermit:Desperado","hermit:SprayPray","hermit:Midnight"],"picked":"SKIP","floor":10.0},{"not_picked":["hermit:Purgatory+1","hermit:Cheat"],"picked":"hermit:CalledShot+1","floor":12.0},{"not_picked":["hermit:EyeOfTheStorm","hermit:Headshot+1"],"picked":"hermit:Deadeye+1","floor":13.0},{"not_picked":["hermit:Malice+1","hermit:Reprieve"],"picked":"hermit:Quickdraw+1","floor":14.0},{"not_picked":["hermit:Roughhouse+1","hermit:Gambit"],"picked":"hermit:BlackWind+1","floor":16.0},{"not_picked":["hermit:Snipe","hermit:SprayPray"],"picked":"hermit:Vantage","floor":18.0},{"not_picked":["hermit:Grudge","hermit:ItchyTrigger"],"picked":"hermit:Quickdraw","floor":20},{"not_picked":["hermit:SprayPray","hermit:HoleUp","hermit:Scavenge"],"picked":"SKIP","floor":21},{"not_picked":["hermit:Coalescence","hermit:ItchyTrigger"],"picked":"hermit:FlashPowder","floor":23}],"player_experience":1413591,"relics_obtained":[{"floor":2.0,"key":"reliquary:PrincelyHelmet"},{"floor":6.0,"key":"reliquary:Sideboard"},{"floor":9.0,"key":"reliquary:HotPoker"},{"floor":10.0,"key":"reliquary:Stiletto"},{"floor":12.0,"key":"Molten Egg 2"},{"floor":14.0,"key":"Peace Pipe"},{"floor":22,"key":"Bottled Flame"},{"floor":26,"key":"Unceasing Top"}],"event_choices":[{"damage_healed":0.0,"max_hp_gain":0.0,"max_hp_loss":0.0,"gold_gain":0.0,"event_name":"Lab","player_choice":"Got Potions","floor":3.0,"gold_loss":0.0,"damage_taken":0.0},{"damage_healed":0.0,"max_hp_gain":0.0,"max_hp_loss":0.0,"gold_gain":0.0,"event_name":"betterSkull:BetterSkull","player_choice":"RE RE ","floor":7.0,"gold_loss":0.0,"damage_taken":41.0,"cards_upgraded":[],"relics_obtained":["Tiny Chest","Vajra"]},{"damage_healed":0.0,"max_hp_gain":0.0,"max_hp_loss":0.0,"gold_gain":0.0,"event_name":"Scrap Ooze","player_choice":"Success","floor":11.0,"gold_loss":0.0,"damage_taken":18.0,"relics_obtained":["PreservedInsect"]},{"damage_healed":0,"gold_gain":0,"player_choice":"Trade","damage_taken":0,"relics_obtained":["foxEvents:ScarlettsFace"],"max_hp_gain":0,"max_hp_loss":0,"event_name":"FaceTrader","floor":25,"gold_loss":0}],"is_beta":false,"boss_relics":[{"not_picked":["Coffee Dripper","Fusion Hammer"],"picked":"reliquary:RedPaperclip"}],"items_purged_floors":[],"is_endless":false,"potions_floor_spawned":[5,10,14,16,20],"killed_by":"3 Cultists","ascension_level":6}}