{"host":"z7iqwv4hfwwvhc2n","time":1613681056,"event":{"mods":["2.2 Compatiblity","BaseMod","Better Third Choice","BetterRewards","Colored Powertips","Minty Spire (QoL Compilation)","Relic Filter","StSLib","The Cursed"],"gold_per_floor":[115,129,149,149,168,168,181,211,211,229,258,271,306,323,323,418,418,431,443,462,462,39,73,90,90,90],"floor_reached":25,"language":"JPN","playtime":1172,"items_purged":[],"score":393,"play_id":"e0719eda-e52f-476a-a58f-027c078f0110","local_time":"20210219054416","is_ascension_mode":true,"campfire_choices":[{"data":"Self Repair","floor":6,"key":"SMITH"},{"data":"Loop","floor":15,"key":"SMITH"}],"circlet_count":0,"master_deck":["Strike_B","Strike_B","Strike_B","Defend_B","Defend_B","Defend_B","Defend_B","Zap","Dualcast","Lockon","Cold Snap","Self Repair+1","Conserve Battery","Cold Snap","Loop+1","Redo","Buffer","Auto Shields","Redo","Conserve Battery","Glacier","Self Repair","Hyperbeam","Ball Lightning","Doom and Gloom","Blizzard","Coolheaded","Electrodynamics","Sweeping Beam"],"relics":["Cracked Core","Vajra","Bird Faced Urn","Lizard Tail","Ginger","StoneCalendar","NeowsBlessing","Red Mask","Unceasing Top","Letter Opener","Bronze Scales","Black Star"],"acts_visited":["Exordium","TheCity"],"potions_floor_usage":[8,16,16,25],"damage_taken":[{"damage":0,"enemies":"Cultist","floor":1,"turns":3},{"damage":8,"enemies":"2 Louse","floor":2,"turns":3},{"damage":4,"enemies":"Jaw Worm","floor":3,"turns":3},{"damage":18,"enemies":"Exordium Wildlife","floor":5,"turns":6},{"damage":19,"enemies":"3 Louse","floor":7,"turns":4},{"damage":24,"enemies":"3 Sentries","floor":8,"turns":9},{"damage":10,"enemies":"Looter","floor":10,"turns":2},{"damage":14,"enemies":"Lagavulin","floor":11,"turns":7},{"damage":0,"enemies":"Exordium Wildlife","floor":12,"turns":1},{"damage":0,"enemies":"3 Sentries","floor":13,"turns":1},{"damage":0,"enemies":"Large Slime","floor":14,"turns":1},{"damage":53,"enemies":"Hexaghost","floor":16,"turns":19},{"damage":29,"enemies":"3 Byrds","floor":18,"turns":6},{"damage":30,"enemies":"2 Thieves","floor":19,"turns":3},{"damage":35,"enemies":"Snake Plant","floor":20,"turns":4},{"damage":66,"enemies":"Slavers","floor":23,"turns":5},{"damage":26,"enemies":"3 Cultists","floor":24,"turns":4},{"damage":62,"enemies":"Gremlin Leader","floor":25,"turns":6}],"seed_played":"-7507792413034346505","potions_obtained":[{"floor":5,"key":"Block Potion"},{"floor":7,"key":"Swift Potion"},{"floor":12,"key":"LiquidMemories"},{"floor":13,"key":"DuplicationPotion"},{"floor":18,"key":"Explosive Potion"},{"floor":19,"key":"Regen Potion"},{"floor":23,"key":"Energy Potion"}],"is_trial":false,"path_per_floor":["M","M","M","?","M","R","M","E","T","M","E","M","E","M","R","B",null,"M","M","M","?","$","E","M","E"],"character_chosen":"DEFECT","items_purchased":["Bird Faced Urn","Lizard Tail","Lockon","Cold Snap","Letter Opener","Bronze Scales","Coolheaded"],"campfire_rested":0,"item_purchase_floors":[0,0,0,0,22,22,22],"current_hp_per_floor":[75,74,75,75,66,66,61,51,51,53,55,55,55,55,55,27,75,69,48,38,38,38,36,33,0,0],"gold":90,"neow_bonus":"","is_daily":false,"chose_seed":false,"campfire_upgraded":2,"win_rate":0.0,"timestamp":1613681056,"path_taken":["M","M","?","?","M","R","M","E","T","M","E","M","E","?","R","BOSS","M","M","?","?","$","E","M","E"],"items_purchased_type":["Relic","Relic","Card","Card","Relic","Relic","Card"],"build_version":"2020-12-22","purchased_purges":0,"victory":false,"max_hp_per_floor":[75,75,75,75,75,75,75,75,75,75,75,75,75,75,75,75,75,75,75,75,75,75,75,75,75,75],"card_choices":[{"not_picked":["Reinforced Body","Recycle"],"picked":"Self Repair","floor":1},{"not_picked":["Rebound","Consume"],"picked":"Conserve Battery","floor":2},{"not_picked":["Defragment","Steam"],"picked":"Cold Snap","floor":3},{"not_picked":["Streamline","Chill"],"picked":"Loop","floor":5},{"not_picked":["FTL","Cold Snap"],"picked":"Redo","floor":7},{"not_picked":["Sweeping Beam","Leap"],"picked":"Buffer","floor":8},{"not_picked":["Static Discharge","Ball Lightning"],"picked":"Auto Shields","floor":10},{"not_picked":["Turbo","Leap"],"picked":"Redo","floor":11},{"not_picked":["Scrape","Redo"],"picked":"Conserve Battery","floor":12},{"not_picked":["Go for the Eyes","Hyperbeam"],"picked":"Glacier","floor":13},{"not_picked":["Conserve Battery","Sweeping Beam"],"picked":"Self Repair","floor":14},{"not_picked":["Multi-Cast","Amplify"],"picked":"Hyperbeam","floor":16},{"not_picked":["Turbo","Barrage+1"],"picked":"Ball Lightning","floor":18},{"not_picked":["Redo","Go for the Eyes+1"],"picked":"Doom and Gloom","floor":19},{"not_picked":["Compile Driver+1","Hello World"],"picked":"Blizzard","floor":20},{"not_picked":["Tempest","Sweeping Beam"],"picked":"Electrodynamics","floor":23},{"not_picked":["Beam Cell","Leap"],"picked":"Sweeping Beam","floor":24}],"player_experience":67958,"relics_obtained":[{"floor":8,"key":"Ginger"},{"floor":9,"key":"StoneCalendar"},{"floor":11,"key":"NeowsBlessing"},{"floor":13,"key":"Red Mask"},{"floor":23,"key":"Black Star"}],"event_choices":[{"cards_removed":["Strike_B"],"damage_healed":0,"gold_gain":0,"player_choice":"Purged","damage_taken":0,"max_hp_gain":0,"max_hp_loss":0,"event_name":"Purifier","floor":4,"gold_loss":0},{"damage_healed":0,"gold_gain":0,"player_choice":"Ignored","damage_taken":0,"max_hp_gain":0,"max_hp_loss":0,"event_name":"Ghosts","floor":21,"gold_loss":0}],"is_beta":false,"boss_relics":[{"not_picked":["Shuriken","Sundial"],"picked":"Unceasing Top"}],"items_purged_floors":[],"is_endless":false,"potions_floor_spawned":[5,7,12,13,18,19,23],"killed_by":"Gremlin Leader","ascension_level":1}}