{"host":"7wi4qgm5yw4j7oz0","time":1613673156,"event":{"mods":["AchievementEnabler","BaseMod","Block Reminder","Colored Map","Colored Powertips","Highlight Path","Minty Spire (QoL Compilation)","Permanent Neow","Random Character Button","StSLib","everything is the same but u backflip on backflip"],"gold_per_floor":[116,116,134,149,119,119,135,135,158,158,239,239,253,281,281,355,355,369,394,293,313,313,313,331,331,331,341,352,173,173,200,200,274,274,293,168,188,188,213,213,243,243,296,327,327,337,366,421,421,421],"floor_reached":51,"language":"KOR","playtime":2161,"items_purged":["Strike_R","Strike_R","Strike_R"],"score":1430,"play_id":"0cd71490-b1f4-4a9a-bfac-e7c46421d1e5","local_time":"20210219033236","is_ascension_mode":true,"campfire_choices":[{"data":"Searing Blow","floor":6.0,"key":"SMITH"},{"data":"Searing Blow+1","floor":8.0,"key":"SMITH"},{"data":"Searing Blow+2","floor":10.0,"key":"SMITH"},{"data":"Searing Blow+3","floor":12.0,"key":"SMITH"},{"floor":15.0,"key":"REST"},{"data":"Offering","floor":23.0,"key":"SMITH"},{"data":"Searing Blow+4","floor":25.0,"key":"SMITH"},{"data":"Armaments","floor":32.0,"key":"SMITH"},{"data":"Searing Blow+5","floor":40,"key":"SMITH"},{"data":"Searing Blow+6","floor":42,"key":"SMITH"},{"data":"Searing Blow+7","floor":45,"key":"SMITH"},{"data":"Searing Blow+8","floor":49,"key":"SMITH"}],"circlet_count":0,"master_deck":["AscendersBane","Defend_R","Defend_R","Defend_R","Bash","Cleave","Feel No Pain","Searing Blow+9","Offering+1","Shrug It Off","Double Tap","Second Wind","Armaments+1","Headbutt+1","Body Slam+1","Battle Trance","Dual Wield"],"relics":["Burning Blood","Orichalcum","Ancient Tea Set","Bottled Lightning","Paper Frog","Busted Crown","Red Mask","Kunai","FossilizedHelix","Philosopher\u0027s Stone","Bird Faced Urn","Blood Vial","Bag of Marbles","Omamori","Art of War","Thread and Needle"],"acts_visited":["Exordium","TheCity","TheBeyond"],"potions_floor_usage":[50],"damage_taken":[{"damage":23.0,"enemies":"Jaw Worm","floor":1.0,"turns":4.0},{"damage":4.0,"enemies":"2 Louse","floor":3.0,"turns":2.0},{"damage":0.0,"enemies":"Small Slimes","floor":4.0,"turns":3.0},{"damage":2.0,"enemies":"Looter","floor":5.0,"turns":4.0},{"damage":16.0,"enemies":"Gremlin Gang","floor":7.0,"turns":4.0},{"damage":6.0,"enemies":"2 Fungi Beasts","floor":13.0,"turns":2.0},{"damage":12.0,"enemies":"3 Sentries","floor":14.0,"turns":7.0},{"damage":44.0,"enemies":"Hexaghost","floor":16.0,"turns":9.0},{"damage":6.0,"enemies":"Chosen","floor":18.0,"turns":3.0},{"damage":12.0,"enemies":"Masked Bandits","floor":19.0,"turns":3.0},{"damage":10.0,"enemies":"3 Byrds","floor":21.0,"turns":6.0},{"damage":17.0,"enemies":"Snake Plant","floor":24.0,"turns":4.0},{"damage":12.0,"enemies":"Snecko","floor":27.0,"turns":4.0},{"damage":11.0,"enemies":"Centurion and Healer","floor":28.0,"turns":3.0},{"damage":22.0,"enemies":"Slavers","floor":31.0,"turns":6.0},{"damage":12.0,"enemies":"Champ","floor":33.0,"turns":14.0},{"damage":0.0,"enemies":"Orb Walker","floor":35.0,"turns":1.0},{"damage":0.0,"enemies":"3 Shapes","floor":37.0,"turns":2.0},{"damage":0,"enemies":"Mind Bloom Boss Battle","floor":39,"turns":2},{"damage":2,"enemies":"Giant Head","floor":41,"turns":2},{"damage":0,"enemies":"Nemesis","floor":44,"turns":1},{"damage":0,"enemies":"Sphere and 2 Shapes","floor":46,"turns":3},{"damage":0,"enemies":"Giant Head","floor":47,"turns":3},{"damage":0,"enemies":"2 Orb Walkers","floor":48,"turns":1},{"damage":73,"enemies":"Time Eater","floor":50,"turns":6}],"seed_played":"1586313986625632589","potions_obtained":[{"floor":3.0,"key":"SpeedPotion"},{"floor":4.0,"key":"SpeedPotion"},{"floor":16.0,"key":"BloodPotion"},{"floor":28.0,"key":"SteroidPotion"},{"floor":35.0,"key":"ColorlessPotion"},{"floor":39,"key":"PowerPotion"},{"floor":48,"key":"DuplicationPotion"}],"is_trial":false,"path_per_floor":["M","?","M","M","M","R","M","R","T","R","T","R","M","E","R","B",null,"M","?","$","M","?","R","M","R","T","M","M","$","?","E","R","B",null,"M","$","M","?","?","R","E","R","T","E","R","M","E","?","R","B",null],"character_chosen":"IRONCLAD","items_purchased":["Armaments","Battle Trance"],"campfire_rested":1,"item_purchase_floors":[20,29],"current_hp_per_floor":[34,31,33,39,43,43,33,33,33,33,33,33,33,27,51,13,63,63,57,57,53,53,53,42,42,42,52,47,47,80,64,64,58,75,80,80,80,80,80,80,80,80,80,80,80,80,80,80,80,13],"gold":421,"neow_bonus":"REMOVE_TWO","is_daily":false,"chose_seed":false,"campfire_upgraded":11,"win_rate":0.0,"timestamp":1613673156,"path_taken":["M","?","M","M","M","R","M","R","T","R","?","R","M","E","R","BOSS","M","?","$","M","?","R","M","R","T","?","M","$","?","E","R","BOSS","M","$","?","?","?","R","E","R","T","E","R","M","E","?","R","BOSS"],"items_purchased_type":["Card","Card"],"build_version":"2020-12-22","purchased_purges":3,"victory":true,"max_hp_per_floor":[80,80,80,80,80,80,80,80,80,80,80,80,80,80,80,80,80,80,80,80,80,80,80,80,80,80,80,80,80,80,80,80,80,80,80,80,80,80,80,80,80,80,80,80,80,80,80,80,80,80],"card_choices":[{"not_picked":["Heavy Blade","Sentinel"],"picked":"Cleave","floor":1.0},{"not_picked":["Anger","Sword Boomerang"],"picked":"Feel No Pain","floor":3.0},{"not_picked":["Pommel Strike","Blood for Blood"],"picked":"Inflame","floor":4.0},{"not_picked":["Whirlwind","Shrug It Off"],"picked":"Searing Blow","floor":5.0},{"not_picked":["Second Wind","Disarm"],"picked":"Offering","floor":7.0},{"not_picked":["Ghostly Armor","Flex"],"picked":"Shrug It Off","floor":13.0},{"not_picked":["Rupture","Shrug It Off","Sever Soul"],"picked":"SKIP","floor":14.0},{"not_picked":["Immolate","Fiend Fire"],"picked":"Double Tap","floor":16.0},{"not_picked":[],"picked":"Second Wind","floor":18.0},{"not_picked":["Flex"],"picked":"SKIP","floor":21.0},{"not_picked":[],"picked":"Headbutt+1","floor":24.0},{"not_picked":[],"picked":"Body Slam+1","floor":27.0},{"not_picked":["Metallicize"],"picked":"SKIP","floor":28.0},{"not_picked":["Fiend Fire"],"picked":"SKIP","floor":31.0},{"not_picked":["Clash+1"],"picked":"SKIP","floor":35.0},{"not_picked":["Warcry"],"picked":"SKIP","floor":37.0},{"not_picked":[],"picked":"Dual Wield","floor":39},{"not_picked":["Inflame"],"picked":"SKIP","floor":41},{"not_picked":["Dual Wield"],"picked":"SKIP","floor":44},{"not_picked":["Heavy Blade"],"picked":"SKIP","floor":46},{"not_picked":["Searing Blow"],"picked":"SKIP","floor":47}],"player_experience":327654,"relics_obtained":[{"floor":9.0,"key":"Ancient Tea Set"},{"floor":11.0,"key":"Bottled Lightning"},{"floor":14.0,"key":"Paper Frog"},{"floor":19.0,"key":"Red Mask"},{"floor":26.0,"key":"Kunai"},{"floor":31.0,"key":"FossilizedHelix"},{"floor":39,"key":"Bird Faced Urn"},{"floor":41,"key":"Blood Vial"},{"floor":43,"key":"Bag of Marbles"},{"floor":44,"key":"Omamori"},{"floor":47,"key":"Art of War"},{"floor":48,"key":"Thread and Needle"}],"event_choices":[{"damage_healed":0.0,"max_hp_gain":0.0,"max_hp_loss":0.0,"gold_gain":0.0,"event_name":"Scrap Ooze","player_choice":"Success","floor":2.0,"gold_loss":0.0,"damage_taken":3.0,"relics_obtained":["Orichalcum"]},{"damage_healed":0.0,"max_hp_gain":0.0,"max_hp_loss":0.0,"gold_gain":0.0,"event_name":"Masked Bandits","player_choice":"Fought Bandits","floor":19.0,"gold_loss":0.0,"damage_taken":0.0},{"damage_healed":0.0,"max_hp_gain":0.0,"max_hp_loss":0.0,"gold_gain":0.0,"event_name":"Match and Keep!","player_choice":"0 cards matched","floor":22.0,"gold_loss":0.0,"damage_taken":0.0,"cards_obtained":[]},{"cards_removed":["Inflame"],"damage_healed":33.0,"max_hp_gain":0.0,"max_hp_loss":0.0,"gold_gain":0.0,"event_name":"Bonfire Elementals","player_choice":"Offered Uncommon","floor":30.0,"gold_loss":0.0,"damage_taken":0.0},{"cards_removed":["Defend_R"],"damage_healed":0.0,"max_hp_gain":0.0,"max_hp_loss":0.0,"gold_gain":0.0,"event_name":"Falling","player_choice":"Removed Skill","floor":38.0,"gold_loss":0.0,"damage_taken":0.0},{"damage_healed":0,"gold_gain":0,"player_choice":"Fight","damage_taken":0,"max_hp_gain":0,"max_hp_loss":0,"event_name":"MindBloom","floor":39,"gold_loss":0},{"damage_healed":0,"gold_gain":0,"player_choice":"Fight","damage_taken":0,"max_hp_gain":0,"max_hp_loss":0,"event_name":"Mysterious Sphere","floor":48,"gold_loss":0}],"is_beta":false,"boss_relics":[{"not_picked":["Coffee Dripper","Black Blood"],"picked":"Busted Crown"},{"not_picked":["Runic Cube","Mark of Pain"],"picked":"Philosopher\u0027s Stone"}],"items_purged_floors":[20,29,36],"is_endless":false,"potions_floor_spawned":[3,4,13,16,21,24,28,35,39,47,48],"ascension_level":13}}