{"host":"lly094a91h6n5nv5","time":1613632566,"event":{"mods":["AchievementEnabler","BaseMod","Block Reminder","Colored Map","Minty Spire (QoL Compilation)","Permanent Neow"],"gold_per_floor":[109,123,198,198,198,198,232,244,268,268,268,303,303,321,321,425,425,443,443,30,41,5,5,40,40,40,40,40,69,69,79,79,176,176,194,194,210,210,228,228,256,256,256,256,256,284,302,302,302,302],"floor_reached":51,"language":"ENG","playtime":3267,"items_purged":[],"score":1233,"play_id":"90982d36-4637-485b-9e57-22497605de6e","local_time":"20210218011606","is_ascension_mode":true,"campfire_choices":[{"floor":6.0,"key":"REST"},{"floor":11.0,"key":"REST"},{"data":"Bouncing Flask","floor":13.0,"key":"SMITH"},{"data":"Bouncing Flask","floor":15.0,"key":"SMITH"},{"data":"Bullet Time","floor":23,"key":"SMITH"},{"data":"Catalyst","floor":27,"key":"SMITH"},{"data":"Deadly Poison","floor":32,"key":"SMITH"},{"data":"Night Terror","floor":40,"key":"SMITH"},{"data":"Ghostly","floor":45,"key":"SMITH"},{"floor":49,"key":"REST"}],"circlet_count":0,"master_deck":["AscendersBane","Defend_G","Defend_G","Defend_G","Survivor","Neutralize","Bouncing Flask+1","Endless Agony","Calculated Gamble","Bouncing Flask+1","Leg Sweep","Bullet Time+1","Catalyst+1","Ghostly","Ghostly","Ghostly","Ghostly+1","Ghostly+1","Well Laid Plans+1","Deadly Poison+1","Deadly Poison","Blur","Riddle With Holes","Sucker Punch","PiercingWail","Night Terror+1","Concentrate+1","Bouncing Flask+1","Setup+1","Acrobatics","Crippling Poison+1","Acrobatics+1"],"relics":["Ring of the Snake","Lizard Tail","Bag of Preparation","Juzu Bracelet","Frozen Egg 2","Mercury Hourglass","Cursed Key","Ice Cream","Sundial","Snake Skull","Astrolabe","Thread and Needle"],"acts_visited":["Exordium","TheCity","TheBeyond"],"potions_floor_usage":[33,50,50],"damage_taken":[{"damage":12.0,"enemies":"Cultist","floor":1.0,"turns":6.0},{"damage":3.0,"enemies":"Small Slimes","floor":2.0,"turns":4.0},{"damage":30.0,"enemies":"Gremlin Nob","floor":7.0,"turns":4.0},{"damage":0.0,"enemies":"2 Louse","floor":8.0,"turns":2.0},{"damage":12.0,"enemies":"Lagavulin","floor":12.0,"turns":5.0},{"damage":0.0,"enemies":"Looter","floor":14.0,"turns":2.0},{"damage":30,"enemies":"Slime Boss","floor":16,"turns":11},{"damage":2,"enemies":"3 Byrds","floor":18,"turns":5},{"damage":0,"enemies":"Spheric Guardian","floor":21,"turns":3},{"damage":1,"enemies":"Gremlin Leader","floor":24,"turns":8},{"damage":3,"enemies":"Slavers","floor":29,"turns":7},{"damage":1,"enemies":"Snecko","floor":31,"turns":3},{"damage":16,"enemies":"Collector","floor":33,"turns":8},{"damage":1,"enemies":"3 Shapes","floor":35,"turns":6},{"damage":6,"enemies":"3 Darklings","floor":37,"turns":4},{"damage":3,"enemies":"Writhing Mass","floor":39,"turns":3},{"damage":3,"enemies":"Reptomancer","floor":41,"turns":7},{"damage":0,"enemies":"Giant Head","floor":46,"turns":5},{"damage":0,"enemies":"Maw","floor":47,"turns":5},{"damage":12,"enemies":"Donu and Deca","floor":50,"turns":9}],"seed_played":"-8533189156718790284","potions_obtained":[{"floor":1.0,"key":"Ancient Potion"},{"floor":7.0,"key":"AttackPotion"},{"floor":16,"key":"Block Potion"},{"floor":18,"key":"PowerPotion"},{"floor":33,"key":"Weak Potion"}],"is_trial":false,"path_per_floor":["M","M","?","?","?","R","E","M","T","T","R","E","R","M","R","B",null,"M","?","$","M","$","R","E","?","T","R","$","E","?","M","R","B",null,"M","?","M","?","M","R","E","?","T","?","R","E","M","T","R","B",null],"character_chosen":"THE_SILENT","items_purchased":["Well Laid Plans+1","Deadly Poison","Ice Cream","Blur"],"campfire_rested":3,"item_purchase_floors":[20,20,20,22],"current_hp_per_floor":[33,30,19,19,12,33,3,3,3,3,24,12,12,12,12,23,58,56,35,35,35,35,35,34,34,34,34,34,31,31,30,30,14,30,29,29,23,23,20,20,17,17,17,17,17,17,17,17,27,15],"gold":302,"neow_bonus":"ONE_RARE_RELIC","is_daily":false,"chose_seed":false,"campfire_upgraded":7,"win_rate":0.0,"timestamp":1613632566,"path_taken":["M","?","?","?","?","R","E","M","T","?","R","E","R","M","R","BOSS","M","?","$","M","?","R","E","?","T","R","?","E","?","M","R","BOSS","M","?","M","?","M","R","E","?","T","?","R","E","M","?","R","BOSS"],"items_purchased_type":["Card","Card","Relic","Card"],"build_version":"2020-12-22","purchased_purges":0,"victory":true,"max_hp_per_floor":[70,70,70,70,70,70,70,70,70,70,70,70,70,70,70,70,70,70,35,35,35,35,35,35,35,35,35,35,35,35,35,35,35,35,35,35,35,35,35,35,35,35,35,35,35,35,35,35,35,35],"card_choices":[{"not_picked":["Well Laid Plans","Flying Knee"],"picked":"Bouncing Flask","floor":1.0},{"not_picked":["Blade Dance","Quick Slash","Poisoned Stab"],"picked":"SKIP","floor":2.0},{"not_picked":["Accuracy","Finisher","Outmaneuver"],"picked":"SKIP","floor":7.0},{"not_picked":["Flying Knee","Tools of the Trade"],"picked":"Calculated Gamble","floor":8.0},{"not_picked":["Riddle With Holes","Cloak And Dagger"],"picked":"Bouncing Flask","floor":12.0},{"not_picked":["Sucker Punch","Deflect"],"picked":"Leg Sweep","floor":14.0},{"not_picked":["Storm of Steel","Grand Finale"],"picked":"Bullet Time","floor":16},{"not_picked":["Reflex","Underhanded Strike"],"picked":"Catalyst","floor":18},{"not_picked":["Acrobatics","Underhanded Strike"],"picked":"Deadly Poison","floor":21},{"not_picked":["Poisoned Stab","Backstab+1","Reflex"],"picked":"SKIP","floor":24},{"not_picked":["All Out Attack","Escape Plan","PiercingWail"],"picked":"SKIP","floor":29},{"not_picked":["All Out Attack","Escape Plan"],"picked":"PiercingWail","floor":29},{"not_picked":["Leg Sweep","Outmaneuver+1","Deflect"],"picked":"SKIP","floor":31},{"not_picked":["Grand Finale","Glass Knife"],"picked":"Night Terror","floor":33},{"not_picked":["Bane","Reflex"],"picked":"Acrobatics","floor":35},{"not_picked":["Backflip","Caltrops+1","Outmaneuver"],"picked":"SKIP","floor":37},{"not_picked":["Underhanded Strike+1","Blade Dance+1","Deadly Poison"],"picked":"SKIP","floor":39},{"not_picked":["Doppelganger","Dagger Spray+1","Dodge and Roll"],"picked":"SKIP","floor":41},{"not_picked":["Catalyst","Outmaneuver+1"],"picked":"Crippling Poison+1","floor":46},{"not_picked":["Quick Slash+1","Crippling Poison+1"],"picked":"Acrobatics+1","floor":47}],"player_experience":260733,"relics_obtained":[{"floor":7.0,"key":"Bag of Preparation"},{"floor":9.0,"key":"Juzu Bracelet"},{"floor":10.0,"key":"Frozen Egg 2"},{"floor":12.0,"key":"Mercury Hourglass"},{"floor":24,"key":"Sundial"},{"floor":29,"key":"Snake Skull"},{"floor":46,"key":"Thread and Needle"}],"event_choices":[{"damage_healed":0.0,"max_hp_gain":0.0,"max_hp_loss":0.0,"gold_gain":75.0,"event_name":"World of Goop","player_choice":"Gather Gold","floor":3.0,"gold_loss":0.0,"damage_taken":11.0},{"damage_healed":0.0,"max_hp_gain":0.0,"max_hp_loss":0.0,"gold_gain":0.0,"cards_transformed":["Strike_G"],"event_name":"Living Wall","player_choice":"Change","floor":4.0,"gold_loss":0.0,"damage_taken":0.0,"cards_obtained":["Endless Agony"]},{"cards_removed":["Defend_G"],"damage_healed":0.0,"max_hp_gain":0.0,"max_hp_loss":0.0,"gold_gain":0.0,"event_name":"Golden Wing","player_choice":"Card Removal","floor":5.0,"gold_loss":0.0,"damage_taken":7.0},{"damage_healed":0,"gold_gain":0,"player_choice":"Became a Ghost","damage_taken":0,"max_hp_gain":0,"max_hp_loss":35,"event_name":"Ghosts","floor":19,"gold_loss":0,"cards_obtained":["Ghostly","Ghostly","Ghostly","Ghostly","Ghostly"]},{"damage_healed":0,"gold_gain":0,"cards_transformed":["Strike_G","Strike_G"],"player_choice":"Became Test Subject","damage_taken":0,"max_hp_gain":0,"max_hp_loss":0,"event_name":"Drug Dealer","floor":25,"gold_loss":0,"cards_obtained":["Riddle With Holes","Sucker Punch"]},{"damage_healed":0,"gold_gain":0,"player_choice":"Ignored","damage_taken":0,"max_hp_gain":0,"max_hp_loss":0,"event_name":"Vampires","floor":30,"gold_loss":0},{"damage_healed":0,"gold_gain":0,"player_choice":"Ignored","damage_taken":0,"max_hp_gain":0,"max_hp_loss":0,"event_name":"SecretPortal","floor":36,"gold_loss":0},{"damage_healed":0,"gold_gain":0,"player_choice":"Memory 1","damage_taken":0,"max_hp_gain":0,"max_hp_loss":0,"event_name":"SensoryStone","floor":38,"gold_loss":0},{"damage_healed":0,"gold_gain":0,"player_choice":"Upgraded","damage_taken":0,"max_hp_gain":0,"max_hp_loss":0,"event_name":"Upgrade Shrine","floor":42,"gold_loss":0,"cards_upgraded":["Ghostly"]},{"damage_healed":0,"gold_gain":0,"player_choice":"Ignored","damage_taken":0,"max_hp_gain":0,"max_hp_loss":0,"event_name":"Mysterious Sphere","floor":44,"gold_loss":0}],"is_beta":false,"boss_relics":[{"not_picked":["Velvet Choker","HoveringKite"],"picked":"Cursed Key"},{"not_picked":["Runic Pyramid","SacredBark"],"picked":"Astrolabe"}],"items_purged_floors":[],"is_endless":false,"potions_floor_spawned":[1,7,16,18,33,35,41,46,47],"ascension_level":11}}