{"host":"HostiL","time":1613678785,"event":{"mods":["BaseMod","Bestiary","Colored Powertips","Highlight Path","Minty Spire (QoL Compilation)","Relic Stats","Slay the Relics Exporter"],"gold_per_floor":[110,123,123,140,215,215,246,263,263,263,274,224,78,98,98,196,196,207,218,218,231,231,231,248,248,248,282,293,310,345,355,355,460,460,480,248,259,259,273,301,301,315,315,0,11,11,0,54,54,54],"floor_reached":51,"language":"FRA","playtime":6903,"items_purged":["Writhe","Bite"],"score":746,"play_id":"1f43f151-a63a-4a8a-ac48-e74b94490b28","local_time":"20210218210625","is_ascension_mode":false,"campfire_choices":[{"data":"WindmillStrike","floor":6.0,"key":"SMITH"},{"floor":10.0,"key":"REST"},{"data":"Consecrate","floor":15.0,"key":"SMITH"},{"floor":23.0,"key":"REST"},{"floor":25.0,"key":"REST"},{"floor":32.0,"key":"REST"},{"floor":41.0,"key":"REST"},{"floor":46.0,"key":"REST"},{"floor":49.0,"key":"REST"}],"circlet_count":0,"master_deck":["Vigilance+1","ThirdEye","Halt","WindmillStrike+1","Crescendo","Consecrate+1","DevaForm","FlyingSleeves+1","LessonLearned+1","Fasting2+1","EmptyBody","Vengeance","MasterReality","EmptyFist+1","CrushJoints","Sanctity","CutThroughFate+1","LikeWater","Bite","Bite+1","Bite","Bite","SashWhip+1","FollowUp+1","Wallop+1","Vault","Devotion","WheelKick+1","FearNoEvil+1","WaveOfTheHand","LikeWater+1","Wallop+1"],"relics":["PureWater","NeowsBlessing","Bottled Flame","Darkstone Periapt","Membership Card","Pandora\u0027s Box","White Beast Statue","Vajra","Damaru","Dream Catcher","Busted Crown","Mummified Hand","ClockworkSouvenir","Bronze Scales","Blue Candle","Anchor","Ancient Tea Set","Frozen Eye","Red Mask","PreservedInsect"],"acts_visited":["TheCity","TheBeyond"],"potions_floor_usage":[50],"damage_taken":[{"damage":0.0,"enemies":"2 Louse","floor":1.0,"turns":1.0},{"damage":0.0,"enemies":"Cultist","floor":2.0,"turns":1.0},{"damage":0.0,"enemies":"Jaw Worm","floor":4.0,"turns":1.0},{"damage":37.0,"enemies":"Lagavulin","floor":7.0,"turns":8.0},{"damage":0.0,"enemies":"Looter","floor":8.0,"turns":3.0},{"damage":0.0,"enemies":"Exordium Wildlife","floor":11.0,"turns":2.0},{"damage":7.0,"enemies":"3 Louse","floor":14.0,"turns":3.0},{"damage":0.0,"enemies":"Slime Boss","floor":16.0,"turns":5.0},{"damage":11.0,"enemies":"Chosen","floor":18.0,"turns":4.0},{"damage":27.0,"enemies":"Spheric Guardian","floor":19.0,"turns":7.0},{"damage":15.0,"enemies":"Centurion and Healer","floor":21.0,"turns":6.0},{"damage":43.0,"enemies":"Snake Plant","floor":24.0,"turns":10.0},{"damage":20.0,"enemies":"Gremlin Leader","floor":27.0,"turns":9.0},{"damage":22.0,"enemies":"Sentry and Sphere","floor":28.0,"turns":5.0},{"damage":9.0,"enemies":"Centurion and Healer","floor":29.0,"turns":11.0},{"damage":32.0,"enemies":"Slavers","floor":30.0,"turns":5.0},{"damage":14.0,"enemies":"Cultist and Chosen","floor":31.0,"turns":4.0},{"damage":52.0,"enemies":"Collector","floor":33.0,"turns":10.0},{"damage":34.0,"enemies":"3 Shapes","floor":35.0,"turns":7.0},{"damage":11.0,"enemies":"Orb Walker","floor":37.0,"turns":4.0},{"damage":5.0,"enemies":"4 Shapes","floor":39.0,"turns":8.0},{"damage":31.0,"enemies":"Reptomancer","floor":40.0,"turns":6.0},{"damage":19.0,"enemies":"3 Darklings","floor":42.0,"turns":4.0},{"damage":1.0,"enemies":"Jaw Worm Horde","floor":45.0,"turns":4.0},{"damage":33,"enemies":"Donu and Deca","floor":50,"turns":7}],"seed_played":"-2006880577025424485","potions_obtained":[{"floor":2.0,"key":"LiquidBronze"},{"floor":7.0,"key":"Block Potion"},{"floor":8.0,"key":"AttackPotion"},{"floor":14.0,"key":"FairyPotion"},{"floor":18.0,"key":"Block Potion"},{"floor":19.0,"key":"SteroidPotion"},{"floor":21.0,"key":"BottledMiracle"},{"floor":24.0,"key":"LiquidBronze"},{"floor":27.0,"key":"Block Potion"},{"floor":28.0,"key":"LiquidMemories"},{"floor":29.0,"key":"Ambrosia"},{"floor":30.0,"key":"Strength Potion"},{"floor":31.0,"key":"StancePotion"},{"floor":33.0,"key":"ColorlessPotion"},{"floor":35.0,"key":"Weak Potion"},{"floor":37.0,"key":"DuplicationPotion"},{"floor":39.0,"key":"EssenceOfSteel"},{"floor":40.0,"key":"Strength Potion"},{"floor":42.0,"key":"Explosive Potion"},{"floor":45.0,"key":"Ambrosia"}],"is_trial":false,"path_per_floor":["M","M","?","M","?","R","E","M","T","R","M","?","$","M","R","B",null,"M","M","?","M","?","R","M","R","T","E","M","M","E","M","R","B",null,"M","$","M","?","M","E","R","M","T","$","M","R","?","T","R","B",null],"character_chosen":"WATCHER","items_purchased":["Membership Card","Mummified Hand","ClockworkSouvenir","LikeWater","Anchor","ColorlessPotion","Ancient Tea Set","Frozen Eye"],"campfire_rested":7,"item_purchase_floors":[13,36,36,44,44,44,44,44],"current_hp_per_floor":[72,72,72,72,61,61,24,24,24,45,45,45,45,38,38,38,72,61,34,40,25,25,41,14,30,30,32,19,34,13,4,20,5,54,27,27,27,27,26,2,18,5,5,5,8,24,24,24,40,17],"gold":54,"neow_bonus":"THREE_ENEMY_KILL","is_daily":false,"chose_seed":false,"campfire_upgraded":2,"win_rate":0.0,"timestamp":1613678785,"path_taken":["M","M","?","?","?","R","E","M","T","R","M","?","?","M","R","BOSS","M","M","?","M","?","R","M","R","T","E","M","?","E","M","R","BOSS","M","$","M","?","M","E","R","?","T","$","M","R","?","?","R","BOSS"],"items_purchased_type":["Relic","Relic","Relic","Card","Relic","Potion","Relic","Relic"],"build_version":"2020-12-18","purchased_purges":2,"victory":true,"max_hp_per_floor":[72,72,72,72,72,72,72,72,72,72,72,72,72,72,72,72,72,72,72,78,78,54,54,54,54,54,54,54,54,54,54,54,54,54,54,54,54,54,54,54,54,54,54,54,54,54,54,54,54,54],"relic_stats":{"Darkstone Periapt":6,"Dream Catcher":4,"Busted Crown":18,"counters":[25,135],"Mummified Hand":[32],"Bronze Scales":[38],"Blue Candle":[0],"Pandora\u0027s Box":["Fasting2","EmptyBody","Vengeance","MasterReality","EmptyFist","CrushJoints","Sanctity"],"PreservedInsect":0,"obtain_stats":[{"Darkstone Periapt":9,"NeowsBlessing":0,"Blue Candle":43,"Vajra":26,"Damaru":27,"PreservedInsect":48,"Ancient Tea Set":44,"White Beast Statue":20,"ClockworkSouvenir":36,"Frozen Eye":44,"Bottled Flame":7,"Dream Catcher":30,"Anchor":44,"Busted Crown":34,"Mummified Hand":36,"Bronze Scales":40,"Pandora\u0027s Box":17,"Red Mask":47,"Membership Card":13,"PureWater":0},{"Darkstone Periapt":5,"NeowsBlessing":0,"Blue Candle":23,"Vajra":12,"Damaru":13,"PreservedInsect":24,"Ancient Tea Set":23,"White Beast Statue":10,"ClockworkSouvenir":19,"Frozen Eye":23,"Bottled Flame":4,"Dream Catcher":16,"Anchor":23,"Busted Crown":18,"Mummified Hand":19,"Bronze Scales":22,"Pandora\u0027s Box":8,"Red Mask":24,"Membership Card":6,"PureWater":0},{"Darkstone Periapt":14,"NeowsBlessing":0,"Blue Candle":124,"Vajra":51,"Damaru":60,"PreservedInsect":128,"Ancient Tea Set":124,"White Beast Statue":35,"ClockworkSouvenir":102,"Frozen Eye":124,"Bottled Flame":11,"Dream Catcher":81,"Anchor":124,"Busted Crown":95,"Mummified Hand":102,"Bronze Scales":120,"Pandora\u0027s Box":24,"Red Mask":128,"Membership Card":16,"PureWater":0}]},"card_choices":[{"not_picked":["ClearTheMind","EmptyFist"],"picked":"ThirdEye","floor":1.0},{"not_picked":["Evaluate","Collect"],"picked":"Halt","floor":2.0},{"not_picked":["SignatureMove","Collect"],"picked":"WindmillStrike","floor":4.0},{"not_picked":["WheelKick","FearNoEvil"],"picked":"Crescendo","floor":7.0},{"not_picked":["SashWhip","TalkToTheHand"],"picked":"Consecrate","floor":8.0},{"not_picked":["EmptyFist","Halt"],"picked":"DevaForm","floor":11.0},{"not_picked":["ClearTheMind","FlurryOfBlows"],"picked":"FlyingSleeves","floor":14.0},{"not_picked":["Ragnarok","Scrawl"],"picked":"LessonLearned","floor":16.0},{"not_picked":["Crescendo","EmptyBody+1"],"picked":"CutThroughFate+1","floor":18.0},{"not_picked":["BowlingBash","Vengeance","WaveOfTheHand+1"],"picked":"SKIP","floor":19.0},{"not_picked":["ForeignInfluence","ThirdEye"],"picked":"LikeWater","floor":21.0},{"not_picked":["Consecrate","Collect"],"picked":"SashWhip+1","floor":24.0},{"not_picked":["CutThroughFate","EmptyFist","FlurryOfBlows+1"],"picked":"SKIP","floor":27.0},{"not_picked":["CutThroughFate","ThirdEye"],"picked":"FollowUp+1","floor":28.0},{"not_picked":["PathToVictory","DeceiveReality","BowlingBash"],"picked":"SKIP","floor":29.0},{"not_picked":["Swivel","CarveReality"],"picked":"Wallop+1","floor":30.0},{"not_picked":["WindmillStrike","Consecrate","Crescendo"],"picked":"SKIP","floor":31.0},{"not_picked":["MentalFortress","WheelKick+1"],"picked":"Vault","floor":32.0},{"not_picked":["Alpha","DevaForm"],"picked":"Devotion","floor":33.0},{"not_picked":["FlurryOfBlows"],"picked":"SKIP","floor":35.0},{"not_picked":["Consecrate+1"],"picked":"SKIP","floor":37.0},{"not_picked":[],"picked":"WheelKick+1","floor":39.0},{"not_picked":[],"picked":"FearNoEvil+1","floor":40.0},{"not_picked":[],"picked":"WaveOfTheHand","floor":42.0},{"not_picked":["WindmillStrike"],"picked":"SKIP","floor":45.0},{"not_picked":[],"picked":"Wallop+1","floor":49.0}],"player_experience":637119,"relics_obtained":[{"floor":7.0,"key":"Bottled Flame"},{"floor":9.0,"key":"Darkstone Periapt"},{"floor":26.0,"key":"Vajra"},{"floor":27.0,"key":"Damaru"},{"floor":30.0,"key":"Dream Catcher"},{"floor":40.0,"key":"Bronze Scales"},{"floor":43.0,"key":"Blue Candle"},{"floor":48.0,"key":"PreservedInsect"}],"event_choices":[{"cards_removed":["Strike_P"],"damage_healed":0.0,"max_hp_gain":0.0,"max_hp_loss":0.0,"gold_gain":0.0,"event_name":"NoteForYourself","player_choice":"Took Card","floor":3.0,"gold_loss":0.0,"damage_taken":0.0,"cards_obtained":["Strike_B"]},{"damage_healed":0.0,"max_hp_gain":0.0,"max_hp_loss":0.0,"gold_gain":75.0,"event_name":"World of Goop","player_choice":"Gather Gold","floor":5.0,"gold_loss":0.0,"damage_taken":11.0},{"cards_removed":["Strike_P"],"damage_healed":0.0,"max_hp_gain":0.0,"max_hp_loss":0.0,"gold_gain":0.0,"event_name":"The Cleric","player_choice":"Card Removal","floor":12.0,"gold_loss":50.0,"damage_taken":0.0},{"damage_healed":0.0,"max_hp_gain":0.0,"max_hp_loss":0.0,"gold_gain":0.0,"event_name":"The Mausoleum","player_choice":"Opened","floor":20.0,"gold_loss":0.0,"damage_taken":0.0,"relics_obtained":["White Beast Statue"],"cards_obtained":["Writhe"]},{"damage_healed":0.0,"max_hp_gain":0.0,"max_hp_loss":24.0,"gold_gain":0.0,"event_name":"Vampires","player_choice":"Became a vampire","floor":22.0,"gold_loss":0.0,"damage_taken":0.0,"cards_obtained":["Bite","Bite","Bite","Bite","Bite"]},{"cards_removed":["Eruption"],"damage_healed":0.0,"max_hp_gain":0.0,"max_hp_loss":0.0,"gold_gain":0.0,"event_name":"Bonfire Elementals","player_choice":"Offered Basic","floor":38.0,"gold_loss":0.0,"damage_taken":0.0},{"damage_healed":0.0,"max_hp_gain":0.0,"max_hp_loss":0.0,"gold_gain":0.0,"event_name":"Tomb of Lord Red Mask","player_choice":"Paid","floor":47.0,"gold_loss":11.0,"damage_taken":0.0,"relics_obtained":["Red Mask"]}],"is_beta":true,"boss_relics":[{"not_picked":["VioletLotus","Ectoplasm"],"picked":"Pandora\u0027s Box"},{"not_picked":["HolyWater","SlaversCollar"],"picked":"Busted Crown"}],"items_purged_floors":[36,44],"is_endless":false,"potions_floor_spawned":[2,7,8,14,18,19,21,24,27,28,29,30,31,33,35,37,39,40,42,45],"ascension_level":0}}