{"host":"pj05r22d3fegil3v","time":1613688244,"event":{"mods":["BaseMod","Better Altar","Better Match","Better Note","Better Sensory Stone","Better Skull","Better Third Choice","BetterRewards","Card Filter","Colored Powertips","Curses Come First","Custom Start","DeckTracker","Displayed Cursed Tome","Evolution","Minty Spire (QoL Compilation)","Quick Restart","Rare Cards Sparkle","Relic Filter Mod","Smile Girya","StSLib","Weighted Paths","everything is the same but u backflip on backflip","slay the spire mod where everything is the same but ironclad has a cowboy hat"],"gold_per_floor":[109,125,125,138,138,166,166,191,191,211,226,81,81,116,116,214,214,224,224,224,238,256,256,256,284,330,343,243,243,268,268,268,373,373,385,401,453,469,344,344,377,387,413,413,438,438,438,488,488,488],"floor_reached":51,"language":"ENG","playtime":1943,"items_purged":["Bash","Sword Boomerang","Armaments"],"score":1188,"play_id":"0af438e9-5afa-47ac-9740-ecd35c79ec47","local_time":"20210218174404","is_ascension_mode":true,"campfire_choices":[{"data":"Limit Break","floor":7.0,"key":"SMITH"},{"data":"1","floor":13.0,"key":"LIFT"},{"floor":15.0,"key":"REST"},{"data":"2","floor":23.0,"key":"LIFT"},{"data":"3","floor":29.0,"key":"LIFT"},{"data":"Armaments","floor":32.0,"key":"SMITH"},{"data":"Offering","floor":40.0,"key":"SMITH"},{"data":"Disarm","floor":44.0,"key":"SMITH"},{"data":"Shockwave","floor":46.0,"key":"SMITH"},{"data":"Armaments","floor":49.0,"key":"SMITH"}],"circlet_count":0,"master_deck":["Sword Boomerang","Sword Boomerang","Sword Boomerang","Armaments+1","Armaments","Limit Break+1","Battle Trance","Shockwave+1","Offering+1","Disarm+1","Heavy Blade+1"],"relics":["Burning Blood","EVO:Axolotl","Peace Pipe","Shuriken","Juzu Bracelet","Art of War","Girya","Vajra","Mango","Runic Pyramid","Blood Vial","Singing Bowl","Bottled Lightning","Centennial Puzzle","Self Forming Clay","Busted Crown","Du-Vu Doll","Gambling Chip","Ancient Tea Set","Orichalcum","CaptainsWheel"],"acts_visited":["Exordium","TheCity","TheBeyond"],"potions_floor_usage":[],"damage_taken":[{"damage":3.0,"enemies":"2 Louse","floor":1.0,"turns":3.0},{"damage":0.0,"enemies":"Jaw Worm","floor":2.0,"turns":3.0},{"damage":0.0,"enemies":"Cultist","floor":4.0,"turns":2.0},{"damage":14.0,"enemies":"Gremlin Nob","floor":6.0,"turns":3.0},{"damage":11.0,"enemies":"Lagavulin","floor":8.0,"turns":7.0},{"damage":13.0,"enemies":"Exordium Wildlife","floor":10.0,"turns":6.0},{"damage":21.0,"enemies":"Exordium Thugs","floor":11.0,"turns":4.0},{"damage":13.0,"enemies":"3 Sentries","floor":14.0,"turns":4.0},{"damage":0.0,"enemies":"Slime Boss","floor":16.0,"turns":4.0},{"damage":6.0,"enemies":"Chosen","floor":18.0,"turns":3.0},{"damage":20.0,"enemies":"2 Thieves","floor":21.0,"turns":3.0},{"damage":11.0,"enemies":"Centurion and Healer","floor":22.0,"turns":3.0},{"damage":19.0,"enemies":"Slavers","floor":25.0,"turns":2.0},{"damage":6.0,"enemies":"Chosen and Byrds","floor":27.0,"turns":2.0},{"damage":6.0,"enemies":"Gremlin Leader","floor":30.0,"turns":3.0},{"damage":17.0,"enemies":"Automaton","floor":33.0,"turns":3.0},{"damage":16.0,"enemies":"3 Shapes","floor":35.0,"turns":1.0},{"damage":6.0,"enemies":"3 Darklings","floor":36.0,"turns":2.0},{"damage":19.0,"enemies":"2 Orb Walkers","floor":37.0,"turns":2.0},{"damage":6.0,"enemies":"Spire Growth","floor":38.0,"turns":1.0},{"damage":14.0,"enemies":"Giant Head","floor":41.0,"turns":2.0},{"damage":13.0,"enemies":"Writhing Mass","floor":42.0,"turns":2.0},{"damage":6.0,"enemies":"Nemesis","floor":45.0,"turns":3.0},{"damage":6.0,"enemies":"Mind Bloom Boss Battle","floor":48.0,"turns":2.0},{"damage":21.0,"enemies":"Donu and Deca","floor":50.0,"turns":2.0}],"seed_played":"4342710566523590834","potions_obtained":[{"floor":4.0,"key":"PowerPotion"},{"floor":6.0,"key":"DistilledChaos"},{"floor":8.0,"key":"CultistPotion"},{"floor":16.0,"key":"Strength Potion"},{"floor":21.0,"key":"SmokeBomb"},{"floor":25.0,"key":"Dexterity Potion"},{"floor":33.0,"key":"SkillPotion"},{"floor":36.0,"key":"BlessingOfTheForge"},{"floor":37.0,"key":"BloodPotion"},{"floor":45.0,"key":"DistilledChaos"}],"is_trial":false,"path_per_floor":["M","M","?","M","?","E","R","E","T","M","M","$","R","E","R","B",null,"M","?","?","M","M","R","T","E","T","M","$","R","E","?","R","B",null,"M","M","?","M","$","R","E","M","T","R","E","R","?","?","R","B",null],"character_chosen":"IRONCLAD","items_purchased":["Peace Pipe","Shuriken","Juzu Bracelet","Vajra"],"campfire_rested":1,"item_purchase_floors":[0,0,0,12],"current_hp_per_floor":[52,58,58,64,56,48,48,43,43,36,21,21,21,28,57,63,97,97,97,72,60,57,57,57,48,48,52,52,52,56,56,56,49,105,97,101,92,96,96,96,90,87,87,87,91,91,91,93,93,80],"gold":488,"neow_bonus":"","is_daily":false,"chose_seed":false,"campfire_upgraded":6,"win_rate":0.0,"timestamp":1613688244,"path_taken":["M","M","?","M","?","E","R","E","T","M","M","$","R","E","R","BOSS","M","?","?","M","M","R","?","E","T","M","$","R","E","?","R","BOSS","M","M","?","M","$","R","E","M","T","R","E","R","?","?","R","BOSS"],"items_purchased_type":["Relic","Relic","Relic","Relic"],"build_version":"2020-12-22","purchased_purges":3,"victory":true,"max_hp_per_floor":[83,83,83,83,83,83,83,83,83,83,83,83,83,97,97,97,97,97,97,97,97,97,97,97,99,99,101,101,101,103,103,103,105,105,107,109,111,113,113,113,113,115,115,115,117,117,117,117,117,117],"card_choices":[{"not_picked":["Intimidate","Dual Wield","Heavy Blade"],"picked":"SKIP","floor":1.0},{"not_picked":["Warcry","Reckless Charge","Armaments"],"picked":"SKIP","floor":2.0},{"not_picked":["Infernal Blade","Wild Strike","Feel No Pain"],"picked":"SKIP","floor":4.0},{"not_picked":["Infernal Blade","Seeing Red"],"picked":"Limit Break","floor":6.0},{"not_picked":["Havoc","Rage"],"picked":"Battle Trance","floor":8.0},{"not_picked":["Sentinel","Shrug It Off","Warcry"],"picked":"SKIP","floor":10.0},{"not_picked":["Clash","Power Through","Inflame"],"picked":"SKIP","floor":11.0},{"not_picked":["Hemokinesis","Cleave"],"picked":"Shockwave","floor":14.0},{"not_picked":["Feed","Demon Form"],"picked":"Offering","floor":16.0},{"not_picked":["Intimidate","Evolve+1","Heavy Blade"],"picked":"SKIP","floor":18.0},{"not_picked":["Perfected Strike+1","Clash","Shrug It Off"],"picked":"SKIP","floor":21.0},{"not_picked":["Rupture","Pommel Strike","Reckless Charge"],"picked":"SKIP","floor":22.0},{"not_picked":["Fire Breathing+1","Clothesline","Berserk"],"picked":"Singing Bowl","floor":25.0},{"not_picked":["Hemokinesis","Thunderclap+1","Armaments+1"],"picked":"Singing Bowl","floor":27.0},{"not_picked":["Armaments","Combust","Heavy Blade"],"picked":"Singing Bowl","floor":30.0},{"not_picked":["Juggernaut","Corruption","Demon Form"],"picked":"Singing Bowl","floor":33.0},{"not_picked":["Warcry"],"picked":"Singing Bowl","floor":35.0},{"not_picked":["Pommel Strike"],"picked":"Singing Bowl","floor":36.0},{"not_picked":["Uppercut+1"],"picked":"Singing Bowl","floor":37.0},{"not_picked":["Blood for Blood+1"],"picked":"Singing Bowl","floor":38.0},{"not_picked":[],"picked":"Disarm","floor":41.0},{"not_picked":["Carnage"],"picked":"Singing Bowl","floor":42.0},{"not_picked":["Heavy Blade"],"picked":"Singing Bowl","floor":45.0},{"not_picked":[],"picked":"Heavy Blade+1","floor":48.0}],"player_experience":159889,"relics_obtained":[{"floor":6.0,"key":"Art of War"},{"floor":8.0,"key":"Girya"},{"floor":14.0,"key":"Mango"},{"floor":24.0,"key":"Singing Bowl"},{"floor":25.0,"key":"Bottled Lightning"},{"floor":26.0,"key":"Centennial Puzzle"},{"floor":30.0,"key":"Self Forming Clay"},{"floor":37.0,"key":"Du-Vu Doll"},{"floor":41.0,"key":"Gambling Chip"},{"floor":43.0,"key":"Ancient Tea Set"},{"floor":45.0,"key":"Orichalcum"},{"floor":48.0,"key":"CaptainsWheel"}],"event_choices":[{"cards_removed":["Sword Boomerang"],"damage_healed":0.0,"max_hp_gain":0.0,"max_hp_loss":0.0,"gold_gain":0.0,"event_name":"Living Wall","player_choice":"Forget","floor":3.0,"gold_loss":0.0,"damage_taken":0.0},{"damage_healed":0.0,"max_hp_gain":0.0,"max_hp_loss":0.0,"gold_gain":0.0,"event_name":"Wheel of Change","player_choice":"Damaged","floor":5.0,"gold_loss":0.0,"damage_taken":8.0},{"damage_healed":0.0,"max_hp_gain":0.0,"max_hp_loss":0.0,"gold_gain":0.0,"event_name":"betterNote:BetterNote","player_choice":"Ignored","floor":19.0,"gold_loss":0.0,"damage_taken":0.0,"cards_obtained":["Apotheosis"]},{"damage_healed":0.0,"max_hp_gain":97.0,"max_hp_loss":72.0,"gold_gain":0.0,"event_name":"betterAltar:BetterAltar","player_choice":" Vial ","floor":20.0,"potions_obtained":[],"relics_lost":[],"gold_loss":0.0,"damage_taken":25.0,"relics_obtained":["Blood Vial"]},{"damage_healed":0.0,"max_hp_gain":0.0,"max_hp_loss":0.0,"gold_gain":0.0,"event_name":"Vampires","player_choice":"Ignored","floor":31.0,"gold_loss":0.0,"damage_taken":0.0},{"damage_healed":0.0,"max_hp_gain":0.0,"max_hp_loss":0.0,"gold_gain":0.0,"event_name":"Mysterious Sphere","player_choice":"Fight","floor":37.0,"gold_loss":0.0,"damage_taken":0.0},{"cards_removed":["Armaments"],"damage_healed":0.0,"max_hp_gain":0.0,"max_hp_loss":0.0,"gold_gain":0.0,"event_name":"Falling","player_choice":"Removed Skill","floor":47.0,"gold_loss":0.0,"damage_taken":0.0},{"damage_healed":0.0,"max_hp_gain":0.0,"max_hp_loss":0.0,"gold_gain":0.0,"event_name":"MindBloom","player_choice":"Fight","floor":48.0,"gold_loss":0.0,"damage_taken":0.0}],"is_beta":false,"boss_relics":[{"not_picked":["Cursed Key","Black Blood"],"picked":"Runic Pyramid"},{"not_picked":["Philosopher\u0027s Stone","Tiny House"],"picked":"Busted Crown"}],"items_purged_floors":[0,28,39],"is_endless":false,"potions_floor_spawned":[4,6,8,16,21,25,33,36,37,41,45],"ascension_level":1}}