{"host":"je99lgdwtlinqp9h","time":1613648509,"event":{"mods":["Act Like it!","Arknights","BaseMod","Colored Map","HololiveMod","Minty Spire (QoL Compilation)","MostiFishMod","Reimu£®≤©¿ˆ¡È√Œ£©","Relic Stats","Replay The Spire","Shop Mod","Spicy Shops","StSLib","noobMod","°æ“≈ŒÔø®≈∆°øREMEMod"],"gold_per_floor":[113,126,126,137,137,157,189,264,264,289,289,147,107,120,120,120,120],"floor_reached":16,"language":"ZHS","playtime":746,"items_purged":["Defend_Lin:ReiMu"],"score":125,"play_id":"97aa0f30-8f70-4e91-b364-26fba5c7277f","local_time":"20210218194149","is_ascension_mode":false,"campfire_choices":[{"data":"SpringWay:ReiMu","floor":11,"key":"SMITH"},{"data":"MikOfLucky:ReiMu","floor":15,"key":"SMITH"}],"circlet_count":0,"master_deck":["Strike_Lin:ReiMu","Strike_Lin:ReiMu","Strike_Lin:ReiMu","Strike_Lin:ReiMu","Defend_Lin:ReiMu","Defend_Lin:ReiMu","NB:ReiMu+1","Stagnation:ReiMu","AlertArray:ReiMu","UpKicking:ReiMu","SpringWay:ReiMu+1","CareerPray:ReiMu","Meditation:ReiMu+1","Conquer:ReiMu","MikOfLucky:ReiMu+1"],"relics":["FlyPower:ReiMu","DaveBox","REME_ComplimentaryCards","ice","Transparent","SynthV:TestCard","Strawberry","Toxic Egg 2","Odd Mushroom"],"acts_visited":["Exordium"],"potions_floor_usage":[6],"damage_taken":[{"damage":28,"enemies":"Jaw Worm","floor":1,"turns":2},{"damage":28,"enemies":"Small Slimes","floor":2,"turns":2},{"damage":42,"enemies":"Cultist","floor":4,"turns":3},{"damage":28,"enemies":"Looter","floor":6,"turns":2},{"damage":69,"enemies":"Lagavulin","floor":7,"turns":4},{"damage":32,"enemies":"The Mushroom Lair","floor":10,"turns":2},{"damage":32,"enemies":"3 Louse","floor":14,"turns":2},{"damage":79,"enemies":"The Guardian","floor":16,"turns":4}],"seed_played":"-5284593607588431548","potions_obtained":[{"floor":1,"key":"Elixir"},{"floor":4,"key":"GrandPatriotsElixir:ReiMu"},{"floor":6,"key":"Fruit Juice"},{"floor":13,"key":"Strength Potion"}],"is_trial":false,"path_per_floor":["M","M","?","M","?","M","E","?","T","?","R","$","?","M","R","B"],"character_chosen":"REIMU","items_purchased":["Conquer:ReiMu"],"campfire_rested":0,"item_purchase_floors":[12],"current_hp_per_floor":[71,71,71,71,71,76,59,48,48,65,65,65,65,82,82,3,3],"gold":120,"neow_bonus":"TEN_PERCENT_HP_BONUS","is_daily":false,"chose_seed":false,"campfire_upgraded":2,"win_rate":0.0,"timestamp":1613648509,"path_taken":["M","M","?","M","?","?","E","?","T","?","R","?","?","M","R","BOSS"],"items_purchased_type":["Card"],"build_version":"2020-12-22","purchased_purges":1,"victory":false,"max_hp_per_floor":[71,71,71,71,71,76,83,83,83,83,83,83,83,83,83,83,83],"relic_stats":{"counters":[8,21],"obtain_stats":[{"SynthV:TestCard":1,"DaveBox":0,"Transparent":0,"Strawberry":7,"ice":0,"Toxic Egg 2":9,"Odd Mushroom":10,"FlyPower:ReiMu":0,"REME_ComplimentaryCards":0},{"SynthV:TestCard":1,"DaveBox":0,"Transparent":0,"Strawberry":5,"ice":0,"Toxic Egg 2":5,"Odd Mushroom":6,"FlyPower:ReiMu":0,"REME_ComplimentaryCards":0},{"SynthV:TestCard":2,"DaveBox":0,"Transparent":0,"Strawberry":13,"ice":0,"Toxic Egg 2":13,"Odd Mushroom":15,"FlyPower:ReiMu":0,"REME_ComplimentaryCards":0}]},"card_choices":[{"not_picked":["OctopathBindingBorder2:ReiMu","SpreadBorder2:ReiMu","Meditation:ReiMu"],"picked":"SKIP","floor":1},{"not_picked":["SpreadBorder2:ReiMu","RainPray2:ReiMu","SafetyPray:ReiMu","ForcedLanding:ReiMu"],"picked":"AlertArray:ReiMu","floor":2},{"not_picked":["SpreadBorder2:ReiMu","RainPray2:ReiMu","OctopathBindingBorder2:ReiMu","Intuition:ReiMu"],"picked":"UpKicking:ReiMu","floor":4},{"not_picked":["Intuition:ReiMu","SubAcupoint:ReiMu","FineLineFantasy:ReiMu","Gathering:ReiMu"],"picked":"SpringWay:ReiMu","floor":6},{"not_picked":["CardOfSanctity:ReiMu","Intuition:ReiMu","AlertArray:ReiMu","Mountainwind:ReiMu"],"picked":"CareerPray:ReiMu","floor":7},{"not_picked":["WonderfulDomain:ReiMu+1","SpringWay:ReiMu+1","AirStrike:ReiMu","SubcavityInstant:ReiMu+1"],"picked":"Meditation:ReiMu+1","floor":10},{"not_picked":["FineLineFantasy:ReiMu","AirStrike:ReiMu","Conquer:ReiMu","FantasyMoon:ReiMu+1"],"picked":"MikOfLucky:ReiMu","floor":14}],"player_experience":34396,"relics_obtained":[{"floor":1,"key":"SynthV:TestCard"},{"floor":7,"key":"Strawberry"},{"floor":9,"key":"Toxic Egg 2"},{"floor":10,"key":"Odd Mushroom"}],"event_choices":[{"damage_healed":0,"gold_gain":0,"player_choice":"Grow","damage_taken":0,"max_hp_gain":0,"max_hp_loss":0,"event_name":"Living Wall","floor":3,"gold_loss":0,"cards_upgraded":["NB:ReiMu"]},{"cards_removed":["Defend_Lin:ReiMu"],"damage_healed":0,"gold_gain":0,"player_choice":"Card Removal","damage_taken":0,"max_hp_gain":0,"max_hp_loss":0,"event_name":"Wheel of Change","floor":5,"gold_loss":0},{"damage_healed":0,"gold_gain":75,"player_choice":"Gather Gold","damage_taken":11,"max_hp_gain":0,"max_hp_loss":0,"event_name":"World of Goop","floor":8,"gold_loss":0},{"damage_healed":0,"gold_gain":0,"player_choice":"Fought Mushrooms","damage_taken":0,"max_hp_gain":0,"max_hp_loss":0,"event_name":"Mushrooms","floor":10,"gold_loss":0},{"damage_healed":0,"gold_gain":0,"player_choice":"Bought 3 Potions","damage_taken":0,"max_hp_gain":0,"max_hp_loss":0,"event_name":"The Woman in Blue","floor":13,"gold_loss":0}],"is_beta":false,"boss_relics":[],"items_purged_floors":[12],"is_endless":false,"potions_floor_spawned":[1,4,6],"killed_by":"The Guardian","ascension_level":0}}