{"host":"97k3n5kp0psabqmo","time":1613669224,"event":{"mods":["BaseMod","Colored Powertips","Minty Spire (QoL Compilation)"],"gold_per_floor":[114,189,208,208,108,108,119,144,171,181,28,357,376,392,392,392,392],"floor_reached":16,"language":"ENG","playtime":508,"items_purged":["Strike_R"],"score":134,"play_id":"799c2b2c-da35-4899-a469-2e277042e754","local_time":"20210218122704","is_ascension_mode":true,"campfire_choices":[{"data":"True Grit","floor":6,"key":"SMITH"},{"data":"Apotheosis","floor":15,"key":"SMITH"}],"circlet_count":0,"master_deck":["Strike_R","Strike_R","Strike_R","Strike_R","Defend_R","Defend_R","Defend_R","Defend_R","Bash","Decay","Apotheosis+1","True Grit+1","Body Slam","True Grit","Double Tap","Feed","Feel No Pain","Iron Wave"],"relics":["Burning Blood","Centennial Puzzle","Bag of Preparation","Happy Flower","ClockworkSouvenir","Old Coin"],"acts_visited":["Exordium"],"potions_floor_usage":[8,8],"damage_taken":[{"damage":20,"enemies":"Small Slimes","floor":1,"turns":4},{"damage":8,"enemies":"2 Louse","floor":3,"turns":3},{"damage":1,"enemies":"Jaw Worm","floor":7,"turns":5},{"damage":23,"enemies":"3 Sentries","floor":8,"turns":3},{"damage":12,"enemies":"Exordium Thugs","floor":10,"turns":5},{"damage":7,"enemies":"Lagavulin","floor":12,"turns":11},{"damage":18,"enemies":"2 Fungi Beasts","floor":13,"turns":4},{"damage":1,"enemies":"Exordium Wildlife","floor":14,"turns":6},{"damage":31,"enemies":"The Guardian","floor":16,"turns":2}],"seed_played":"6177367425538932142","potions_obtained":[{"floor":1,"key":"BloodPotion"},{"floor":3,"key":"ColorlessPotion"},{"floor":7,"key":"Explosive Potion"},{"floor":12,"key":"SpeedPotion"}],"is_trial":false,"path_per_floor":["M","?","M","?","$","R","M","E","T","M","$","E","M","M","R","B"],"character_chosen":"IRONCLAD","items_purchased":["Body Slam","ClockworkSouvenir"],"campfire_rested":0,"item_purchase_floors":[5,11],"current_hp_per_floor":[66,55,53,41,41,41,46,29,29,23,23,22,13,21,21,0,0],"gold":392,"neow_bonus":"RANDOM_COLORLESS_2","is_daily":false,"chose_seed":false,"campfire_upgraded":2,"win_rate":0.0,"timestamp":1613669224,"path_taken":["M","?","M","?","$","R","M","E","T","M","?","E","?","M","R","BOSS"],"items_purchased_type":["Card","Relic"],"build_version":"2020-12-22","purchased_purges":1,"victory":false,"max_hp_per_floor":[80,80,80,80,80,80,80,80,80,80,80,80,83,86,86,86,86],"card_choices":[{"not_picked":["Metamorphosis","Transmutation"],"picked":"Apotheosis","floor":0},{"not_picked":["Blood for Blood","Clash","Headbutt"],"picked":"SKIP","floor":1},{"not_picked":["Heavy Blade","Combust"],"picked":"True Grit","floor":3},{"not_picked":["Pummel","Combust"],"picked":"True Grit","floor":7},{"not_picked":["True Grit","Uppercut"],"picked":"Double Tap","floor":8},{"not_picked":["Armaments","Carnage","Combust"],"picked":"SKIP","floor":10},{"not_picked":["Heavy Blade","Inflame"],"picked":"Feed","floor":12},{"not_picked":["Flex","Pommel Strike"],"picked":"Feel No Pain","floor":13},{"not_picked":["Clothesline","Flex"],"picked":"Iron Wave","floor":14}],"player_experience":96637,"relics_obtained":[{"floor":8,"key":"Bag of Preparation"},{"floor":9,"key":"Happy Flower"},{"floor":12,"key":"Old Coin"}],"event_choices":[{"damage_healed":0,"gold_gain":75,"player_choice":"Gather Gold","damage_taken":11,"max_hp_gain":0,"max_hp_loss":0,"event_name":"World of Goop","floor":2,"gold_loss":0},{"damage_healed":0,"gold_gain":0,"player_choice":"Success","damage_taken":12,"relics_obtained":["Centennial Puzzle"],"max_hp_gain":0,"max_hp_loss":0,"event_name":"Scrap Ooze","floor":4,"gold_loss":0}],"is_beta":false,"boss_relics":[],"items_purged_floors":[5],"is_endless":false,"potions_floor_spawned":[1,3,7,12],"killed_by":"The Guardian","ascension_level":4}}