{"host":"z37g2hkgkh2zjyzk","time":1613617720,"event":{"mods":["2.2 Compatiblity","AchievementEnabler","BaseMod","Bestiary","Colored Map","Colored Powertips","Curses Come First","Keyboard Shortcuts","Minty Spire (QoL Compilation)","Relic Stats","StSLib","SuperFastMode"],"gold_per_floor":[110,127,144,154,164,164,184,197,197,208,208,208,240,91,91,189,189,205,205,222,222,240,240,275,275,275,287,299,299,319,14,14,110,110,123,123,142,142,153,153,171,189,189,205,205,205,223,0,0,0,0],"floor_reached":50,"language":"ENG","playtime":4141,"items_purged":["Strike_B"],"score":522,"play_id":"71c0f993-bfd9-445d-a18d-6f0ff7261896","local_time":"20210218040840","is_ascension_mode":false,"campfire_choices":[{"data":"Redo","floor":6.0,"key":"SMITH"},{"floor":11.0,"key":"REST"},{"data":"Zap","floor":15.0,"key":"SMITH"},{"floor":23.0,"key":"REST"},{"data":"Ghostly","floor":25.0,"key":"SMITH"},{"floor":32.0,"key":"REST"},{"floor":40.0,"key":"REST"},{"floor":46.0,"key":"REST"},{"floor":49,"key":"REST"}],"circlet_count":0,"master_deck":["Strike_B","Strike_B","Strike_B","Defend_B","Defend_B","Defend_B","Defend_B","Zap+1","Dualcast","Redo+1","Doom and Gloom","Thunder Strike","Compile Driver","Coolheaded","Barrage","Biased Cognition","Lockon","Heatsinks","Chill","Electrodynamics","Double Energy","Ghostly+1","Ghostly+1","Ghostly","Ghostly","Ghostly","Fission","Leap","Fusion+1","Static Discharge+1","Multi-Cast","Creative AI+1","Loop+1","Skim","Hologram+1","Parasite","White Noise+1"],"relics":["Cracked Core","Pantograph","Lantern","Sozu","Nilry\u0027s Codex","Frozen Egg 2","Torii","Regal Pillow","OrangePellets","Velvet Choker","Shovel","Red Mask"],"acts_visited":["Exordium","TheCity","TheBeyond"],"potions_floor_usage":[],"damage_taken":[{"damage":1.0,"enemies":"Cultist","floor":1.0,"turns":3.0},{"damage":6.0,"enemies":"Jaw Worm","floor":2.0,"turns":3.0},{"damage":7.0,"enemies":"2 Louse","floor":3.0,"turns":2.0},{"damage":9.0,"enemies":"2 Fungi Beasts","floor":4.0,"turns":4.0},{"damage":13.0,"enemies":"Exordium Wildlife","floor":5.0,"turns":3.0},{"damage":6.0,"enemies":"Lots of Slimes","floor":7.0,"turns":3.0},{"damage":4.0,"enemies":"2 Fungi Beasts","floor":8.0,"turns":4.0},{"damage":3.0,"enemies":"Looter","floor":10.0,"turns":3.0},{"damage":16.0,"enemies":"Lagavulin","floor":13.0,"turns":4.0},{"damage":28.0,"enemies":"Hexaghost","floor":16.0,"turns":9.0},{"damage":0.0,"enemies":"Chosen","floor":18.0,"turns":4.0},{"damage":4.0,"enemies":"3 Byrds","floor":20.0,"turns":3.0},{"damage":0.0,"enemies":"Snecko","floor":22.0,"turns":6.0},{"damage":1.0,"enemies":"Gremlin Leader","floor":24.0,"turns":6.0},{"damage":0.0,"enemies":"Centurion and Healer","floor":27.0,"turns":5.0},{"damage":14.0,"enemies":"Shelled Parasite and Fungi","floor":28.0,"turns":6.0},{"damage":7.0,"enemies":"Snecko","floor":30.0,"turns":6.0},{"damage":30.0,"enemies":"Automaton","floor":33.0,"turns":7.0},{"damage":28.0,"enemies":"3 Shapes","floor":35.0,"turns":4.0},{"damage":2.0,"enemies":"Orb Walker","floor":37.0,"turns":3.0},{"damage":0.0,"enemies":"Maw","floor":39.0,"turns":8.0},{"damage":2.0,"enemies":"Sphere and 2 Shapes","floor":41.0,"turns":6.0},{"damage":9.0,"enemies":"Writhing Mass","floor":42.0,"turns":6.0},{"damage":25.0,"enemies":"3 Darklings","floor":44.0,"turns":4.0},{"damage":12.0,"enemies":"Transient","floor":47.0,"turns":5.0},{"damage":56,"enemies":"Awakened One","floor":50,"turns":4}],"seed_played":"-5534426528584985561","potions_obtained":[{"floor":1.0,"key":"LiquidBronze"},{"floor":7.0,"key":"Fire Potion"},{"floor":8.0,"key":"FocusPotion"},{"floor":16.0,"key":"Strength Potion"}],"is_trial":false,"path_per_floor":["M","M","M","M","M","R","M","M","T","M","R","?","E","$","R","B",null,"M","?","M","?","M","R","E","R","T","M","M","$","M","$","R","B",null,"M","?","M","?","M","R","M","M","T","M","?","R","M","?","R","B"],"character_chosen":"DEFECT","items_purchased":["Chill","Regal Pillow","OrangePellets"],"campfire_rested":6,"item_purchase_floors":[14,31,31],"current_hp_per_floor":[81,75,68,59,46,46,40,36,36,33,57,82,66,66,66,54,82,82,41,37,21,21,33,32,32,32,32,18,18,11,11,38,11,41,13,13,11,11,11,38,36,27,27,2,2,28,16,16,39,0,0],"gold":0,"neow_bonus":"TEN_PERCENT_HP_BONUS","is_daily":false,"chose_seed":false,"campfire_upgraded":3,"win_rate":0.0,"timestamp":1613617720,"path_taken":["M","?","M","M","M","R","M","?","T","M","R","?","E","$","R","BOSS","M","?","M","?","M","R","E","R","T","M","M","$","M","$","R","BOSS","M","?","M","?","?","R","M","M","T","M","?","R","M","?","R","BOSS"],"items_purchased_type":["Card","Relic","Relic"],"build_version":"2020-12-22","purchased_purges":1,"victory":false,"max_hp_per_floor":[82,82,82,82,82,82,82,82,82,82,82,82,82,82,82,82,82,82,41,41,41,41,41,41,41,41,41,41,41,41,41,41,41,41,41,41,41,41,41,41,41,41,41,41,39,39,39,39,39,39,39],"relic_stats":{"Sozu":7,"OrangePellets":[10],"Regal Pillow":57,"Shovel":0,"Torii":10,"counters":[26,121],"Pantograph":19,"obtain_stats":[{"Sozu":17,"OrangePellets":31,"Lantern":13,"Regal Pillow":31,"Shovel":43,"Torii":26,"Nilry\u0027s Codex":21,"Pantograph":9,"Velvet Choker":34,"Red Mask":48,"Frozen Egg 2":24,"Cracked Core":0},{"Sozu":10,"OrangePellets":17,"Lantern":9,"Regal Pillow":17,"Shovel":23,"Torii":14,"Nilry\u0027s Codex":12,"Pantograph":7,"Velvet Choker":18,"Red Mask":25,"Frozen Egg 2":14,"Cracked Core":0},{"Sozu":38,"OrangePellets":74,"Lantern":29,"Regal Pillow":74,"Shovel":108,"Torii":57,"Nilry\u0027s Codex":45,"Pantograph":22,"Velvet Choker":81,"Red Mask":117,"Frozen Egg 2":57,"Cracked Core":0}]},"card_choices":[{"not_picked":["Gash","Streamline"],"picked":"Redo","floor":1.0},{"not_picked":["Steam","Aggregate"],"picked":"Doom and Gloom","floor":2.0},{"not_picked":["Go for the Eyes","Blizzard"],"picked":"Thunder Strike","floor":3.0},{"not_picked":["Streamline","Force Field"],"picked":"Compile Driver","floor":4.0},{"not_picked":["Compile Driver","Leap"],"picked":"Coolheaded","floor":5.0},{"not_picked":["Beam Cell","Steam"],"picked":"Barrage","floor":7.0},{"not_picked":["Stack","Steam Power"],"picked":"Biased Cognition","floor":8.0},{"not_picked":["Compile Driver","Steam"],"picked":"Lockon","floor":10.0},{"not_picked":["Scrape","Hologram"],"picked":"Heatsinks","floor":13.0},{"not_picked":["Thunder Strike","Reboot"],"picked":"Electrodynamics","floor":16.0},{"not_picked":["Steam Power+1","Hello World"],"picked":"Double Energy","floor":18.0},{"not_picked":["Scrape+1","Stack+1","Ball Lightning+1"],"picked":"SKIP","floor":20.0},{"not_picked":["Go for the Eyes","Auto Shields"],"picked":"Fission","floor":22.0},{"not_picked":["Streamline","Steam"],"picked":"Leap","floor":24.0},{"not_picked":["Consume+1","Hologram"],"picked":"Fusion+1","floor":27.0},{"not_picked":["Streamline","Sweeping Beam"],"picked":"Static Discharge+1","floor":28.0},{"not_picked":["Hello World+1","Barrage"],"picked":"Multi-Cast","floor":30.0},{"not_picked":["Biased Cognition+1","All For One"],"picked":"Creative AI+1","floor":33.0},{"not_picked":["Go for the Eyes+1","Chill"],"picked":"Loop+1","floor":35.0},{"not_picked":["Chill","Redo+1"],"picked":"Skim","floor":37.0},{"not_picked":["Rip and Tear","Hologram","Streamline"],"picked":"SKIP","floor":39.0},{"not_picked":["Compile Driver+1","Streamline"],"picked":"Hologram+1","floor":41.0},{"not_picked":["Barrage+1","Leap+1"],"picked":"White Noise+1","floor":42.0},{"not_picked":["Streamline","Tempest+1","Darkness"],"picked":"SKIP","floor":44.0},{"not_picked":["Redo","Conserve Battery+1","Ball Lightning+1"],"picked":"SKIP","floor":47.0}],"player_experience":87053,"relics_obtained":[{"floor":9.0,"key":"Pantograph"},{"floor":13.0,"key":"Lantern"},{"floor":21.0,"key":"Nilry\u0027s Codex"},{"floor":24.0,"key":"Frozen Egg 2"},{"floor":26.0,"key":"Torii"},{"floor":43.0,"key":"Shovel"}],"event_choices":[{"damage_healed":27.0,"max_hp_gain":0.0,"max_hp_loss":0.0,"gold_gain":0.0,"event_name":"Big Fish","player_choice":"Banana","floor":12.0,"gold_loss":0.0,"damage_taken":0.0},{"damage_healed":0.0,"max_hp_gain":0.0,"max_hp_loss":41.0,"gold_gain":0.0,"event_name":"Ghosts","player_choice":"Became a Ghost","floor":19.0,"gold_loss":0.0,"damage_taken":0.0,"cards_obtained":["Ghostly","Ghostly","Ghostly","Ghostly","Ghostly"]},{"damage_healed":0.0,"max_hp_gain":0.0,"max_hp_loss":0.0,"gold_gain":0.0,"event_name":"Cursed Tome","player_choice":"Obtained Book","floor":21.0,"gold_loss":0.0,"damage_taken":16.0},{"damage_healed":0.0,"max_hp_gain":0.0,"max_hp_loss":0.0,"gold_gain":0.0,"event_name":"Mysterious Sphere","player_choice":"Ignored","floor":36.0,"gold_loss":0.0,"damage_taken":0.0},{"damage_healed":0.0,"max_hp_gain":0.0,"max_hp_loss":0.0,"gold_gain":0.0,"event_name":"Upgrade Shrine","player_choice":"Upgraded","floor":38.0,"gold_loss":0.0,"damage_taken":0.0,"cards_upgraded":["Ghostly"]},{"damage_healed":0.0,"max_hp_gain":0.0,"max_hp_loss":2.0,"gold_gain":0.0,"event_name":"Winding Halls","player_choice":"Max HP","floor":45.0,"gold_loss":0.0,"damage_taken":0.0},{"damage_healed":0.0,"max_hp_gain":0.0,"max_hp_loss":0.0,"gold_gain":0.0,"event_name":"Tomb of Lord Red Mask","player_choice":"Paid","floor":48.0,"gold_loss":223.0,"damage_taken":0.0,"relics_obtained":["Red Mask"]}],"is_beta":false,"boss_relics":[{"not_picked":["Calling Bell","Coffee Dripper"],"picked":"Sozu"},{"not_picked":["Snecko Eye","Runic Dome"],"picked":"Velvet Choker"}],"items_purged_floors":[14],"is_endless":false,"potions_floor_spawned":[1,7,8,16,18,24,30,37,41,42,47],"killed_by":"Awakened One","ascension_level":0}}