{"host":"y080dcqw8fj32q7d","time":1613678694,"event":{"mods":["AchievementEnabler","BaseMod","Colored Map","Colored Powertips","DeckTracker","Minty Spire (QoL Compilation)","Relic Sorter"],"gold_per_floor":[110,110,35,35,13,47,47,78,103,134,84,97,197,268,268,268,268],"floor_reached":16,"language":"ENG","playtime":564,"items_purged":["Strike_R"],"score":183,"play_id":"239e5263-e706-404a-a85a-65621e5c22ac","local_time":"20210218230454","is_ascension_mode":true,"campfire_choices":[{"floor":7,"key":"RECALL"},{"data":"1","floor":15,"key":"LIFT"}],"circlet_count":0,"master_deck":["Strike_R","Strike_R","Strike_R","Defend_R","Defend_R+1","Defend_R","Defend_R+1","Bash","Twin Strike","Flex+1","Headbutt","Headbutt"],"relics":["Burning Blood","NeowsBlessing","Toxic Egg 2","Eternal Feather","War Paint","Girya","Bronze Scales","Shuriken","Vajra"],"acts_visited":["Exordium"],"potions_floor_usage":[14,14],"damage_taken":[{"damage":0,"enemies":"Cultist","floor":1,"turns":1},{"damage":0,"enemies":"Gremlin Nob","floor":6,"turns":1},{"damage":0,"enemies":"Lagavulin","floor":8,"turns":1},{"damage":6,"enemies":"Gremlin Nob","floor":10,"turns":3},{"damage":0,"enemies":"Small Slimes","floor":12,"turns":3},{"damage":28,"enemies":"3 Sentries","floor":14,"turns":5},{"damage":67,"enemies":"Hexaghost","floor":16,"turns":9}],"seed_played":"7069323170910995386","potions_obtained":[{"floor":1,"key":"Explosive Potion"},{"floor":8,"key":"ColorlessPotion"},{"floor":10,"key":"DistilledChaos"}],"is_trial":false,"path_per_floor":["M","?","$","?","$","E","R","E","T","E","?","M","?","E","R","B"],"character_chosen":"IRONCLAD","items_purchased":["Flex+1"],"campfire_rested":0,"item_purchase_floors":[5],"current_hp_per_floor":[80,80,80,62,62,68,74,80,80,80,80,80,80,58,64,0,0],"gold":268,"neow_bonus":"THREE_ENEMY_KILL","is_daily":false,"chose_seed":false,"campfire_upgraded":0,"win_rate":0.0,"timestamp":1613678694,"path_taken":["M","?","?","?","$","E","R","E","T","E","?","?","?","E","R","BOSS"],"items_purchased_type":["Card"],"build_version":"2020-12-22","purchased_purges":1,"victory":false,"max_hp_per_floor":[80,80,80,80,80,80,80,80,80,80,80,80,80,80,80,80,80],"card_choices":[{"not_picked":["Clothesline","Hemokinesis"],"picked":"Twin Strike","floor":1},{"not_picked":["Armaments+1","Uppercut","Limit Break+1"],"picked":"SKIP","floor":6},{"not_picked":["Battle Trance+1","Whirlwind"],"picked":"Headbutt","floor":8},{"not_picked":["Iron Wave","Armaments+1"],"picked":"Headbutt","floor":10},{"not_picked":["Perfected Strike","Reckless Charge","Clothesline"],"picked":"SKIP","floor":12},{"not_picked":["Hemokinesis","Havoc+1","Rupture"],"picked":"SKIP","floor":14}],"player_experience":337883,"relics_obtained":[{"floor":6,"key":"War Paint"},{"floor":8,"key":"Girya"},{"floor":9,"key":"Bronze Scales"},{"floor":10,"key":"Shuriken"},{"floor":14,"key":"Vajra"}],"event_choices":[{"damage_healed":0,"gold_gain":0,"player_choice":"Gave Potion","damage_taken":0,"relics_obtained":["Toxic Egg 2"],"max_hp_gain":0,"max_hp_loss":0,"event_name":"WeMeetAgain","floor":2,"gold_loss":0},{"damage_healed":0,"gold_gain":0,"player_choice":"Success","damage_taken":18,"relics_obtained":["Eternal Feather"],"max_hp_gain":0,"max_hp_loss":0,"event_name":"Scrap Ooze","floor":4,"gold_loss":0},{"cards_removed":["Strike_R"],"damage_healed":0,"gold_gain":0,"player_choice":"Card Removal","damage_taken":0,"max_hp_gain":0,"max_hp_loss":0,"event_name":"The Cleric","floor":11,"gold_loss":50},{"damage_healed":0,"gold_gain":100,"player_choice":"Pray","damage_taken":0,"max_hp_gain":0,"max_hp_loss":0,"event_name":"Golden Shrine","floor":13,"gold_loss":0}],"is_beta":false,"boss_relics":[],"items_purged_floors":[3],"is_endless":false,"potions_floor_spawned":[1,8,10],"killed_by":"Hexaghost","ascension_level":1}}