{"host":"zmr8u29ebzxwermy","time":1613635651,"event":{"mods":["BaseMod","BetterRewards","Colored Map","DeckTracker","Downfall","Minty Spire (QoL Compilation)","Quick Restart","Shop Mod","StSLib","SuperFastMode"],"gold_per_floor":[99,119,139,155,255,266,266,280,309,323,338,352,252,237,254,254,254,254],"floor_reached":16,"language":"ENG","playtime":573,"items_purged":[],"score":133,"play_id":"30251218-14e0-4448-ac30-3d839463c7db","local_time":"20210218170731","is_ascension_mode":false,"campfire_choices":[{"floor":1,"key":"RECALL"},{"floor":13,"key":"REST"}],"circlet_count":0,"master_deck":["champ:Strike","champ:Strike","champ:Strike","champ:Strike","champ:Defend","champ:Defend","champ:Defend","champ:Defend","champ:Execute","champ:Taunt","champ:FlashCut","champ:StanceDance","champ:ShieldSlam","champ:PerfectedStrike"],"relics":["champ:ChampionCrown","Toy Ornithopter","Matryoshka","Pear","downfall:HeartBlessingRed"],"acts_visited":["Exordium"],"potions_floor_usage":[5,12,12,16],"damage_taken":[{"damage":22,"enemies":"Jaw Worm","floor":2,"turns":5},{"damage":11,"enemies":"Cultist","floor":3,"turns":3},{"damage":10,"enemies":"Small Slimes","floor":4,"turns":3},{"damage":108,"enemies":"downfall:LadyInBlue","floor":5,"turns":12},{"damage":12,"enemies":"Blue Slaver","floor":6,"turns":3},{"damage":0,"enemies":"downfall:LooterAlt","floor":8,"turns":2},{"damage":18,"enemies":"3 Sentries","floor":9,"turns":7},{"damage":24,"enemies":"3 Louse","floor":10,"turns":2},{"damage":13,"enemies":"Gremlin Gang","floor":11,"turns":4},{"damage":20,"enemies":"Large Slime","floor":12,"turns":4},{"damage":15,"enemies":"downfall:FleeingMerchant","floor":14,"turns":4},{"damage":28,"enemies":"Exordium Wildlife","floor":15,"turns":4},{"damage":39,"enemies":"SI_SHIV_ARCHETYPE","floor":16,"turns":5}],"seed_played":"-145354233551133307","potions_obtained":[{"floor":2,"key":"Fire Potion"},{"floor":5,"key":"hexamod:SoulburnPotion"},{"floor":5,"key":"hexamod:SoulburnPotion"},{"floor":5,"key":"FearPotion"},{"floor":15,"key":"champ:OpenerPotion"}],"is_trial":false,"path_per_floor":["R","M","M","M","?","M","T","M","E","M","M","M","R","$","M","B"],"character_chosen":"THE_CHAMP","items_purchased":[],"campfire_rested":1,"item_purchase_floors":[],"current_hp_per_floor":[99,97,96,96,28,26,26,26,28,14,11,10,42,37,24,0,0,0],"gold":254,"neow_bonus":"TEN_PERCENT_HP_BONUS","is_daily":false,"chose_seed":false,"campfire_upgraded":0,"win_rate":0.0,"timestamp":1613635651,"path_taken":["R","M","M","M","?","?","T","M","E","?","M","M","R","?","M","BOSS"],"items_purchased_type":[],"build_version":"2020-12-22","purchased_purges":0,"victory":false,"max_hp_per_floor":[99,99,99,99,99,99,99,99,109,109,109,109,109,109,109,109,109,109],"card_choices":[{"not_picked":["champ:BerserkersShout","champ:Endure"],"picked":"champ:FlashCut","floor":2},{"not_picked":["champ:GutPunch","champ:Circumvent"],"picked":"champ:StanceDance","floor":3},{"not_picked":["champ:FanOfKnives","champ:StanceDance"],"picked":"champ:ShieldSlam","floor":4},{"not_picked":["champ:FanOfKnives","champ:BringItOn"],"picked":"champ:PerfectedStrike","floor":5},{"not_picked":["champ:AdrenalArmor","champ:Shatter","champ:FancyFootwork"],"picked":"SKIP","floor":10}],"player_experience":400698,"relics_obtained":[{"floor":5,"key":"Toy Ornithopter"},{"floor":7,"key":"Matryoshka"},{"floor":9,"key":"Pear"}],"event_choices":[],"is_beta":false,"boss_relics":[],"items_purged_floors":[],"is_endless":false,"potions_floor_spawned":[2,5,10,15],"killed_by":"SI_SHIV_ARCHETYPE","ascension_level":0}}