{"host":"dqv8oo4v229c1o2l","time":1613663035,"event":{"mods":["AchievementEnabler","BaseMod","Colored Map","Colored Powertips","Minty Spire (QoL Compilation)","Quick Restart","Rare Cards Sparkle","StSLib","Synergy Search"],"gold_per_floor":[118,44,63,135,210,210,268,268,268,268,268,280,294,306,306,401,401,420,435,337,337,355,365,365,398,398,398,275,295,295,295,295,295,295],"floor_reached":33,"language":"ENG","playtime":1471,"items_purged":["Strike_B"],"score":370,"play_id":"768e5745-97f6-4e08-9531-267e145b38d4","local_time":"20210218074355","is_ascension_mode":true,"campfire_choices":[{"floor":6.0,"key":"REST"},{"floor":10.0,"key":"REST"},{"data":"Zap","floor":15.0,"key":"SMITH"},{"floor":24.0,"key":"REST"},{"floor":27,"key":"REST"},{"floor":32,"key":"REST"}],"circlet_count":0,"master_deck":["Strike_B","Strike_B","Defend_B","Defend_B","Defend_B","Defend_B","Zap+1","Dualcast","Melter","Scrape","BootSequence","Conserve Battery","Gash","Leap","Seek","Panacea","Hologram+1","Gash","Hologram","Decay","Darkness"],"relics":["Cracked Core","Anchor","Kunai","Nuclear Battery","Smiling Mask","Ornamental Fan"],"acts_visited":["Exordium","TheCity"],"potions_floor_usage":[25,25],"damage_taken":[{"damage":18.0,"enemies":"Jaw Worm","floor":1.0,"turns":5.0},{"damage":1.0,"enemies":"2 Louse","floor":3.0,"turns":2.0},{"damage":30.0,"enemies":"3 Sentries","floor":7.0,"turns":6.0},{"damage":0.0,"enemies":"Small Slimes","floor":12.0,"turns":4.0},{"damage":44.0,"enemies":"Gremlin Gang","floor":13.0,"turns":6.0},{"damage":0.0,"enemies":"2 Fungi Beasts","floor":14.0,"turns":4.0},{"damage":8.0,"enemies":"Slime Boss","floor":16.0,"turns":10.0},{"damage":0.0,"enemies":"Spheric Guardian","floor":18.0,"turns":1.0},{"damage":0.0,"enemies":"3 Byrds","floor":19.0,"turns":6.0},{"damage":47.0,"enemies":"Centurion and Healer","floor":22.0,"turns":10.0},{"damage":0.0,"enemies":"Sentry and Sphere","floor":23.0,"turns":5.0},{"damage":55,"enemies":"Slavers","floor":25,"turns":8},{"damage":12,"enemies":"Snake Plant","floor":29,"turns":6},{"damage":49,"enemies":"Collector","floor":33,"turns":5}],"seed_played":"8541140947635048291","potions_obtained":[{"floor":1.0,"key":"EssenceOfDarkness"},{"floor":7.0,"key":"PowerPotion"},{"floor":11.0,"key":"FairyPotion"},{"floor":11.0,"key":"Regen Potion"},{"floor":14.0,"key":"PotionOfCapacity"},{"floor":16.0,"key":"Regen Potion"},{"floor":19.0,"key":"DuplicationPotion"}],"is_trial":false,"path_per_floor":["M","$","M","?","?","R","?","?","T","R","?","M","M","M","R","B",null,"M","M","$","T","M","M","R","E","T","R","$","M","?","?","R","B"],"character_chosen":"DEFECT","items_purchased":["Melter","Panacea","DuplicationPotion"],"campfire_rested":5,"item_purchase_floors":[2,20,28],"current_hp_per_floor":[50,50,49,49,38,60,30,30,30,52,52,52,8,20,20,12,59,59,59,59,59,12,12,34,17,17,39,39,27,27,27,49,0,0],"gold":295,"neow_bonus":"ONE_RANDOM_RARE_CARD","is_daily":false,"chose_seed":false,"campfire_upgraded":1,"win_rate":0.0,"timestamp":1613663035,"path_taken":["M","$","M","?","?","R","?","?","T","R","?","M","M","M","R","BOSS","M","M","$","?","?","M","R","E","T","R","$","?","?","?","R","BOSS"],"items_purchased_type":["Card","Card","Potion"],"build_version":"2020-12-22","purchased_purges":1,"victory":false,"max_hp_per_floor":[75,75,75,75,75,75,75,75,75,75,75,75,75,75,75,75,75,75,75,75,75,75,75,75,75,75,75,75,75,75,75,75,75,75],"card_choices":[{"not_picked":["Skim","Sweeping Beam","Turbo"],"picked":"SKIP","floor":1.0},{"not_picked":["Sweeping Beam","Rip and Tear"],"picked":"Scrape","floor":3.0},{"not_picked":["Double Energy","Turbo"],"picked":"Conserve Battery","floor":12.0},{"not_picked":["Coolheaded","Hello World"],"picked":"Gash","floor":13.0},{"not_picked":["Rebound","Double Energy"],"picked":"Leap","floor":14.0},{"not_picked":["Meteor Strike","Rainbow"],"picked":"Seek","floor":16.0},{"not_picked":["Compile Driver","Undo","Barrage"],"picked":"SKIP","floor":18.0},{"not_picked":["Cold Snap","Meteor Strike","Tempest"],"picked":"SKIP","floor":19.0},{"not_picked":["Leap","Conserve Battery"],"picked":"Hologram+1","floor":22.0},{"not_picked":["Streamline","Conserve Battery"],"picked":"Gash","floor":23.0},{"not_picked":["Ball Lightning","Barrage","Streamline"],"picked":"SKIP","floor":25},{"not_picked":["Darkness","Barrage+1"],"picked":"Hologram","floor":29}],"player_experience":327844,"relics_obtained":[{"floor":7.0,"key":"Anchor"},{"floor":9.0,"key":"Kunai"},{"floor":25,"key":"Smiling Mask"},{"floor":26,"key":"Ornamental Fan"}],"event_choices":[{"damage_healed":0.0,"max_hp_gain":0.0,"max_hp_loss":0.0,"gold_gain":72.0,"event_name":"Golden Wing","player_choice":"Gained Gold","floor":4.0,"gold_loss":0.0,"damage_taken":0.0},{"damage_healed":0.0,"max_hp_gain":0.0,"max_hp_loss":0.0,"gold_gain":75.0,"event_name":"World of Goop","player_choice":"Gather Gold","floor":5.0,"gold_loss":0.0,"damage_taken":11.0},{"damage_healed":0.0,"max_hp_gain":0.0,"max_hp_loss":0.0,"gold_gain":0.0,"event_name":"Dead Adventurer","player_choice":"Searched \u00271\u0027 times","floor":7.0,"gold_loss":0.0,"damage_taken":0.0},{"damage_healed":0.0,"max_hp_gain":0.0,"max_hp_loss":0.0,"gold_gain":0.0,"cards_transformed":["Creative AI"],"event_name":"Living Wall","player_choice":"Change","floor":8.0,"gold_loss":0.0,"damage_taken":0.0,"cards_obtained":["BootSequence"]},{"damage_healed":0.0,"max_hp_gain":0.0,"max_hp_loss":0.0,"gold_gain":0.0,"event_name":"Lab","player_choice":"Got Potions","floor":11.0,"gold_loss":0.0,"damage_taken":0.0},{"damage_healed":0,"gold_gain":0,"player_choice":"Smashed Altar","damage_taken":0,"max_hp_gain":0,"max_hp_loss":0,"event_name":"Forgotten Altar","floor":30,"gold_loss":0,"cards_obtained":["Decay"]},{"damage_healed":0,"gold_gain":0,"cards_transformed":["Strike_B"],"player_choice":"Transformed","damage_taken":0,"max_hp_gain":0,"max_hp_loss":0,"event_name":"Transmorgrifier","floor":31,"gold_loss":0,"cards_obtained":["Darkness"]}],"is_beta":false,"boss_relics":[{"not_picked":["Coffee Dripper","Velvet Choker"],"picked":"Nuclear Battery"}],"items_purged_floors":[28],"is_endless":false,"potions_floor_spawned":[1,7,14,16,19],"killed_by":"Collector","ascension_level":9}}