{"host":"gjwzgdilc53yxmt0","time":1613622358,"event":{"mods":["2.2 Compatiblity","BaseMod","Bestiary","Highlight Path","Minty Spire (QoL Compilation)","Relic Stats","StSLib","ojb\u0027s Info Mod"],"gold_per_floor":[112,132,132,132,6,6,35,35,35,52,84,102,135,153,153,230,230,247,258,258,17,35,63,63,88,88,88,116,66,16,44,44,119,119,138,157,174,187,187,222,172,204,204,204,204,66,85,101,101,101,101,101,101,27,57,57],"floor_reached":57,"language":"ENG","playtime":4262,"items_purged":["Strike_P","Strike_P","Strike_P+1","SandsOfTime"],"score":3066,"play_id":"43640da5-34ba-40a2-a3ae-70d41c516a0a","local_time":"20210217232558","is_ascension_mode":true,"campfire_choices":[{"data":"CrushJoints","floor":6.0,"key":"SMITH"},{"data":"Eruption","floor":8.0,"key":"SMITH"},{"data":"TalkToTheHand","floor":15.0,"key":"SMITH"},{"floor":24.0,"key":"REST"},{"floor":27.0,"key":"REST"},{"data":"Strike_P","floor":32.0,"key":"PURGE"},{"floor":44.0,"key":"REST"},{"floor":49,"key":"RECALL"},{"floor":53,"key":"REST"}],"circlet_count":0,"master_deck":["AscendersBane","Defend_P","Defend_P+1","Defend_P+1","Eruption+1","Vigilance","Secret Weapon","CrushJoints+1","FlurryOfBlows","CutThroughFate","EmptyFist","Establishment","TalkToTheHand+1","CutThroughFate","EmptyBody","Omniscience","Vengeance+1","Fasting2","InnerPeace","DevaForm","FearNoEvil","Adaptation","Vault","Vault","TalkToTheHand","ThirdEye+1","Crescendo+1","WheelKick","FlurryOfBlows+1","FlurryOfBlows","InnerPeace","ClearTheMind","WaveOfTheHand","FlurryOfBlows","TalkToTheHand"],"relics":["PureWater","Torii","War Paint","Damaru","Fusion Hammer","Nloth\u0027s Gift","OrangePellets","Bronze Scales","Smiling Mask","Yang","Peace Pipe","Strawberry","Snecko Eye","Boot","Mummified Hand","Art of War"],"acts_visited":["Exordium","TheCity","TheBeyond","TheEnding"],"potions_floor_usage":[56,56],"damage_taken":[{"damage":0.0,"enemies":"Small Slimes","floor":1.0,"turns":2.0},{"damage":0.0,"enemies":"Cultist","floor":2.0,"turns":2.0},{"damage":0.0,"enemies":"Lagavulin","floor":7.0,"turns":3.0},{"damage":0.0,"enemies":"Jaw Worm","floor":10.0,"turns":1.0},{"damage":7.0,"enemies":"3 Sentries","floor":11.0,"turns":4.0},{"damage":16.0,"enemies":"Exordium Thugs","floor":12.0,"turns":5.0},{"damage":0.0,"enemies":"Gremlin Nob","floor":13.0,"turns":2.0},{"damage":0.0,"enemies":"Blue Slaver","floor":14.0,"turns":2.0},{"damage":8.0,"enemies":"The Guardian","floor":16.0,"turns":8.0},{"damage":0.0,"enemies":"3 Byrds","floor":18.0,"turns":5.0},{"damage":9.0,"enemies":"2 Thieves","floor":19.0,"turns":4.0},{"damage":0.0,"enemies":"3 Cultists","floor":22.0,"turns":3.0},{"damage":23.0,"enemies":"Slavers","floor":23.0,"turns":7.0},{"damage":16.0,"enemies":"Book of Stabbing","floor":25.0,"turns":5.0},{"damage":20.0,"enemies":"Slavers","floor":28.0,"turns":6.0},{"damage":1.0,"enemies":"Book of Stabbing","floor":31.0,"turns":4.0},{"damage":20.0,"enemies":"Collector","floor":33.0,"turns":7.0},{"damage":0.0,"enemies":"3 Darklings","floor":35.0,"turns":4.0},{"damage":19.0,"enemies":"Orb Walker","floor":36.0,"turns":3.0},{"damage":7.0,"enemies":"Writhing Mass","floor":37.0,"turns":8.0},{"damage":0.0,"enemies":"Transient","floor":38.0,"turns":7.0},{"damage":0.0,"enemies":"Nemesis","floor":40.0,"turns":4.0},{"damage":7.0,"enemies":"Giant Head","floor":42.0,"turns":7.0},{"damage":0,"enemies":"Maw","floor":47,"turns":3},{"damage":0,"enemies":"3 Darklings","floor":48,"turns":3},{"damage":14,"enemies":"Awakened One","floor":50,"turns":9},{"damage":0,"enemies":"Donu and Deca","floor":51,"turns":7},{"damage":7,"enemies":"Shield and Spear","floor":55,"turns":7},{"damage":26,"enemies":"The Heart","floor":56,"turns":9}],"seed_played":"634601543997833222","potions_obtained":[{"floor":1.0,"key":"Strength Potion"},{"floor":2.0,"key":"EssenceOfSteel"},{"floor":11.0,"key":"Strength Potion"},{"floor":18.0,"key":"Dexterity Potion"},{"floor":19.0,"key":"BlessingOfTheForge"},{"floor":28.0,"key":"Fire Potion"},{"floor":37.0,"key":"CultistPotion"},{"floor":38.0,"key":"DistilledChaos"},{"floor":42.0,"key":"EssenceOfSteel"},{"floor":48,"key":"SpeedPotion"}],"is_trial":false,"path_per_floor":["M","M","?","$","$","R","E","R","T","M","E","M","E","M","R","B",null,"M","M","?","$","M","E","R","E","T","R","E","?","$","E","R","B",null,"M","M","M","M","?","E","$","E","T","R","?","$","M","M","R","B","B",null,"R","$","E","B",null],"character_chosen":"WATCHER","items_purchased":["FlurryOfBlows","OrangePellets","Fasting2","FlurryOfBlows","InnerPeace","FlurryOfBlows"],"campfire_rested":4,"item_purchase_floors":[5,21,21,46,46,54],"current_hp_per_floor":[43,43,39,39,39,39,39,39,39,39,32,16,16,16,16,8,53,53,44,44,44,44,21,41,25,25,45,25,25,25,31,31,11,59,59,40,33,33,33,33,33,26,26,48,48,48,48,48,48,34,34,65,75,75,68,42],"gold":57,"neow_bonus":"RANDOM_COLORLESS_2","is_daily":false,"chose_seed":false,"campfire_upgraded":3,"win_rate":0.0,"timestamp":1613622358,"path_taken":["M","M","?","?","$","R","E","R","T","?","E","?","E","M","R","BOSS","M","M","?","$","?","E","R","E","T","R","E","?","$","E","R","BOSS","M","M","?","M","?","E","?","E","T","R","?","$","M","M","R","BOSS","BOSS","R","$","E","BOSS"],"items_purchased_type":["Card","Relic","Card","Card","Card","Card"],"build_version":"2020-12-22","purchased_purges":4,"victory":true,"max_hp_per_floor":[68,68,68,68,68,68,68,68,68,68,68,68,68,68,68,68,68,68,68,68,68,68,68,68,68,68,68,68,68,68,75,75,75,75,75,75,75,75,75,75,75,75,75,75,75,75,75,75,75,75,75,75,75,75,75,75],"relic_stats":{"Torii":50,"counters":[29,141],"Yang":[346],"War Paint":["Defend_P","Defend_P"],"Smiling Mask":225,"Boot":[6],"Peace Pipe":1,"OrangePellets":[71],"Mummified Hand":[39],"Bronze Scales":[316],"Snecko Eye":[16,30,24,28],"Nloth\u0027s Gift":6,"Art of War":[1],"obtain_stats":[{"Torii":7,"Damaru":13,"Yang":26,"War Paint":11,"Smiling Mask":25,"Boot":40,"Peace Pipe":28,"OrangePellets":21,"Sundial":9,"Mummified Hand":42,"Bronze Scales":23,"Strawberry":31,"Snecko Eye":34,"Fusion Hammer":17,"Nloth\u0027s Gift":20,"Art of War":55,"PureWater":0},{"Torii":3,"Damaru":7,"Yang":14,"War Paint":5,"Smiling Mask":14,"Boot":22,"Peace Pipe":15,"OrangePellets":11,"Sundial":3,"Mummified Hand":23,"Bronze Scales":13,"Strawberry":16,"Snecko Eye":17,"Fusion Hammer":9,"Nloth\u0027s Gift":11,"Art of War":28,"PureWater":0},{"Torii":7,"Damaru":19,"Yang":53,"War Paint":12,"Smiling Mask":53,"Boot":96,"Peace Pipe":59,"OrangePellets":38,"Sundial":7,"Mummified Hand":103,"Bronze Scales":48,"Strawberry":63,"Snecko Eye":70,"Fusion Hammer":29,"Nloth\u0027s Gift":38,"Art of War":132,"PureWater":0}]},"card_choices":[{"not_picked":["Chrysalis","The Bomb"],"picked":"Secret Weapon","floor":0.0},{"not_picked":["FollowUp","ForeignInfluence"],"picked":"CrushJoints","floor":1.0},{"not_picked":["LikeWater","PathToVictory"],"picked":"SandsOfTime","floor":2.0},{"not_picked":["DeceiveReality","CrushJoints"],"picked":"CutThroughFate","floor":7.0},{"not_picked":["EmptyMind","PathToVictory"],"picked":"EmptyFist","floor":10.0},{"not_picked":["Consecrate","Evaluate"],"picked":"Establishment","floor":11.0},{"not_picked":["WindmillStrike","BattleHymn"],"picked":"TalkToTheHand","floor":12.0},{"not_picked":["WindmillStrike","DeceiveReality"],"picked":"CutThroughFate","floor":13.0},{"not_picked":["Protect","FollowUp"],"picked":"EmptyBody","floor":14.0},{"not_picked":["Establishment","Brilliance"],"picked":"Omniscience","floor":16.0},{"not_picked":["ClearTheMind","CarveReality"],"picked":"Vengeance","floor":18.0},{"not_picked":["CrushJoints","Conclude","Sanctity"],"picked":"SKIP","floor":19.0},{"not_picked":["MasterReality","ConjureBlade"],"picked":"InnerPeace","floor":22.0},{"not_picked":["SpiritShield","BattleHymn"],"picked":"DevaForm","floor":23.0},{"not_picked":["EmptyFist","FollowUp"],"picked":"FearNoEvil","floor":25.0},{"not_picked":["Swivel","Perseverance"],"picked":"Adaptation","floor":28.0},{"not_picked":["ReachHeaven","CutThroughFate"],"picked":"Vault","floor":31.0},{"not_picked":["Judgement","DevaForm"],"picked":"Vault","floor":33.0},{"not_picked":["SignatureMove","Evaluate+1"],"picked":"TalkToTheHand","floor":35.0},{"not_picked":["CrushJoints","Vengeance"],"picked":"ThirdEye+1","floor":36.0},{"not_picked":["Prostrate","LikeWater"],"picked":"Crescendo+1","floor":37.0},{"not_picked":["DeusExMachina","FlyingSleeves+1"],"picked":"WheelKick","floor":38.0},{"not_picked":["Perseverance","FlyingSleeves"],"picked":"FlurryOfBlows+1","floor":40.0},{"not_picked":["ConjureBlade","Alpha","Judgement"],"picked":"SKIP","floor":42.0},{"not_picked":["PathToVictory","Collect"],"picked":"ClearTheMind","floor":47},{"not_picked":["Study","SashWhip"],"picked":"WaveOfTheHand","floor":48},{"not_picked":["FlyingSleeves","BowlingBash"],"picked":"TalkToTheHand","floor":55}],"player_experience":4959591,"relics_obtained":[{"floor":7.0,"key":"Torii"},{"floor":9.0,"key":"Sundial"},{"floor":11.0,"key":"War Paint"},{"floor":13.0,"key":"Damaru"},{"floor":23.0,"key":"Bronze Scales"},{"floor":25.0,"key":"Smiling Mask"},{"floor":26.0,"key":"Yang"},{"floor":28.0,"key":"Peace Pipe"},{"floor":31.0,"key":"Strawberry"},{"floor":40.0,"key":"Boot"},{"floor":42.0,"key":"Mummified Hand"},{"floor":55,"key":"Art of War"}],"event_choices":[{"damage_healed":0.0,"max_hp_gain":0.0,"max_hp_loss":0.0,"gold_gain":0.0,"event_name":"The Woman in Blue","player_choice":"Bought 0 Potions","floor":3.0,"gold_loss":0.0,"damage_taken":0.0},{"damage_healed":0.0,"max_hp_gain":0.0,"max_hp_loss":0.0,"gold_gain":0.0,"event_name":"N\u0027loth","player_choice":"Traded Relic","floor":20.0,"relics_lost":["Sundial"],"gold_loss":0.0,"damage_taken":0.0,"relics_obtained":["Nloth\u0027s Gift"]},{"damage_healed":0.0,"max_hp_gain":0.0,"max_hp_loss":0.0,"gold_gain":0.0,"event_name":"Designer","player_choice":"Upgraded Two","floor":29.0,"gold_loss":50.0,"damage_taken":0.0,"cards_upgraded":["Vengeance","Strike_P"]},{"damage_healed":0.0,"max_hp_gain":0.0,"max_hp_loss":0.0,"gold_gain":0.0,"event_name":"SecretPortal","player_choice":"Ignored","floor":39.0,"gold_loss":0.0,"damage_taken":0.0},{"cards_removed":["Defend_P"],"damage_healed":0.0,"max_hp_gain":0.0,"max_hp_loss":0.0,"gold_gain":0.0,"event_name":"Falling","player_choice":"Removed Skill","floor":45.0,"gold_loss":0.0,"damage_taken":0.0}],"is_beta":false,"boss_relics":[{"not_picked":["Tiny House","Runic Dome"],"picked":"Fusion Hammer"},{"not_picked":["SlaversCollar","HolyWater"],"picked":"Snecko Eye"}],"items_purged_floors":[5,30,41,54],"is_endless":false,"potions_floor_spawned":[1,2,11,18,19,22,28,37,38,42,48],"ascension_level":20}}