{"host":"iudiqz5bwex5meyb","time":1613616273,"event":{"mods":["AchievementEnabler","BaseMod","Block Reminder","Colored Map","Minty Spire (QoL Compilation)","StSLib","ojb\u0027s Better Paths Mod","ojb\u0027s Info Mod"],"gold_per_floor":[118,118,134,84,84,124,142,142,168,207,223,223,246,282,282,403,403,418,443,443,443,0,0,18,18,44,68,68,68],"floor_reached":28,"language":"ENG","playtime":1975,"items_purged":[],"score":342,"play_id":"9e625335-1929-4bb8-8d5e-234d90eea01e","local_time":"20210217204433","is_ascension_mode":true,"campfire_choices":[{"data":"Catalyst","floor":12,"key":"SMITH"},{"floor":15,"key":"REST"},{"data":"Catalyst","floor":23,"key":"SMITH"}],"circlet_count":0,"master_deck":["Strike_G+1","Defend_G+1","Defend_G+1","Defend_G+1","Defend_G+1","Defend_G+1","Survivor","Neutralize","Deadly Poison+1","Backflip","Dagger Throw","Catalyst+1","Blur","Backflip","Terror","Adrenaline","Bouncing Flask","Well Laid Plans","Slice","Catalyst+1","Deadly Poison","Blur+1"],"relics":["Ring of the Snake","NeowsBlessing","Golden Idol","Blood Vial","Boot","Paper Crane","Runic Pyramid","PreservedInsect","TungstenRod","Enchiridion","Anchor"],"acts_visited":["Exordium","TheCity"],"potions_floor_usage":[10,10,14,24,28,28],"damage_taken":[{"damage":0,"enemies":"Small Slimes","floor":1,"turns":1},{"damage":0,"enemies":"2 Louse","floor":3,"turns":1},{"damage":0,"enemies":"Lagavulin","floor":6,"turns":2},{"damage":0,"enemies":"Cultist","floor":7,"turns":5},{"damage":20,"enemies":"3 Sentries","floor":10,"turns":15},{"damage":0,"enemies":"Looter","floor":11,"turns":3},{"damage":0,"enemies":"Large Slime","floor":13,"turns":5},{"damage":21,"enemies":"Gremlin Nob","floor":14,"turns":4},{"damage":21,"enemies":"Hexaghost","floor":16,"turns":8},{"damage":10,"enemies":"Spheric Guardian","floor":18,"turns":4},{"damage":28,"enemies":"3 Byrds","floor":19,"turns":6},{"damage":1,"enemies":"Centurion and Healer","floor":24,"turns":5},{"damage":0,"enemies":"Snake Plant","floor":27,"turns":3},{"damage":14,"enemies":"Slavers","floor":28,"turns":2}],"seed_played":"1505004789035778975","potions_obtained":[{"floor":3,"key":"Weak Potion"},{"floor":6,"key":"Block Potion"},{"floor":7,"key":"Weak Potion"},{"floor":13,"key":"Swift Potion"},{"floor":19,"key":"GhostInAJar"},{"floor":24,"key":"Fire Potion"}],"is_trial":false,"path_per_floor":["M","?","M","?","?","E","M","?","T","E","M","R","M","E","R","B",null,"M","M","?","?","$","R","M","?","T","M","E"],"character_chosen":"THE_SILENT","items_purchased":["PreservedInsect","TungstenRod"],"campfire_rested":1,"item_purchase_floors":[22,22],"current_hp_per_floor":[63,46,46,46,32,32,34,34,34,16,18,18,20,1,22,3,53,45,19,19,19,19,19,20,8,8,10,0,0],"gold":68,"neow_bonus":"THREE_ENEMY_KILL","is_daily":false,"chose_seed":false,"campfire_upgraded":2,"win_rate":0.0,"timestamp":1613616273,"path_taken":["M","?","M","?","?","E","M","?","T","E","M","R","?","E","R","BOSS","M","M","?","?","$","R","M","?","T","M","E"],"items_purchased_type":["Relic","Relic"],"build_version":"2020-12-22","purchased_purges":0,"victory":false,"max_hp_per_floor":[70,70,70,70,70,70,70,70,70,70,70,70,70,70,70,70,70,70,70,70,70,70,70,70,70,70,70,70,70],"card_choices":[{"not_picked":["Flechettes","Distraction"],"picked":"Deadly Poison","floor":1},{"not_picked":["Flechettes","Riddle With Holes","Eviscerate"],"picked":"SKIP","floor":3},{"not_picked":["Deadly Poison","Dagger Throw"],"picked":"Backflip","floor":6},{"not_picked":["Caltrops","Dagger Spray"],"picked":"Dagger Throw","floor":7},{"not_picked":["Predator","Flying Knee"],"picked":"Catalyst","floor":10},{"not_picked":["Blade Dance","Dagger Throw"],"picked":"Blur","floor":11},{"not_picked":["Underhanded Strike","Slice"],"picked":"Backflip","floor":13},{"not_picked":["Cloak And Dagger","Endless Agony"],"picked":"Terror","floor":14},{"not_picked":["Storm of Steel","Night Terror"],"picked":"Adrenaline","floor":16},{"not_picked":["Backflip","Blade Dance"],"picked":"Bouncing Flask","floor":18},{"not_picked":["Bouncing Flask","Backstab"],"picked":"Well Laid Plans","floor":19},{"not_picked":["Finisher","Predator"],"picked":"Deadly Poison","floor":24},{"not_picked":["Underhanded Strike","Sucker Punch+1"],"picked":"Blur+1","floor":27}],"player_experience":307624,"relics_obtained":[{"floor":6,"key":"Blood Vial"},{"floor":10,"key":"Boot"},{"floor":14,"key":"Paper Crane"},{"floor":25,"key":"Enchiridion"},{"floor":26,"key":"Anchor"}],"event_choices":[{"damage_healed":0,"gold_gain":0,"player_choice":"Take Damage","damage_taken":17,"relics_obtained":["Golden Idol"],"max_hp_gain":0,"max_hp_loss":0,"event_name":"Golden Idol","floor":2,"gold_loss":0},{"cards_removed":["Strike_G"],"damage_healed":0,"gold_gain":0,"player_choice":"Card Removal","damage_taken":0,"max_hp_gain":0,"max_hp_loss":0,"event_name":"The Cleric","floor":4,"gold_loss":50},{"damage_healed":0,"gold_gain":0,"player_choice":"Entered Light","damage_taken":14,"max_hp_gain":0,"max_hp_loss":0,"event_name":"Shining Light","floor":5,"gold_loss":0,"cards_upgraded":["Deadly Poison","Defend_G"]},{"cards_removed":["Strike_G"],"damage_healed":0,"gold_gain":0,"player_choice":"Purged","damage_taken":0,"max_hp_gain":0,"max_hp_loss":0,"event_name":"Purifier","floor":8,"gold_loss":0},{"damage_healed":0,"gold_gain":0,"player_choice":"Simplicity","damage_taken":0,"max_hp_gain":0,"max_hp_loss":0,"event_name":"Back to Basics","floor":20,"gold_loss":0,"cards_upgraded":["Strike_G","Strike_G","Strike_G","Defend_G","Defend_G","Defend_G","Defend_G"]},{"damage_healed":0,"gold_gain":0,"cards_transformed":["Strike_G","Strike_G"],"player_choice":"Became Test Subject","damage_taken":0,"max_hp_gain":0,"max_hp_loss":0,"event_name":"Drug Dealer","floor":21,"gold_loss":0,"cards_obtained":["Slice","Catalyst"]},{"damage_healed":0,"gold_gain":0,"player_choice":"Obtained Book","damage_taken":16,"max_hp_gain":0,"max_hp_loss":0,"event_name":"Cursed Tome","floor":25,"gold_loss":0}],"is_beta":false,"boss_relics":[{"not_picked":["Runic Dome","WristBlade"],"picked":"Runic Pyramid"}],"items_purged_floors":[],"is_endless":false,"potions_floor_spawned":[3,6,7,13,19,24],"killed_by":"Slavers","ascension_level":6}}