{"host":"t9vqxmgmtrdkt9v9","time":1613620348,"event":{"mods":["AchievementEnabler","BaseMod","Colored Map","Minty Spire (QoL Compilation)","Permanent Neow","Relic Stats","StSLib"],"gold_per_floor":[109,121,121,131,76,108,108,134,157,157,171,171,66,77,77,77,77],"floor_reached":16,"language":"ENG","playtime":804,"items_purged":["Strike_B"],"score":204,"play_id":"a0710b28-dd1c-4a48-a296-ced0c920502f","local_time":"20210218135228","is_ascension_mode":true,"campfire_choices":[{"floor":7,"key":"REST"},{"floor":12,"key":"REST"},{"data":"Genetic Algorithm","floor":15,"key":"SMITH"}],"circlet_count":0,"master_deck":["AscendersBane","Strike_B","Strike_B","Defend_B","Defend_B","Defend_B","Defend_B","Zap","Dualcast","Chill","Darkness","Cold Snap","Steam","Undo","Turbo","Genetic Algorithm+1","Steam","Sweeping Beam","Conserve Battery"],"relics":["Cracked Core","Dream Catcher","Centennial Puzzle","Sundial","Juzu Bracelet"],"acts_visited":["Exordium"],"potions_floor_usage":[],"damage_taken":[{"damage":0,"enemies":"Cultist","floor":1,"turns":3},{"damage":0,"enemies":"Small Slimes","floor":2,"turns":4},{"damage":6,"enemies":"2 Louse","floor":4,"turns":3},{"damage":21,"enemies":"Lagavulin","floor":6,"turns":7},{"damage":34,"enemies":"3 Sentries","floor":8,"turns":10},{"damage":4,"enemies":"Blue Slaver","floor":11,"turns":4},{"damage":6,"enemies":"Red Slaver","floor":14,"turns":3},{"damage":43,"enemies":"Slime Boss","floor":16,"turns":8}],"seed_played":"-160813752054444101","potions_obtained":[{"floor":1,"key":"Strength Potion"},{"floor":6,"key":"PotionOfCapacity"}],"is_trial":false,"path_per_floor":["M","M","$","M","?","E","R","E","T","?","M","R","$","M","R","B"],"character_chosen":"DEFECT","items_purchased":["Sweeping Beam"],"campfire_rested":2,"item_purchase_floors":[13],"current_hp_per_floor":[64,64,64,58,58,37,58,24,24,24,20,41,41,35,35,0,0],"gold":77,"neow_bonus":"THREE_CARDS","is_daily":false,"chose_seed":false,"campfire_upgraded":1,"win_rate":0.0,"timestamp":1613620348,"path_taken":["M","M","$","M","?","E","R","E","T","?","M","R","$","M","R","BOSS"],"items_purchased_type":["Card"],"build_version":"2020-12-22","purchased_purges":1,"victory":false,"max_hp_per_floor":[71,71,71,71,71,71,71,71,71,71,71,71,71,71,71,71,71],"relic_stats":{"Dream Catcher":2,"Centennial Puzzle":[12],"counters":[8,42],"Sundial":[2],"Juzu Bracelet":1,"obtain_stats":[{"Dream Catcher":5,"Centennial Puzzle":6,"Sundial":8,"Juzu Bracelet":9,"Cracked Core":0},{"Dream Catcher":3,"Centennial Puzzle":4,"Sundial":5,"Juzu Bracelet":5,"Cracked Core":0},{"Dream Catcher":10,"Centennial Puzzle":17,"Sundial":27,"Juzu Bracelet":27,"Cracked Core":0}]},"card_choices":[{"not_picked":["Go for the Eyes","Compile Driver"],"picked":"Chill","floor":0},{"not_picked":["Steam Power","Conserve Battery"],"picked":"Darkness","floor":1},{"not_picked":["Compile Driver","Leap"],"picked":"Cold Snap","floor":2},{"not_picked":["Turbo","Reprogram","Scrape"],"picked":"SKIP","floor":4},{"not_picked":["Streamline","Rebound"],"picked":"Steam","floor":6},{"not_picked":["Rebound","Turbo"],"picked":"Undo","floor":7},{"not_picked":["Darkness","Cold Snap","Sunder"],"picked":"SKIP","floor":8},{"not_picked":["Undo","Hyperbeam"],"picked":"Genetic Algorithm","floor":11},{"not_picked":["Hologram","Lockon"],"picked":"Steam","floor":12},{"not_picked":["Rebound","Darkness"],"picked":"Conserve Battery","floor":14}],"player_experience":434367,"relics_obtained":[{"floor":6,"key":"Centennial Puzzle"},{"floor":8,"key":"Sundial"},{"floor":9,"key":"Juzu Bracelet"}],"event_choices":[{"damage_healed":0,"gold_gain":0,"player_choice":"Paid Gold","damage_taken":0,"relics_obtained":["Dream Catcher"],"max_hp_gain":0,"max_hp_loss":0,"event_name":"WeMeetAgain","floor":5,"gold_loss":55},{"damage_healed":0,"gold_gain":0,"cards_transformed":["Strike_B"],"player_choice":"Change","damage_taken":0,"max_hp_gain":0,"max_hp_loss":0,"event_name":"Living Wall","floor":10,"gold_loss":0,"cards_obtained":["Turbo"]}],"is_beta":false,"boss_relics":[],"items_purged_floors":[13],"is_endless":false,"potions_floor_spawned":[1,6],"killed_by":"Slime Boss","ascension_level":17}}