{"host":"h3ogdo6no3ehk88q","time":1613671714,"event":{"mods":["AchievementEnabler","BaseMod","Hermit","Marisa????????","Minty Spire (QoL Compilation)","StSLib","SuperFastMode","The Bug Knight","The Cursed","The Disciple","The Necromancer","The Servant 0.9.4"],"gold_per_floor":[368,382,393,393,408,408,408,408,408],"floor_reached":8,"language":"ENG","playtime":174,"items_purged":[],"score":77,"play_id":"41b9e0ce-c604-45ce-9298-acc7f14f7158","local_time":"20210218130834","is_ascension_mode":true,"campfire_choices":[{"floor":7,"key":"REST"}],"circlet_count":0,"master_deck":["AscendersBane","Strike_G","Strike_G","Strike_G","Strike_G","Strike_G","Defend_G","Defend_G","Defend_G","Defend_G","Defend_G","Survivor","Neutralize","Cloak And Dagger","Deadly Poison+1","Dagger Spray","Injury"],"relics":["Ring of the Snake","Golden Idol"],"acts_visited":["Exordium"],"potions_floor_usage":[],"damage_taken":[{"damage":5,"enemies":"Cultist","floor":1,"turns":4},{"damage":7,"enemies":"2 Louse","floor":2,"turns":5},{"damage":0,"enemies":"Small Slimes","floor":3,"turns":5},{"damage":8,"enemies":"Blue Slaver","floor":5,"turns":4},{"damage":48,"enemies":"Gremlin Nob","floor":8,"turns":4}],"seed_played":"5905197434245127525","potions_obtained":[],"is_trial":false,"path_per_floor":["M","M","M","?","M","?","R","E"],"character_chosen":"THE_SILENT","items_purchased":[],"campfire_rested":1,"item_purchase_floors":[],"current_hp_per_floor":[40,33,33,33,25,25,46,0,0],"gold":408,"neow_bonus":"TWO_FIFTY_GOLD","is_daily":false,"chose_seed":false,"campfire_upgraded":0,"win_rate":0.0,"timestamp":1613671714,"path_taken":["M","M","M","?","M","?","R","E"],"items_purchased_type":[],"build_version":"2020-12-22","purchased_purges":0,"victory":false,"max_hp_per_floor":[70,70,70,70,70,70,70,70,70],"card_choices":[{"not_picked":["Prepared","Bane","Acrobatics"],"picked":"SKIP","floor":1},{"not_picked":["Acrobatics","Bane"],"picked":"Cloak And Dagger","floor":2},{"not_picked":["Blade Dance","Flying Knee"],"picked":"Deadly Poison","floor":3},{"not_picked":["Deflect","Outmaneuver"],"picked":"Dagger Spray","floor":5}],"player_experience":911698,"relics_obtained":[],"event_choices":[{"damage_healed":0,"gold_gain":0,"player_choice":"Grow","damage_taken":0,"max_hp_gain":0,"max_hp_loss":0,"event_name":"Living Wall","floor":4,"gold_loss":0,"cards_upgraded":["Deadly Poison"]},{"damage_healed":0,"gold_gain":0,"player_choice":"Take Wound","damage_taken":0,"relics_obtained":["Golden Idol"],"max_hp_gain":0,"max_hp_loss":0,"event_name":"Golden Idol","floor":6,"gold_loss":0,"cards_obtained":["Injury"]}],"is_beta":false,"boss_relics":[],"items_purged_floors":[],"is_endless":false,"potions_floor_spawned":[],"killed_by":"Gremlin Nob","ascension_level":12}}