{"host":"yfi73559mxreacvo","time":1613618283,"event":{"mods":["AchievementEnabler","Act Like it!","Aspiration","BaseMod","Better Third Choice","BetterRewards","Colored Map","Conspire","Evolution","Gensokyo","GifTheSpireLib","Halation","HexUI Lib","Highlight Path","Hubris","Minty Spire (QoL Compilation)","Quarter Circle Forward PUNCH!","Railgun Mod","Reliquary","Replay The Spire","Spicy Shops","Spikes Relics","StS++","StSLib","Stuff the Spire","The Alterego","Wandering Minibosses"],"gold_per_floor":[115,134,165,267,175,205,215,215,215,215,215,242,242,261,261,362,362,374,401,401,131,131,131,56,56,56],"floor_reached":25,"language":"ENG","playtime":1302,"items_purged":["alterego_mod:HighServant"],"score":240,"play_id":"d2e28be8-8415-4b4d-bfbc-2f2dce50bccd","local_time":"20210217221803","is_ascension_mode":false,"campfire_choices":[{"data":"alterego_mod:BrynhildrsRune","floor":10,"key":"SMITH"},{"data":"alterego_mod:Punishment","floor":13,"key":"SMITH"},{"data":"alterego_mod:Pet","floor":15,"key":"SMITH"},{"data":"alterego_mod:TrashNCrash","floor":23,"key":"SMITH"}],"circlet_count":0,"master_deck":["alterego_mod:Strike","alterego_mod:Strike","alterego_mod:Strike","alterego_mod:Defend","alterego_mod:Defend","alterego_mod:Defend","alterego_mod:BigMeatyClaws","alterego_mod:BrynhildrsRune+1","alterego_mod:Skirt","alterego_mod:ChallengeComplete","alterego_mod:TrashNCrash+1","alterego_mod:DeftHands","alterego_mod:BusterCard","alterego_mod:DeftHands","alterego_mod:Pet+1","alterego_mod:IdEs","Gensokyo:ScrapIron","Gensokyo:BlemishedSteel"],"relics":["alterego_mod:MasochisticConstitution","EVO:Axolotl","NeowsBlessing","halation:SwordOfLegend","Bronze Scales","Tiny Chest","halation:AfternoonTea","Replay:Grab Bag","Busted Crown","Philosopher\u0027s Stone","Empty Cage","reliquary:Aerogel","reliquary:BrokenClock"],"acts_visited":["Gensokyo:Gensokyo","Gensokyo:Gensokyoer"],"potions_floor_usage":[16,16,16],"damage_taken":[{"damage":0,"enemies":"Gensokyo:Gryphon","floor":1,"turns":1},{"damage":1,"enemies":"Gensokyo:Python","floor":2,"turns":3},{"damage":0,"enemies":"Gensokyo:Cirno","floor":3,"turns":2},{"damage":4,"enemies":"Gensokyo:Mamizou","floor":6,"turns":10},{"damage":7,"enemies":"Gensokyo:2_Kodama","floor":7,"turns":5},{"damage":19,"enemies":"Gensokyo:Cirno","floor":12,"turns":8},{"damage":0,"enemies":"Gensokyo:LivingMonolith","floor":14,"turns":3},{"damage":31,"enemies":"Gensokyo:Yukari","floor":16,"turns":9},{"damage":0,"enemies":"Gensokyo:Chomper","floor":18,"turns":5},{"damage":77,"enemies":"Gensokyo:Tenshi","floor":25,"turns":3}],"seed_played":"1074342294828469106","potions_obtained":[{"floor":1,"key":"DuplicationPotion"},{"floor":2,"key":"Weak Potion"},{"floor":6,"key":"Venom Potion"},{"floor":14,"key":"AttackPotion"},{"floor":16,"key":"SkillPotion"},{"floor":18,"key":"Explosive Potion"}],"is_trial":false,"path_per_floor":["M","M","?","?","COS","E","M","?","T","R","?","E","R","M","R","B",null,"M","T","?","COS","?","R","$","E"],"character_chosen":"The_Alterego","items_purchased":[],"campfire_rested":0,"item_purchase_floors":[],"current_hp_per_floor":[70,70,70,53,53,50,44,44,44,50,57,39,42,42,42,12,75,75,75,75,75,75,75,75,0,0],"gold":56,"neow_bonus":"THREE_ENEMY_KILL","is_daily":false,"chose_seed":false,"campfire_upgraded":4,"win_rate":0.0,"timestamp":1613618283,"path_taken":["M","M","?","?","COS","E","M","?","T","R","?","E","R","?","R","BOSS","M","?","?","COS","?","R","$","E"],"items_purchased_type":[],"build_version":"2020-12-22","purchased_purges":1,"victory":false,"max_hp_per_floor":[70,71,71,71,71,72,73,73,73,73,73,74,74,74,74,75,75,75,75,75,75,75,75,75,75,75],"card_choices":[{"not_picked":["alterego_mod:DestructionOfProperty","alterego_mod:1TonWallop"],"picked":"alterego_mod:HighServant","floor":1},{"not_picked":["alterego_mod:DiscoLights","alterego_mod:Maid"],"picked":"alterego_mod:Skirt","floor":2},{"not_picked":["alterego_mod:BiFurious","alterego_mod:SakuraFive"],"picked":"alterego_mod:ChallengeComplete","floor":3},{"not_picked":["alterego_mod:MaintainEyeContact","alterego_mod:Valentines"],"picked":"alterego_mod:TrashNCrash","floor":4},{"not_picked":["alterego_mod:DiscoLights","alterego_mod:BoobPocket"],"picked":"alterego_mod:DeftHands","floor":4},{"not_picked":["alterego_mod:Undulate","alterego_mod:Bounce"],"picked":"alterego_mod:BusterCard","floor":4},{"not_picked":["alterego_mod:MagicResistance","alterego_mod:Cycle","alterego_mod:1TonWallop"],"picked":"SKIP","floor":6},{"not_picked":["alterego_mod:Table","alterego_mod:PerceptionDisorder","alterego_mod:Punishment"],"picked":"SKIP","floor":7},{"not_picked":["alterego_mod:TrashNCrash","alterego_mod:IndependentAction"],"picked":"alterego_mod:DeftHands","floor":8},{"not_picked":["alterego_mod:RidiculouslyBig","alterego_mod:Undulate"],"picked":"alterego_mod:Punishment","floor":8},{"not_picked":["alterego_mod:GoddessCore","alterego_mod:Maid"],"picked":"alterego_mod:Punishment","floor":12},{"not_picked":["alterego_mod:SakuraLabyrinth","alterego_mod:Mirror"],"picked":"alterego_mod:Pet","floor":14},{"not_picked":["alterego_mod:Vow","alterego_mod:Alter"],"picked":"alterego_mod:IdEs","floor":16},{"not_picked":["alterego_mod:DiscoLights"],"picked":"SKIP","floor":18}],"player_experience":470144,"relics_obtained":[{"floor":3,"key":"halation:SwordOfLegend"},{"floor":6,"key":"Bronze Scales"},{"floor":12,"key":"Simple Rune"},{"floor":19,"key":"reliquary:Aerogel"}],"event_choices":[],"is_beta":false,"boss_relics":[{"not_picked":["Kintsugi","Pandora\u0027s Box"],"picked":"Replay:Grab Bag"},{"not_picked":["aspiration:FutureDiary","conspire:SlowCooker"],"picked":"Busted Crown"},{"not_picked":["conspire:SeveredTorchhead","ReplayTheSpireMod:Onyx Gauntlets"],"picked":"Philosopher\u0027s Stone"},{"not_picked":["Astrolabe","StSpp:Magatama"],"picked":"Empty Cage"}],"items_purged_floors":[24],"is_endless":false,"potions_floor_spawned":[1,2,6,14,16,18],"killed_by":"Gensokyo:Tenshi","ascension_level":0}}