{"host":"kh6fvhxn285ncg0o","time":1613689424,"event":{"mods":["Act Like it!","BaseMod","Colored Map","Friendly Minions","Keyboard Shortcuts","Minty Spire (QoL Compilation)","Quick Restart","Relic Stats","StSLib","SuperFastMode","UnlockEverythingMod"],"gold_per_floor":[117,42,62,62,74,115,127,166,178,220,232,261,290,320,332,418,430,454,479,491,151,164,190,105,105,179,207,207,254,254,268,268,346,346,359,234,234,249,249,274,289,314,340,340,356,371,399,417,417,417,417,417,417,15,42,42],"floor_reached":57,"language":"KOR","playtime":1715,"items_purged":["Strike_R","Strike_R","Strike_R","Strike_R"],"score":3350,"play_id":"017a192e-5bea-4463-8b9b-8458654c693a","local_time":"20210219080344","is_ascension_mode":true,"campfire_choices":[{"data":"Carnage","floor":7.0,"key":"SMITH"},{"data":"Battle Trance","floor":11.0,"key":"SMITH"},{"data":"Body Slam","floor":15.0,"key":"SMITH"},{"data":"Fire Breathing","floor":25.0,"key":"SMITH"},{"data":"Burning Pact","floor":28.0,"key":"SMITH"},{"data":"Feel No Pain","floor":30.0,"key":"SMITH"},{"data":"Second Wind","floor":32.0,"key":"SMITH"},{"data":"Entrench","floor":44,"key":"SMITH"},{"floor":49,"key":"RECALL"},{"data":"Dark Embrace","floor":53,"key":"SMITH"}],"circlet_count":0,"master_deck":["AscendersBane","Strike_R","Defend_R","Defend_R","Defend_R","Defend_R","Bash","Shockwave","Battle Trance+1","Fire Breathing+1","Feel No Pain+1","Body Slam+1","Reckless Charge","Battle Trance","Offering","Entrench+1","Burning Pact+1","Second Wind+1","Dark Embrace+1","Shrug It Off+1","Reaper","Purity","Disarm","Barricade+1","Warcry+1","True Grit+1","Evolve+1","Ghostly Armor+1"],"relics":["Burning Blood","NeowsBlessing","MawBank","Red Skull","Ancient Tea Set","HornCleat","Blue Candle","Coffee Dripper","Oddly Smooth Stone","Lantern","White Beast Statue","Frozen Egg 2","Centennial Puzzle","Juzu Bracelet","Black Star","Gremlin Horn","Strawberry","Paper Frog","Bottled Tornado","Toy Ornithopter","Magic Flower","TheAbacus","Art of War","Bag of Marbles"],"acts_visited":["Exordium","TheCity","TheBeyond","TheEnding"],"potions_floor_usage":[33,35,38,41,42,45,56,56],"damage_taken":[{"damage":0.0,"enemies":"Cultist","floor":1.0,"turns":1.0},{"damage":0.0,"enemies":"Small Slimes","floor":3.0,"turns":1.0},{"damage":0.0,"enemies":"Gremlin Nob","floor":6.0,"turns":1.0},{"damage":15.0,"enemies":"Lagavulin","floor":8.0,"turns":4.0},{"damage":28.0,"enemies":"Gremlin Nob","floor":10.0,"turns":4.0},{"damage":2.0,"enemies":"Jaw Worm","floor":12.0,"turns":2.0},{"damage":4.0,"enemies":"Exordium Wildlife","floor":13.0,"turns":4.0},{"damage":14.0,"enemies":"Large Slime","floor":14.0,"turns":6.0},{"damage":0.0,"enemies":"Slime Boss","floor":16.0,"turns":6.0},{"damage":8.0,"enemies":"3 Byrds","floor":18.0,"turns":4.0},{"damage":16.0,"enemies":"Shell Parasite","floor":19.0,"turns":3.0},{"damage":21.0,"enemies":"Snake Plant","floor":22.0,"turns":4.0},{"damage":36.0,"enemies":"Book of Stabbing","floor":23.0,"turns":6.0},{"damage":34.0,"enemies":"Slavers","floor":27.0,"turns":4.0},{"damage":3.0,"enemies":"Snecko","floor":31.0,"turns":4.0},{"damage":6,"enemies":"Champ","floor":33,"turns":5},{"damage":6,"enemies":"3 Shapes","floor":35,"turns":3},{"damage":4,"enemies":"3 Darklings","floor":38,"turns":4},{"damage":62,"enemies":"Nemesis","floor":40,"turns":9},{"damage":10,"enemies":"Jaw Worm Horde","floor":41,"turns":4},{"damage":6,"enemies":"Reptomancer","floor":42,"turns":2},{"damage":6,"enemies":"Sphere and 2 Shapes","floor":45,"turns":3},{"damage":1,"enemies":"Spire Growth","floor":46,"turns":4},{"damage":19,"enemies":"Giant Head","floor":47,"turns":4},{"damage":0,"enemies":"Maw","floor":48,"turns":5},{"damage":6,"enemies":"Donu and Deca","floor":50,"turns":2},{"damage":6,"enemies":"Time Eater","floor":51,"turns":4},{"damage":1,"enemies":"Shield and Spear","floor":55,"turns":4},{"damage":6,"enemies":"The Heart","floor":56,"turns":6}],"seed_played":"-9063007600517942318","potions_obtained":[{"floor":1.0,"key":"Swift Potion"},{"floor":8.0,"key":"Block Potion"},{"floor":12.0,"key":"PowerPotion"},{"floor":13.0,"key":"EntropicBrew"},{"floor":27.0,"key":"PowerPotion"},{"floor":31.0,"key":"BlessingOfTheForge"},{"floor":33,"key":"BloodPotion"},{"floor":35,"key":"Block Potion"},{"floor":38,"key":"Strength Potion"},{"floor":40,"key":"Regen Potion"},{"floor":41,"key":"Fruit Juice"},{"floor":42,"key":"ElixirPotion"},{"floor":45,"key":"Dexterity Potion"},{"floor":47,"key":"Swift Potion"}],"is_trial":false,"path_per_floor":["M","$","M","T","?","E","R","E","T","E","R","M","M","M","R","B",null,"M","M","?","$","M","E","?","R","T","E","R","T","R","M","R","B",null,"M","$","?","M","?","E","M","E","T","R","M","M","E","M","R","B","B",null,"R","$","E","B",null],"character_chosen":"IRONCLAD","items_purchased":["Oddly Smooth Stone","Burning Pact","Evolve+1","TheAbacus"],"campfire_rested":0,"item_purchase_floors":[21,21,54,54],"current_hp_per_floor":[74,74,75,75,64,70,70,61,61,39,39,43,45,37,37,43,67,65,55,55,55,40,10,10,10,10,7,7,7,7,10,10,10,59,74,74,64,75,75,26,49,71,71,71,83,87,77,87,87,87,87,87,87,87,87,87],"gold":42,"neow_bonus":"THREE_ENEMY_KILL","is_daily":false,"chose_seed":false,"campfire_upgraded":9,"win_rate":0.0,"timestamp":1613689424,"path_taken":["M","$","?","?","?","E","R","E","T","E","R","M","M","M","R","BOSS","M","M","?","$","M","E","?","R","T","E","R","?","R","M","R","BOSS","M","$","?","M","?","E","M","E","T","R","M","M","E","M","R","BOSS","BOSS","R","$","E","BOSS"],"items_purchased_type":["Relic","Card","Card","Relic"],"build_version":"2020-12-22","purchased_purges":4,"victory":true,"max_hp_per_floor":[75,75,75,75,75,75,75,75,75,75,75,75,75,75,75,75,75,75,75,75,75,75,75,75,75,75,75,75,75,75,75,75,75,75,75,75,75,75,75,82,82,82,82,82,87,87,87,87,87,87,87,87,87,87,87,87],"relic_stats":{"Gremlin Horn":[9,10],"counters":[29,113],"Blue Candle":[2],"Magic Flower":[3],"Juzu Bracelet":0,"MawBank":204,"Burning Blood":157,"Centennial Puzzle":[42],"TheAbacus":[96],"Black Star":4,"Art of War":[0],"obtain_stats":[{"Lantern":23,"NeowsBlessing":0,"Gremlin Horn":40,"Blue Candle":10,"Oddly Smooth Stone":21,"Magic Flower":47,"Juzu Bracelet":29,"Frozen Egg 2":26,"Bottled Tornado":42,"MawBank":4,"Ancient Tea Set":8,"Burning Blood":0,"White Beast Statue":24,"Centennial Puzzle":27,"HornCleat":9,"TheAbacus":54,"Strawberry":40,"Coffee Dripper":17,"Black Star":34,"Art of War":55,"Bag of Marbles":55,"Red Skull":6,"Toy Ornithopter":47,"Paper Frog":42},{"Lantern":13,"NeowsBlessing":0,"Gremlin Horn":19,"Blue Candle":5,"Oddly Smooth Stone":11,"Magic Flower":24,"Juzu Bracelet":14,"Frozen Egg 2":13,"Bottled Tornado":21,"MawBank":2,"Ancient Tea Set":4,"Burning Blood":0,"White Beast Statue":13,"Centennial Puzzle":14,"HornCleat":4,"TheAbacus":27,"Strawberry":19,"Coffee Dripper":9,"Black Star":16,"Art of War":28,"Bag of Marbles":28,"Red Skull":3,"Toy Ornithopter":24,"Paper Frog":21},{"Lantern":46,"NeowsBlessing":0,"Gremlin Horn":75,"Blue Candle":11,"Oddly Smooth Stone":36,"Magic Flower":92,"Juzu Bracelet":50,"Frozen Egg 2":46,"Bottled Tornado":81,"MawBank":2,"Ancient Tea Set":7,"Burning Blood":0,"White Beast Statue":46,"Centennial Puzzle":50,"HornCleat":7,"TheAbacus":103,"Strawberry":75,"Coffee Dripper":29,"Black Star":59,"Art of War":107,"Bag of Marbles":107,"Red Skull":3,"Toy Ornithopter":92,"Paper Frog":81}],"Toy Ornithopter":0},"card_choices":[{"not_picked":["Ghostly Armor","Warcry"],"picked":"Shockwave","floor":1.0},{"not_picked":["Inflame","Rampage"],"picked":"Battle Trance","floor":3.0},{"not_picked":["Infernal Blade","Havoc"],"picked":"Carnage","floor":6.0},{"not_picked":["Reckless Charge","Pummel"],"picked":"Fire Breathing","floor":8.0},{"not_picked":["Uppercut","Cleave"],"picked":"Feel No Pain","floor":10.0},{"not_picked":["Wild Strike","Flex"],"picked":"Body Slam","floor":12.0},{"not_picked":["Pommel Strike","Reckless Charge","Body Slam"],"picked":"SKIP","floor":13.0},{"not_picked":["Pommel Strike","Body Slam"],"picked":"Reckless Charge","floor":13.0},{"not_picked":["Heavy Blade","Sword Boomerang"],"picked":"Battle Trance","floor":14.0},{"not_picked":["Impervious","Fiend Fire"],"picked":"Offering","floor":16.0},{"not_picked":["Twin Strike","Entrench","Clash"],"picked":"SKIP","floor":18.0},{"not_picked":["Twin Strike","Clash"],"picked":"Entrench","floor":18.0},{"not_picked":["Pommel Strike","Wild Strike","Body Slam"],"picked":"SKIP","floor":19.0},{"not_picked":["Entrench","Spot Weakness"],"picked":"Second Wind","floor":22.0},{"not_picked":["Anger","Iron Wave"],"picked":"Dark Embrace","floor":23.0},{"not_picked":["Exhume","Armaments"],"picked":"Shrug It Off+1","floor":27.0},{"not_picked":["Perfected Strike","Anger","Thunderclap+1"],"picked":"SKIP","floor":31.0},{"not_picked":["Immolate","Offering"],"picked":"Reaper","floor":33},{"not_picked":["Clash+1","Anger+1","Second Wind+1"],"picked":"SKIP","floor":35},{"not_picked":["Jack Of All Trades","Transmutation"],"picked":"Purity","floor":37},{"not_picked":["Inflame+1","Burning Pact","Combust+1"],"picked":"SKIP","floor":38},{"not_picked":["Headbutt","True Grit","Battle Trance+1"],"picked":"SKIP","floor":40},{"not_picked":["Twin Strike","Sword Boomerang"],"picked":"Disarm","floor":41},{"not_picked":["True Grit","Rampage"],"picked":"Barricade+1","floor":42},{"not_picked":["Rage","Shrug It Off","Carnage+1"],"picked":"SKIP","floor":45},{"not_picked":["Headbutt","Wild Strike+1"],"picked":"Warcry+1","floor":46},{"not_picked":["Metallicize+1","Cleave","Fire Breathing+1"],"picked":"SKIP","floor":47},{"not_picked":["Headbutt","Clash+1"],"picked":"True Grit+1","floor":48},{"not_picked":["Fiend Fire","Flex"],"picked":"Ghostly Armor+1","floor":55}],"player_experience":1449954,"relics_obtained":[{"floor":4.0,"key":"MawBank"},{"floor":6.0,"key":"Red Skull"},{"floor":8.0,"key":"Ancient Tea Set"},{"floor":9.0,"key":"HornCleat"},{"floor":10.0,"key":"Blue Candle"},{"floor":23.0,"key":"Lantern"},{"floor":26.0,"key":"Frozen Egg 2"},{"floor":27.0,"key":"Centennial Puzzle"},{"floor":29.0,"key":"Juzu Bracelet"},{"floor":40,"key":"Gremlin Horn"},{"floor":40,"key":"Strawberry"},{"floor":42,"key":"Paper Frog"},{"floor":42,"key":"Bottled Tornado"},{"floor":47,"key":"Toy Ornithopter"},{"floor":47,"key":"Magic Flower"},{"floor":55,"key":"Art of War"},{"floor":55,"key":"Bag of Marbles"}],"event_choices":[{"damage_healed":0.0,"max_hp_gain":0.0,"max_hp_loss":0.0,"gold_gain":0.0,"event_name":"Wheel of Change","player_choice":"Damaged","floor":5.0,"gold_loss":0.0,"damage_taken":11.0},{"damage_healed":0.0,"max_hp_gain":0.0,"max_hp_loss":0.0,"gold_gain":0.0,"event_name":"Ghosts","player_choice":"Ignored","floor":20.0,"gold_loss":0.0,"damage_taken":0.0},{"damage_healed":0.0,"max_hp_gain":0.0,"max_hp_loss":0.0,"gold_gain":0.0,"event_name":"Addict","player_choice":"Obtained Relic","floor":24.0,"gold_loss":85.0,"damage_taken":0.0,"relics_obtained":["White Beast Statue"]},{"damage_healed":0,"gold_gain":0,"player_choice":"Memory 3","damage_taken":10,"max_hp_gain":0,"max_hp_loss":0,"event_name":"SensoryStone","floor":37,"gold_loss":0},{"cards_removed":["Carnage"],"damage_healed":0,"gold_gain":0,"player_choice":"Removed Attack","damage_taken":0,"max_hp_gain":0,"max_hp_loss":0,"event_name":"Falling","floor":39,"gold_loss":0}],"is_beta":false,"boss_relics":[{"not_picked":["Sozu","Black Blood"],"picked":"Coffee Dripper"},{"not_picked":["Fusion Hammer","SlaversCollar"],"picked":"Black Star"}],"items_purged_floors":[2,21,36,54],"is_endless":false,"potions_floor_spawned":[1,8,12,13,14,22,27,31,33,35,38,40,41,42,45,46,47,48,55],"ascension_level":20}}