{"host":"sav7uxregyirlf69","time":1613628309,"event":{"mods":["AchievementEnabler","BaseMod","Colored Map","DeckTracker","Keyboard Shortcuts","Minty Spire (QoL Compilation)","READ ME - Guardian Mod","StSLib","SuperFastMode"],"gold_per_floor":[112,387,400,410,24,24,24,42,42,77,77,108,108,128,128,205,205,219,219,239,239,60,60,60],"floor_reached":23,"language":"KOR","playtime":403,"items_purged":["Regret","Strike_R"],"score":398,"play_id":"ebc0ae79-1628-43a7-801b-bab532d90cc6","local_time":"20210218150509","is_ascension_mode":true,"campfire_choices":[{"data":"Bludgeon","floor":6,"key":"SMITH"},{"data":"Berserk","floor":11,"key":"SMITH"},{"data":"Evolve","floor":13,"key":"SMITH"},{"data":"Bash","floor":15,"key":"SMITH"}],"circlet_count":0,"master_deck":["AscendersBane","Strike_R","Strike_R","Strike_R","Strike_R","Defend_R","Defend_R","Defend_R","Defend_R","Bash+1","Parasite","Bludgeon+1","Evolve+1","Shrug It Off","Seeing Red","Berserk+1","Feed","Shrug It Off","Immolate","Fire Breathing","Shrug It Off"],"relics":["Burning Blood","Question Card","Self Forming Clay","Eternal Feather","Regal Pillow","Happy Flower","Snecko Eye","Enchiridion"],"acts_visited":["Exordium","TheCity"],"potions_floor_usage":[10,16,23],"damage_taken":[{"damage":2,"enemies":"Jaw Worm","floor":1,"turns":3},{"damage":3,"enemies":"Cultist","floor":3,"turns":2},{"damage":9,"enemies":"Small Slimes","floor":4,"turns":4},{"damage":10,"enemies":"Exordium Wildlife","floor":8,"turns":3},{"damage":8,"enemies":"Gremlin Nob","floor":10,"turns":3},{"damage":7,"enemies":"3 Sentries","floor":12,"turns":7},{"damage":3,"enemies":"Looter","floor":14,"turns":4},{"damage":53,"enemies":"Hexaghost","floor":16,"turns":9},{"damage":9,"enemies":"3 Byrds","floor":18,"turns":5},{"damage":15,"enemies":"Spheric Guardian","floor":20,"turns":4},{"damage":52,"enemies":"Book of Stabbing","floor":23,"turns":5}],"seed_played":"335793728104842770","potions_obtained":[{"floor":1,"key":"FearPotion"},{"floor":4,"key":"LiquidBronze"},{"floor":16,"key":"PowerPotion"}],"is_trial":false,"path_per_floor":["M","?","M","M","$","R","?","M","T","E","R","E","R","M","R","B",null,"M","?","M","?","$","E"],"character_chosen":"IRONCLAD","items_purchased":["Shrug It Off","Question Card","Regen Potion"],"campfire_rested":0,"item_purchase_floors":[5,5,22],"current_hp_per_floor":[72,72,75,72,72,72,72,68,68,66,75,74,75,75,75,31,66,63,42,33,33,33,0,0],"gold":60,"neow_bonus":"THREE_RARE_CARDS","is_daily":false,"chose_seed":false,"campfire_upgraded":4,"win_rate":0.0,"timestamp":1613628309,"path_taken":["M","?","M","?","$","R","?","M","T","E","R","E","R","M","R","BOSS","M","?","M","?","?","E"],"items_purchased_type":["Card","Relic","Potion"],"build_version":"2020-12-22","purchased_purges":2,"victory":false,"max_hp_per_floor":[75,75,75,75,75,75,75,75,75,75,75,75,75,75,75,78,78,78,78,78,78,78,78,78],"card_choices":[{"not_picked":["Offering","Reaper"],"picked":"Bludgeon","floor":0},{"not_picked":["Rampage","Twin Strike","Body Slam"],"picked":"SKIP","floor":1},{"not_picked":["Anger","Blood for Blood"],"picked":"Evolve","floor":3},{"not_picked":["Iron Wave","Clothesline","Havoc"],"picked":"SKIP","floor":4},{"not_picked":["Dark Embrace","Flex","Clothesline"],"picked":"Seeing Red","floor":8},{"not_picked":["Anger","Headbutt","Flame Barrier"],"picked":"Berserk","floor":10},{"not_picked":["Thunderclap","Whirlwind","Blood for Blood"],"picked":"Feed","floor":12},{"not_picked":["Pommel Strike","Perfected Strike","Dropkick"],"picked":"Shrug It Off","floor":14},{"not_picked":["Brutality","Offering","Bludgeon"],"picked":"Immolate","floor":16},{"not_picked":["Metallicize","Iron Wave","Cleave"],"picked":"Fire Breathing","floor":18},{"not_picked":["Body Slam","Disarm","Warcry"],"picked":"Shrug It Off","floor":20}],"player_experience":1609630,"relics_obtained":[{"floor":9,"key":"Eternal Feather"},{"floor":10,"key":"Regal Pillow"},{"floor":12,"key":"Happy Flower"},{"floor":19,"key":"Enchiridion"}],"event_choices":[{"damage_healed":0,"gold_gain":275,"player_choice":"Desecrate","damage_taken":0,"max_hp_gain":0,"max_hp_loss":0,"event_name":"Golden Shrine","floor":2,"gold_loss":0,"cards_obtained":["Regret"]},{"damage_healed":0,"gold_gain":0,"player_choice":"Searched \u00271\u0027 times","damage_taken":0,"relics_obtained":["Self Forming Clay"],"max_hp_gain":0,"max_hp_loss":0,"event_name":"Dead Adventurer","floor":7,"gold_loss":0},{"damage_healed":0,"gold_gain":0,"player_choice":"Obtained Book","damage_taken":21,"max_hp_gain":0,"max_hp_loss":0,"event_name":"Cursed Tome","floor":19,"gold_loss":0},{"damage_healed":0,"gold_gain":0,"player_choice":"Ignored","damage_taken":0,"max_hp_gain":0,"max_hp_loss":0,"event_name":"Vampires","floor":21,"gold_loss":0}],"is_beta":false,"boss_relics":[{"not_picked":["Empty Cage","Ectoplasm"],"picked":"Snecko Eye"}],"items_purged_floors":[5,22],"is_endless":false,"potions_floor_spawned":[1,4,16],"killed_by":"Book of Stabbing","ascension_level":20}}