{"host":"jrtaucq9moweewpn","time":1613668866,"event":{"mods":["BaseMod","Better Third Choice","Colored Map","Downfall","GifTheSpireLib","Infinite Spire","Minty Spire (QoL Compilation)","Replay The Spire","Shade Mod","StSLib","The Cursed"],"gold_per_floor":[117,117,117,137,137,172,185,214,295,325,325,356,85,85,85,182,182,192,291,95,95,110,143,143,171,252,285,285,35,69,80,80,180,180,196,391,391,119,119,119,419,419,444,456,466,466,466,487,487,468,468],"floor_reached":50,"language":"ENG","playtime":1666,"items_purged":["downfall:Malfunctioning","Pain","downfall:Haunted","Voices"],"score":1071,"play_id":"12ed8a0f-72ad-4608-85e9-24900d14033a","local_time":"20210218112106","daily_mods":["Heirloom","Time Dilation","Flight","DeadlyEvents","Cursed Run"],"is_ascension_mode":false,"campfire_choices":[{"data":"TheCursedMod:HellfireBreathing","floor":11,"key":"SMITH"},{"data":"1","floor":15,"key":"LIFT"},{"data":"2","floor":24,"key":"LIFT"},{"data":"3","floor":32,"key":"LIFT"},{"data":"infinitespire:FinalStrike","floor":40,"key":"SMITH"},{"data":"TheCursedMod:CursedRelics","floor":47,"key":"SMITH"},{"floor":49,"key":"REST"}],"circlet_count":0,"master_deck":["TheCursedMod:Strike_TheCursed","TheCursedMod:Strike_TheCursed","TheCursedMod:Strike_TheCursed","TheCursedMod:Strike_TheCursed","TheCursedMod:Defend_TheCursed","TheCursedMod:Defend_TheCursed","TheCursedMod:Defend_TheCursed","TheCursedMod:Defend_TheCursed","TheCursedMod:CursedWand","TheCursedMod:CleanUpWorkshop","TheCursedMod:Dregs","TheCursedMod:CursedBoomerang","ReplayTheSpireMod:Faulty Equipment","infinitespire:FinalStrike+1","Pain","TheCursedMod:SpitefulStrike","TheCursedMod:HellfireBreathing+1","TheCursedMod:Obscuration","TheCursedMod:SmokeScreen","TheCursedMod:AshesToAshes","Regret","TheCursedMod:SurpriseAttack","TheCursedMod:AbyssShockwave","TheCursedMod:Obscuration","TheCursedMod:SurpriseAttack","Injury","TheCursedMod:DemonicPact","TheCursedMod:FleshFromBone","TheCursedMod:SpitefulStrike","TheCursedMod:VoidForm","infinitespire:FinalStrike","TheCursedMod:AbyssShockwave+1","TheCursedMod:SpitefulPlan","TheCursedMod:HellfireBreathing","Clumsy","TheCursedMod:CursedRelics+1","TheCursedMod:Dregs","downfall:Haunted","TheCursedMod:SpitefulStrike","CurseOfTheBell","TheCursedMod:HellfireBreathing+1","Injury","TheCursedMod:FleshFromBone","TheCursedMod:CursedRelics"],"relics":["Cursed Key","Darkstone Periapt","Du-Vu Doll","replay:Trail_Library","Durian","Girya","NeowsBlessing","Bottled Tornado","White Beast Statue","Iron Hammer","Calipers","Nunchaku","Regal Pillow","NeowsBlessing","TheCursedMod:FourLeafCloverCharm","Simple Rune","NeowsBlessing","Replay:Bottled Steam","Toy Ornithopter","Singing Bowl","Garlic","NeowsBlessing","Sling","Happy Flower","Replay:Ancient Bell","TheCursedMod:Tack","Mercury Hourglass","infinitespire:Joker Card","Calling Bell","Ancient Tea Set","Replay:Bottled Flurry","hexamod:Sixitude","DollysMirror","ReplayTheSpireMod:TigerMarble","sneckomod:BlankCard","TheCursedMod:SoulVessel"],"acts_visited":["Exordium","TheCity","TheBeyond"],"potions_floor_usage":[48,48,50,50],"damage_taken":[{"damage":0,"enemies":"2 Louse","floor":1,"turns":3},{"damage":9,"enemies":"Jaw Worm","floor":4,"turns":2},{"damage":0,"enemies":"Replay:BlueRogue","floor":6,"turns":1},{"damage":0,"enemies":"infinitespire:Voidling","floor":7,"turns":1},{"damage":2,"enemies":"Gremlin Nob","floor":8,"turns":1},{"damage":2,"enemies":"Replay:BlueRogue","floor":10,"turns":2},{"damage":2,"enemies":"3 Sentries","floor":12,"turns":2},{"damage":0,"enemies":"Slime Boss","floor":16,"turns":1},{"damage":0,"enemies":"3 Byrds","floor":18,"turns":1},{"damage":0,"enemies":"Chosen","floor":22,"turns":1},{"damage":0,"enemies":"Book of Stabbing","floor":23,"turns":1},{"damage":0,"enemies":"Nightmare","floor":25,"turns":1},{"damage":0,"enemies":"Gremlin Leader","floor":27,"turns":2},{"damage":0,"enemies":"Slavers","floor":30,"turns":1},{"damage":3,"enemies":"Centurion and Healer","floor":31,"turns":1},{"damage":1,"enemies":"Champ","floor":33,"turns":1},{"damage":3,"enemies":"3 Shapes","floor":35,"turns":1},{"damage":0,"enemies":"3 Darklings","floor":44,"turns":1},{"damage":1,"enemies":"R_Hoarder","floor":45,"turns":3},{"damage":105,"enemies":"Reptomancer","floor":48,"turns":3},{"damage":150,"enemies":"Donu and Deca","floor":50,"turns":4}],"seed_played":"-2810328255314762106","potions_obtained":[{"floor":7,"key":"Languid Potion"},{"floor":8,"key":"Weak Potion"},{"floor":10,"key":"Elixir"},{"floor":16,"key":"Explosive Potion"},{"floor":18,"key":"Regen Potion"},{"floor":48,"key":"hexamod:SoulburnPotion"}],"is_trial":true,"path_per_floor":["M","?","T","M","WH","E","M","E","T","E","R","E","$","WH","R_BF","B",null,"M","?","$","WH","M","E","R","NM","T","E","WH","$","E","M","R","B",null,"M","?","AVR","$","?","R","?","WH","T","M","E","WH","R","E","R","B"],"character_chosen":"THE_CURSED","items_purchased":["TheCursedMod:SurpriseAttack","Regal Pillow","Simple Rune","BlessingOfTheForge","Sling","DollysMirror"],"campfire_rested":1,"item_purchase_floors":[13,13,20,20,29,38],"current_hp_per_floor":[80,92,98,89,89,89,89,87,93,91,91,89,89,89,89,95,110,110,110,110,110,110,110,110,110,116,116,116,116,116,115,115,120,148,147,153,159,159,161,161,161,161,167,169,170,170,170,69,136,0,0],"gold":468,"neow_bonus":"THREE_ENEMY_KILL","is_daily":false,"chose_seed":false,"campfire_upgraded":3,"win_rate":0.0,"timestamp":1613668866,"path_taken":["M","?","?","M","WH","E","M","E","T","E","R","?","$","WH","R_BF","BOSS","M","?","?","WH","?","E","R","NM","T","E","WH","$","E","M","R","BOSS","M","?","AVR","$","?","R","?","WH","T","M","E","WH","R","E","R","BOSS"],"items_purchased_type":["Card","Relic","Relic","Potion","Relic","Relic"],"build_version":"2020-12-22","purchased_purges":4,"victory":false,"max_hp_per_floor":[80,92,98,98,98,98,98,98,104,104,104,104,104,104,104,110,110,110,110,110,110,110,110,110,110,116,116,116,116,116,118,118,124,148,150,156,162,162,164,164,164,164,170,172,174,174,174,174,174,176,176],"card_choices":[{"not_picked":["TheCursedMod:SoulCrush","TheCursedMod:HellsGateOpen"],"picked":"TheCursedMod:CursedBoomerang","floor":1},{"not_picked":["infinitespire:Oblivion","infinitespire:SevenWalls"],"picked":"infinitespire:FinalStrike","floor":2},{"not_picked":["TheCursedMod:SmokeScreen","TheCursedMod:CursedSpellbook"],"picked":"TheCursedMod:SpitefulStrike","floor":4},{"not_picked":["TheCursedMod:CollectTribute","TheCursedMod:CursedAmulet"],"picked":"TheCursedMod:Obscuration","floor":6},{"not_picked":["TheCursedMod:VitalStrike","TheCursedMod:BlessingInDisguise"],"picked":"TheCursedMod:SmokeScreen","floor":7},{"not_picked":["TheCursedMod:CircleOfWindfury","TheCursedMod:Obscuration"],"picked":"TheCursedMod:AshesToAshes","floor":8},{"not_picked":["TheCursedMod:WearCloak","TheCursedMod:EmpowerCircles"],"picked":"TheCursedMod:SurpriseAttack","floor":10},{"not_picked":["TheCursedMod:CursedBoomerang","TheCursedMod:CircleOfAmplification"],"picked":"TheCursedMod:Obscuration","floor":12},{"not_picked":["TheCursedMod:ManaCirculation","TheCursedMod:UltimatePain"],"picked":"TheCursedMod:DemonicPact","floor":16},{"not_picked":["TheCursedMod:Obscuration","TheCursedMod:CursedMace+1","TheCursedMod:WearCloak"],"picked":"SKIP","floor":18},{"not_picked":["TheCursedMod:TacticalStrike","TheCursedMod:Torture"],"picked":"TheCursedMod:FleshFromBone","floor":22},{"not_picked":["TheCursedMod:SoulCrush","TheCursedMod:ReleasedKnowledge+1"],"picked":"TheCursedMod:SpitefulStrike","floor":23},{"not_picked":["TheCursedMod:ManaBullet","TheCursedMod:Stigma"],"picked":"TheCursedMod:VoidForm","floor":25},{"not_picked":["infinitespire:Oblivion","infinitespire:Execution"],"picked":"infinitespire:FinalStrike","floor":25},{"not_picked":["TheCursedMod:TacticalStrike","TheCursedMod:CursedBoomerang"],"picked":"TheCursedMod:AbyssShockwave+1","floor":27},{"not_picked":["TheCursedMod:AshesToAshes","TheCursedMod:FleshFromBone"],"picked":"TheCursedMod:HellfireBreathing","floor":30},{"not_picked":["TheCursedMod:SpitefulPlan","TheCursedMod:Mangle","TheCursedMod:SoulReap"],"picked":"Singing Bowl","floor":31},{"not_picked":["TheCursedMod:DemonSword","TheCursedMod:NeowsMight"],"picked":"TheCursedMod:CursedRelics","floor":33},{"not_picked":["Writhe","downfall:Bewildered","downfall:Haunted"],"picked":"Singing Bowl","floor":34},{"not_picked":["Replay:Hysterical Blindness","TheCursedMod:Dregs","Hallucinations"],"picked":"Singing Bowl","floor":34},{"not_picked":["Delirium","AbeCurse","downfall:Haunted"],"picked":"Singing Bowl","floor":34},{"not_picked":["TheCursedMod:CircleOfFlame","TheCursedMod:NeowsMight","TheCursedMod:CursedAmulet+1"],"picked":"Singing Bowl","floor":35},{"not_picked":["TheCursedMod:RavingStaff+1","TheCursedMod:CursedAmulet+1"],"picked":"TheCursedMod:SpitefulStrike","floor":36},{"not_picked":["Good Instincts","Panacea","ReplayTheSpireMod:Brewmster"],"picked":"Singing Bowl","floor":39},{"not_picked":["TheCursedMod:CircleOfWindfury","TheCursedMod:SaltUponWound","TheCursedMod:Stretching"],"picked":"Singing Bowl","floor":44},{"not_picked":["TheCursedMod:WearCloak+1","TheCursedMod:CircleOfAmplification","TheCursedMod:FleshFromBone"],"picked":"Singing Bowl","floor":45},{"not_picked":["TheCursedMod:FleshFromBone","TheCursedMod:CircleOfFocus"],"picked":"TheCursedMod:CursedRelics","floor":48}],"player_experience":543202,"relics_obtained":[{"floor":3,"key":"Girya"},{"floor":6,"key":"Bottled Tornado"},{"floor":8,"key":"White Beast Statue"},{"floor":9,"key":"Iron Hammer"},{"floor":10,"key":"Calipers"},{"floor":12,"key":"Nunchaku"},{"floor":23,"key":"Replay:Bottled Steam"},{"floor":25,"key":"Toy Ornithopter"},{"floor":26,"key":"Singing Bowl"},{"floor":27,"key":"Garlic"},{"floor":30,"key":"Happy Flower"},{"floor":37,"key":"Ancient Tea Set"},{"floor":37,"key":"Replay:Bottled Flurry"},{"floor":37,"key":"hexamod:Sixitude"},{"floor":43,"key":"ReplayTheSpireMod:TigerMarble"},{"floor":45,"key":"sneckomod:BlankCard"},{"floor":48,"key":"TheCursedMod:SoulVessel"}],"event_choices":[{"damage_healed":0,"gold_gain":99,"player_choice":"Steal","damage_taken":0,"max_hp_gain":0,"max_hp_loss":0,"event_name":"betterThird:BetterNest","floor":19,"gold_loss":0},{"damage_healed":0,"gold_gain":0,"player_choice":"Memory 1","damage_taken":0,"max_hp_gain":0,"max_hp_loss":0,"event_name":"SensoryStone","floor":39,"gold_loss":0},{"damage_healed":0,"gold_gain":300,"player_choice":"Gold","damage_taken":0,"max_hp_gain":0,"max_hp_loss":0,"event_name":"Wheel of Change","floor":41,"gold_loss":0}],"is_beta":false,"boss_relics":[{"not_picked":["Honey Jar","Replay:Wanted Poster"],"picked":"TheCursedMod:FourLeafCloverCharm"},{"not_picked":["Runic Pyramid","infinitespire:Cupcake"],"picked":"Replay:Ancient Bell"},{"not_picked":["Art of War","CeramicFish"],"picked":"TheCursedMod:Tack"},{"not_picked":["infinitespire:Midas Blood","Replay:Ringing Soul"],"picked":"Mercury Hourglass"},{"not_picked":["champ:DeflectingBracers","Pocketwatch"],"picked":"infinitespire:Joker Card"}],"items_purged_floors":[13,29,37,38],"is_endless":true,"potions_floor_spawned":[7,8,10,12,16,18,22,23,25,27,30,31,33,35,44,45,48],"killed_by":"Donu and Deca","ascension_level":0}}