{"host":"urzvr6030gsf1sd7","time":1613613733,"event":{"mods":["AchievementEnabler","BaseMod","Block Reminder","Colored Powertips","Minty Spire (QoL Compilation)","Permanent Neow","StSLib"],"gold_per_floor":[110,110,121,140,154,154,11,21,21,32,64,78,105,8,8,104,104,120,45,56,76,76,101,101,129,152,184,84,98,110,120,120,222,222,241,221,236,289,309,344,344,123,123,136,136,136],"floor_reached":45,"language":"ENG","playtime":3326,"items_purged":["Strike_R","Strike_R"],"score":678,"play_id":"667a2c9c-a800-42be-bfdb-362f2fe63586","local_time":"20210217210213","is_ascension_mode":true,"campfire_choices":[{"data":"Uppercut","floor":6,"key":"SMITH"},{"data":"Heavy Blade","floor":15,"key":"SMITH"},{"data":"True Grit","floor":24,"key":"SMITH"},{"floor":32,"key":"REST"},{"data":"Dark Embrace","floor":41,"key":"SMITH"}],"circlet_count":0,"master_deck":["Strike_R","Strike_R","Defend_R","Defend_R","Defend_R","Defend_R","Bash","Power Through+1","Uppercut+1","True Grit+1","Inflame","Thunderclap","Cleave","Clothesline","Offering","Dark Embrace+1","Exhume+1","Headbutt","Dropkick","Limit Break","Seeing Red","Spot Weakness","Heavy Blade+1","True Grit","Reaper","Heavy Blade+1","Disarm","Pummel","Whirlwind+1","Ghostly Armor","Armaments","Rupture+1","Sentinel+1","Pommel Strike","Demon Form+1","True Grit+1","Whirlwind+1","Fiend Fire","Hemokinesis+1","Disarm+1","Dark Embrace+1","Parasite","Sentinel+1","Heavy Blade+1"],"relics":["Burning Blood","Prayer Wheel","Anchor","Red Skull","Pear","Philosopher\u0027s Stone","Charon\u0027s Ashes","MealTicket","Strawberry","Frozen Egg 2","Black Star","Unceasing Top","Molten Egg 2","War Paint","Bronze Scales"],"acts_visited":["Exordium","TheCity","TheBeyond"],"potions_floor_usage":[12,16,20,21,21,23,33,33,38,38,38,45],"damage_taken":[{"damage":1,"enemies":"Cultist","floor":1,"turns":3},{"damage":6,"enemies":"Small Slimes","floor":3,"turns":4},{"damage":7,"enemies":"2 Louse","floor":4,"turns":3},{"damage":9,"enemies":"Exordium Wildlife","floor":5,"turns":5},{"damage":9,"enemies":"Red Slaver","floor":8,"turns":4},{"damage":11,"enemies":"2 Fungi Beasts","floor":10,"turns":3},{"damage":26,"enemies":"Gremlin Nob","floor":11,"turns":4},{"damage":19,"enemies":"Lots of Slimes","floor":12,"turns":3},{"damage":25,"enemies":"Lagavulin","floor":13,"turns":4},{"damage":12,"enemies":"Slime Boss","floor":16,"turns":2},{"damage":8,"enemies":"Spheric Guardian","floor":18,"turns":3},{"damage":46,"enemies":"2 Thieves","floor":20,"turns":4},{"damage":36,"enemies":"Centurion and Healer","floor":21,"turns":4},{"damage":20,"enemies":"Gremlin Leader","floor":23,"turns":5},{"damage":23,"enemies":"Slavers","floor":25,"turns":3},{"damage":10,"enemies":"Book of Stabbing","floor":27,"turns":4},{"damage":30,"enemies":"Sentry and Sphere","floor":29,"turns":4},{"damage":41,"enemies":"Shelled Parasite and Fungi","floor":30,"turns":5},{"damage":0,"enemies":"Chosen and Byrds","floor":31,"turns":3},{"damage":51,"enemies":"Automaton","floor":33,"turns":8},{"damage":15,"enemies":"3 Shapes","floor":35,"turns":3},{"damage":24,"enemies":"Orb Walker","floor":37,"turns":4},{"damage":48,"enemies":"2 Orb Walkers","floor":38,"turns":4},{"damage":15,"enemies":"Spire Growth","floor":39,"turns":4},{"damage":29,"enemies":"Nemesis","floor":40,"turns":5},{"damage":28,"enemies":"Writhing Mass","floor":44,"turns":6},{"damage":42,"enemies":"Reptomancer","floor":45,"turns":3}],"seed_played":"230321340997559199","potions_obtained":[{"floor":4,"key":"BloodPotion"},{"floor":5,"key":"EssenceOfSteel"},{"floor":12,"key":"Fire Potion"},{"floor":13,"key":"FearPotion"},{"floor":16,"key":"SkillPotion"},{"floor":20,"key":"GamblersBrew"},{"floor":27,"key":"SteroidPotion"},{"floor":29,"key":"Fire Potion"},{"floor":30,"key":"GamblersBrew"},{"floor":31,"key":"Energy Potion"},{"floor":33,"key":"Regen Potion"},{"floor":36,"key":"DistilledChaos"},{"floor":39,"key":"LiquidBronze"},{"floor":44,"key":"DuplicationPotion"}],"is_trial":false,"path_per_floor":["M","?","M","M","M","R","$","M","T","M","E","M","E","$","R","B",null,"M","?","M","M","?","E","R","E","T","E","$","M","M","M","R","B",null,"M","?","M","?","M","E","R","$","T","M","E"],"character_chosen":"IRONCLAD","items_purchased":["Offering","True Grit","Bronze Scales","Dark Embrace+1"],"campfire_rested":1,"item_purchase_floors":[7,14,42,42],"current_hp_per_floor":[72,77,77,76,73,73,73,70,70,65,45,32,23,23,23,17,87,85,85,45,32,32,29,29,42,49,45,60,36,7,13,41,39,94,85,85,67,61,52,29,29,44,44,29,0,0],"gold":136,"neow_bonus":"ONE_RARE_RELIC","is_daily":false,"chose_seed":false,"campfire_upgraded":4,"win_rate":0.0,"timestamp":1613613733,"path_taken":["M","?","M","M","M","R","$","M","T","M","E","M","E","$","R","BOSS","M","?","M","M","?","E","R","E","T","E","$","M","M","M","R","BOSS","M","?","?","?","M","E","R","$","T","M","E"],"items_purchased_type":["Card","Card","Relic","Card"],"build_version":"2020-12-22","purchased_purges":2,"victory":false,"max_hp_per_floor":[72,77,77,77,77,77,77,77,77,77,77,77,87,87,87,87,87,87,87,87,87,87,87,87,87,94,94,94,94,94,94,94,94,94,94,94,94,94,94,94,94,94,94,94,94,94],"card_choices":[{"not_picked":["Clash","Burning Pact"],"picked":"Power Through","floor":1},{"not_picked":["Wild Strike","Uppercut","Heavy Blade"],"picked":"SKIP","floor":1},{"not_picked":["Wild Strike","Heavy Blade"],"picked":"Uppercut","floor":1},{"not_picked":["Flex","Inflame"],"picked":"True Grit","floor":3},{"not_picked":["Warcry","Clash","Flex"],"picked":"SKIP","floor":3},{"not_picked":["Clash","True Grit"],"picked":"Inflame","floor":4},{"not_picked":["Wild Strike","Dropkick"],"picked":"Thunderclap","floor":4},{"not_picked":["Ghostly Armor","Sever Soul"],"picked":"Cleave","floor":5},{"not_picked":["Anger","Bloodletting"],"picked":"Clothesline","floor":5},{"not_picked":["Blood for Blood","Sword Boomerang"],"picked":"Dark Embrace","floor":8},{"not_picked":["Body Slam","Havoc"],"picked":"Exhume","floor":8},{"not_picked":["Reckless Charge","Warcry"],"picked":"Headbutt","floor":10},{"not_picked":["Wild Strike","Twin Strike"],"picked":"Dropkick","floor":10},{"not_picked":["Shrug It Off","Thunderclap"],"picked":"Limit Break","floor":11},{"not_picked":["Twin Strike","Sword Boomerang"],"picked":"Seeing Red","floor":12},{"not_picked":["Headbutt","Thunderclap"],"picked":"Spot Weakness","floor":12},{"not_picked":["Headbutt","Twin Strike"],"picked":"Heavy Blade","floor":13},{"not_picked":["Impervious","Offering"],"picked":"Reaper","floor":16},{"not_picked":["Thunderclap","Body Slam+1"],"picked":"Heavy Blade+1","floor":18},{"not_picked":["Uppercut","Second Wind","Iron Wave"],"picked":"SKIP","floor":18},{"not_picked":["Dropkick","Twin Strike"],"picked":"Disarm","floor":20},{"not_picked":["Uppercut","Wild Strike"],"picked":"Pummel","floor":20},{"not_picked":["Cleave","Second Wind+1"],"picked":"Whirlwind+1","floor":21},{"not_picked":["Anger","Warcry","True Grit"],"picked":"SKIP","floor":21},{"not_picked":["Heavy Blade+1","Anger"],"picked":"Ghostly Armor","floor":23},{"not_picked":["Cleave","Sword Boomerang"],"picked":"Armaments","floor":25},{"not_picked":["Bloodletting","Dropkick"],"picked":"Rupture+1","floor":27},{"not_picked":["Uppercut","Body Slam","Perfected Strike"],"picked":"SKIP","floor":29},{"not_picked":["Power Through","Dual Wield+1","Wild Strike"],"picked":"SKIP","floor":29},{"not_picked":["Iron Wave","Offering"],"picked":"Sentinel+1","floor":30},{"not_picked":["Fire Breathing+1","Anger","Wild Strike"],"picked":"SKIP","floor":30},{"not_picked":["True Grit","Headbutt"],"picked":"Pommel Strike","floor":31},{"not_picked":["Battle Trance","Havoc","Headbutt+1"],"picked":"SKIP","floor":31},{"not_picked":["Impervious","Bludgeon"],"picked":"Demon Form+1","floor":33},{"not_picked":["Perfected Strike","Cleave"],"picked":"True Grit+1","floor":35},{"not_picked":["Blood for Blood+1","Thunderclap+1","Anger"],"picked":"SKIP","floor":35},{"not_picked":["Flex+1","Metallicize+1"],"picked":"Whirlwind+1","floor":37},{"not_picked":["Clash","Warcry+1","Cleave+1"],"picked":"SKIP","floor":37},{"not_picked":["Flex+1","Warcry+1"],"picked":"Fiend Fire","floor":38},{"not_picked":["Anger+1","Rupture+1"],"picked":"Hemokinesis+1","floor":39},{"not_picked":["Flex","Wild Strike+1"],"picked":"Disarm+1","floor":39},{"not_picked":["Bludgeon+1","Dual Wield","Warcry"],"picked":"SKIP","floor":40},{"not_picked":["Cleave+1","Intimidate"],"picked":"Sentinel+1","floor":44},{"not_picked":["Body Slam+1","Havoc+1"],"picked":"Heavy Blade+1","floor":44}],"player_experience":317692,"relics_obtained":[{"floor":9,"key":"Anchor"},{"floor":11,"key":"Red Skull"},{"floor":13,"key":"Pear"},{"floor":23,"key":"Charon\u0027s Ashes"},{"floor":25,"key":"MealTicket"},{"floor":26,"key":"Strawberry"},{"floor":27,"key":"Frozen Egg 2"},{"floor":38,"key":"Unceasing Top"},{"floor":40,"key":"Molten Egg 2"},{"floor":40,"key":"War Paint"}],"event_choices":[{"damage_healed":0,"gold_gain":0,"player_choice":"Donut","damage_taken":0,"max_hp_gain":5,"max_hp_loss":0,"event_name":"Big Fish","floor":2,"gold_loss":0},{"cards_removed":["Strike_R"],"damage_healed":0,"gold_gain":0,"player_choice":"Gave Gold","damage_taken":0,"max_hp_gain":0,"max_hp_loss":0,"event_name":"Beggar","floor":19,"gold_loss":75},{"damage_healed":0,"gold_gain":0,"player_choice":"Bought 1 Potion","damage_taken":0,"max_hp_gain":0,"max_hp_loss":0,"event_name":"The Woman in Blue","floor":36,"gold_loss":0},{"damage_healed":0,"gold_gain":0,"player_choice":"Fight","damage_taken":0,"max_hp_gain":0,"max_hp_loss":0,"event_name":"Mysterious Sphere","floor":38,"gold_loss":0}],"is_beta":false,"boss_relics":[{"not_picked":["Pandora\u0027s Box","Runic Cube"],"picked":"Philosopher\u0027s Stone"},{"not_picked":["Runic Dome","SacredBark"],"picked":"Black Star"}],"items_purged_floors":[14,28],"is_endless":false,"potions_floor_spawned":[4,5,12,13,16,20,27,29,30,31,33,39,44],"killed_by":"Reptomancer","ascension_level":2}}