{"host":"iudiqz5bwex5meyb","time":1613681044,"event":{"mods":["AchievementEnabler","BaseMod","Block Reminder","Colored Map","Minty Spire (QoL Compilation)","StSLib","ojb\u0027s Better Paths Mod","ojb\u0027s Info Mod"],"gold_per_floor":[116,131,231,251,263,263,296,325,325,325,655,23,23,40,40,40,40],"floor_reached":16,"language":"ENG","playtime":4717,"items_purged":["Strike_G"],"score":149,"play_id":"aecdc0bb-6256-4513-8fd8-b9dc2e843071","local_time":"20210218144404","is_ascension_mode":true,"campfire_choices":[{"data":"Neutralize","floor":6,"key":"SMITH"},{"data":"Cloak And Dagger","floor":10,"key":"SMITH"},{"floor":15,"key":"REST"}],"circlet_count":0,"master_deck":["Strike_G","Strike_G","Strike_G","Strike_G","Defend_G","Defend_G","Defend_G","Defend_G","Defend_G","Survivor","Neutralize+1","Escape Plan","Blade Dance","Flying Knee","Blur","Quick Slash","Cloak And Dagger+1","Cloak And Dagger","Footwork","Caltrops"],"relics":["Ring of the Snake","NeowsBlessing","Bag of Marbles","Odd Mushroom","Old Coin","Thread and Needle"],"acts_visited":["Exordium"],"potions_floor_usage":[7,7,16],"damage_taken":[{"damage":0,"enemies":"2 Louse","floor":1,"turns":1},{"damage":0,"enemies":"Cultist","floor":2,"turns":1},{"damage":0,"enemies":"Jaw Worm","floor":4,"turns":1},{"damage":0,"enemies":"3 Louse","floor":5,"turns":5},{"damage":7,"enemies":"Gremlin Nob","floor":7,"turns":4},{"damage":27,"enemies":"The Mushroom Lair","floor":8,"turns":5},{"damage":26,"enemies":"Lagavulin","floor":11,"turns":6},{"damage":0,"enemies":"Exordium Wildlife","floor":14,"turns":5},{"damage":30,"enemies":"Slime Boss","floor":16,"turns":14}],"seed_played":"-7055092051612822921","potions_obtained":[{"floor":2,"key":"SkillPotion"},{"floor":5,"key":"DistilledChaos"}],"is_trial":false,"path_per_floor":["M","M","?","M","M","R","E","?","T","R","E","$","?","M","R","B"],"character_chosen":"THE_SILENT","items_purchased":["Footwork","Thread and Needle","GamblersBrew","SmokeBomb"],"campfire_rested":1,"item_purchase_floors":[12,12,12,12],"current_hp_per_floor":[63,63,63,63,63,63,56,29,29,29,3,3,3,3,24,0,0],"gold":40,"neow_bonus":"THREE_ENEMY_KILL","is_daily":false,"chose_seed":false,"campfire_upgraded":2,"win_rate":0.0,"timestamp":1613681044,"path_taken":["M","M","?","M","?","R","E","?","T","R","E","$","?","M","R","BOSS"],"items_purchased_type":["Card","Relic","Potion","Potion"],"build_version":"2020-12-22","purchased_purges":1,"victory":false,"max_hp_per_floor":[70,70,70,70,70,70,70,70,70,70,70,70,70,70,70,70,70],"card_choices":[{"not_picked":["Dodge and Roll","Quick Slash"],"picked":"Escape Plan","floor":1},{"not_picked":["Flying Knee","Poisoned Stab"],"picked":"Blade Dance","floor":2},{"not_picked":["Crippling Poison","Bane"],"picked":"Flying Knee","floor":4},{"not_picked":["Deflect","Distraction"],"picked":"Blur","floor":5},{"not_picked":["Dash","Eviscerate"],"picked":"Quick Slash","floor":7},{"not_picked":["PiercingWail","Envenom"],"picked":"Cloak And Dagger","floor":8},{"not_picked":["All Out Attack","Bouncing Flask"],"picked":"Cloak And Dagger","floor":11},{"not_picked":["Acrobatics","Quick Slash"],"picked":"Caltrops","floor":14}],"player_experience":319013,"relics_obtained":[{"floor":7,"key":"Bag of Marbles"},{"floor":8,"key":"Odd Mushroom"},{"floor":11,"key":"Old Coin"}],"event_choices":[{"damage_healed":0,"gold_gain":100,"player_choice":"Pray","damage_taken":0,"max_hp_gain":0,"max_hp_loss":0,"event_name":"Golden Shrine","floor":3,"gold_loss":0},{"damage_healed":0,"gold_gain":0,"player_choice":"Fought Mushrooms","damage_taken":0,"max_hp_gain":0,"max_hp_loss":0,"event_name":"Mushrooms","floor":8,"gold_loss":0},{"damage_healed":0,"gold_gain":0,"player_choice":"Ignored","damage_taken":0,"max_hp_gain":0,"max_hp_loss":0,"event_name":"Golden Idol","floor":13,"gold_loss":0}],"is_beta":false,"boss_relics":[],"items_purged_floors":[12],"is_endless":false,"potions_floor_spawned":[2,5],"killed_by":"Slime Boss","ascension_level":7}}