{"host":"lxu17chzujqn8whl","time":1613670808,"event":{"mods":["BaseMod","Minty Spire (QoL Compilation)","Relic Stats","StSLib"],"gold_per_floor":[111,111,130,130,149,149,176,204,231,260,298,102,102,102,102,206,206],"floor_reached":16,"language":"ENG","playtime":830,"items_purged":[],"score":187,"play_id":"5d6eb3d6-c345-481c-b702-7e987a8b49ae","local_time":"20210218095328","is_ascension_mode":false,"campfire_choices":[{"data":"Metallicize","floor":6,"key":"SMITH"},{"floor":15,"key":"REST"}],"circlet_count":0,"master_deck":["Strike_R","Strike_R","Strike_R","Strike_R","Strike_R","Defend_R","Defend_R","Defend_R","Defend_R","Bash","Metallicize+1","Clothesline","Seeing Red","Blood for Blood","Blood for Blood","Cleave","Uppercut","Swift Strike"],"relics":["Burning Blood","Strawberry","CeramicFish","Anchor","Unceasing Top"],"acts_visited":["Exordium"],"potions_floor_usage":[7,7,14],"damage_taken":[{"damage":10,"enemies":"2 Louse","floor":1,"turns":2},{"damage":10,"enemies":"Small Slimes","floor":3,"turns":4},{"damage":0,"enemies":"Cultist","floor":5,"turns":4},{"damage":15,"enemies":"3 Sentries","floor":7,"turns":14},{"damage":3,"enemies":"Looter","floor":8,"turns":3},{"damage":22,"enemies":"2 Fungi Beasts","floor":10,"turns":4},{"damage":23,"enemies":"Lagavulin","floor":11,"turns":8},{"damage":0,"enemies":"Gremlin Gang","floor":14,"turns":1},{"damage":72,"enemies":"The Guardian","floor":16,"turns":11}],"seed_played":"8286739882641173067","potions_obtained":[{"floor":1,"key":"DuplicationPotion"},{"floor":5,"key":"ColorlessPotion"},{"floor":10,"key":"SmokeBomb"},{"floor":11,"key":"BloodPotion"}],"is_trial":false,"path_per_floor":["M","?","M","?","M","R","E","M","T","M","E","$","?","M","R","B"],"character_chosen":"IRONCLAD","items_purchased":["Cleave","Uppercut","Swift Strike"],"campfire_rested":1,"item_purchase_floors":[12,12,12],"current_hp_per_floor":[84,84,80,85,91,91,82,85,85,69,52,52,42,48,78,12,12],"gold":206,"neow_bonus":"TEN_PERCENT_HP_BONUS","is_daily":false,"chose_seed":false,"campfire_upgraded":1,"win_rate":0.0,"timestamp":1613670808,"path_taken":["M","?","M","?","M","R","E","M","T","M","E","$","?","M","R","BOSS"],"items_purchased_type":["Card","Card","Card"],"build_version":"2020-12-22","purchased_purges":0,"victory":false,"max_hp_per_floor":[88,95,95,100,100,100,100,100,100,100,100,100,100,100,100,100,100],"relic_stats":{"counters":[9,51],"CeramicFish":54,"obtain_stats":[{"Anchor":9,"Strawberry":2,"CeramicFish":7,"Burning Blood":0,"Unceasing Top":11},{"Anchor":5,"Strawberry":1,"CeramicFish":4,"Burning Blood":0,"Unceasing Top":7},{"Anchor":27,"Strawberry":2,"CeramicFish":24,"Burning Blood":0,"Unceasing Top":39}],"Burning Blood":54,"Unceasing Top":[0]},"card_choices":[{"not_picked":["Burning Pact","Heavy Blade"],"picked":"Metallicize","floor":1},{"not_picked":["Iron Wave","Sword Boomerang"],"picked":"Clothesline","floor":3},{"not_picked":["Warcry","Havoc","Clothesline"],"picked":"SKIP","floor":5},{"not_picked":["Body Slam","Iron Wave","Anger"],"picked":"SKIP","floor":7},{"not_picked":["Shrug It Off","Havoc"],"picked":"Seeing Red","floor":8},{"not_picked":["Perfected Strike","Brutality"],"picked":"Blood for Blood","floor":10},{"not_picked":["Sever Soul","Battle Trance"],"picked":"Blood for Blood","floor":11}],"player_experience":702969,"relics_obtained":[{"floor":7,"key":"CeramicFish"},{"floor":9,"key":"Anchor"},{"floor":11,"key":"Unceasing Top"}],"event_choices":[{"damage_healed":0,"gold_gain":0,"player_choice":"Success","damage_taken":7,"relics_obtained":["Strawberry"],"max_hp_gain":0,"max_hp_loss":0,"event_name":"Scrap Ooze","floor":2,"gold_loss":0},{"damage_healed":0,"gold_gain":0,"player_choice":"Donut","damage_taken":0,"max_hp_gain":5,"max_hp_loss":0,"event_name":"Big Fish","floor":4,"gold_loss":0},{"damage_healed":0,"gold_gain":0,"player_choice":"Damaged","damage_taken":10,"max_hp_gain":0,"max_hp_loss":0,"event_name":"Wheel of Change","floor":13,"gold_loss":0}],"is_beta":false,"boss_relics":[],"items_purged_floors":[],"is_endless":false,"potions_floor_spawned":[1,5,10,11],"killed_by":"The Guardian","ascension_level":0}}