{"host":"whe4vf9w0yuhsr02","time":1613647988,"event":{"mods":["AchievementEnabler","Act Like it!","BaseMod","Better Altar","Better Match","Better Note","Better Sensory Stone","Better Skull","Better Third Choice","Colored Map","Dark Map","Friendly Minions","Highlight Path","Hubris","Lobotomy","LobotomyExtend","Minty Spire (QoL Compilation)","Poor People Problems","Quick Restart","Replay The Spire","Ruina","StSLib","everything is the same but u backflip on backflip"],"gold_per_floor":[112,122,47,0,0,0,0,0,0,30,49,83,103,138,138,243,243,261,261,99,115,115,242,242,242,242],"floor_reached":25,"language":"ENG","playtime":843,"items_purged":["hubris:Strike_Merchant"],"score":259,"play_id":"bddaf443-99b1-4c6a-8688-6d327deff93b","local_time":"20210218133308","is_ascension_mode":true,"campfire_choices":[],"circlet_count":0,"master_deck":["SpecialBullet","SpecialBullet","SpecialBullet","SpecialBullet","SpecialBullet","SpecialBullet","SpecialBullet","SpecialBullet","ControlCode","SecurityCode","TrainingCode","Strike_B","ReplayUltimateDefense+1","OSAHOGD","BloodyDesire","Scorched","GreenStem+1","Enlightenment","InformationCode","Mimicry","GoldRush","Gaze","Writhe","ruina:Mimicry"],"relics":["CogitoBucket","LetterFromLob","Toy Ornithopter","Centennial Puzzle","Strawberry","AdjustmentMirror","CaptainsWheel","hubris:ScarierMask","ruina:Goodbye","hubris:Icosahedron","Quantum Egg","Gremlin Horn"],"acts_visited":["Exordium","ruina:Briah"],"potions_floor_usage":[],"damage_taken":[{"damage":12.0,"enemies":"Jaw Worm","floor":1.0,"turns":2.0},{"damage":6.0,"enemies":"2 Louse","floor":2.0,"turns":2.0},{"damage":23.0,"enemies":"3 Sentries","floor":10.0,"turns":4.0},{"damage":0.0,"enemies":"Small Slimes","floor":11.0,"turns":1.0},{"damage":2.0,"enemies":"Replay:BlueRogue","floor":12.0,"turns":4.0},{"damage":22.0,"enemies":"Gremlin Gang","floor":13.0,"turns":3.0},{"damage":2.0,"enemies":"3 Sentries","floor":14.0,"turns":2.0},{"damage":34.0,"enemies":"Hexaghost","floor":16.0,"turns":7.0},{"damage":6.0,"enemies":"ruina:3_Bats","floor":18.0,"turns":2.0},{"damage":8.0,"enemies":"ruina:Nosferatu","floor":21.0,"turns":2.0},{"damage":12.0,"enemies":"ruina:RoadHome","floor":23.0,"turns":2.0},{"damage":0,"enemies":"ruina:ServantOfWrath","floor":25,"turns":1}],"seed_played":"4190575077332502635","potions_obtained":[{"floor":10.0,"key":"SteroidPotion"},{"floor":12.0,"key":"DuplicationPotion"},{"floor":14.0,"key":"LiquidMemories"},{"floor":18.0,"key":"FearPotion"}],"is_trial":false,"path_per_floor":["M","M","$","?","?","R","?","R","T","E","M","E","M","E","R","B",null,"M","?","$","M","?","E","T","E"],"character_chosen":"Angela","items_purchased":["ruina:Mimicry"],"campfire_rested":0,"item_purchase_floors":[20],"current_hp_per_floor":[66,68,68,74,59,59,63,63,63,48,56,69,55,61,61,50,83,83,83,83,83,83,83,83,83,83],"gold":242,"neow_bonus":"RANDOM_COLORLESS_2","is_daily":false,"chose_seed":false,"campfire_upgraded":0,"win_rate":0.0,"timestamp":1613647988,"path_taken":["M","M","$","?","?","R","?","R","T","E","M","E","M","E","R","BOSS","M","?","$","?","?","E","?","E"],"items_purchased_type":["Card"],"build_version":"2020-12-22","purchased_purges":1,"victory":false,"max_hp_per_floor":[70,70,70,76,76,76,76,76,76,76,76,83,83,83,83,83,83,83,83,83,83,83,83,83,83,83],"card_choices":[{"not_picked":["Apotheosis","Metamorphosis"],"picked":"ReplayUltimateDefense","floor":0.0},{"not_picked":["VoidDream","FairyFestival"],"picked":"OSAHOGD","floor":1.0},{"not_picked":["Noise"],"picked":"BloodyDesire","floor":1.0},{"not_picked":["Murderer","CrumblingArmor"],"picked":"Scorched","floor":2.0},{"not_picked":["Horn"],"picked":"GreenStem","floor":2.0},{"not_picked":["Penitence","Lantern"],"picked":"SKIP","floor":10.0},{"not_picked":["Lantern","RedEyes"],"picked":"SKIP","floor":11.0},{"not_picked":["WristCuter","Regret_ego"],"picked":"SKIP","floor":12.0},{"not_picked":["Regret_ego"],"picked":"Mimicry","floor":13.0},{"not_picked":["Horn","Hypocrisy"],"picked":"SKIP","floor":14.0},{"not_picked":["SoundOfStar"],"picked":"GoldRush","floor":16.0},{"not_picked":["CUTE+1"],"picked":"Gaze","floor":18.0},{"not_picked":["InTheNameOfLoveAndHate","CherryBlossom"],"picked":"SKIP","floor":21.0},{"not_picked":["Lantern","CUTE"],"picked":"SKIP","floor":23.0}],"player_experience":489693,"relics_obtained":[{"floor":1.0,"key":"LetterFromLob"},{"floor":9.0,"key":"Toy Ornithopter"},{"floor":10.0,"key":"Centennial Puzzle"},{"floor":12.0,"key":"Strawberry"},{"floor":14.0,"key":"CaptainsWheel"},{"floor":23.0,"key":"Quantum Egg"},{"floor":24.0,"key":"Gremlin Horn"}],"event_choices":[{"damage_healed":0.0,"max_hp_gain":0.0,"max_hp_loss":0.0,"gold_gain":0.0,"event_name":"betterThird:BetterSerpent","player_choice":"RENOUNCE","floor":4.0,"gold_loss":47.0,"damage_taken":47.0,"cards_obtained":["Enlightenment"]},{"damage_healed":74.0,"max_hp_gain":0.0,"max_hp_loss":76.0,"gold_gain":0.0,"event_name":"betterThird:BetterShining","player_choice":"Upgrade","floor":5.0,"gold_loss":0.0,"damage_taken":15.0,"cards_upgraded":["ReplayUltimateDefense","GreenStem"]}],"is_beta":false,"boss_relics":[{"not_picked":["Ring of Chaos","hubris:CrackedHourglass"],"picked":"hubris:ScarierMask"}],"items_purged_floors":[3],"is_endless":false,"potions_floor_spawned":[10,12,14,18],"killed_by":"ruina:ServantOfWrath","ascension_level":2}}