{"host":"nz11ypxva4e39b7q","time":1613655059,"event":{"mods":["BaseMod","Better Third Choice","Better Vampires","Colored Map","Minty Spire (QoL Compilation)","Quick Restart","Shapeshifter Mod","StSLib"],"gold_per_floor":[110,110,35,45,64,97,97,111,180,180,180,206,206,224,224,341,341,366,366,34,30,30,70,101,101,101,101,101,101,18,67,67,183,183,210,110,110,210,276,276,325,389,389,422,422,452,475,537,537,548,548,548,6,50,50],"floor_reached":56,"language":"ENG","playtime":7220,"items_purged":["StSShapeShifter:Lynx_Form","StSShapeShifter:Tortoise_Form","StSShapeShifter:ShapeShifter_Strike"],"score":1399,"play_id":"1fb83f63-dcda-4cc5-8c11-3cb6138daf3b","local_time":"20210218143059","is_ascension_mode":false,"campfire_choices":[{"data":"StSShapeShifter:WolfForm","floor":7,"key":"SMITH"},{"data":"StSShapeShifter:Garden","floor":13,"key":"SMITH"},{"data":"StSShapeShifter:ShapeShifter_Defend","floor":15,"key":"SMITH"},{"data":"StSShapeShifter:FruitBasket","floor":25,"key":"SMITH"},{"data":"StSShapeShifter:PowerShifter","floor":27,"key":"SMITH"},{"data":"Adrenaline","floor":29,"key":"SMITH"},{"floor":32,"key":"RECALL"},{"data":"StSShapeShifter:ShapeShifter_Defend","floor":40,"key":"SMITH"},{"data":"StSShapeShifter:MonkeyForm","floor":49,"key":"SMITH"},{"data":"StSShapeShifter:Pounce","floor":52,"key":"SMITH"}],"circlet_count":0,"master_deck":["StSShapeShifter:ShapeShifter_Strike","StSShapeShifter:ShapeShifter_Strike","StSShapeShifter:ShapeShifter_Strike","StSShapeShifter:ShapeShifter_Strike","StSShapeShifter:ShapeShifter_Defend+1","StSShapeShifter:ShapeShifter_Defend","StSShapeShifter:ShapeShifter_Defend","StSShapeShifter:ShapeShifter_Defend","StSShapeShifter:ShapeShifter_Defend+1","StSShapeShifter:MonkeyForm+1","StSShapeShifter:Garden+1","StSShapeShifter:WolfForm+1","DevaForm+1","StSShapeShifter:FoxForm","StSShapeShifter:PowerShifter+1","StSShapeShifter:FruitBasket+1","StSShapeShifter:Bonk","StSShapeShifter:SpiritOfTheEarth+1","Adrenaline+1","Flash of Steel","StSShapeShifter:OwlForm+1","StSShapeShifter:Pounce+1","StSShapeShifter:Sapling+1","StSShapeShifter:SquirrelForm+1","StSShapeShifter:Sap_Burst","StSShapeShifter:Guard+1"],"relics":["StSShapeShifter:AnimalHeart","StSShapeShifter:TheShapeShiftersMagnolia","NeowsBlessing","FaceOfCleric","StSShapeShifter:MysticalFossil","StSShapeShifter:FruitTree","Blood Vial","Prayer Wheel","Orichalcum","Runic Pyramid","ClockworkSouvenir","Sundial","Happy Flower","Darkstone Periapt","Omamori","Cursed Key","The Courier","Juzu Bracelet","CaptainsWheel","PreservedInsect","StoneCalendar","Gremlin Horn","Nunchaku","TheAbacus","StSShapeShifter:Fertilizer","StSShapeShifter:AlchemistsNecklace"],"acts_visited":["Exordium","TheCity","TheBeyond","TheEnding"],"potions_floor_usage":[12,23,23,31,42,47,50,55,55,55],"damage_taken":[{"damage":0.0,"enemies":"2 Louse","floor":1.0,"turns":1.0},{"damage":0.0,"enemies":"Cultist","floor":4.0,"turns":1.0},{"damage":0.0,"enemies":"Small Slimes","floor":5.0,"turns":1.0},{"damage":34,"enemies":"3 Sentries","floor":6,"turns":12},{"damage":0,"enemies":"Exordium Wildlife","floor":8,"turns":4},{"damage":38,"enemies":"Gremlin Nob","floor":12,"turns":5},{"damage":0,"enemies":"Large Slime","floor":14,"turns":7},{"damage":50,"enemies":"Hexaghost","floor":16,"turns":12},{"damage":6,"enemies":"Chosen","floor":18,"turns":7},{"damage":34,"enemies":"2 Thieves","floor":21,"turns":5},{"damage":45,"enemies":"Slavers","floor":23,"turns":7},{"damage":18,"enemies":"Snake Plant","floor":24,"turns":6},{"damage":7,"enemies":"Book of Stabbing","floor":31,"turns":5},{"damage":34,"enemies":"Automaton","floor":33,"turns":13},{"damage":22,"enemies":"3 Shapes","floor":35,"turns":9},{"damage":0,"enemies":"Mind Bloom Boss Battle","floor":39,"turns":6},{"damage":36,"enemies":"Reptomancer","floor":41,"turns":9},{"damage":73,"enemies":"2 Orb Walkers","floor":42,"turns":7},{"damage":17,"enemies":"3 Darklings","floor":44,"turns":7},{"damage":21,"enemies":"Writhing Mass","floor":46,"turns":9},{"damage":0,"enemies":"Transient","floor":47,"turns":5},{"damage":40,"enemies":"Nemesis","floor":48,"turns":7},{"damage":58,"enemies":"Donu and Deca","floor":50,"turns":10},{"damage":60,"enemies":"Shield and Spear","floor":54,"turns":7},{"damage":38,"enemies":"The Heart","floor":55,"turns":11}],"seed_played":"5964352978968430469","potions_obtained":[{"floor":5.0,"key":"FearPotion"},{"floor":16,"key":"EssenceOfSteel"},{"floor":18,"key":"FearPotion"},{"floor":23,"key":"GamblersBrew"},{"floor":24,"key":"Strength Potion"},{"floor":41,"key":"Weak Potion"},{"floor":44,"key":"AttackPotion"},{"floor":46,"key":"Strength Potion"},{"floor":48,"key":"Fruit Juice"},{"floor":54,"key":"Dexterity Potion"}],"is_trial":false,"path_per_floor":["M","?","$","M","M","E","R","M","T","?","?","E","R","M","R","B",null,"M","?","$","M","?","E","M","R","T","R","?","R","$","E","R","B",null,"M","$","?","?","?","R","E","?","T","M","T","M","M","E","R","B",null,"R","$","E","B",null],"character_chosen":"SHAPESHIFTER","items_purchased":["StSShapeShifter:FruitBasket","ClockworkSouvenir","Flash of Steel","TheAbacus","StSShapeShifter:Fertilizer","StSShapeShifter:AlchemistsNecklace","StSShapeShifter:Sap_Burst"],"campfire_rested":0,"item_purchase_floors":[20,20,30,53,53,53,53],"current_hp_per_floor":[78,78,78,79,80,59,59,68,68,73,59,39,39,62,62,41,90,87,69,69,52,52,36,30,30,30,30,30,30,30,34,34,59,101,86,86,86,76,103,103,85,35,35,38,38,41,62,60,60,25,110,110,110,67,72],"gold":50,"neow_bonus":"THREE_ENEMY_KILL","is_daily":false,"chose_seed":false,"campfire_upgraded":9,"win_rate":0.0,"timestamp":1613655059,"path_taken":["M","?","$","?","M","E","R","M","T","?","?","E","R","M","R","BOSS","M","?","$","M","?","E","M","R","T","R","?","R","$","E","R","BOSS","M","$","?","?","?","R","E","?","T","M","?","M","M","E","R","BOSS","R","$","E","BOSS"],"items_purchased_type":["Card","Relic","Card","Relic","Relic","Relic","Card"],"build_version":"2020-12-22","purchased_purges":3,"victory":true,"max_hp_per_floor":[78,78,78,79,80,81,81,82,82,87,87,88,88,89,89,90,90,91,96,96,97,97,98,99,99,99,99,99,99,99,100,100,101,101,102,102,102,102,103,103,104,105,105,106,106,107,108,109,109,110,110,110,110,111,117],"card_choices":[{"not_picked":["StSShapeShifter:DeerForm","StSShapeShifter:ShiftingStrike"],"picked":"StSShapeShifter:MonkeyForm","floor":1.0},{"not_picked":["StSShapeShifter:EntForm","StSShapeShifter:PorcupineForm"],"picked":"StSShapeShifter:Garden","floor":4.0},{"not_picked":["StSShapeShifter:Efflorescence","StSShapeShifter:SunflowerShuriken"],"picked":"StSShapeShifter:WolfForm","floor":5.0},{"not_picked":["StSShapeShifter:FallingLeaves","StSShapeShifter:Roar","StSShapeShifter:Rest"],"picked":"SKIP","floor":6},{"not_picked":["StSShapeShifter:WaspSwarmForm","StSShapeShifter:DiverseSpirit","StSShapeShifter:VineHandcuffs"],"picked":"SKIP","floor":8},{"not_picked":["StSShapeShifter:BulwarkOfDiscovery","StSShapeShifter:PorcupineForm","StSShapeShifter:FlowerShield"],"picked":"SKIP","floor":12},{"not_picked":["StSShapeShifter:BloomingSlash","StSShapeShifter:SunflowerShuriken"],"picked":"StSShapeShifter:FoxForm","floor":14},{"not_picked":["StSShapeShifter:HippoForm","StSShapeShifter:VineHandcuffs","StSShapeShifter:Rabid"],"picked":"SKIP","floor":14},{"not_picked":["StSShapeShifter:Forgiveness","StSShapeShifter:Winter"],"picked":"StSShapeShifter:PowerShifter","floor":16},{"not_picked":["StSShapeShifter:BurstingSpore","StSShapeShifter:RockSlide","StSShapeShifter:DiverseSpirit"],"picked":"SKIP","floor":18},{"not_picked":["StSShapeShifter:RockSlide+1","StSShapeShifter:SquirrelForm+1","StSShapeShifter:PoisonIvy"],"picked":"SKIP","floor":18},{"not_picked":["StSShapeShifter:MagicMushrooms","StSShapeShifter:Roar"],"picked":"StSShapeShifter:Bonk","floor":21},{"not_picked":["StSShapeShifter:FesteringBite+1","StSShapeShifter:SquirrelForm","StSShapeShifter:WaspSwarmForm"],"picked":"SKIP","floor":21},{"not_picked":["StSShapeShifter:DeepWound","StSShapeShifter:Efflorescence","StSShapeShifter:AdaptiveStrikes"],"picked":"SKIP","floor":23},{"not_picked":["StSShapeShifter:ThornToss+1","StSShapeShifter:FallingLeaves"],"picked":"StSShapeShifter:SpiritOfTheEarth+1","floor":24},{"not_picked":["StSShapeShifter:FullMoon","StSShapeShifter:FlowerShield","StSShapeShifter:Synchronicity"],"picked":"SKIP","floor":24},{"not_picked":["StSShapeShifter:Maul","StSShapeShifter:ShiftingStrike"],"picked":"StSShapeShifter:OwlForm+1","floor":31},{"not_picked":["StSShapeShifter:WolfsBane","StSShapeShifter:BurrBomb"],"picked":"StSShapeShifter:Pounce","floor":33},{"not_picked":["StSShapeShifter:ThornToss","StSShapeShifter:TopazSkin","StSShapeShifter:VineHandcuffs"],"picked":"SKIP","floor":35},{"not_picked":["StSShapeShifter:PoisonIvy","StSShapeShifter:Evolution","StSShapeShifter:RockSlide"],"picked":"SKIP","floor":35},{"not_picked":["StSShapeShifter:Rest+1","StSShapeShifter:Ensconce+1","StSShapeShifter:FallingLeaves+1"],"picked":"SKIP","floor":41},{"not_picked":["StSShapeShifter:DeerForm","StSShapeShifter:ThornedSkin","StSShapeShifter:FoxForm"],"picked":"SKIP","floor":44},{"not_picked":["StSShapeShifter:FullMoon","StSShapeShifter:Evolution","StSShapeShifter:VileMushroom"],"picked":"SKIP","floor":44},{"not_picked":["StSShapeShifter:BarkSkin+1","StSShapeShifter:PantherForm+1"],"picked":"StSShapeShifter:Sapling+1","floor":46},{"not_picked":["StSShapeShifter:ShiftingStrike+1","StSShapeShifter:FesteringBite+1"],"picked":"StSShapeShifter:SquirrelForm+1","floor":46},{"not_picked":["StSShapeShifter:FruitBasket+1","StSShapeShifter:BladeOfGrass","StSShapeShifter:Rest+1"],"picked":"SKIP","floor":47},{"not_picked":["StSShapeShifter:FesteringBite+1","StSShapeShifter:Sapling","StSShapeShifter:MonkeyForm+1"],"picked":"SKIP","floor":47},{"not_picked":["StSShapeShifter:FruitBasket+1","StSShapeShifter:BladeOfGrass","StSShapeShifter:Rest+1"],"picked":"SKIP","floor":47},{"not_picked":["StSShapeShifter:FesteringBite+1","StSShapeShifter:Sapling","StSShapeShifter:MonkeyForm+1"],"picked":"SKIP","floor":47},{"not_picked":["StSShapeShifter:Efflorescence","StSShapeShifter:BloomingSlash+1","StSShapeShifter:OakBlade+1"],"picked":"SKIP","floor":48},{"not_picked":["StSShapeShifter:ThornToss+1","StSShapeShifter:TopazSkin"],"picked":"StSShapeShifter:Guard+1","floor":54}],"player_experience":1039863,"relics_obtained":[{"floor":6,"key":"StSShapeShifter:MysticalFossil"},{"floor":9,"key":"StSShapeShifter:FruitTree"},{"floor":12,"key":"Orichalcum"},{"floor":23,"key":"Sundial"},{"floor":26,"key":"Happy Flower"},{"floor":31,"key":"Darkstone Periapt"},{"floor":33,"key":"Omamori"},{"floor":35,"key":"The Courier"},{"floor":35,"key":"Juzu Bracelet"},{"floor":39,"key":"CaptainsWheel"},{"floor":41,"key":"PreservedInsect"},{"floor":42,"key":"StoneCalendar"},{"floor":45,"key":"Gremlin Horn"},{"floor":48,"key":"Nunchaku"}],"event_choices":[{"damage_healed":0.0,"max_hp_gain":0.0,"max_hp_loss":0.0,"gold_gain":0.0,"event_name":"FaceTrader","player_choice":"Trade","floor":2.0,"gold_loss":0.0,"damage_taken":0.0,"relics_obtained":["FaceOfCleric"]},{"damage_healed":0,"gold_gain":0,"player_choice":"Donut","damage_taken":0,"max_hp_gain":5,"max_hp_loss":0,"event_name":"Big Fish","floor":10,"gold_loss":0},{"damage_healed":0,"gold_gain":0,"player_choice":"Shed Blood","damage_taken":23,"max_hp_gain":5,"max_hp_loss":0,"event_name":"Forgotten Altar","floor":19,"gold_loss":0},{"damage_healed":0,"gold_gain":0,"player_choice":"Ignored","damage_taken":0,"max_hp_gain":0,"max_hp_loss":0,"event_name":"Ghosts","floor":22,"gold_loss":0},{"cards_removed":["Heatsinks"],"damage_healed":0,"gold_gain":0,"player_choice":"Took Card","damage_taken":0,"max_hp_gain":0,"max_hp_loss":0,"event_name":"NoteForYourself","floor":28,"gold_loss":0,"cards_obtained":["Adrenaline"]},{"damage_healed":0,"gold_gain":0,"player_choice":"Fight","damage_taken":0,"max_hp_gain":0,"max_hp_loss":0,"event_name":"MindBloom","floor":39,"gold_loss":0},{"damage_healed":0,"gold_gain":0,"player_choice":"Fight","damage_taken":0,"max_hp_gain":0,"max_hp_loss":0,"event_name":"Mysterious Sphere","floor":42,"gold_loss":0}],"is_beta":false,"boss_relics":[{"not_picked":["Ectoplasm","Black Star"],"picked":"Runic Pyramid"},{"not_picked":["Snecko Eye","Pandora\u0027s Box"],"picked":"Cursed Key"}],"items_purged_floors":[3,20,36],"is_endless":false,"potions_floor_spawned":[5,16,18,23,24,41,44,46,48,54],"ascension_level":0}}