{"host":"q6l9o5ad25lrm2yj","time":1613630205,"event":{"mods":["BaseMod","BetterRewards","Colored Powertips","Minty Spire (QoL Compilation)","Replay The Spire","StSLib","The Hierophant","[IsaacMod]ÒÔÈö¼âËþ"],"gold_per_floor":[113,113,124,149,170,170,197,15,15,15,15,15],"floor_reached":11,"language":"ZHS","playtime":665,"items_purged":[],"score":65,"play_id":"052aabef-9226-46e9-8acb-a41a847341d4","local_time":"20210218143645","is_ascension_mode":false,"campfire_choices":[{"floor":6,"key":"REST"},{"floor":10,"key":"REST"}],"circlet_count":0,"master_deck":["hierophant:Strike_Hierophant","hierophant:Strike_Hierophant","hierophant:Strike_Hierophant","hierophant:Strike_Hierophant","hierophant:Punish","hierophant:Defend_Hierophant","hierophant:Defend_Hierophant","hierophant:Defend_Hierophant","hierophant:Defend_Hierophant","hierophant:ChurchCoffers","DoctorFetus","hierophant:Zeal","hierophant:Doubloon","hierophant:Remorse","hierophant:Sermon","hierophant:Doubloon","hierophant:Patience","hierophant:SealAway","hierophant:SealAway"],"relics":["hierophant:PropheticMaskRelic","HushsDoor","DeadEye","Lizard Tail","Habit","Bag of Preparation","TheBean","NineVolt","Nunchaku"],"acts_visited":["Exordium"],"potions_floor_usage":[],"damage_taken":[{"damage":0,"enemies":"2 Louse","floor":1,"turns":2},{"damage":0,"enemies":"Small Slimes","floor":3,"turns":2},{"damage":9,"enemies":"Jaw Worm","floor":4,"turns":4},{"damage":17,"enemies":"Blue Slaver","floor":5,"turns":4},{"damage":6,"enemies":"3 Louse","floor":7,"turns":3},{"damage":0,"enemies":"Gremlin Nob","floor":11,"turns":3}],"seed_played":"-580727778090694164","potions_obtained":[{"floor":1,"key":"SpeedPotion"},{"floor":4,"key":"SmokeBomb"}],"is_trial":false,"path_per_floor":["M","?","M","M","M","R","M","$","T","R","E"],"character_chosen":"HIEROPHANT","items_purchased":["Lizard Tail","Habit","Bag of Preparation","NineVolt","hierophant:SealAway"],"campfire_rested":2,"item_purchase_floors":[0,0,0,8,8],"current_hp_per_floor":[40,37,37,28,11,33,27,27,27,49,49,49],"gold":15,"neow_bonus":"","is_daily":false,"chose_seed":false,"campfire_upgraded":0,"win_rate":0.0,"timestamp":1613630205,"path_taken":["M","?","M","M","M","R","M","$","T","R","E"],"items_purchased_type":["Relic","Relic","Relic","Relic","Card"],"build_version":"2020-12-22","purchased_purges":0,"victory":false,"max_hp_per_floor":[75,75,75,75,75,75,75,75,75,75,75,75],"card_choices":[{"not_picked":[],"picked":"DoctorFetus","floor":0},{"not_picked":["hierophant:Alms","hierophant:HolyVerse"],"picked":"hierophant:Zeal","floor":1},{"not_picked":["hierophant:Blessing","hierophant:RustyCrate"],"picked":"hierophant:Remorse","floor":3},{"not_picked":["hierophant:Purify","hierophant:RecallFunds"],"picked":"hierophant:Sermon","floor":4},{"not_picked":["hierophant:Refuge","hierophant:Martyrdom"],"picked":"hierophant:Doubloon","floor":5},{"not_picked":["hierophant:Zeal","hierophant:Blessing"],"picked":"hierophant:Patience","floor":7}],"player_experience":7714,"relics_obtained":[{"floor":9,"key":"Nunchaku"}],"event_choices":[{"damage_healed":0,"gold_gain":0,"player_choice":"Success","damage_taken":3,"relics_obtained":["TheBean"],"max_hp_gain":0,"max_hp_loss":0,"event_name":"Scrap Ooze","floor":2,"gold_loss":0}],"is_beta":false,"boss_relics":[],"items_purged_floors":[],"is_endless":false,"potions_floor_spawned":[1,4],"killed_by":"Gremlin Nob","ascension_level":0}}