{"host":"2hea6pl5vmah38iy","time":1613663124,"event":{"mods":["AchievementEnabler","BaseMod","Colored Map","DeckTracker","Keyboard Shortcuts","Minty Spire (QoL Compilation)","Rare Cards Sparkle","StSLib","SuperFastMode","everything is the same but u backflip on backflip"],"gold_per_floor":[110,122,47,47,61,61,81,81,81,114,114,149,149,159,159,236,236,246,260,260,280,298,298,298,298,298],"floor_reached":25,"language":"KOR","playtime":681,"items_purged":[],"score":415,"play_id":"f80f7df7-386c-451a-887d-2c98cec507c2","local_time":"20210219004524","is_ascension_mode":true,"campfire_choices":[{"data":"Dualcast","floor":6.0,"key":"SMITH"},{"floor":11.0,"key":"REST"},{"data":"Defragment","floor":13.0,"key":"SMITH"},{"data":"Zap","floor":15.0,"key":"SMITH"}],"circlet_count":0,"master_deck":["AscendersBane","Strike_B","Strike_B","Strike_B+1","Strike_B","Defend_B+1","Defend_B","Defend_B","Zap+1","Dualcast+1","Compile Driver","Reinforced Body","Ball Lightning","Defragment+1","Tempest","Cold Snap","Rainbow","Consume","Heatsinks","Defragment+1","Stack"],"relics":["Cracked Core","NeowsBlessing","Shuriken","Boot","Bottled Tornado","Velvet Choker"],"acts_visited":["Exordium","TheCity"],"potions_floor_usage":[],"damage_taken":[{"damage":0.0,"enemies":"2 Louse","floor":1.0,"turns":1.0},{"damage":0.0,"enemies":"Cultist","floor":2.0,"turns":1.0},{"damage":0.0,"enemies":"Jaw Worm","floor":5.0,"turns":1.0},{"damage":6.0,"enemies":"Blue Slaver","floor":7.0,"turns":4.0},{"damage":13.0,"enemies":"Lagavulin","floor":10.0,"turns":6.0},{"damage":8.0,"enemies":"Gremlin Nob","floor":12.0,"turns":3.0},{"damage":4.0,"enemies":"Red Slaver","floor":14.0,"turns":3.0},{"damage":20.0,"enemies":"Slime Boss","floor":16.0,"turns":9.0},{"damage":4.0,"enemies":"Shell Parasite","floor":18.0,"turns":5.0},{"damage":0.0,"enemies":"Chosen","floor":19.0,"turns":3.0},{"damage":16.0,"enemies":"Sentry and Sphere","floor":21.0,"turns":4.0},{"damage":21.0,"enemies":"Centurion and Healer","floor":22.0,"turns":7.0},{"damage":0,"enemies":"Slavers","floor":25,"turns":1}],"seed_played":"-911683313827724635","potions_obtained":[{"floor":2.0,"key":"GamblersBrew"},{"floor":12.0,"key":"Weak Potion"},{"floor":16.0,"key":"SpeedPotion"},{"floor":19.0,"key":"Swift Potion"}],"is_trial":false,"path_per_floor":["M","M","?","?","M","R","M","?","T","E","R","E","R","M","R","B",null,"M","M","?","M","M","M","?","E"],"character_chosen":"DEFECT","items_purchased":[],"campfire_rested":1,"item_purchase_floors":[],"current_hp_per_floor":[64,64,64,64,64,64,58,37,37,24,45,37,37,33,33,13,57,53,53,53,37,16,16,16,16,16],"gold":298,"neow_bonus":"THREE_ENEMY_KILL","is_daily":false,"chose_seed":false,"campfire_upgraded":3,"win_rate":0.0,"timestamp":1613663124,"path_taken":["M","M","?","?","?","R","M","?","T","E","R","E","R","M","R","BOSS","M","M","?","M","M","R","?","?","E"],"items_purchased_type":[],"build_version":"2020-12-22","purchased_purges":0,"victory":false,"max_hp_per_floor":[71,71,71,71,71,71,71,71,71,71,71,71,71,71,71,71,71,71,71,71,71,71,71,71,71,71],"card_choices":[{"not_picked":["Gash","Steam"],"picked":"Compile Driver","floor":1.0},{"not_picked":["Barrage","Rebound"],"picked":"Reinforced Body","floor":2.0},{"not_picked":["Cold Snap","Sunder"],"picked":"Ball Lightning","floor":5.0},{"not_picked":["Creative AI","Lockon"],"picked":"Defragment","floor":7.0},{"not_picked":["Blizzard","Steam"],"picked":"Tempest","floor":10.0},{"not_picked":["Machine Learning","Go for the Eyes","Fusion"],"picked":"SKIP","floor":12.0},{"not_picked":["Redo","Go for the Eyes"],"picked":"Cold Snap","floor":14.0},{"not_picked":["Fission","Buffer"],"picked":"Rainbow","floor":16.0},{"not_picked":["Reinforced Body+1","Compile Driver"],"picked":"Consume","floor":18.0},{"not_picked":["Streamline","Barrage"],"picked":"Heatsinks","floor":19.0},{"not_picked":["Sweeping Beam","Barrage","Lockon"],"picked":"SKIP","floor":21.0},{"not_picked":["Go for the Eyes","Beam Cell"],"picked":"Stack","floor":22.0}],"player_experience":596022,"relics_obtained":[{"floor":10.0,"key":"Boot"},{"floor":12.0,"key":"Bottled Tornado"}],"event_choices":[{"cards_removed":["Defend_B"],"damage_healed":0.0,"max_hp_gain":0.0,"max_hp_loss":0.0,"gold_gain":0.0,"event_name":"The Cleric","player_choice":"Card Removal","floor":3.0,"gold_loss":75.0,"damage_taken":0.0},{"damage_healed":0.0,"max_hp_gain":0.0,"max_hp_loss":0.0,"gold_gain":0.0,"event_name":"WeMeetAgain","player_choice":"Gave Potion","floor":4.0,"gold_loss":0.0,"damage_taken":0.0,"relics_obtained":["Shuriken"]},{"damage_healed":0.0,"max_hp_gain":0.0,"max_hp_loss":0.0,"gold_gain":0.0,"event_name":"Shining Light","player_choice":"Entered Light","floor":8.0,"gold_loss":0.0,"damage_taken":21.0,"cards_upgraded":["Strike_B","Defend_B"]},{"damage_healed":0.0,"max_hp_gain":0.0,"max_hp_loss":0.0,"gold_gain":0.0,"event_name":"Duplicator","player_choice":"Copied","floor":20.0,"gold_loss":0.0,"damage_taken":0.0,"cards_obtained":["Defragment"]},{"damage_healed":0,"gold_gain":0,"player_choice":"Ignored","damage_taken":0,"max_hp_gain":0,"max_hp_loss":0,"event_name":"The Mausoleum","floor":24,"gold_loss":0}],"is_beta":false,"boss_relics":[{"not_picked":["Coffee Dripper","FrozenCore"],"picked":"Velvet Choker"}],"items_purged_floors":[],"is_endless":false,"potions_floor_spawned":[2,12,16,19],"killed_by":"Slavers","ascension_level":19}}