{"host":"4d3k7d8vp246c2eu","time":1613630266,"event":{"mods":["BaseMod","Downfall","Minty Spire (QoL Compilation)","StSLib"],"gold_per_floor":[99,118,145,172,172,172,172,191,239,274,174,324,324,366,387,496,496,296,307,333,333,96,113,113,142,142,142,142],"floor_reached":26,"language":"ENG","playtime":2092,"items_purged":[],"score":310,"play_id":"9f90a8ac-344d-4728-9d0f-adece535df10","local_time":"20210218013746","is_ascension_mode":true,"campfire_choices":[{"data":"hexamod:Float","floor":1,"key":"SMITH"},{"data":"hexamod:EmpoweredFlame","floor":6,"key":"SMITH"},{"floor":11,"key":"RECALL"},{"data":"hexamod:GhostShield","floor":18,"key":"SMITH"}],"circlet_count":0,"master_deck":["hexamod:Strike","hexamod:Strike+1","hexamod:Strike","hexamod:Strike","hexamod:Defend","hexamod:Defend+1","hexamod:Defend","hexamod:Defend+1","hexamod:Sear","hexamod:Float+1","hexamod:SecondSeal","hexamod:EmpoweredFlame+1","hexamod:InspiringFlames","hexamod:GhostShield+1","hexamod:TimeWarp","hexamod:FastForward","hexamod:ParanormalForm+1","hexamod:SpectralAdrenaline","hexamod:NightmareGuise+1","hexamod:FirstSeal","hexamod:FourthSeal","hexamod:ThirdSeal","hexamod:RadiantFlame+1","hexamod:ThirdSeal","hexamod:StepThrough","hexamod:SpectersWail+1"],"relics":["hexamod:SpiritBrand","Strawberry","Boot","Question Card","downfall:HeartBlessingBlue","Frozen Egg 2","Empty Cage","downfall:HeartBlessingRed","downfall:HeartBlessingGreen","ClockworkSouvenir","Pear","Art of War"],"acts_visited":["Exordium","TheCity"],"potions_floor_usage":[16,16,16,23,23,25,26],"damage_taken":[{"damage":2,"enemies":"Jaw Worm","floor":2,"turns":3},{"damage":0,"enemies":"2 Louse","floor":3,"turns":4},{"damage":0,"enemies":"Cultist","floor":4,"turns":3},{"damage":7,"enemies":"Exordium Thugs","floor":8,"turns":7},{"damage":10,"enemies":"Lagavulin","floor":10,"turns":7},{"damage":31,"enemies":"3 Sentries","floor":14,"turns":11},{"damage":0,"enemies":"Blue Slaver","floor":15,"turns":4},{"damage":31,"enemies":"DF_ARCHETYPE_STREAMLINE","floor":16,"turns":7},{"damage":23,"enemies":"Shell Parasite","floor":19,"turns":6},{"damage":7,"enemies":"Spheric Guardian","floor":20,"turns":5},{"damage":5,"enemies":"downfall:FleeingMerchant","floor":22,"turns":4},{"damage":11,"enemies":"Snake Plant","floor":23,"turns":5},{"damage":27,"enemies":"Book of Stabbing","floor":25,"turns":6},{"damage":47,"enemies":"3 Cultists","floor":26,"turns":5}],"seed_played":"-8775605334818581738","potions_obtained":[{"floor":4,"key":"AttackPotion"},{"floor":14,"key":"ColorlessPotion"},{"floor":15,"key":"Guardian:BlockOnCardUsePotion"},{"floor":19,"key":"LiquidMemories"},{"floor":20,"key":"Slimebound:ThreeZeroPotion"},{"floor":22,"key":"Slimebound:ThreeZeroPotion"},{"floor":23,"key":"hexamod:EctoCoolerPotion"},{"floor":25,"key":"sneckomod:MuddlingPotion"}],"is_trial":false,"path_per_floor":["R","M","M","M","?","R","T","M","T","E","R","?","?","E","M","B",null,"R","M","M","?","$","M","T","E","M"],"character_chosen":"THE_SPIRIT","items_purchased":["ClockworkSouvenir","hexamod:ThirdSeal"],"campfire_rested":0,"item_purchase_floors":[22,22],"current_hp_per_floor":[77,75,75,75,75,75,75,68,68,58,68,68,73,42,42,11,92,92,69,62,55,57,53,63,36,0,0,0],"gold":142,"neow_bonus":"RANDOM_COMMON_RELIC","is_daily":false,"chose_seed":false,"campfire_upgraded":3,"win_rate":0.0,"timestamp":1613630266,"path_taken":["R","M","M","M","?","R","T","M","?","E","R","?","?","E","M","BOSS","R","M","M","?","$","M","T","E","M"],"items_purchased_type":["Relic","Card"],"build_version":"2020-12-22","purchased_purges":0,"victory":false,"max_hp_per_floor":[77,77,77,77,77,77,77,77,77,77,87,87,92,92,92,92,92,92,92,92,92,92,92,102,102,102,102,102],"card_choices":[{"not_picked":["hexamod:InspiringFlames","hexamod:SuperheatedStrike"],"picked":"hexamod:SecondSeal","floor":2},{"not_picked":["hexamod:SecondSeal","hexamod:HeatMetal"],"picked":"hexamod:EmpoweredFlame","floor":3},{"not_picked":["hexamod:HeatShield","hexamod:SpectersWail"],"picked":"hexamod:InspiringFlames","floor":4},{"not_picked":["hexamod:GhostLash","hexamod:SuperheatedStrike"],"picked":"hexamod:HeatMetal","floor":8},{"not_picked":["hexamod:FlamesFromBeyond","hexamod:Haunt"],"picked":"hexamod:GhostShield","floor":10},{"not_picked":["hexamod:NightmareGuise","hexamod:GhostLash","hexamod:RetreatToShadows"],"picked":"hexamod:TimeWarp","floor":14},{"not_picked":["hexamod:FlamesFromBeyond","hexamod:SecondSeal","hexamod:HeatMetal"],"picked":"hexamod:FastForward","floor":15},{"not_picked":["hexamod:ApocalypseNow","hexamod:TimeOfNeed","hexamod:WildfireWeapon+1"],"picked":"hexamod:ParanormalForm+1","floor":16},{"not_picked":["hexamod:FlamesFromBeyond","hexamod:ExtraCrispy+1","hexamod:ShieldOfDarkness"],"picked":"hexamod:SpectralAdrenaline","floor":19},{"not_picked":["hexamod:HauntingEcho","hexamod:SecondSeal","hexamod:Hexaguard"],"picked":"hexamod:NightmareGuise+1","floor":20},{"not_picked":["hexamod:GhostflameBarrier","hexamod:ExtraCrispy+1","hexamod:NecessarySacrifice"],"picked":"hexamod:RadiantFlame+1","floor":22},{"not_picked":["hexamod:Again","hexamod:SoulSteal","hexamod:PhantomFireball"],"picked":"hexamod:StepThrough","floor":23},{"not_picked":["hexamod:BurningTouch","hexamod:InspiringFlames","hexamod:ShieldOfDarkness+1"],"picked":"hexamod:SpectersWail+1","floor":23},{"not_picked":["hexamod:NightmareStrike","hexamod:SecondSeal","hexamod:SearingWound","hexamod:HeatCrush"],"picked":"SKIP","floor":25}],"player_experience":595458,"relics_obtained":[{"floor":9,"key":"Boot"},{"floor":10,"key":"Question Card"},{"floor":14,"key":"Frozen Egg 2"},{"floor":24,"key":"Pear"},{"floor":25,"key":"Art of War"}],"event_choices":[{"damage_healed":0,"gold_gain":0,"player_choice":"Donut","damage_taken":0,"max_hp_gain":5,"max_hp_loss":0,"event_name":"Big Fish","floor":13,"gold_loss":0}],"is_beta":false,"boss_relics":[{"not_picked":["bronze:MakeshiftBattery","Pandora\u0027s Box"],"picked":"Empty Cage"}],"items_purged_floors":[],"is_endless":false,"potions_floor_spawned":[4,14,15,19,20],"killed_by":"3 Cultists","ascension_level":2}}