{"host":"u2qrfxkm3wve0vp3","time":1613656179,"event":{"mods":["AchievementEnabler","BaseMod","Downfall","Minty Spire (QoL Compilation)","Quick Restart","Shop Mod","StSLib","The Cursed","The Marked"],"gold_per_floor":[110,129,129,146,161,161,86,161,161,181,181,196,196,211,211,211,211],"floor_reached":16,"language":"ZHS","playtime":499,"items_purged":["theMarked:Defend"],"score":94,"play_id":"b26ee842-eba5-4011-9109-954c51e637e5","local_time":"20210218214939","is_ascension_mode":false,"campfire_choices":[{"data":"theMarked:SoldierOfQuellstein","floor":6,"key":"SMITH"},{"data":"theMarked:Indomitable","floor":11,"key":"SMITH"},{"data":"theMarked:ChannelForce","floor":13,"key":"SMITH"},{"data":"theMarked:Polarize","floor":15,"key":"SMITH"}],"circlet_count":0,"master_deck":["theMarked:Strike","theMarked:Strike","theMarked:Strike","theMarked:Strike","theMarked:Defend","theMarked:Defend","theMarked:SoldierOfQuellstein+1","theMarked:Polarize+1","theMarked:BiggerThanFate","theMarked:ChannelForce+1","theMarked:EmpowerWeapon","theMarked:ChainLightning","theMarked:Indomitable+1","theMarked:FavorableWinds"],"relics":["theMarked:ArtifactOfAir","Happy Flower"],"acts_visited":["Exordium"],"potions_floor_usage":[16],"damage_taken":[{"damage":1,"enemies":"Cultist","floor":1,"turns":3},{"damage":0,"enemies":"2 Louse","floor":2,"turns":3},{"damage":3,"enemies":"Jaw Worm","floor":4,"turns":3},{"damage":5,"enemies":"Looter","floor":5,"turns":3},{"damage":0,"enemies":"2 Fungi Beasts","floor":10,"turns":2},{"damage":4,"enemies":"Exordium Thugs","floor":12,"turns":4},{"damage":5,"enemies":"Looter","floor":14,"turns":3},{"damage":36,"enemies":"The Guardian","floor":16,"turns":6}],"seed_played":"-4743964078354703029","potions_obtained":[{"floor":1,"key":"theMarked:ChargePotion"},{"floor":4,"key":"FearPotion"},{"floor":10,"key":"ColorlessPotion"},{"floor":12,"key":"DuplicationPotion"}],"is_trial":false,"path_per_floor":["M","M","?","M","M","R","$","?","T","M","R","M","R","M","R","B"],"character_chosen":"THE_DEFAULT","items_purchased":[],"campfire_rested":0,"item_purchase_floors":[],"current_hp_per_floor":[64,64,64,61,56,56,56,45,45,45,45,41,41,36,36,0,0],"gold":211,"neow_bonus":"TRANSFORM_TWO_CARDS","is_daily":false,"chose_seed":false,"campfire_upgraded":4,"win_rate":0.0,"timestamp":1613656179,"path_taken":["M","?","?","M","M","R","?","?","T","M","R","M","R","M","R","BOSS"],"items_purchased_type":[],"build_version":"2020-12-22","purchased_purges":1,"victory":false,"max_hp_per_floor":[65,65,65,65,65,65,65,65,65,65,65,65,65,65,65,65,65],"card_choices":[{"not_picked":["theMarked:Overthink","theMarked:WastefulAttack"],"picked":"theMarked:ChannelForce","floor":1},{"not_picked":["theMarked:Improvise","theMarked:WardOff"],"picked":"theMarked:EmpowerWeapon","floor":2},{"not_picked":["theMarked:Opportunist","theMarked:WardOff","theMarked:WastefulAttack"],"picked":"SKIP","floor":4},{"not_picked":["theMarked:HeightenedSenses","theMarked:Polarize"],"picked":"theMarked:ChainLightning","floor":5},{"not_picked":["theMarked:Improvise","theMarked:EmpowerWeapon"],"picked":"theMarked:Indomitable","floor":10},{"not_picked":["theMarked:TakeCover","theMarked:RepellingDischarge"],"picked":"theMarked:FavorableWinds","floor":12},{"not_picked":["theMarked:SwordAndMagic","theMarked:HeightenedSenses","theMarked:RepellingDischarge"],"picked":"SKIP","floor":14}],"player_experience":325730,"relics_obtained":[{"floor":9,"key":"Happy Flower"}],"event_choices":[{"damage_healed":0,"gold_gain":0,"player_choice":"Ignored","damage_taken":0,"max_hp_gain":0,"max_hp_loss":0,"event_name":"Liars Game","floor":3,"gold_loss":0},{"damage_healed":0,"gold_gain":75,"player_choice":"Gather Gold","damage_taken":11,"max_hp_gain":0,"max_hp_loss":0,"event_name":"World of Goop","floor":8,"gold_loss":0}],"is_beta":false,"boss_relics":[],"items_purged_floors":[7],"is_endless":false,"potions_floor_spawned":[1,4,10,12],"killed_by":"The Guardian","ascension_level":0}}