{"host":"0rxdudjy6rylha1k","time":1613664677,"event":{"mods":["Aspiration","BaseMod","Colored Map","Colored Powertips","Downfall","Highlight Path","Hubris","Minty Spire (QoL Compilation)","StSLib"],"gold_per_floor":[99,117,117,117,102,117,117,127,155,55,55,71,71,86,102,206,206,106,123,137,137,137,148,175,175,204,114,114,126,126,155,175,279,279,279,293,313,313,322,351,351,351,251,285,285,84,105,105,128,128,128,128],"floor_reached":50,"language":"ENG","playtime":4722,"items_purged":["Injury"],"score":704,"play_id":"030da499-3573-42a5-aa80-73a323e3ec5f","local_time":"20210218091117","is_ascension_mode":true,"campfire_choices":[{"floor":1.0,"key":"RECALL"},{"floor":10.0,"key":"REST"},{"data":"bronze:Fortify","floor":13.0,"key":"SMITH"},{"data":"bronze:Library","floor":18.0,"key":"SMITH"},{"data":"bronze:ChildClass","floor":25,"key":"SMITH"},{"floor":30,"key":"REST"},{"data":"bronze:Allocate","floor":35,"key":"SMITH"},{"floor":43,"key":"REST"},{"data":"expansioncontent:Chronoboost","floor":45,"key":"SMITH"}],"circlet_count":0,"master_deck":["bronze:Strike","bronze:Strike","bronze:Strike","bronze:Strike","bronze:Defend","bronze:Defend","bronze:Defend","bronze:Defend","bronze:Replicate","bronze:Goto+1","bronze:Fortify+1","bronze:Boost","bronze:Iterate+1","bronze:Shield","bronze:Library+1","bronze:ChildClass+1","bronze:Iterate+1","bronze:Optimize","bronze:Frontload","bronze:Allocate+1","bronze:ShipIt+1","bronze:ChosenStrike+1","expansioncontent:Chronoboost+1","bronze:OilSpill+1","bronze:FineTuning","bronze:Flail+1","bronze:Flail+1"],"relics":["bronze:BronzeCore","Molten Egg 2","Shuriken","aspiration:ChemicalBlood","downfall:HeartBlessingRed","downfall:HeartBlessingGreen","Pantograph","Oddly Smooth Stone","bronze:CableSpool","CeramicFish","Blue Candle","Prayer Wheel","downfall:HeartBlessingBlue","bronze:DecasWashers","hubris:EmptyBottle","Frozen Egg 2"],"acts_visited":["Exordium","TheCity","TheBeyond"],"potions_floor_usage":[20,20,20,26,26,31,32,33,33,33,36,36,36,37,40,40,40,40,40,44,49,49,50,50,50,50,50,50,50,50],"damage_taken":[{"damage":6.0,"enemies":"Cultist","floor":2.0,"turns":4.0},{"damage":0.0,"enemies":"downfall:FleeingMerchant","floor":5.0,"turns":4.0},{"damage":4.0,"enemies":"2 Louse","floor":6.0,"turns":3.0},{"damage":7.0,"enemies":"Jaw Worm","floor":8.0,"turns":3.0},{"damage":44.0,"enemies":"Lagavulin","floor":9.0,"turns":8.0},{"damage":7.0,"enemies":"Large Slime","floor":12.0,"turns":3.0},{"damage":11.0,"enemies":"Exordium Thugs","floor":14.0,"turns":4.0},{"damage":7.0,"enemies":"Lots of Slimes","floor":15.0,"turns":3.0},{"damage":26.0,"enemies":"WA_ARCHETYPE_RETAIN","floor":16.0,"turns":7.0},{"damage":27.0,"enemies":"downfall:LooterAlt2","floor":19.0,"turns":3.0},{"damage":10,"enemies":"Shell Parasite","floor":20,"turns":6},{"damage":4,"enemies":"Snecko","floor":23,"turns":6},{"damage":17,"enemies":"Slavers","floor":26,"turns":5},{"damage":0,"enemies":"downfall:FleeingMerchant","floor":27,"turns":4},{"damage":0,"enemies":"Cultist and Chosen","floor":29,"turns":3},{"damage":0,"enemies":"Book of Stabbing","floor":31,"turns":6},{"damage":24,"enemies":"Snake Plant","floor":32,"turns":5},{"damage":71,"enemies":"IC_MUSHROOM_ARCHETYPE","floor":33,"turns":8},{"damage":0,"enemies":"3 Shapes","floor":36,"turns":4},{"damage":3,"enemies":"Orb Walker","floor":37,"turns":5},{"damage":35,"enemies":"Nemesis","floor":40,"turns":5},{"damage":6,"enemies":"Reptomancer","floor":44,"turns":11},{"damage":0,"enemies":"downfall:FleeingMerchant","floor":46,"turns":4},{"damage":3,"enemies":"4 Shapes","floor":47,"turns":6},{"damage":17,"enemies":"Maw","floor":49,"turns":5},{"damage":119,"enemies":"SI_POISON_ARCHETYPE","floor":50,"turns":5}],"seed_played":"2598090867567235334","potions_obtained":[{"floor":2.0,"key":"bronze:FreeFunctionsPotion"},{"floor":8.0,"key":"Regen Potion"},{"floor":9.0,"key":"PowerPotion"},{"floor":16.0,"key":"bronze:CleanCodePotion"},{"floor":19,"key":"LiquidBronze"},{"floor":23,"key":"Energy Potion"},{"floor":29,"key":"sneckomod:MuddlingPotion"},{"floor":31,"key":"Regen Potion"},{"floor":32,"key":"bronze:CleanCodePotion"},{"floor":36,"key":"Swift Potion"},{"floor":40,"key":"EssenceOfSteel"},{"floor":44,"key":"bronze:FreeFunctionsPotion"},{"floor":47,"key":"bronze:FreeFunctionsPotion"},{"floor":50,"key":"ColorlessPotion"}],"is_trial":false,"path_per_floor":["R","M","?","?","$","M","T","M","E","R","?","M","R","M","M","B",null,"R","M","M","?","T","M","T","R","E","$","?","M","R","E","M","B",null,"R","M","M","?","?","E","T","?","R","E","R","$","M","T","M","B"],"character_chosen":"THE_AUTOMATON","items_purchased":["hubris:EmptyBottle","bronze:FineTuning"],"campfire_rested":3,"item_purchase_floors":[46,46],"current_hp_per_floor":[70,64,64,64,64,60,60,53,24,45,80,73,73,62,55,29,80,80,53,43,69,69,65,65,65,48,48,48,48,72,72,60,9,80,80,80,77,72,72,37,37,40,77,71,71,71,68,68,51,0,0,0],"gold":128,"neow_bonus":"UPGRADE_CARD","is_daily":false,"chose_seed":false,"campfire_upgraded":5,"win_rate":0.0,"timestamp":1613664677,"path_taken":["R","M","?","?","$","M","T","M","E","R","?","M","R","M","M","BOSS","R","M","M","?","?","?","T","R","E","$","?","M","R","E","M","BOSS","R","M","M","?","?","E","T","?","R","E","R","$","M","?","M","BOSS"],"items_purchased_type":["Relic","Card"],"build_version":"2020-12-22","purchased_purges":1,"victory":false,"max_hp_per_floor":[70,70,70,70,70,70,70,70,70,70,80,80,80,80,80,80,80,80,80,80,80,80,80,80,80,80,80,80,80,80,80,80,80,80,80,80,80,80,80,80,80,83,93,93,93,93,93,93,93,93,93,93],"card_choices":[{"not_picked":["bronze:Deprecate","bronze:BuggyMess"],"picked":"bronze:Fortify","floor":2.0},{"not_picked":["bronze:Philosophize","bronze:BugBarrage+1"],"picked":"bronze:Boost","floor":5.0},{"not_picked":["bronze:Boost","bronze:NullPointer+1","bronze:Separator+1"],"picked":"SKIP","floor":6.0},{"not_picked":["bronze:NullPointer+1","bronze:ForceShield"],"picked":"bronze:Iterate+1","floor":8.0},{"not_picked":["bronze:BronzeArmor","bronze:NullPointer+1"],"picked":"bronze:AlphaBuild+1","floor":9.0},{"not_picked":["bronze:BuggyMess","bronze:BitShift","bronze:Safeguard"],"picked":"SKIP","floor":12.0},{"not_picked":["bronze:Turbo","bronze:Safeguard","bronze:InfiniteBeams"],"picked":"SKIP","floor":14.0},{"not_picked":["bronze:NullPointer+1","bronze:Boost"],"picked":"bronze:Shield","floor":15.0},{"not_picked":["bronze:Break+1","bronze:Virus+1"],"picked":"bronze:Library","floor":16.0},{"not_picked":["bronze:Overheat+1","bronze:BuggyMess+1","bronze:DelayedGuard"],"picked":"SKIP","floor":19},{"not_picked":["bronze:DelayedGuard","bronze:Separator+1"],"picked":"bronze:ChildClass","floor":20},{"not_picked":["bronze:CloningBeam+1","bronze:MaxOutput","bronze:DelayedGuard"],"picked":"SKIP","floor":23},{"not_picked":["bronze:DelayedGuard","bronze:BuggyMess+1"],"picked":"bronze:Iterate+1","floor":26},{"not_picked":["bronze:OilSpill+1","bronze:BronzeArmor+1"],"picked":"bronze:Optimize","floor":27},{"not_picked":["bronze:BitShift","bronze:WhirlingStrike+1"],"picked":"bronze:Frontload","floor":29},{"not_picked":["bronze:SpaghettiCode","bronze:DigitalCarnage+1","bronze:Backtrace+1"],"picked":"SKIP","floor":31},{"not_picked":["bronze:Overheat+1","bronze:Separator+1"],"picked":"bronze:Allocate","floor":32},{"not_picked":["bronze:RecursiveStrike+1","bronze:ThunderWave+1"],"picked":"bronze:ShipIt+1","floor":33},{"not_picked":["bronze:DelayedGuard","bronze:Invalidate","bronze:WhirlingStrike+1"],"picked":"SKIP","floor":36},{"not_picked":["bronze:BuggyMess","bronze:Allocate+1"],"picked":"bronze:ChosenStrike+1","floor":37},{"not_picked":["expansioncontent:InvincibleStrength","expansioncontent:AwakenDeath"],"picked":"expansioncontent:Chronoboost","floor":39},{"not_picked":["bronze:NullPointer+1","bronze:DarkDash+1","bronze:Assembly"],"picked":"SKIP","floor":40},{"not_picked":["bronze:BronzeOrb+1","bronze:CutThrough+1","bronze:DelayedGuard+1"],"picked":"SKIP","floor":44},{"not_picked":["bronze:CloningBeam+1","bronze:Constructor"],"picked":"bronze:OilSpill+1","floor":46},{"not_picked":["bronze:Backtrace+1","bronze:Safeguard+1"],"picked":"bronze:Flail+1","floor":47},{"not_picked":["bronze:BronzeOrb+1","bronze:Branch+1","bronze:ShipIt+1"],"picked":"SKIP","floor":47},{"not_picked":["bronze:Invalidate","bronze:Allocate"],"picked":"bronze:Flail+1","floor":49},{"not_picked":["bronze:Iterate+1","bronze:WhirlingStrike+1","bronze:MaxOutput+1"],"picked":"SKIP","floor":49}],"player_experience":2993480,"relics_obtained":[{"floor":7.0,"key":"Shuriken"},{"floor":9.0,"key":"aspiration:ChemicalBlood"},{"floor":22,"key":"Pantograph"},{"floor":24,"key":"Oddly Smooth Stone"},{"floor":26,"key":"bronze:CableSpool"},{"floor":31,"key":"CeramicFish"},{"floor":40,"key":"Prayer Wheel"},{"floor":44,"key":"bronze:DecasWashers"},{"floor":48,"key":"Frozen Egg 2"}],"event_choices":[{"damage_healed":26,"gold_gain":0,"player_choice":"Heal","damage_taken":0,"max_hp_gain":0,"max_hp_loss":0,"event_name":"The Library","floor":21,"gold_loss":0}],"is_beta":false,"boss_relics":[{"not_picked":["hubris:GrandSneckoEye","aspiration:FutureDiary","hubris:CrackedHourglass"]},{"not_picked":["Runic Dome","hubris:HollowSoul","aspiration:WatcherSkillbook"]}],"items_purged_floors":[27],"is_endless":false,"potions_floor_spawned":[2,8,9,16,19,23,29,31,32,36,40,44,47],"killed_by":"SI_POISON_ARCHETYPE","ascension_level":3}}