{"host":"jzhosqkmc1ht3q4y","time":1613640319,"event":{"mods":["100% Spire Juice","Act Like it!","Arknights","BaseMod","Better Third Choice","Colored Map","Minty Spire (QoL Compilation)","Rare Cards Sparkle","StSLib","SuperFastMode"],"gold_per_floor":[116,126,58,75,75,105,105,119,119,150,160,160,190,190,190,294,344,359,359,374,401,415,449,449,479,479,490,339,254,268,367,367,464,464,478,493,507,188,207,239,239,461,461,461,477,36,86,86,86,86,86,86,13,13,61,61],"floor_reached":57,"language":"KOR","playtime":2983,"items_purged":["ats:Strike C","ats:Strike G","ats:Armor Crushing Shot+1"],"score":1296,"play_id":"9c363164-b84f-474a-8beb-91f2449c9c81","local_time":"20210218182519","is_ascension_mode":true,"campfire_choices":[{"data":"ats:Healing Strengthening","floor":7.0,"key":"SMITH"},{"data":"ats:Part Time Job","floor":12.0,"key":"SMITH"},{"data":"ats:Overload","floor":15.0,"key":"SMITH"},{"data":"ats:Nebulous Foxfire","floor":24.0,"key":"SMITH"},{"data":"ats:Disruption Kick","floor":32,"key":"SMITH"},{"data":"ats:Ambush","floor":41,"key":"SMITH"},{"data":"ats:Emotion Absorption","floor":44,"key":"SMITH"},{"floor":49,"key":"RECALL"},{"data":"ats:Counter Healing Mode","floor":52,"key":"SMITH"}],"circlet_count":0,"master_deck":["ats:Defend","ats:Defend","ats:Defend","ats:Defend","ats:Emotion Absorption+1","ats:Disruption Kick+1","ats:Rapid Magazine","ats:Healing Strengthening+1","ats:Overload+1","ats:Part Time Job+1","ats:Nebulous Foxfire+1","ats:Apocalypse","ats:Rapid Magazine","ats:Powerful Strike+1","Scrawl+1","ats:Counter Healing Mode+1","ats:Closed Bolt Burst Fire+1","ats:Hook Shot","ats:Ambush+1","ats:Chain Hook+1","ats:LN2 Cannon","ats:Charging Defense","ats:Composite Medical Shells+1","ats:Part Time Job","ats:Support Order"],"relics":["ats:Sanity","ats:Originium","Bird Faced Urn","Mercury Hourglass","ats:Spiritual Recovery","Orichalcum","Tiny House","Red Mask","Toy Ornithopter","ats:Hidden Killer","ats:Ability Aura","Ancient Tea Set","Coffee Dripper","Whetstone","Vajra","Letter Opener","Membership Card","Gambling Chip","Nunchaku","ats:Gyao","Blood Vial"],"acts_visited":["Exordium","TheCity","TheBeyond","TheEnding"],"potions_floor_usage":[56,56,56],"damage_taken":[{"damage":7.0,"enemies":"Cultist","floor":1.0,"turns":5.0},{"damage":14.0,"enemies":"ats:Genji","floor":2.0,"turns":7.0},{"damage":13.0,"enemies":"2 Louse","floor":4.0,"turns":4.0},{"damage":63.0,"enemies":"Gremlin Nob","floor":6.0,"turns":10.0},{"damage":21.0,"enemies":"2 Fungi Beasts","floor":8.0,"turns":11.0},{"damage":49.0,"enemies":"3 Sentries","floor":10.0,"turns":16.0},{"damage":25.0,"enemies":"3 Louse","floor":11.0,"turns":5.0},{"damage":76.0,"enemies":"Slime Boss","floor":16.0,"turns":14.0},{"damage":17.0,"enemies":"Spheric Guardian","floor":18.0,"turns":4.0},{"damage":32.0,"enemies":"3 Byrds","floor":20.0,"turns":6.0},{"damage":73.0,"enemies":"Masked Bandits","floor":21.0,"turns":8.0},{"damage":32.0,"enemies":"Snecko","floor":22.0,"turns":7.0},{"damage":85.0,"enemies":"Gremlin Leader","floor":23.0,"turns":12.0},{"damage":60,"enemies":"Book of Stabbing","floor":25,"turns":7},{"damage":7,"enemies":"Centurion and Healer","floor":27,"turns":8},{"damage":7,"enemies":"3 Cultists","floor":30,"turns":4},{"damage":72,"enemies":"Champ","floor":33,"turns":15},{"damage":38,"enemies":"3 Shapes","floor":35,"turns":7},{"damage":24,"enemies":"3 Darklings","floor":36,"turns":7},{"damage":81,"enemies":"Transient","floor":37,"turns":5},{"damage":46,"enemies":"4 Shapes","floor":39,"turns":8},{"damage":14,"enemies":"Nemesis","floor":40,"turns":9},{"damage":32,"enemies":"Jaw Worm Horde","floor":45,"turns":4},{"damage":5,"enemies":"Mind Bloom Boss Battle","floor":47,"turns":7},{"damage":77,"enemies":"Time Eater","floor":50,"turns":11},{"damage":102,"enemies":"Shield and Spear","floor":55,"turns":8},{"damage":205,"enemies":"The Heart","floor":56,"turns":12}],"seed_played":"8645598385388775395","potions_obtained":[{"floor":1.0,"key":"Explosive Potion"},{"floor":4.0,"key":"PowerPotion"},{"floor":8.0,"key":"PowerPotion"},{"floor":25,"key":"GamblersBrew"}],"is_trial":false,"path_per_floor":["M","M","$","M","?","E","R","M","T","E","M","R","?","?","R","B",null,"M","?","M","?","M","E","R","E","T","M","$","?","M","?","R","B",null,"M","M","M","$","M","E","R","?","T","R","M","$","?","?","R","B",null,"R","$","$","E","B",null],"character_chosen":"DOCTOR_CLASS","items_purchased":["ats:Overload","ats:Hook Shot","Whetstone","ats:LN2 Cannon","Membership Card","Gambling Chip","Nunchaku","ats:Support Order","DistilledChaos"],"campfire_rested":0,"item_purchase_floors":[3,28,38,38,46,46,46,53,53],"current_hp_per_floor":[65,51,51,38,38,9,9,72,72,72,63,63,63,58,58,68,77,61,61,77,71,71,46,46,34,34,77,77,77,77,77,77,71,77,77,75,17,17,75,77,77,77,77,77,77,77,77,73,73,71,73,73,73,73,73,46],"gold":61,"neow_bonus":"ONE_RANDOM_RARE_CARD","is_daily":false,"chose_seed":false,"campfire_upgraded":8,"win_rate":0.0,"timestamp":1613640319,"path_taken":["M","M","$","?","?","E","R","M","T","E","M","R","?","?","R","BOSS","M","?","M","?","M","E","R","E","T","M","$","?","M","?","R","BOSS","M","M","M","$","M","E","R","?","T","R","M","$","?","?","R","BOSS","R","$","$","E","BOSS"],"items_purchased_type":["Card","Card","Relic","Card","Relic","Relic","Relic","Card","Potion"],"build_version":"2020-12-22","purchased_purges":3,"victory":true,"max_hp_per_floor":[72,72,72,72,72,72,72,72,72,72,72,72,72,72,72,72,77,77,77,77,77,77,77,77,77,77,77,77,77,77,77,77,77,77,77,77,77,77,77,77,77,77,77,77,77,77,77,73,73,73,73,73,73,73,73,73],"card_choices":[{"not_picked":["ats:Counter Healing Mode","ats:Absolute Focus"],"picked":"ats:Rapid Magazine","floor":1.0},{"not_picked":["ats:Curse Doll","ats:Revitalization"],"picked":"ats:Healing Strengthening","floor":2.0},{"not_picked":["ats:Flexible Camouflage","ats:Healing Strengthening"],"picked":"ats:Part Time Job","floor":4.0},{"not_picked":["ats:Very Hot Blade","ats:Absolute Focus"],"picked":"ats:Apocalypse","floor":6.0},{"not_picked":["ats:Consecutive Shot Auto","ats:Cat Scratch","ats:Assault Order"],"picked":"SKIP","floor":8.0},{"not_picked":["ats:Flexible Camouflage","ats:Flame Of Heaven"],"picked":"ats:Rapid Magazine","floor":10.0},{"not_picked":["ats:Encircling Forest","ats:Curse Doll"],"picked":"ats:Powerful Strike","floor":11.0},{"not_picked":["ats:Flexible Camouflage","ats:Powerful Strike"],"picked":"ats:Counter Healing Mode","floor":17.0},{"not_picked":["ats:Poison Spread","ats:Ignite","ats:Absolute Focus+1"],"picked":"SKIP","floor":18.0},{"not_picked":["ats:Cat Scratch","ats:Poison Spread","ats:Curse Doll"],"picked":"SKIP","floor":20.0},{"not_picked":["ats:Flame Of Heaven","ats:Flexible Camouflage","ats:Very Hot Blade"],"picked":"SKIP","floor":22.0},{"not_picked":["ats:Sword Rain+1","ats:Ignite","ats:Nebulous Foxfire"],"picked":"SKIP","floor":23.0},{"not_picked":["ats:Cat Scratch","ats:Thermite Blade","ats:Flexible Camouflage+1"],"picked":"SKIP","floor":25},{"not_picked":["ats:Consecutive Shot Auto+1","ats:Part Time Job"],"picked":"ats:Closed Bolt Burst Fire","floor":27},{"not_picked":["ats:Rapid Magazine","ats:Thermite Blade","ats:Thorns"],"picked":"SKIP","floor":30},{"not_picked":["ats:Dogmatic Field","ats:Durian"],"picked":"ats:Ambush","floor":33},{"not_picked":["ats:Shadow Raid","ats:Absolute Focus"],"picked":"ats:Chain Hook+1","floor":35},{"not_picked":["ats:Cat Scratch","ats:Consecutive Shot Auto+1","ats:Explosion Area Strengthen"],"picked":"SKIP","floor":36},{"not_picked":["ats:Absolute Focus+1","ats:Poison Spread","ats:Hammer On"],"picked":"SKIP","floor":37},{"not_picked":["ats:Flame Of Heaven+1","ats:Soul Absorption+1"],"picked":"ats:Charging Defense","floor":39},{"not_picked":["ats:Absolute Focus","ats:Cat Scratch"],"picked":"ats:Composite Medical Shells+1","floor":40},{"not_picked":["ats:Curse Doll","ats:Flexible Camouflage+1","ats:Red Shift"],"picked":"SKIP","floor":45},{"not_picked":["ats:Curse Doll","ats:Flexible Camouflage+1","ats:Red Shift"],"picked":"SKIP","floor":45},{"not_picked":["ats:True Silver Slash","ats:Closed Bolt Burst Fire"],"picked":"ats:Part Time Job","floor":47},{"not_picked":["ats:Absolute Focus+1","ats:Poison Spread+1","ats:Curse Doll"],"picked":"SKIP","floor":55}],"player_experience":786466,"relics_obtained":[{"floor":6.0,"key":"ats:Originium"},{"floor":6.0,"key":"Bird Faced Urn"},{"floor":10.0,"key":"ats:Originium"},{"floor":10.0,"key":"Mercury Hourglass"},{"floor":21.0,"key":"Red Mask"},{"floor":23.0,"key":"ats:Originium"},{"floor":23.0,"key":"Toy Ornithopter"},{"floor":25,"key":"ats:Originium"},{"floor":25,"key":"ats:Hidden Killer"},{"floor":26,"key":"ats:Ability Aura"},{"floor":40,"key":"Vajra"},{"floor":43,"key":"Letter Opener"},{"floor":47,"key":"ats:Gyao"},{"floor":55,"key":"Blood Vial"}],"event_choices":[{"damage_healed":0.0,"max_hp_gain":0.0,"max_hp_loss":0.0,"gold_gain":0.0,"cards_transformed":["ats:Strike V"],"event_name":"Living Wall","player_choice":"Change","floor":5.0,"gold_loss":0.0,"damage_taken":0.0,"cards_obtained":["ats:Nebulous Foxfire"]},{"damage_healed":0.0,"max_hp_gain":0.0,"max_hp_loss":0.0,"gold_gain":30.0,"event_name":"Dead Adventurer","player_choice":"Searched \u00273\u0027 times","floor":13.0,"gold_loss":0.0,"damage_taken":0.0,"relics_obtained":["ats:Spiritual Recovery"]},{"cards_removed":["ats:Strike S"],"damage_healed":0.0,"max_hp_gain":0.0,"max_hp_loss":0.0,"gold_gain":0.0,"event_name":"betterThird:BetterWriting","player_choice":"Elegance","floor":19.0,"gold_loss":0.0,"damage_taken":0.0},{"damage_healed":0.0,"max_hp_gain":0.0,"max_hp_loss":0.0,"gold_gain":0.0,"event_name":"Masked Bandits","player_choice":"Fought Bandits","floor":21.0,"gold_loss":0.0,"damage_taken":0.0},{"damage_healed":0,"gold_gain":0,"player_choice":"Obtained Relic","damage_taken":0,"relics_obtained":["Ancient Tea Set"],"max_hp_gain":0,"max_hp_loss":0,"event_name":"Addict","floor":29,"gold_loss":85},{"damage_healed":0,"gold_gain":99,"player_choice":"Steal","damage_taken":0,"max_hp_gain":0,"max_hp_loss":0,"event_name":"betterThird:BetterNest","floor":31,"gold_loss":0},{"damage_healed":0,"gold_gain":222,"player_choice":"Wore Mask","damage_taken":0,"max_hp_gain":0,"max_hp_loss":0,"event_name":"Tomb of Lord Red Mask","floor":42,"gold_loss":0},{"damage_healed":0,"gold_gain":0,"player_choice":"Fight","damage_taken":0,"max_hp_gain":0,"max_hp_loss":0,"event_name":"MindBloom","floor":47,"gold_loss":0},{"damage_healed":0,"gold_gain":0,"player_choice":"Max HP","damage_taken":0,"max_hp_gain":0,"max_hp_loss":4,"event_name":"Winding Halls","floor":48,"gold_loss":0}],"is_beta":false,"boss_relics":[{"not_picked":["Calling Bell","SacredBark"],"picked":"Tiny House"},{"not_picked":["ats:Sanity Plus","Black Star"],"picked":"Coffee Dripper"}],"items_purged_floors":[28,38,46],"is_endless":false,"potions_floor_spawned":[1,4,8,10,18,20,21,25,36,37,47,55],"ascension_level":2}}