{"host":"whe4vf9w0yuhsr02","time":1613653776,"event":{"mods":["AchievementEnabler","Act Like it!","BaseMod","Better Altar","Better Match","Better Note","Better Sensory Stone","Better Skull","Better Third Choice","Colored Map","Dark Map","Friendly Minions","Highlight Path","Hubris","Lobotomy","LobotomyExtend","Minty Spire (QoL Compilation)","Poor People Problems","Quick Restart","Replay The Spire","Ruina","StSLib","everything is the same but u backflip on backflip"],"gold_per_floor":[115,115,134,146,160,160,186,200,200,200,200,200,2,12,12,12,12],"floor_reached":16,"language":"ENG","playtime":2628,"items_purged":[],"score":112,"play_id":"a0db5576-8fc2-4a38-9c05-030a21b9bceb","local_time":"20210218150936","is_ascension_mode":true,"campfire_choices":[],"circlet_count":0,"master_deck":["SpecialBullet","SpecialBullet","SpecialBullet","SpecialBullet","SpecialBullet","SpecialBullet","SpecialBullet","CentralCode","SecurityCode","Defend_P","HpAim","OSAHOGD","Spore","InformationCode","UniverseFragment","ScreamingWedge","BloodyDesire","hubris:DuctTapeCard","Heaven","TrainingCode"],"relics":["CogitoBucket","LetterFromLob","Counterbalance","AdjustmentMirror","The Courier","hubris:DuctTape"],"acts_visited":["Exordium"],"potions_floor_usage":[8,16],"damage_taken":[{"damage":0,"enemies":"Small Slimes","floor":1,"turns":2},{"damage":0,"enemies":"Cultist","floor":3,"turns":2},{"damage":12,"enemies":"Jaw Worm","floor":4,"turns":2},{"damage":6,"enemies":"Exordium Wildlife","floor":5,"turns":3},{"damage":14,"enemies":"Gremlin Nob","floor":7,"turns":3},{"damage":7,"enemies":"3 Louse","floor":8,"turns":4},{"damage":0,"enemies":"2 Fungi Beasts","floor":14,"turns":3},{"damage":7,"enemies":"The Guardian","floor":16,"turns":3}],"seed_played":"5213567536796493663","potions_obtained":[{"floor":1,"key":"Explosive Potion"},{"floor":8,"key":"Explosive Potion"},{"floor":14,"key":"Fire Potion"}],"is_trial":false,"path_per_floor":["M","?","M","M","M","R","E","M","T","R","E","R","$","M","R","B"],"character_chosen":"Angela","items_purchased":["hubris:DuctTape"],"campfire_rested":0,"item_purchase_floors":[13],"current_hp_per_floor":[70,70,70,66,70,70,64,69,69,69,69,69,69,70,70,63,63],"gold":12,"neow_bonus":"THREE_RARE_CARDS","is_daily":false,"chose_seed":false,"campfire_upgraded":0,"win_rate":0.0,"timestamp":1613653776,"path_taken":["M","?","M","?","M","R","E","M","T","R","E","R","$","M","R","BOSS"],"items_purchased_type":["Relic"],"build_version":"2020-12-22","purchased_purges":0,"victory":false,"max_hp_per_floor":[70,70,70,70,70,70,70,70,70,70,70,70,70,70,70,70,70],"card_choices":[{"not_picked":["Pinks","Mimicry"],"picked":"GoldRush","floor":0},{"not_picked":["SpiderBud","SingingMachine"],"picked":"OSAHOGD","floor":1},{"not_picked":["CUTE","FourthMatchFlame"],"picked":"SKIP","floor":1},{"not_picked":["Penitence"],"picked":"Spore","floor":3},{"not_picked":["FairyFestival","Wellcheers"],"picked":"UniverseFragment","floor":4},{"not_picked":["Hornet"],"picked":"ScreamingWedge","floor":4},{"not_picked":["TodaysExpression","Loneliness"],"picked":"SKIP","floor":5},{"not_picked":["SwordSharpenedByTears","WristCuter"],"picked":"SKIP","floor":7},{"not_picked":["RedEyes"],"picked":"BloodyDesire","floor":8},{"not_picked":["RapturousDream"],"picked":"Heaven","floor":14}],"player_experience":491653,"relics_obtained":[{"floor":1,"key":"LetterFromLob"},{"floor":7,"key":"Counterbalance"},{"floor":9,"key":"The Courier"}],"event_choices":[{"cards_removed":["SpecialBullet"],"damage_healed":0,"gold_gain":0,"player_choice":"Purged","damage_taken":0,"max_hp_gain":0,"max_hp_loss":0,"event_name":"Purifier","floor":2,"gold_loss":0}],"is_beta":false,"boss_relics":[],"items_purged_floors":[],"is_endless":false,"potions_floor_spawned":[1,8,14],"killed_by":"The Guardian","ascension_level":2}}