{"host":"w8xisjf5mgmfjvmt","time":1613618148,"event":{"mods":["BaseMod","BetterRewards","Bossed Relics","Challenge The Spire","Conspire","Energized Spire","Filter the Spire","Minty Spire (QoL Compilation)","Quarter Circle Forward PUNCH!","Quick Restart","Relic Filter Mod","Relic Stats","Reliquary","Replay The Spire","Say the Spire","Shop Mod","Spicy Shops","StSLib","Thieving Mod","¡¾ÒÅÎï¿¨ÅÆ¡¿REMEMod","óô»ðÖ¸ÄÏ"],"gold_per_floor":[117,117,42,52,68,68,86,120,147,180,180,180,192,218,218,291,291,304,324,324,334,60,92,109,138,138,138,13,31,59,109,109,187,187,201,214,214,214,234,234,266,276,276,276,293,325,325,325],"floor_reached":47,"language":"ZHS","playtime":2484,"items_purged":["Defend_G","Strike_G","Strike_G"],"score":1280,"play_id":"b8fe61c8-2e27-4749-acc1-5314e35dae46","local_time":"20210218111548","is_ascension_mode":true,"campfire_choices":[{"data":"Apotheosis","floor":6.0,"key":"SMITH"},{"data":"Noxious Fumes","floor":11.0,"key":"SMITH"},{"floor":27.0,"key":"REST"},{"data":"Wraith Form v2","floor":32.0,"key":"SMITH"},{"floor":40,"key":"REST"}],"circlet_count":0,"master_deck":["AscendersBane","Defend_G","Defend_G","Defend_G","Defend_G","Survivor","Neutralize","Apotheosis+1","Noxious Fumes+1","Backflip+1","Bane","Masterful Stab","Poison Darts+1","Deflect","Prepared+1","Catalyst","Wraith Form v2+1","Acrobatics","Well Laid Plans","Catalyst","Deadly Poison","Acrobatics","Corpse Explosion","Wraith Form v2+1","Footwork+1","Noxious Fumes+1"],"relics":["REME_ComplimentaryCards","Runic Dome","Centennial Puzzle","reliquary:Buckler","Happy Flower","Replay:Bottled Flurry","HoveringKite","Frozen Egg 2","reliquary:WeakTea","reliquary:Sod","reliquary:TatteredRug","Ring of Chaos","reliquary:PurpleTingedLeaf","Ginger"],"acts_visited":["Exordium","TheCity","TheBeyond"],"potions_floor_usage":[],"damage_taken":[{"damage":6.0,"enemies":"2 Louse","floor":1.0,"turns":4.0},{"damage":0.0,"enemies":"Small Slimes","floor":4.0,"turns":3.0},{"damage":0.0,"enemies":"Jaw Worm","floor":5.0,"turns":4.0},{"damage":7.0,"enemies":"Exordium Thugs","floor":7.0,"turns":4.0},{"damage":23.0,"enemies":"Gremlin Nob","floor":8.0,"turns":4.0},{"damage":9.0,"enemies":"3 Sentries","floor":10.0,"turns":6.0},{"damage":0.0,"enemies":"2 Fungi Beasts","floor":13.0,"turns":3.0},{"damage":3.0,"enemies":"Gremlin Nob","floor":14.0,"turns":3.0},{"damage":2.0,"enemies":"The Guardian","floor":16.0,"turns":7.0},{"damage":1.0,"enemies":"Chosen","floor":18.0,"turns":3.0},{"damage":4.0,"enemies":"conspire:FuzzyDice","floor":19.0,"turns":6.0},{"damage":9.0,"enemies":"Centurion and Healer","floor":21.0,"turns":6.0},{"damage":4.0,"enemies":"Book of Stabbing","floor":23.0,"turns":5.0},{"damage":3.0,"enemies":"Snake Plant","floor":24.0,"turns":4.0},{"damage":11.0,"enemies":"REME_1_Revenger","floor":25.0,"turns":3.0},{"damage":0.0,"enemies":"conspire:HollyBat","floor":29.0,"turns":5.0},{"damage":15.0,"enemies":"conspire:SneckoGhost","floor":30.0,"turns":4.0},{"damage":0.0,"enemies":"Automaton","floor":33.0,"turns":4.0},{"damage":0.0,"enemies":"Orb Walker","floor":35.0,"turns":4.0},{"damage":23.0,"enemies":"3 Darklings","floor":36.0,"turns":3.0},{"damage":6,"enemies":"Sphere and 2 Shapes","floor":39,"turns":5},{"damage":22,"enemies":"R_Hoarder","floor":41,"turns":4},{"damage":14,"enemies":"Transient","floor":42,"turns":6},{"damage":0,"enemies":"3 Darklings","floor":45,"turns":3},{"damage":9,"enemies":"Giant Head","floor":46,"turns":7},{"damage":5,"enemies":"4 Shapes","floor":47,"turns":2}],"seed_played":"5650231951391019159","potions_obtained":[{"floor":1.0,"key":"Regen Potion"},{"floor":13.0,"key":"Fire Potion"},{"floor":14.0,"key":"Energy Potion"},{"floor":19.0,"key":"LifebloodPotion"},{"floor":24.0,"key":"ColorlessPotion"},{"floor":25.0,"key":"Ancient Potion"},{"floor":33.0,"key":"SpeedPotion"}],"is_trial":false,"path_per_floor":["M","?","$","M","M","R","M","E","T","E","R","?","M","E","R","B",null,"M","M","?","M","$","E","M","E","T","R","$","M","E","?","R","B",null,"M","M","?","?","M","R","E","M","T","?","M","E","M"],"character_chosen":"THE_SILENT","items_purchased":["Well Laid Plans","Catalyst"],"campfire_rested":2,"item_purchase_floors":[22,22],"current_hp_per_floor":[53,46,46,46,46,46,39,30,30,21,21,21,21,18,37,35,58,57,53,35,26,26,22,19,8,8,29,29,29,14,14,14,14,57,57,34,34,34,28,49,27,15,15,15,15,10,5,5],"gold":325,"neow_bonus":"BOSS_RELIC","is_daily":false,"chose_seed":false,"campfire_upgraded":3,"win_rate":0.0,"timestamp":1613618148,"path_taken":["M","?","$","M","M","R","M","E","T","E","R","?","M","E","R","BOSS","M","M","?","M","$","E","M","E","T","R","$","M","E","?","R","BOSS","M","M","?","?","?","R","E","M","T","?","M","E","M"],"items_purchased_type":["Card","Card"],"build_version":"2020-12-22","purchased_purges":3,"victory":false,"max_hp_per_floor":[66,66,66,66,66,66,66,66,66,66,66,66,66,66,66,66,66,66,66,71,71,71,71,71,71,71,71,71,71,71,71,71,71,71,71,71,71,71,71,71,71,71,71,71,71,71,71,71],"relic_stats":{"Centennial Puzzle":[48],"Happy Flower":[29],"counters":[26,112],"HoveringKite":[43],"Ginger":[0],"obtain_stats":[{"Happy Flower":10,"HoveringKite":17,"reliquary:TatteredRug":30,"Ring of Chaos":34,"reliquary:WeakTea":25,"Ginger":46,"Frozen Egg 2":23,"reliquary:Sod":26,"Runic Dome":0,"Centennial Puzzle":8,"reliquary:Buckler":9,"Replay:Bottled Flurry":14,"reliquary:PurpleTingedLeaf":41,"Ring of the Snake":0,"REME_ComplimentaryCards":0},{"Happy Flower":6,"HoveringKite":9,"reliquary:TatteredRug":17,"Ring of Chaos":18,"reliquary:WeakTea":15,"Ginger":25,"Frozen Egg 2":13,"reliquary:Sod":15,"Runic Dome":0,"Centennial Puzzle":5,"reliquary:Buckler":5,"Replay:Bottled Flurry":8,"reliquary:PurpleTingedLeaf":22,"Ring of the Snake":0,"REME_ComplimentaryCards":0},{"Happy Flower":25,"HoveringKite":38,"reliquary:TatteredRug":74,"Ring of Chaos":78,"reliquary:WeakTea":65,"Ginger":110,"Frozen Egg 2":58,"reliquary:Sod":65,"Runic Dome":0,"Centennial Puzzle":19,"reliquary:Buckler":19,"Replay:Bottled Flurry":31,"reliquary:PurpleTingedLeaf":94,"Ring of the Snake":0,"REME_ComplimentaryCards":0}]},"card_choices":[{"not_picked":["Dodge and Roll","Hidden Blade"],"picked":"Noxious Fumes","floor":1.0},{"not_picked":["Choke","Acrobatics"],"picked":"Backflip","floor":4.0},{"not_picked":["Deflect","Escape Plan"],"picked":"Bane","floor":5.0},{"not_picked":["Bane","conspire:PoisonWeapons"],"picked":"Masterful Stab","floor":7.0},{"not_picked":["Sneak Up","Calculated Gamble"],"picked":"Poison Darts","floor":8.0},{"not_picked":["Dash","Poison Darts"],"picked":"Deflect","floor":10.0},{"not_picked":["Underhanded Strike","All Out Attack"],"picked":"Prepared","floor":13.0},{"not_picked":["PiercingWail","Calculated Gamble"],"picked":"Catalyst","floor":14.0},{"not_picked":["Poison Darts","Phantasmal Killer"],"picked":"Wraith Form v2","floor":16.0},{"not_picked":["Flying Knee","Slice","Prepared"],"picked":"SKIP","floor":18.0},{"not_picked":["Blade Dance","Dodge and Roll","Poisoned Stab"],"picked":"SKIP","floor":19.0},{"not_picked":["Dagger Throw+1","All Out Attack"],"picked":"Acrobatics","floor":21.0},{"not_picked":["Heel Hook+1","Concentrate+1"],"picked":"Deadly Poison","floor":23.0},{"not_picked":["Skewer","REME_ShadowStrike"],"picked":"Tools of the Trade+1","floor":24.0},{"not_picked":["Blade Dance","Backflip"],"picked":"Acrobatics","floor":25.0},{"not_picked":["Slice","Expertise+1","Dodge and Roll"],"picked":"SKIP","floor":29.0},{"not_picked":["Catalyst+1","Deadly Poison"],"picked":"Corpse Explosion","floor":30.0},{"not_picked":["Storm of Steel","Burst"],"picked":"Wraith Form v2+1","floor":33.0},{"not_picked":["Skewer","Predator","Accuracy+1"],"picked":"SKIP","floor":35.0},{"not_picked":["Bane","Finisher","Backstab+1"],"picked":"SKIP","floor":36.0},{"not_picked":["Flying Knee+1","Sucker Punch","Prepared"],"picked":"SKIP","floor":39},{"not_picked":["Quick Slash","Dagger Spray","Concentrate"],"picked":"SKIP","floor":41},{"not_picked":["Backflip","Toxin Wave+1"],"picked":"Noxious Fumes+1","floor":42},{"not_picked":["Underhanded Strike+1","Deadly Poison","Finisher"],"picked":"SKIP","floor":45},{"not_picked":["Cloak And Dagger","Dagger Spray","Choke"],"picked":"SKIP","floor":46}],"player_experience":1370565,"relics_obtained":[{"floor":8.0,"key":"Centennial Puzzle"},{"floor":9.0,"key":"reliquary:Buckler"},{"floor":10.0,"key":"Happy Flower"},{"floor":14.0,"key":"Replay:Bottled Flurry"},{"floor":23.0,"key":"Frozen Egg 2"},{"floor":25.0,"key":"reliquary:WeakTea"},{"floor":26.0,"key":"reliquary:Sod"},{"floor":30.0,"key":"reliquary:TatteredRug"},{"floor":41,"key":"reliquary:PurpleTingedLeaf"},{"floor":46,"key":"Ginger"}],"event_choices":[{"cards_removed":["Strike_G"],"damage_healed":0.0,"max_hp_gain":0.0,"max_hp_loss":0.0,"gold_gain":0.0,"event_name":"Golden Wing","player_choice":"Card Removal","floor":2.0,"gold_loss":0.0,"damage_taken":7.0},{"cards_removed":["Strike_G"],"damage_healed":0.0,"max_hp_gain":0.0,"max_hp_loss":0.0,"gold_gain":0.0,"event_name":"Living Wall","player_choice":"Forget","floor":12.0,"gold_loss":0.0,"damage_taken":0.0},{"damage_healed":0.0,"max_hp_gain":5.0,"max_hp_loss":0.0,"gold_gain":0.0,"event_name":"Forgotten Altar","player_choice":"Shed Blood","floor":20.0,"gold_loss":0.0,"damage_taken":23.0},{"damage_healed":0.0,"max_hp_gain":0.0,"max_hp_loss":0.0,"gold_gain":100.0,"event_name":"The Joust","player_choice":"Bet on Murderer","floor":31.0,"gold_loss":50.0,"damage_taken":0.0},{"damage_healed":0,"gold_gain":0,"cards_transformed":["Tools of the Trade"],"player_choice":"Transformed","damage_taken":0,"max_hp_gain":0,"max_hp_loss":0,"event_name":"Transmorgrifier","floor":38,"gold_loss":0,"cards_obtained":["Footwork"]},{"cards_removed":["Strike_G"],"damage_healed":0,"gold_gain":0,"player_choice":"Card Removal","damage_taken":0,"max_hp_gain":0,"max_hp_loss":0,"event_name":"Wheel of Change","floor":44,"gold_loss":0}],"is_beta":false,"boss_relics":[{"not_picked":["conspire:SpecialSausage","energizedSpire:SpiderWeb"],"picked":"HoveringKite"},{"not_picked":["energizedSpire:HugeHouse","conspire:RoyalGoblet"],"picked":"Ring of Chaos"}],"items_purged_floors":[3,22,28],"is_endless":false,"potions_floor_spawned":[1,13,14,19,24,25,33,35,39,42],"killed_by":"4 Shapes","ascension_level":20}}