{"host":"4qkvkh7pd9qr2mca","time":1613682891,"event":{"mods":["AchievementEnabler","Act Like it!","BaseMod","Colored Map","Colored Powertips","Highlight Path","Minty Spire (QoL Compilation)","Pale of the Ancients","Permanent Neow","Quick Restart","Relic Stats","StSLib","SuperFastMode"],"gold_per_floor":[10,20,38,54,54,80,80,80,130,157,157,183,202,202,202],"floor_reached":14,"language":"ENG","playtime":460,"items_purged":[],"score":220,"play_id":"257c8932-e073-4e1a-b962-e3580664407e","local_time":"20210218221451","is_ascension_mode":true,"campfire_choices":[{"floor":8.0,"key":"REST"},{"floor":11.0,"key":"REST"}],"circlet_count":0,"master_deck":["AscendersBane","Strike_B","Strike_B","Defend_B","Defend_B","Defend_B","Zap","Dualcast","BootSequence","Scrape","Steam","Cold Snap","Ball Lightning","White Noise","Reprogram","Leap","Static Discharge","Go for the Eyes"],"relics":["Cracked Core","Matryoshka","Akabeko","Ancient Tea Set","DataDisk","Bag of Marbles","TungstenRod"],"acts_visited":["Exordium"],"potions_floor_usage":[14],"damage_taken":[{"damage":0.0,"enemies":"Cultist","floor":1.0,"turns":3.0},{"damage":0.0,"enemies":"2 Louse","floor":2.0,"turns":2.0},{"damage":0.0,"enemies":"Small Slimes","floor":3.0,"turns":6.0},{"damage":0.0,"enemies":"2 Fungi Beasts","floor":4.0,"turns":3.0},{"damage":35.0,"enemies":"Gremlin Nob","floor":6.0,"turns":4.0},{"damage":9.0,"enemies":"3 Sentries","floor":10.0,"turns":7.0},{"damage":30,"enemies":"Gremlin Nob","floor":12,"turns":4},{"damage":0,"enemies":"Looter","floor":13,"turns":3},{"damage":6,"enemies":"Lagavulin","floor":14,"turns":7}],"seed_played":"3749047234155821273","potions_obtained":[{"floor":2.0,"key":"EssenceOfSteel"},{"floor":4.0,"key":"SkillPotion"},{"floor":12,"key":"DuplicationPotion"}],"is_trial":false,"path_per_floor":["M","M","M","M","?","E","?","R","T","E","R","E","M","E"],"character_chosen":"DEFECT","items_purchased":[],"campfire_rested":2,"item_purchase_floors":[],"current_hp_per_floor":[64,64,64,64,38,3,3,24,24,15,36,6,6,0,0],"gold":202,"neow_bonus":"TRANSFORM_TWO_CARDS","is_daily":false,"chose_seed":false,"campfire_upgraded":0,"win_rate":0.0,"timestamp":1613682891,"path_taken":["M","M","?","M","?","E","?","R","T","E","R","E","M","E"],"items_purchased_type":[],"build_version":"2020-12-22","purchased_purges":0,"victory":false,"max_hp_per_floor":[71,71,71,71,71,71,71,71,71,71,71,71,71,71,71],"relic_stats":{"counters":[9,39],"obtain_stats":[{"DataDisk":9,"Matryoshka":5,"Bag of Marbles":10,"Cracked Core":0,"Ancient Tea Set":9,"Akabeko":6,"TungstenRod":12},{"DataDisk":5,"Matryoshka":4,"Bag of Marbles":6,"Cracked Core":0,"Ancient Tea Set":5,"Akabeko":5,"TungstenRod":7},{"DataDisk":18,"Matryoshka":14,"Bag of Marbles":25,"Cracked Core":0,"Ancient Tea Set":18,"Akabeko":18,"TungstenRod":29}],"TungstenRod":2},"card_choices":[{"not_picked":["Coolheaded","Cold Snap"],"picked":"Steam","floor":1.0},{"not_picked":["Redo","Force Field"],"picked":"Cold Snap","floor":2.0},{"not_picked":["Steam","Conserve Battery"],"picked":"Ball Lightning","floor":3.0},{"not_picked":["Barrage","Stack"],"picked":"White Noise","floor":4.0},{"not_picked":["Stack","Machine Learning","Conserve Battery"],"picked":"SKIP","floor":6.0},{"not_picked":["Compile Driver","Sunder"],"picked":"Leap","floor":10.0},{"not_picked":["Auto Shields","Reprogram"],"picked":"Static Discharge","floor":12},{"not_picked":["Redo","Auto Shields"],"picked":"Go for the Eyes","floor":13}],"player_experience":633452,"relics_obtained":[{"floor":6.0,"key":"Akabeko"},{"floor":9.0,"key":"Ancient Tea Set"},{"floor":9.0,"key":"DataDisk"},{"floor":10.0,"key":"Bag of Marbles"},{"floor":12,"key":"TungstenRod"}],"event_choices":[{"damage_healed":0.0,"max_hp_gain":0.0,"max_hp_loss":0.0,"gold_gain":0.0,"event_name":"Scrap Ooze","player_choice":"Success","floor":5.0,"gold_loss":0.0,"damage_taken":26.0,"relics_obtained":["Matryoshka"]},{"damage_healed":0.0,"max_hp_gain":0.0,"max_hp_loss":0.0,"gold_gain":0.0,"cards_transformed":["Strike_B"],"event_name":"Living Wall","player_choice":"Change","floor":7.0,"gold_loss":0.0,"damage_taken":0.0,"cards_obtained":["Reprogram"]}],"is_beta":false,"boss_relics":[],"items_purged_floors":[],"is_endless":false,"potions_floor_spawned":[2,4,12],"killed_by":"Lagavulin","ascension_level":20}}