{"host":"ttx8tv95o5vka1nm","time":1613620040,"event":{"mods":["AchievementEnabler","BaseMod","Better Altar","Better Sensory Stone","Better Skull","Better Vampires","BetterRewards","Colored Map","Defuse TimeMaze Blight","Energized Spire","Evolution","Hubris","Infinite Spire","Minty Spire (QoL Compilation)","Relic Filter Mod","Relic Sorter","Reliquary","Replay The Spire","Shade Mod","Shop Mod","Spicy Shops","StSLib","The Blue Laboratory","Wandering Minibosses"],"gold_per_floor":[109,128,128,128,128,128,139,173,184,184,209,240,260,12,38,3,67,162,162,181,181,181,194,194,226,226,42,42,80,80,80],"floor_reached":30,"language":"ENG","playtime":1910,"items_purged":["Defend_R"],"score":491,"play_id":"cec23463-ec09-4490-b573-e9c631fecb63","local_time":"20210218134720","is_ascension_mode":true,"campfire_choices":[{"data":"Heavy Blade","floor":10,"key":"SMITH"},{"data":"RitualDagger","floor":26,"key":"SMITH"}],"circlet_count":0,"master_deck":["Headbutt","Headbutt","Strike_R","Strike_R","Strike_R","Defend_R","Defend_R","Defend_R","Bash","Rupture","Shrug It Off","Cleave","Inflame","ReplayTheSpireMod:Stacked","Heavy Blade+1","Pummel","Flex","Pommel Strike","Armaments","Offering","RitualDagger+1","Replay:Undeath\u0027s Touch+1","Sword Boomerang"],"relics":["Burning Blood","reliquary:Vitrine","EVO:Axolotl","infinitespire:ShieldingShard","Vajra","reliquary:TridentHead","Meat on the Bone","reliquary:Knoch","infinitespire:Broken Mirror","Gremlin Horn","Orichalcum","infinitespire:Satchel","infinitespire:BottledMercury","reliquary:SharkskinSheath","MerchantsRug","Sling","Sundial"],"acts_visited":["Exordium","TheCity"],"potions_floor_usage":[17,18,30],"damage_taken":[{"damage":0,"enemies":"Cultist","floor":1,"turns":3},{"damage":5,"enemies":"Small Slimes","floor":2,"turns":4},{"damage":3,"enemies":"2 Louse","floor":7,"turns":2},{"damage":29,"enemies":"Gremlin Nob","floor":8,"turns":4},{"damage":5,"enemies":"Red Slaver","floor":9,"turns":4},{"damage":17,"enemies":"3 Sentries","floor":12,"turns":4},{"damage":0,"enemies":"Large Slime","floor":13,"turns":3},{"damage":10,"enemies":"Lagavulin","floor":15,"turns":6},{"damage":0,"enemies":"3 Sentries","floor":17,"turns":4},{"damage":25,"enemies":"Hexaghost","floor":18,"turns":9},{"damage":5,"enemies":"3 Byrds","floor":20,"turns":4},{"damage":10,"enemies":"Shell Parasite","floor":23,"turns":4},{"damage":11,"enemies":"Gremlin Leader","floor":25,"turns":5},{"damage":32,"enemies":"Nightmare","floor":30,"turns":4}],"seed_played":"467372314982583707","potions_obtained":[{"floor":1,"key":"SpeedPotion"},{"floor":7,"key":"EssenceOfSteel"},{"floor":18,"key":"Strength Potion"},{"floor":23,"key":"Death Potion"},{"floor":25,"key":"blueLaboratory:FrostheartPotion"},{"floor":29,"key":"blueLaboratory:AbyssPotion"},{"floor":29,"key":"LiquidBronze"},{"floor":29,"key":"blueLaboratory:ExaltedPotion"}],"is_trial":false,"path_per_floor":["M","M","?","PTL","PTL","?","M","E","M","R","T","E","M","$","E","?","R_BF","B",null,"M","?","?","M","T","E","R","$","T","?","NM"],"character_chosen":"IRONCLAD","items_purchased":["infinitespire:ShieldingShard","Vajra","Rupture","Gremlin Horn","MerchantsRug","Sling"],"campfire_rested":0,"item_purchase_floors":[0,0,0,14,27,27],"current_hp_per_floor":[78,79,84,84,84,84,85,62,63,63,63,52,58,58,54,75,81,62,79,80,74,74,70,70,65,65,65,65,31,0,0],"gold":80,"neow_bonus":"","is_daily":false,"chose_seed":false,"campfire_upgraded":2,"win_rate":0.0,"timestamp":1613620040,"path_taken":["M","M","?","PTL","PTL","?","M","E","M","R","T","E","M","$","E","?","R_BF","BOSS","M","?","?","M","?","E","R","?","T","?","NM"],"items_purchased_type":["Relic","Relic","Card","Relic","Relic","Relic"],"build_version":"2020-12-22","purchased_purges":1,"victory":false,"max_hp_per_floor":[80,80,85,85,85,85,85,85,85,85,85,85,85,85,85,85,85,85,85,85,85,85,85,85,85,85,85,85,85,85,85],"card_choices":[{"not_picked":["Pommel Strike","Sentinel"],"picked":"Shrug It Off","floor":1},{"not_picked":["Shockwave","Flex"],"picked":"Cleave","floor":2},{"not_picked":["Havoc","Demonic Infusion"],"picked":"Inflame","floor":7},{"not_picked":["Anger","Cleave"],"picked":"ReplayTheSpireMod:Stacked","floor":8},{"not_picked":["Flex","Shrug It Off"],"picked":"Heavy Blade","floor":9},{"not_picked":["Thunderclap","Clothesline"],"picked":"Pummel","floor":12},{"not_picked":["Body Slam","Warcry"],"picked":"Flex","floor":13},{"not_picked":["Replay:Undeath\u0027s Touch","Massacre"],"picked":"Pommel Strike","floor":15},{"not_picked":["ReplayTheSpireMod:Strike From Hell","Battle Trance"],"picked":"Armaments","floor":17},{"not_picked":["Bludgeon","Immolate"],"picked":"Offering","floor":18},{"not_picked":["Pommel Strike","Reckless Charge"],"picked":"Shrug It Off","floor":20},{"not_picked":["Sentinel","True Grit","Body Slam"],"picked":"SKIP","floor":23},{"not_picked":["Second Wind","Run Through"],"picked":"Replay:Undeath\u0027s Touch+1","floor":25},{"not_picked":["Clothesline","Sentinel"],"picked":"Sword Boomerang","floor":29}],"player_experience":781429,"relics_obtained":[{"floor":6,"key":"reliquary:TridentHead"},{"floor":8,"key":"Meat on the Bone"},{"floor":11,"key":"reliquary:Knoch"},{"floor":12,"key":"infinitespire:Broken Mirror"},{"floor":15,"key":"Orichalcum"},{"floor":17,"key":"infinitespire:Satchel"},{"floor":24,"key":"reliquary:Vitrine"},{"floor":25,"key":"reliquary:SharkskinSheath"},{"floor":28,"key":"Sundial"}],"event_choices":[{"damage_healed":0,"gold_gain":0,"player_choice":"Donut","damage_taken":0,"max_hp_gain":5,"max_hp_loss":0,"event_name":"Big Fish","floor":3,"gold_loss":0},{"damage_healed":21,"gold_gain":0,"player_choice":"Healed","damage_taken":0,"max_hp_gain":0,"max_hp_loss":0,"event_name":"The Cleric","floor":16,"gold_loss":35},{"damage_healed":0,"gold_gain":30,"player_choice":"Searched \u00272\u0027 times","damage_taken":0,"max_hp_gain":0,"max_hp_loss":0,"event_name":"Dead Adventurer","floor":17,"gold_loss":0},{"damage_healed":0,"gold_gain":0,"player_choice":"Joined the Cult","damage_taken":6,"max_hp_gain":0,"max_hp_loss":0,"event_name":"Nest","floor":21,"gold_loss":0,"cards_obtained":["RitualDagger"]},{"damage_healed":0,"gold_gain":0,"player_choice":"Ignored","damage_taken":0,"max_hp_gain":0,"max_hp_loss":0,"event_name":"Ghosts","floor":22,"gold_loss":0}],"is_beta":false,"boss_relics":[{"not_picked":["Ring of Chaos","hubris:Stopwatch"],"picked":"hubris:Backtick"}],"items_purged_floors":[27],"is_endless":false,"potions_floor_spawned":[1,7,18,23,25],"killed_by":"Nightmare","ascension_level":7}}