{"host":"g3js2eermvvpeiqn","time":1613663544,"event":{"mods":["BaseMod","DeckTracker","Downfall","Minty Spire (QoL Compilation)","Quick Restart","StSLib"],"gold_per_floor":[20,31,51,66,66,66,95,95,95,95,105,121,121,121],"floor_reached":13,"language":"ENG","playtime":406,"items_purged":[],"score":174,"play_id":"250f94a9-da63-471f-8197-2a3ea8e799cb","local_time":"20210218095224","is_ascension_mode":true,"campfire_choices":[{"data":"Beam Cell","floor":6,"key":"SMITH"},{"data":"Fission","floor":8,"key":"SMITH"},{"data":"Coolheaded","floor":10,"key":"SMITH"}],"circlet_count":0,"master_deck":["AscendersBane","Strike_B","Strike_B","Strike_B","Strike_B","Defend_B","Defend_B","Defend_B","Defend_B","Zap","Dualcast","Coolheaded+1","FTL","Beam Cell+1","Fission+1","Leap","Gash"],"relics":["Cracked Core","Calipers","Smiling Mask","Bottled Flame"],"acts_visited":["Exordium"],"potions_floor_usage":[4,7,7],"damage_taken":[{"damage":3,"enemies":"Small Slimes","floor":1,"turns":2},{"damage":4,"enemies":"Cultist","floor":2,"turns":4},{"damage":2,"enemies":"Jaw Worm","floor":3,"turns":4},{"damage":0,"enemies":"Gremlin Gang","floor":4,"turns":1},{"damage":17,"enemies":"Lagavulin","floor":7,"turns":5},{"damage":3,"enemies":"3 Louse","floor":11,"turns":4},{"damage":8,"enemies":"Large Slime","floor":12,"turns":7},{"damage":37,"enemies":"Gremlin Nob","floor":13,"turns":3}],"seed_played":"1783578549863076189","potions_obtained":[{"floor":1,"key":"AttackPotion"},{"floor":3,"key":"FocusPotion"},{"floor":4,"key":"Swift Potion"}],"is_trial":false,"path_per_floor":["M","M","M","M","?","R","E","R","T","R","M","M","E"],"character_chosen":"DEFECT","items_purchased":[],"campfire_rested":0,"item_purchase_floors":[],"current_hp_per_floor":[61,57,55,55,60,60,43,43,43,43,40,32,0,0],"gold":121,"neow_bonus":"ONE_RARE_RELIC","is_daily":false,"chose_seed":false,"campfire_upgraded":3,"win_rate":0.0,"timestamp":1613663544,"path_taken":["M","M","M","M","?","R","E","R","T","R","M","M","E"],"items_purchased_type":[],"build_version":"2020-12-22","purchased_purges":0,"victory":false,"max_hp_per_floor":[71,71,71,71,76,76,76,76,76,76,76,76,76,76],"card_choices":[{"not_picked":["Sunder","Chill"],"picked":"Coolheaded","floor":1},{"not_picked":["Storm","Barrage","Stack"],"picked":"SKIP","floor":2},{"not_picked":["Conserve Battery","Redo"],"picked":"FTL","floor":3},{"not_picked":["Fusion","Turbo"],"picked":"Beam Cell","floor":4},{"not_picked":["Barrage","Stack"],"picked":"Fission","floor":7},{"not_picked":["Skim","Steam"],"picked":"Leap","floor":11},{"not_picked":["Beam Cell","Tempest"],"picked":"Gash","floor":12}],"player_experience":1479861,"relics_obtained":[{"floor":7,"key":"Smiling Mask"},{"floor":9,"key":"Bottled Flame"}],"event_choices":[{"damage_healed":0,"gold_gain":0,"player_choice":"Donut","damage_taken":0,"max_hp_gain":5,"max_hp_loss":0,"event_name":"Big Fish","floor":5,"gold_loss":0}],"is_beta":false,"boss_relics":[],"items_purged_floors":[],"is_endless":false,"potions_floor_spawned":[1,3,4],"killed_by":"Gremlin Nob","ascension_level":20}}