{"host":"vx9g5eyuglzorf3u","time":1613609142,"event":{"mods":["2.2 Compatiblity","BaseMod","DeckTracker","Keyboard Shortcuts","Minty Spire (QoL Compilation)","Relic Stats","StSLib","SuperFastMode","everything is the same but u backflip on backflip"],"gold_per_floor":[113,263,275,275,289,289,289,289],"floor_reached":7,"language":"KOR","playtime":121,"items_purged":[],"score":82,"play_id":"4357404b-620f-40a0-9951-67d5443ec092","local_time":"20210218094542","is_ascension_mode":true,"campfire_choices":[{"data":"Hemokinesis","floor":6,"key":"SMITH"}],"circlet_count":0,"master_deck":["AscendersBane","Strike_R","Strike_R","Strike_R","Strike_R","Strike_R","Defend_R","Defend_R","Defend_R","Defend_R","Bash","Doubt","Hemokinesis+1"],"relics":["Burning Blood","Ginger","Darkstone Periapt"],"acts_visited":["Exordium"],"potions_floor_usage":[],"damage_taken":[{"damage":5,"enemies":"Small Slimes","floor":1,"turns":4},{"damage":1,"enemies":"2 Louse","floor":3,"turns":3},{"damage":18,"enemies":"Jaw Worm","floor":5,"turns":4},{"damage":57,"enemies":"3 Sentries","floor":7,"turns":9}],"seed_played":"-8484640238379898817","potions_obtained":[],"is_trial":false,"path_per_floor":["M","?","M","?","M","R","E"],"character_chosen":"IRONCLAD","items_purchased":[],"campfire_rested":0,"item_purchase_floors":[],"current_hp_per_floor":[68,68,68,63,51,51,0,0],"gold":289,"neow_bonus":"ONE_RARE_RELIC","is_daily":false,"chose_seed":false,"campfire_upgraded":1,"win_rate":0.0,"timestamp":1613609142,"path_taken":["M","?","M","?","M","R","E"],"items_purchased_type":[],"build_version":"2020-12-22","purchased_purges":0,"victory":false,"max_hp_per_floor":[68,68,68,68,68,68,68,68],"relic_stats":{"Darkstone Periapt":0,"counters":[4,20],"Ginger":[9],"obtain_stats":[{"Darkstone Periapt":4,"Ginger":0,"Burning Blood":0},{"Darkstone Periapt":2,"Ginger":0,"Burning Blood":0},{"Darkstone Periapt":7,"Ginger":0,"Burning Blood":0}],"Burning Blood":12},"card_choices":[{"not_picked":["Clothesline","Pommel Strike","Armaments"],"picked":"SKIP","floor":1},{"not_picked":["Infernal Blade","Shrug It Off"],"picked":"Hemokinesis","floor":3},{"not_picked":["Clothesline","Perfected Strike","Warcry"],"picked":"SKIP","floor":5}],"player_experience":1524371,"relics_obtained":[],"event_choices":[{"damage_healed":0,"gold_gain":150,"player_choice":"AGREE","damage_taken":0,"max_hp_gain":0,"max_hp_loss":0,"event_name":"Liars Game","floor":2,"gold_loss":0,"cards_obtained":["Doubt"]},{"damage_healed":0,"gold_gain":0,"player_choice":"Success","damage_taken":5,"relics_obtained":["Darkstone Periapt"],"max_hp_gain":0,"max_hp_loss":0,"event_name":"Scrap Ooze","floor":4,"gold_loss":0}],"is_beta":false,"boss_relics":[],"items_purged_floors":[],"is_endless":false,"potions_floor_spawned":[],"killed_by":"3 Sentries","ascension_level":20}}