{"host":"bq4pt811tk9yrmjl","time":1613684358,"event":{"mods":["AchievementEnabler","BaseMod","Colored Map","Colored Powertips","Defuse TimeMaze Blight","Minty Spire (QoL Compilation)","Smile Girya","StSLib","SuperFastMode"],"gold_per_floor":[119,137,69,69,24,51,51,85,85,103,103,122,156,213,213,318,318,328,288,203,218,218,248,57,57,57,57,57,69,69,32,32,135,135,145,200,200,216,216,216,11,40,108,108,121,76,126,126,126,126,126,126,73,102,102,102],"floor_reached":55,"language":"ENG","playtime":1671,"items_purged":[],"score":761,"play_id":"582e33ee-bc60-483e-9c56-8dd15e72efd5","local_time":"20210218193918","is_ascension_mode":true,"campfire_choices":[{"data":"Noxious Fumes","floor":7.0,"key":"SMITH"},{"data":"Neutralize","floor":11.0,"key":"SMITH"},{"floor":15.0,"key":"REST"},{"data":"Apotheosis","floor":25.0,"key":"SMITH"},{"floor":27.0,"key":"REST"},{"floor":32.0,"key":"RECALL"},{"floor":40,"key":"REST"},{"floor":44,"key":"REST"},{"data":"1","floor":49,"key":"LIFT"},{"data":"2","floor":52,"key":"LIFT"}],"circlet_count":0,"master_deck":["Strike_G","Strike_G","Strike_G+1","Strike_G+1","Defend_G","Defend_G","Defend_G+1","Defend_G","Defend_G","Survivor+1","Neutralize+1","Flying Knee","Dash","Noxious Fumes+1","Blade Dance","Escape Plan","Escape Plan","Blade Dance","Malaise","Cloak And Dagger+1","Apotheosis+1","Accuracy","Neutralize","Infinite Blades","Envenom","Cloak And Dagger+1","Bane+1","Finesse","Dodge and Roll+1","Cloak And Dagger+1","PiercingWail+1"],"relics":["Ring of the Snake","NeowsBlessing","Shuriken","Whetstone","Turnip","Juzu Bracelet","HoveringKite","MealTicket","Mango","Mummified Hand","Fusion Hammer","Incense Burner","Omamori","Akabeko","Toxic Egg 2","Girya","StrikeDummy"],"acts_visited":["Exordium","TheCity","TheBeyond","TheEnding"],"potions_floor_usage":[36,42,42,54,55],"damage_taken":[{"damage":0.0,"enemies":"Cultist","floor":1.0,"turns":1.0},{"damage":0.0,"enemies":"Small Slimes","floor":2.0,"turns":1.0},{"damage":0.0,"enemies":"Gremlin Nob","floor":6.0,"turns":1.0},{"damage":8.0,"enemies":"Lagavulin","floor":8.0,"turns":6.0},{"damage":2.0,"enemies":"2 Louse","floor":10.0,"turns":2.0},{"damage":0.0,"enemies":"2 Fungi Beasts","floor":12.0,"turns":3.0},{"damage":0.0,"enemies":"Gremlin Nob","floor":13.0,"turns":3.0},{"damage":6.0,"enemies":"3 Sentries","floor":14.0,"turns":6.0},{"damage":10.0,"enemies":"The Guardian","floor":16.0,"turns":9.0},{"damage":20.0,"enemies":"2 Thieves","floor":18.0,"turns":3.0},{"damage":0.0,"enemies":"Chosen","floor":21.0,"turns":3.0},{"damage":31.0,"enemies":"Slavers","floor":23.0,"turns":6.0},{"damage":0.0,"enemies":"Snecko","floor":29.0,"turns":5.0},{"damage":21.0,"enemies":"Collector","floor":33.0,"turns":7.0},{"damage":19.0,"enemies":"3 Darklings","floor":35.0,"turns":7.0},{"damage":9,"enemies":"2 Orb Walkers","floor":36,"turns":5},{"damage":7,"enemies":"3 Shapes","floor":38,"turns":6},{"damage":10,"enemies":"Reptomancer","floor":42,"turns":6},{"damage":9,"enemies":"Transient","floor":45,"turns":5},{"damage":1,"enemies":"Mind Bloom Boss Battle","floor":47,"turns":6},{"damage":10,"enemies":"Time Eater","floor":50,"turns":13},{"damage":29,"enemies":"Shield and Spear","floor":54,"turns":7},{"damage":86,"enemies":"The Heart","floor":55,"turns":3}],"seed_played":"-7232789401395931701","potions_obtained":[{"floor":2.0,"key":"GamblersBrew"},{"floor":12.0,"key":"Fire Potion"},{"floor":14.0,"key":"SkillPotion"},{"floor":23.0,"key":"EssenceOfSteel"},{"floor":29.0,"key":"PowerPotion"},{"floor":33.0,"key":"Block Potion"},{"floor":38,"key":"Explosive Potion"},{"floor":42,"key":"GhostInAJar"},{"floor":45,"key":"Energy Potion"}],"is_trial":false,"path_per_floor":["M","M","$","?","$","E","R","E","T","M","R","M","E","?","R","B",null,"M","?","?","M","?","E","$","R","T","R","?","M","?","$","R","B",null,"M","?","?","M","?","R","$","E","T","R","M","$","?","?","R","B",null,"R","$","E","B"],"character_chosen":"THE_SILENT","items_purchased":["Noxious Fumes","Blade Dance","Apotheosis","Infinite Blades","Block Potion","Omamori","Dodge and Roll+1","Cloak And Dagger+1"],"campfire_rested":4,"item_purchase_floors":[3,5,24,31,41,41,46,53],"current_hp_per_floor":[70,70,70,70,70,70,70,62,62,60,60,60,60,54,70,60,70,50,50,50,50,50,33,48,48,48,73,73,73,73,84,84,63,84,65,56,56,49,49,74,84,74,74,84,75,84,83,83,83,73,84,84,84,55,0,0],"gold":102,"neow_bonus":"THREE_ENEMY_KILL","is_daily":false,"chose_seed":false,"campfire_upgraded":3,"win_rate":0.0,"timestamp":1613684358,"path_taken":["M","?","$","?","$","E","R","E","T","M","R","M","E","?","R","BOSS","M","?","?","M","?","E","$","R","T","R","?","M","?","$","R","BOSS","M","?","?","M","?","R","$","E","T","R","M","$","?","?","R","BOSS","R","$","E","BOSS"],"items_purchased_type":["Card","Card","Card","Card","Potion","Relic","Card","Card"],"build_version":"2020-12-22","purchased_purges":0,"victory":false,"max_hp_per_floor":[70,70,70,70,70,70,70,70,70,70,70,70,70,70,70,70,70,70,70,70,70,70,84,84,84,84,84,84,84,84,84,84,84,84,84,84,84,84,84,84,84,84,84,84,84,84,84,84,84,84,84,84,84,84,84,84],"card_choices":[{"not_picked":["Backflip","Acrobatics"],"picked":"Flying Knee","floor":1.0},{"not_picked":["Choke","Poisoned Stab"],"picked":"Dash","floor":2.0},{"not_picked":["Backflip","Flying Knee"],"picked":"Escape Plan","floor":6.0},{"not_picked":["Acrobatics","Choke","Noxious Fumes"],"picked":"SKIP","floor":8.0},{"not_picked":["All Out Attack","Endless Agony","Finisher"],"picked":"SKIP","floor":10.0},{"not_picked":["Finisher","Bane","Distraction"],"picked":"SKIP","floor":12.0},{"not_picked":["Underhanded Strike","Skewer"],"picked":"Escape Plan","floor":13.0},{"not_picked":["Prepared","Flechettes"],"picked":"Blade Dance","floor":14.0},{"not_picked":["Tools of the Trade","Unload"],"picked":"Malaise","floor":16.0},{"not_picked":["Riddle With Holes","Footwork"],"picked":"Cloak And Dagger","floor":18.0},{"not_picked":["All Out Attack+1","Escape Plan","Sucker Punch+1"],"picked":"SKIP","floor":21.0},{"not_picked":["Deflect","Finisher","Tactician"],"picked":"SKIP","floor":23.0},{"not_picked":["Deflect","Flechettes"],"picked":"Accuracy","floor":29.0},{"not_picked":["Wraith Form v2","Night Terror"],"picked":"Envenom","floor":33.0},{"not_picked":["Backflip+1","Sucker Punch+1"],"picked":"Cloak And Dagger+1","floor":35.0},{"not_picked":["PiercingWail","Slice"],"picked":"Bane+1","floor":36},{"not_picked":["Forethought","Mind Blast"],"picked":"Finesse","floor":37},{"not_picked":["Flying Knee","Caltrops+1","Flechettes+1"],"picked":"SKIP","floor":38},{"not_picked":["Well Laid Plans","Calculated Gamble+1","Predator+1"],"picked":"SKIP","floor":42},{"not_picked":["Flying Knee+1","Grand Finale","Bane"],"picked":"SKIP","floor":45},{"not_picked":["Masterful Stab","Flechettes+1"],"picked":"PiercingWail+1","floor":54}],"player_experience":274797,"relics_obtained":[{"floor":6.0,"key":"Shuriken"},{"floor":8.0,"key":"Whetstone"},{"floor":13.0,"key":"Turnip"},{"floor":14.0,"key":"Juzu Bracelet"},{"floor":23.0,"key":"Mango"},{"floor":26.0,"key":"Mummified Hand"},{"floor":36,"key":"Incense Burner"},{"floor":42,"key":"Akabeko"},{"floor":43,"key":"Toxic Egg 2"},{"floor":47,"key":"Girya"},{"floor":54,"key":"StrikeDummy"}],"event_choices":[{"damage_healed":0.0,"max_hp_gain":0.0,"max_hp_loss":0.0,"gold_gain":0.0,"event_name":"The Cleric","player_choice":"Leave","floor":4.0,"gold_loss":0.0,"damage_taken":0.0},{"damage_healed":0.0,"max_hp_gain":0.0,"max_hp_loss":0.0,"gold_gain":0.0,"event_name":"Dead Adventurer","player_choice":"Searched \u00272\u0027 times","floor":14.0,"gold_loss":0.0,"damage_taken":0.0},{"damage_healed":0.0,"max_hp_gain":0.0,"max_hp_loss":0.0,"gold_gain":0.0,"event_name":"Designer","player_choice":"Upgraded Two","floor":19.0,"gold_loss":40.0,"damage_taken":0.0,"cards_upgraded":["Defend_G","Survivor"]},{"damage_healed":0.0,"max_hp_gain":0.0,"max_hp_loss":0.0,"gold_gain":0.0,"event_name":"Addict","player_choice":"Obtained Relic","floor":20.0,"gold_loss":85.0,"damage_taken":0.0,"relics_obtained":["MealTicket"]},{"damage_healed":0.0,"max_hp_gain":0.0,"max_hp_loss":0.0,"gold_gain":0.0,"event_name":"Accursed Blacksmith","player_choice":"Forge","floor":22.0,"gold_loss":0.0,"damage_taken":0.0,"cards_upgraded":["Cloak And Dagger"]},{"damage_healed":0.0,"max_hp_gain":0.0,"max_hp_loss":0.0,"gold_gain":0.0,"event_name":"NoteForYourself","player_choice":"Ignored","floor":28.0,"gold_loss":0.0,"damage_taken":0.0},{"damage_healed":0.0,"max_hp_gain":0.0,"max_hp_loss":0.0,"gold_gain":0.0,"event_name":"Match and Keep!","player_choice":"1 cards matched","floor":30.0,"gold_loss":0.0,"damage_taken":0.0,"cards_obtained":["Neutralize"]},{"damage_healed":0,"gold_gain":0,"player_choice":"Fight","damage_taken":0,"max_hp_gain":0,"max_hp_loss":0,"event_name":"Mysterious Sphere","floor":36,"gold_loss":0},{"damage_healed":0,"gold_gain":0,"player_choice":"Memory 1","damage_taken":0,"max_hp_gain":0,"max_hp_loss":0,"event_name":"SensoryStone","floor":37,"gold_loss":0},{"cards_removed":["Strike_G"],"damage_healed":0,"gold_gain":0,"player_choice":"Removed Attack","damage_taken":0,"max_hp_gain":0,"max_hp_loss":0,"event_name":"Falling","floor":39,"gold_loss":0},{"damage_healed":0,"gold_gain":0,"player_choice":"Fight","damage_taken":0,"max_hp_gain":0,"max_hp_loss":0,"event_name":"MindBloom","floor":47,"gold_loss":0},{"damage_healed":0,"gold_gain":0,"player_choice":"Ignored","damage_taken":0,"max_hp_gain":0,"max_hp_loss":0,"event_name":"Tomb of Lord Red Mask","floor":48,"gold_loss":0}],"is_beta":false,"boss_relics":[{"not_picked":["Coffee Dripper","Runic Pyramid"],"picked":"HoveringKite"},{"not_picked":["Ring of the Serpent","SacredBark"],"picked":"Fusion Hammer"}],"items_purged_floors":[],"is_endless":false,"potions_floor_spawned":[2,12,14,23,29,33,38,42,45],"killed_by":"The Heart","ascension_level":1}}