{"host":"5tir6155jnoxijqh","time":1613670638,"event":{"mods":["BaseMod","Downfall","Hermit","Library of Ruina","Lobotomy","LobotomyExtend","Minty Spire (QoL Compilation)","Shop Mod","Spicy Shops","StSLib","WarShipGirlsR/’ΩΩ¢…Ÿ≈ÆR mod"],"gold_per_floor":[100,100,100,114,127,152,152,165,192,208,224,234,254,279,297,297,297],"floor_reached":16,"language":"ZHS","playtime":3740,"items_purged":[],"score":214,"play_id":"f49c2ead-2836-4325-91d9-0f8496dc3ad2","local_time":"20210219015038","is_ascension_mode":true,"campfire_choices":[{"data":"ChargeUp","floor":1.0,"key":"SMITH"}],"circlet_count":0,"master_deck":["Dodge","LightDefense","LightAttack","LightAttack","LightDefense","LightDefense","LightDefense","ChargeAndCover","FocusedStrikes+1","ChargeUp+1","Faith","Quickness","ElectricShock","Commandeering","Zzzzzap","FaintMemories"],"relics":["PageOfLibrarian","LetterFromLob","Boot","Torii","PageOfQueenBee","Potion Belt"],"acts_visited":["Exordium"],"potions_floor_usage":[9,9,14,14,14,16],"damage_taken":[{"damage":0.0,"enemies":"Jaw Worm","floor":4.0,"turns":2.0},{"damage":4.0,"enemies":"2 Louse","floor":5.0,"turns":3.0},{"damage":18.0,"enemies":"3 Sentries","floor":6.0,"turns":8.0},{"damage":0.0,"enemies":"Cultist","floor":8.0,"turns":2.0},{"damage":21,"enemies":"Lagavulin","floor":9,"turns":5},{"damage":0,"enemies":"Exordium Wildlife","floor":10,"turns":3},{"damage":0,"enemies":"Lots of Slimes","floor":11,"turns":5},{"damage":6,"enemies":"downfall:LooterAlt","floor":12,"turns":2},{"damage":6,"enemies":"Blue Slaver","floor":13,"turns":3},{"damage":0,"enemies":"3 Sentries","floor":14,"turns":7},{"damage":0,"enemies":"2 Fungi Beasts","floor":15,"turns":3},{"damage":14,"enemies":"WA_ARCHETYPE_RETAIN","floor":16,"turns":6}],"seed_played":"-3019242315351224878","potions_obtained":[{"floor":4.0,"key":"bronze:BurnAndBuffPotion"},{"floor":6.0,"key":"Guardian:BlockOnCardUsePotion"},{"floor":11,"key":"Dexterity Potion"},{"floor":12,"key":"LiquidMemories"},{"floor":13,"key":"Explosive Potion"},{"floor":14,"key":"Dexterity Potion"}],"is_trial":false,"path_per_floor":["R","?","?","M","M","E","T","M","E","M","M","M","M","E","M","B"],"character_chosen":"Librarian","items_purchased":[],"campfire_rested":0,"item_purchase_floors":[],"current_hp_per_floor":[60,60,60,60,56,38,38,38,17,17,17,11,5,5,5,0,0],"gold":297,"neow_bonus":"ONE_RANDOM_RARE_CARD","is_daily":false,"chose_seed":false,"campfire_upgraded":1,"win_rate":0.0,"timestamp":1613670638,"path_taken":["R","?","?","M","M","E","T","M","E","M","M","M","?","E","M","BOSS"],"items_purchased_type":[],"build_version":"2020-12-22","purchased_purges":0,"victory":false,"max_hp_per_floor":[60,60,60,63,84,84,84,84,84,84,86,86,86,86,86,86,86],"card_choices":[{"not_picked":["Leap_lor","JiaoTu","HiddenBlade","Outburst","EnergyCycle","ClassAndRespect","CoordinatedAssault","ElectricShock"],"picked":"Faith","floor":4.0},{"not_picked":["FlashingStrike","StrongStrike","Standoff","EnergyStrike","Parry2","TieShanKao","SerpentSwordTechnique","StartinOutLightly","Faith"],"picked":"SKIP","floor":5.0},{"not_picked":["GroundSmash","SparkingSpear","ForcefulGesture","DesperateStruggle","StrongStrike","FierceCharge","SpearedSweep","NightInTheBackstreets"],"picked":"Quickness","floor":6.0},{"not_picked":["HandleRequest","GuardingStance","SkyClearingCut","ChargeUp","Parry2","Gigigig","SturdyDefense","MultiHit"],"picked":"ElectricShock","floor":8.0},{"not_picked":["GuardingStance","StrongStrike","Clone","BoundaryOfDeath","BackstreetsDash","MultiBlock","InkOver","UndertakePrescript"],"picked":"Commandeering","floor":9},{"not_picked":["ICanCookAnything","DevastatingThrash","Parry2","Faith","BiAn","SmokingPipe","ScatteringSlash","MindWhip","FlashingStrike"],"picked":"SKIP","floor":10},{"not_picked":["DarkCloud","StrongStrike","SerpentSwordTechnique","SpearedSweep","PinpointShot","Parry","QuickSuppression","SnakesPrey","FlowOfTheSword"],"picked":"SKIP","floor":11},{"not_picked":["Gamble","WillOfThePrescript","SmokingPipe","ChargeUp","Brawl","SharpSwipe","GrazeTheGrass","Fence"],"picked":"Zzzzzap","floor":12},{"not_picked":["GuardingStance","StrikeDown","Quickness","MultiBlock","Outburst","Wallop_lor","ChiWen","DimensionalRift","AlloutWar"],"picked":"SKIP","floor":13},{"not_picked":["ExtremeEdge","Unlock1","Rewind","SteelKnuckles","LawAndOrder","GuidanceOfTheGears","AlloutWar","FleetEdge","LossOfSenses"],"picked":"SKIP","floor":14},{"not_picked":["Riposte","FierceCharge","FeelinGood","TendonChords","Faith","ForcefulGesture","Feast","StartinOutLightly"],"picked":"FaintMemories","floor":15}],"player_experience":411551,"relics_obtained":[{"floor":4.0,"key":"LetterFromLob"},{"floor":6.0,"key":"Boot"},{"floor":7.0,"key":"Torii"},{"floor":9,"key":"PageOfQueenBee"},{"floor":14,"key":"Potion Belt"}],"event_choices":[],"is_beta":false,"boss_relics":[],"items_purged_floors":[],"is_endless":false,"potions_floor_spawned":[4,6,11,12,13,14],"killed_by":"WA_ARCHETYPE_RETAIN","ascension_level":5}}