{"host":"y6zg4wwu39otf01a","time":1613676231,"event":{"mods":["Act Like it!","Aspiration","BaseMod","Better Altar","Better Match","Better Note","Better Sensory Stone","Better Skull","Better Third Choice","Challenge The Spire","Colored Map","Colored Powertips","Conspire","GifTheSpireLib","Glutton Mod","Halation","Hermit","Highlight Path","Hubris","Infinite Spire","Mimic Mod","Minty Spire (QoL Compilation)","Quick Restart","Random Character Button","Rare Cards Sparkle","Reliquary","Replay The Spire","Retaliation","Ruina","Spicy Shops","StSLib","Stuff the Spire","The Blue Laboratory","The Construct","The Jungle"],"gold_per_floor":[113,113,113,113,138,176,21,65,115,148,162,31,31,51,51,51,51],"floor_reached":16,"language":"ENG","playtime":1177,"items_purged":[],"score":130,"play_id":"d129f7e0-1dc4-46e7-b982-d872b122ef86","local_time":"20210218132351","is_ascension_mode":true,"campfire_choices":[{"floor":13,"key":"REST"},{"floor":15,"key":"REST"}],"circlet_count":0,"master_deck":["Strike_P","Strike_P","Strike_P","Strike_P","Defend_P","Defend_P","Defend_P","Defend_P","Eruption","Vigilance","StuffTheSpire:PlasmaPulse","CrushJoints","ReachHeaven","Dagger Throw","Bullet Time","CutThroughFate","Grand Finale","Setup","Dagger Throw","Thinking Ahead","conspire:Banana","Forethought","FlurryOfBlows"],"relics":["Replay:M_StaffOfTheSnake","infinitespire:Cubic Diamond","reliquary:BoilingFlask","Golden Idol","CaptainsWheel","reliquary:BallBearing","StuffTheSpire:HeavyRock","Art of War","ReplayTheSpireMod:ShopPack"],"acts_visited":["Exordium"],"potions_floor_usage":[6,10,10],"damage_taken":[{"damage":4,"enemies":"2 Louse","floor":1,"turns":2},{"damage":4,"enemies":"Jaw Worm","floor":5,"turns":2},{"damage":22,"enemies":"3 Sentries","floor":6,"turns":5},{"damage":1,"enemies":"Gremlin Nob","floor":8,"turns":3},{"damage":0,"enemies":"Small Slimes","floor":9,"turns":4},{"damage":22,"enemies":"3 Sentries","floor":10,"turns":9},{"damage":0,"enemies":"Small Slimes","floor":11,"turns":1},{"damage":1,"enemies":"Blue Slaver","floor":14,"turns":4},{"damage":55,"enemies":"The Guardian","floor":16,"turns":8}],"seed_played":"-4933744284203000372","potions_obtained":[{"floor":5,"key":"blueLaboratory:EpiphanyPotion"},{"floor":6,"key":"blueLaboratory:BottledHope"},{"floor":8,"key":"blueLaboratory:TrueEctoplasm"},{"floor":11,"key":"SteroidPotion"}],"is_trial":false,"path_per_floor":["M","?","?","?","M","E","$","E","MIM","E","M","$","R","M","R","B"],"character_chosen":"WATCHER","items_purchased":["Bullet Time","ReplayTheSpireMod:ShopPack"],"campfire_rested":2,"item_purchase_floors":[7,12],"current_hp_per_floor":[68,68,68,50,46,24,24,23,23,1,1,1,22,22,43,0,0],"gold":51,"neow_bonus":"RANDOM_COLORLESS","is_daily":false,"chose_seed":false,"campfire_upgraded":0,"win_rate":0.0,"timestamp":1613676231,"path_taken":["M","?","?","?","M","E","$","E","MIM","E","M","$","R","M","R","BOSS"],"items_purchased_type":["Card","Relic"],"build_version":"2020-12-22","purchased_purges":0,"victory":false,"max_hp_per_floor":[72,72,72,72,72,72,72,72,72,72,72,72,72,73,73,74,74],"card_choices":[{"not_picked":["Mind Blast","Discovery"],"picked":"StuffTheSpire:PlasmaPulse","floor":0},{"not_picked":["Protect","Conclude"],"picked":"CrushJoints","floor":1},{"not_picked":["CutThroughFate","Replay:ManipulateFuture"],"picked":"ReachHeaven","floor":5},{"not_picked":["FlurryOfBlows","WheelKick"],"picked":"Dagger Throw","floor":6},{"not_picked":["DeceiveReality","Consecrate"],"picked":"CutThroughFate","floor":8},{"not_picked":["FollowUp","TalkToTheHand"],"picked":"Grand Finale","floor":9},{"not_picked":["Crescendo","Outmaneuver"],"picked":"Setup","floor":10},{"not_picked":["JustLucky","BattleHymn"],"picked":"Dagger Throw","floor":11},{"not_picked":["Replay:Resounding Blow","Midas Touch"],"picked":"Thinking Ahead","floor":12},{"not_picked":["Replay:Parry","ReplayUltimateDefense"],"picked":"conspire:Banana","floor":12},{"not_picked":["Blind","Replay:Dark Deal"],"picked":"Forethought","floor":12},{"not_picked":["ReachHeaven","Consecrate"],"picked":"FlurryOfBlows","floor":14}],"player_experience":901914,"relics_obtained":[{"floor":3,"key":"reliquary:BoilingFlask"},{"floor":6,"key":"CaptainsWheel"},{"floor":8,"key":"reliquary:BallBearing"},{"floor":9,"key":"StuffTheSpire:HeavyRock"},{"floor":10,"key":"Art of War"}],"event_choices":[{"damage_healed":0,"gold_gain":0,"player_choice":"Take Damage","damage_taken":18,"relics_obtained":["Golden Idol"],"max_hp_gain":0,"max_hp_loss":0,"event_name":"Golden Idol","floor":4,"gold_loss":0}],"is_beta":false,"boss_relics":[],"items_purged_floors":[],"is_endless":false,"potions_floor_spawned":[5,6,8,11],"killed_by":"The Guardian","ascension_level":2}}