{"host":"x5al1swown9002c0","time":1613668627,"event":{"mods":["AchievementEnabler","AlwaysNeverKeys","Aspiration","BaseMod","Clawfect","Colored Map","Evolution","Highlight Path","Lobotomy","LobotomyExtend","Minty Spire (QoL Compilation)","Replay The Spire","Shop Mod","StSLib","The Cursed"],"gold_per_floor":[159,159,176,196,206,206,206],"floor_reached":6,"language":"ENG","playtime":281,"items_purged":[],"score":97,"play_id":"6796323e-0659-4f02-bc34-18b0c781811d","local_time":"20210218191707","is_ascension_mode":true,"campfire_choices":[],"circlet_count":0,"master_deck":["AscendersBane","Gash","Gash","Gash","Gash","Gash","Defend_B","Defend_B","Defend_B+1","Defend_B","Steam","Rebound","Steam Power","Clawfect:ClawCell"],"relics":["EVO:Axolotl","Tiny House","LetterFromLob"],"acts_visited":["Exordium"],"potions_floor_usage":[5],"damage_taken":[{"damage":16,"enemies":"Small Slimes","floor":1,"turns":5},{"damage":0,"enemies":"Cultist","floor":3,"turns":4},{"damage":1,"enemies":"Jaw Worm","floor":4,"turns":4},{"damage":16,"enemies":"Large Slime","floor":5,"turns":5},{"damage":14,"enemies":"3 Sentries","floor":6,"turns":4}],"seed_played":"-6528294032377227180","potions_obtained":[{"floor":0,"key":"SpeedPotion"},{"floor":1,"key":"LiquidBronze"},{"floor":3,"key":"ColorlessPotion"}],"is_trial":false,"path_per_floor":["M","?","M","M","M","E"],"character_chosen":"DEFECT","items_purchased":[],"campfire_rested":0,"item_purchase_floors":[],"current_hp_per_floor":[53,53,53,52,36,22,22],"gold":206,"neow_bonus":"BOSS_RELIC","is_daily":false,"chose_seed":false,"campfire_upgraded":0,"win_rate":0.0,"timestamp":1613668627,"path_taken":["M","?","M","?","?","E"],"items_purchased_type":[],"build_version":"2020-12-22","purchased_purges":0,"victory":false,"max_hp_per_floor":[76,76,76,76,76,76,76],"card_choices":[{"not_picked":["Redo","BasicCrystalCard"],"picked":"Steam","floor":1},{"not_picked":["Meteor Strike","Leap"],"picked":"Rebound","floor":3},{"not_picked":["Capacitor","Gash"],"picked":"Steam Power","floor":4},{"not_picked":["Rebound","Hologram"],"picked":"Clawfect:ClawCell","floor":5}],"player_experience":686009,"relics_obtained":[{"floor":1,"key":"LetterFromLob"}],"event_choices":[{"cards_removed":["Defend_B"],"damage_healed":0,"gold_gain":0,"player_choice":"Purged","damage_taken":0,"max_hp_gain":0,"max_hp_loss":0,"event_name":"Purifier","floor":2,"gold_loss":0}],"is_beta":false,"boss_relics":[],"items_purged_floors":[],"is_endless":false,"potions_floor_spawned":[1,3],"killed_by":"3 Sentries","ascension_level":18}}