{"host":"kqmpijrcxbgb80ry","time":1613615909,"event":{"mods":["BaseMod","Colored Map","Colored Powertips","Duelist Mod","Hermit","Highlight Path","Hubris","Infinite Spire","Mimic Mod","Minty Spire (QoL Compilation)","Permanent Neow","Replay The Spire","Shop Mod","StSLib","SuperFastMode"],"gold_per_floor":[212,228,228,240,255,255,272,305,305,325,339,365,365,365,365,365,365],"floor_reached":16,"language":"ENG","playtime":802,"items_purged":[],"score":139,"play_id":"a059ca64-f434-4f36-8f69-98bf73706770","local_time":"20210217213829","is_ascension_mode":false,"campfire_choices":[{"data":"Bash","floor":6,"key":"SMITH"},{"floor":15,"key":"REST"}],"circlet_count":0,"master_deck":["Strike_R","Strike_R","Strike_R","Strike_R","Defend_R","Defend_R+1","Defend_R","Defend_R+1","Bash+1","Pommel Strike+1","Flex+1","Armaments","Rage+1","ReplayTheSpireMod:Stacked","Clash"],"relics":["Burning Blood","Boot","Eternal Feather","War Paint"],"acts_visited":["Exordium"],"potions_floor_usage":[11,12,12,12],"damage_taken":[{"damage":11,"enemies":"2 Louse","floor":1,"turns":3},{"damage":1,"enemies":"Cultist","floor":2,"turns":3},{"damage":4,"enemies":"infinitespire:Voidling","floor":4,"turns":3},{"damage":31,"enemies":"Lots of Slimes","floor":5,"turns":6},{"damage":21,"enemies":"Large Slime","floor":7,"turns":6},{"damage":18,"enemies":"Replay:BlueRogue","floor":8,"turns":5},{"damage":2,"enemies":"3 Louse","floor":10,"turns":5},{"damage":11,"enemies":"Exordium Thugs","floor":11,"turns":6},{"damage":0,"enemies":"Lagavulin","floor":12,"turns":4},{"damage":57,"enemies":"Slime Boss","floor":16,"turns":5}],"seed_played":"1417918407830977855","potions_obtained":[{"floor":2,"key":"Weak Potion"},{"floor":4,"key":"Strength Potion"},{"floor":10,"key":"LifebloodPotion"},{"floor":11,"key":"AttackPotion"},{"floor":12,"key":"LifebloodPotion"}],"is_trial":false,"path_per_floor":["M","M","?","M","M","R","M","E","T","M","M","E","?","?","R","B"],"character_chosen":"IRONCLAD","items_purchased":[],"campfire_rested":1,"item_purchase_floors":[],"current_hp_per_floor":[75,80,80,80,55,55,40,28,28,32,27,33,17,17,50,0,0],"gold":365,"neow_bonus":"HUNDRED_GOLD","is_daily":false,"chose_seed":false,"campfire_upgraded":1,"win_rate":0.0,"timestamp":1613615909,"path_taken":["M","M","?","?","?","R","M","E","T","M","?","E","?","?","R","BOSS"],"items_purchased_type":[],"build_version":"2020-12-22","purchased_purges":0,"victory":false,"max_hp_per_floor":[80,80,80,80,80,80,80,80,80,80,80,80,80,80,80,80,80],"card_choices":[{"not_picked":["ReplayTheSpireMod:Corrosion Curse","True Grit","Flame Barrier"],"picked":"SKIP","floor":1},{"not_picked":["Spot Weakness","Replay:Undeath\u0027s Touch"],"picked":"Pommel Strike","floor":2},{"not_picked":["ReplayTheSpireMod:Limb From Limb","Flame Barrier"],"picked":"Flex","floor":4},{"not_picked":["Body Slam","ReplayTheSpireMod:Strike From Hell","Run Through"],"picked":"SKIP","floor":5},{"not_picked":["Rupture","Dual Wield"],"picked":"Armaments","floor":7},{"not_picked":["Sentinel","Juggernaut"],"picked":"Rage","floor":8},{"not_picked":["Flex","Feel No Pain"],"picked":"ReplayTheSpireMod:Stacked","floor":10},{"not_picked":["Replay:Undeath\u0027s Touch","Warcry"],"picked":"Clash","floor":11},{"not_picked":["Clothesline","Second Wind","Entrench"],"picked":"SKIP","floor":12}],"player_experience":375057,"relics_obtained":[{"floor":8,"key":"Boot"},{"floor":9,"key":"Eternal Feather"},{"floor":12,"key":"War Paint"}],"event_choices":[{"damage_healed":0,"gold_gain":0,"player_choice":"Upgraded","damage_taken":0,"max_hp_gain":0,"max_hp_loss":0,"event_name":"Upgrade Shrine","floor":3,"gold_loss":0,"cards_upgraded":["Pommel Strike"]},{"damage_healed":0,"gold_gain":0,"player_choice":"Entered Light","damage_taken":16,"max_hp_gain":0,"max_hp_loss":0,"event_name":"Shining Light","floor":13,"gold_loss":0,"cards_upgraded":["Rage","Flex"]},{"cards_removed":["Strike_R"],"damage_healed":0,"gold_gain":0,"player_choice":"Offered Basic","damage_taken":0,"max_hp_gain":0,"max_hp_loss":0,"event_name":"Bonfire Elementals","floor":14,"gold_loss":0}],"is_beta":false,"boss_relics":[],"items_purged_floors":[],"is_endless":false,"potions_floor_spawned":[2,4,10,11,12],"killed_by":"Slime Boss","ascension_level":0}}