{"host":"q8ewzd1tf4mqkgtb","time":1613629013,"event":{"mods":["Ascension Unlocker","BaseMod","Colored Map","Faster Ascension Climbing","Hermit","Minty Spire (QoL Compilation)","Relic Stats","StSLib","UnlockEverythingMod"],"gold_per_floor":[114,129,144,144,163,163,182,220,245,45,45,45,64,102,102,227,227,246,265,284,49,68,106,56,56,131,150,188,207,226,226,226],"floor_reached":31,"language":"ENG","playtime":3256,"items_purged":["Writhe","Shame","Storm"],"score":316,"play_id":"ac2ef3b9-ca06-4826-95e9-e204db88b720","local_time":"20210218001653","daily_mods":["Cursed Run","ControlledChaos","Lethality"],"is_ascension_mode":false,"campfire_choices":[{"data":"Go for the Eyes","floor":6,"key":"SMITH"},{"data":"Barrage","floor":11,"key":"SMITH"},{"data":"Steam Power","floor":15,"key":"SMITH"},{"floor":25,"key":"REST"}],"circlet_count":0,"master_deck":["Zap","Dualcast","Steam","Barrage+1","Go for the Eyes+1","Ball Lightning","Sweeping Beam+1","Steam Power+1","Aggregate","FTL+1","Storm","Coolheaded","White Noise","Genetic Algorithm","Meteor Strike+1","Conserve Battery","Glacier","Turbo+1","Defragment","Scrape+1","Turbo","Turbo"],"relics":["Cursed Key","Darkstone Periapt","Du-Vu Doll","Frozen Eye","Golden Idol","Molten Egg 2","Smiling Mask","OrangePellets","Strawberry","Pandora\u0027s Box","Omamori","Oddly Smooth Stone","Bottled Tornado","Eternal Feather"],"acts_visited":["Exordium","TheCity"],"potions_floor_usage":[16,19,29],"damage_taken":[{"damage":9,"enemies":"Jaw Worm","floor":1,"turns":2},{"damage":3,"enemies":"2 Louse","floor":2,"turns":2},{"damage":0,"enemies":"Cultist","floor":3,"turns":3},{"damage":0,"enemies":"Looter","floor":5,"turns":2},{"damage":5,"enemies":"Blue Slaver","floor":7,"turns":2},{"damage":24,"enemies":"Gremlin Nob","floor":8,"turns":4},{"damage":14,"enemies":"Exordium Wildlife","floor":13,"turns":3},{"damage":7,"enemies":"3 Sentries","floor":14,"turns":4},{"damage":5,"enemies":"The Guardian","floor":16,"turns":6},{"damage":13,"enemies":"Chosen","floor":18,"turns":3},{"damage":56,"enemies":"3 Byrds","floor":19,"turns":3},{"damage":0,"enemies":"Shelled Parasite and Fungi","floor":20,"turns":3},{"damage":0,"enemies":"Cultist and Chosen","floor":22,"turns":5},{"damage":22,"enemies":"Book of Stabbing","floor":23,"turns":4},{"damage":11,"enemies":"Snake Plant","floor":27,"turns":3},{"damage":6,"enemies":"Gremlin Leader","floor":28,"turns":3},{"damage":0,"enemies":"Chosen and Byrds","floor":29,"turns":2},{"damage":0,"enemies":"Cultist and Chosen","floor":30,"turns":3},{"damage":0,"enemies":"Slavers","floor":31,"turns":1}],"seed_played":"-4060160915487772418","potions_obtained":[{"floor":1,"key":"FearPotion"},{"floor":7,"key":"FocusPotion"},{"floor":14,"key":"Dexterity Potion"},{"floor":19,"key":"Fire Potion"},{"floor":20,"key":"SkillPotion"},{"floor":23,"key":"DistilledChaos"},{"floor":30,"key":"EssenceOfDarkness"}],"is_trial":false,"path_per_floor":["M","M","M","?","M","R","M","E","T","$","R","$","M","E","R","B",null,"M","M","M","$","M","E","$","R","T","M","E","M","M","E"],"character_chosen":"DEFECT","items_purchased":["OrangePellets","Omamori","Defragment"],"campfire_rested":1,"item_purchase_floors":[10,21,21],"current_hp_per_floor":[66,63,63,45,45,45,40,16,22,22,22,22,8,8,8,9,94,81,25,25,25,25,3,3,31,31,20,14,14,14,14,14],"gold":226,"neow_bonus":"","is_daily":true,"chose_seed":false,"campfire_upgraded":3,"win_rate":0.0,"timestamp":1613629013,"path_taken":["M","M","M","?","M","R","M","E","T","$","R","$","M","E","R","BOSS","M","M","M","$","M","E","$","R","T","M","E","M","M","E"],"items_purchased_type":["Relic","Relic","Card"],"build_version":"2020-12-22","purchased_purges":3,"victory":false,"max_hp_per_floor":[75,75,75,75,75,75,75,75,81,81,81,81,81,88,88,94,94,94,94,94,94,94,94,94,94,94,94,94,94,94,94,94],"relic_stats":{"Darkstone Periapt":12,"OrangePellets":[8],"counters":[19,58],"Golden Idol":97,"Pandora\u0027s Box":["FTL","Storm","Coolheaded","White Noise","Genetic Algorithm","Storm","Meteor Strike","Conserve Battery"],"Eternal Feather":0,"Cursed Key":2,"Smiling Mask":150,"obtain_stats":[{"Darkstone Periapt":0,"Golden Idol":4,"Oddly Smooth Stone":23,"Eternal Feather":28,"Omamori":21,"Bottled Tornado":26,"Cursed Key":0,"Smiling Mask":9,"Du-Vu Doll":0,"Frozen Eye":0,"OrangePellets":10,"Strawberry":14,"Molten Egg 2":8,"Pandora\u0027s Box":17},{"Darkstone Periapt":0,"Golden Idol":3,"Oddly Smooth Stone":14,"Eternal Feather":16,"Omamori":12,"Bottled Tornado":14,"Cursed Key":0,"Smiling Mask":6,"Du-Vu Doll":0,"Frozen Eye":0,"OrangePellets":6,"Strawberry":8,"Molten Egg 2":6,"Pandora\u0027s Box":9},{"Darkstone Periapt":0,"Golden Idol":7,"Oddly Smooth Stone":46,"Eternal Feather":52,"Omamori":37,"Bottled Tornado":46,"Cursed Key":0,"Smiling Mask":15,"Du-Vu Doll":0,"Frozen Eye":0,"OrangePellets":15,"Strawberry":22,"Molten Egg 2":15,"Pandora\u0027s Box":28}]},"card_choices":[{"not_picked":["Storm","Doom and Gloom"],"picked":"Steam","floor":1},{"not_picked":["Stack","BootSequence"],"picked":"Barrage","floor":2},{"not_picked":["Coolheaded","Stack"],"picked":"Go for the Eyes","floor":3},{"not_picked":["Rip and Tear","Chaos"],"picked":"Ball Lightning","floor":5},{"not_picked":["Steam","Blizzard","Rebound"],"picked":"SKIP","floor":7},{"not_picked":["Steam","Hyperbeam+1"],"picked":"Sweeping Beam+1","floor":8},{"not_picked":["Darkness","Scrape+1"],"picked":"Steam Power","floor":13},{"not_picked":["Gash+1","White Noise"],"picked":"Aggregate","floor":14},{"not_picked":["Loop","Blizzard+1"],"picked":"Glacier","floor":18},{"not_picked":["Stack","Conserve Battery+1"],"picked":"Turbo+1","floor":19},{"not_picked":["Darkness","Chill+1","Gash+1"],"picked":"SKIP","floor":20},{"not_picked":["Hyperbeam+1","Redo+1","Ball Lightning+1"],"picked":"SKIP","floor":22},{"not_picked":["Force Field+1","White Noise"],"picked":"Scrape+1","floor":23},{"not_picked":["Barrage+1","Steam"],"picked":"Turbo","floor":27},{"not_picked":["Core Surge+1","Compile Driver+1"],"picked":"Turbo","floor":28},{"not_picked":["Steam","Compile Driver+1","Hello World"],"picked":"SKIP","floor":29},{"not_picked":["Barrage+1","Heatsinks","Cold Snap+1"],"picked":"SKIP","floor":30}],"player_experience":594727,"relics_obtained":[{"floor":8,"key":"Molten Egg 2"},{"floor":9,"key":"Smiling Mask"},{"floor":14,"key":"Strawberry"},{"floor":23,"key":"Oddly Smooth Stone"},{"floor":26,"key":"Bottled Tornado"},{"floor":28,"key":"Eternal Feather"}],"event_choices":[{"damage_healed":0,"gold_gain":0,"player_choice":"Take Damage","damage_taken":18,"relics_obtained":["Golden Idol"],"max_hp_gain":0,"max_hp_loss":0,"event_name":"Golden Idol","floor":4,"gold_loss":0}],"is_beta":false,"boss_relics":[{"not_picked":["SlaversCollar","Runic Dome"],"picked":"Pandora\u0027s Box"}],"items_purged_floors":[10,21,24],"is_endless":false,"potions_floor_spawned":[1,7,14,19,20,23,28,30],"killed_by":"Slavers","ascension_level":0}}