{"host":"126yiuos2nq86se7","time":1613613072,"event":{"mods":["2.2 Compatiblity","AchievementEnabler","Act Like it!","BaseMod","Colored Map","Colored Powertips","Friendly Minions","Hermit","Highlight Path","KomeijiMod","Minty Spire (QoL Compilation)","StSLib","SuperFastMode","The Bug Knight","The Hierophant"],"gold_per_floor":[114,13,25,25,40,67,73,76,126,126,126,92,92,92,92,80,80],"floor_reached":16,"language":"ENG","playtime":540,"items_purged":["hierophant:ChurchCoffers"],"score":102,"play_id":"9d09f1a5-35e8-420a-88a7-123e33e37a68","local_time":"20210218125112","is_ascension_mode":false,"campfire_choices":[{"floor":10,"key":"REST"},{"floor":13,"key":"REST"},{"floor":15,"key":"REST"}],"circlet_count":0,"master_deck":["hierophant:Strike_Hierophant","hierophant:Strike_Hierophant","hierophant:Strike_Hierophant","hierophant:Strike_Hierophant","hierophant:Punish","hierophant:Defend_Hierophant","hierophant:Defend_Hierophant","hierophant:Defend_Hierophant","hierophant:Defend_Hierophant","hierophant:Doubloon","hierophant:Remorse","hierophant:OrnateBuckler","hierophant:MorningPrayer","hierophant:Doubloon","hierophant:Doubloon","hierophant:Charity"],"relics":["hierophant:PropheticMaskRelic","Pantograph","Oddly Smooth Stone","Golden Idol"],"acts_visited":["Exordium"],"potions_floor_usage":[6,16,16,16],"damage_taken":[{"damage":6,"enemies":"Cultist","floor":1,"turns":3},{"damage":0,"enemies":"Small Slimes","floor":3,"turns":3},{"damage":0,"enemies":"Jaw Worm","floor":5,"turns":4},{"damage":56,"enemies":"Lagavulin","floor":6,"turns":7},{"damage":15,"enemies":"Exordium Thugs","floor":7,"turns":4},{"damage":1,"enemies":"Red Slaver","floor":8,"turns":4},{"damage":0,"enemies":"Looter","floor":12,"turns":4},{"damage":92,"enemies":"The Guardian","floor":16,"turns":16}],"seed_played":"-1073877919552973742","potions_obtained":[{"floor":3,"key":"Energy Potion"},{"floor":6,"key":"Fire Potion"},{"floor":7,"key":"FearPotion"},{"floor":8,"key":"SkillPotion"}],"is_trial":false,"path_per_floor":["M","$","M","$","M","E","M","M","T","R","?","M","R","?","R","B"],"character_chosen":"HIEROPHANT","items_purchased":["hierophant:OrnateBuckler"],"campfire_rested":3,"item_purchase_floors":[2],"current_hp_per_floor":[76,76,76,76,76,20,5,4,4,28,8,8,32,47,71,0,0],"gold":80,"neow_bonus":"TEN_PERCENT_HP_BONUS","is_daily":false,"chose_seed":false,"campfire_upgraded":0,"win_rate":0.0,"timestamp":1613613072,"path_taken":["M","$","M","$","M","E","M","M","T","R","?","M","R","?","R","BOSS"],"items_purchased_type":["Card"],"build_version":"2020-12-22","purchased_purges":1,"victory":false,"max_hp_per_floor":[82,82,82,82,82,82,82,82,82,82,82,82,82,82,82,82,82],"card_choices":[{"not_picked":["hierophant:HammerAndAnvil","hierophant:FlamingChariot"],"picked":"hierophant:Remorse","floor":1},{"not_picked":["hierophant:Repentance","hierophant:SolarFlare"],"picked":"hierophant:MorningPrayer","floor":3},{"not_picked":["hierophant:Purify","hierophant:Patience"],"picked":"hierophant:Doubloon","floor":5},{"not_picked":["hierophant:OrnateBuckler","hierophant:OrnateJavelin"],"picked":"hierophant:Charity","floor":6},{"not_picked":["hierophant:DisplayOfPower","hierophant:Patience","hierophant:Empathy"],"picked":"SKIP","floor":7},{"not_picked":["hierophant:TollTheBells","hierophant:ArchangelShield","hierophant:Levitation"],"picked":"SKIP","floor":8},{"not_picked":["hierophant:SealAway","hierophant:Purify","hierophant:FieryStrike"],"picked":"SKIP","floor":12}],"player_experience":1550767,"relics_obtained":[{"floor":6,"key":"Pantograph"},{"floor":9,"key":"Oddly Smooth Stone"}],"event_choices":[{"damage_healed":0,"gold_gain":0,"player_choice":"Take Damage","damage_taken":20,"relics_obtained":["Golden Idol"],"max_hp_gain":0,"max_hp_loss":0,"event_name":"Golden Idol","floor":11,"gold_loss":0}],"is_beta":false,"boss_relics":[],"items_purged_floors":[2],"is_endless":false,"potions_floor_spawned":[3,6,7,8],"killed_by":"The Guardian","ascension_level":0}}