{"host":"rmsq46plbpwfbxcc","time":1613606894,"event":{"mods":["AchievementEnabler","BaseMod","Colored Map","Colored Powertips","DeckTracker","KOR Keyword Fix","Minty Spire (QoL Compilation)","Permanent Neow","Quick Restart","SuperFastMode"],"gold_per_floor":[118,43,43,59,79,113,113,153,153,153,172,191,191,212,212,332,332,346,271,292,26,50,90,90,133,156,156,156,156,179,204,204,323,323,344,369,385,385,285,285,22,61,138,138,178,202,202,82,82,82,82,82,21,56,56],"floor_reached":56,"language":"KOR","playtime":2025,"items_purged":["Strike_G","Strike_G","Prepared","Bullet Time"],"score":1855,"play_id":"392acb79-757d-4968-a874-7fa6a4d0d69f","local_time":"20210218090814","is_ascension_mode":true,"campfire_choices":[{"data":"Neutralize","floor":7,"key":"SMITH"},{"data":"Predator","floor":10,"key":"SMITH"},{"data":"Footwork","floor":15,"key":"SMITH"},{"data":"Blade Dance","floor":24,"key":"SMITH"},{"data":"Accuracy","floor":27,"key":"SMITH"},{"data":"Cloak And Dagger","floor":32,"key":"SMITH"},{"data":"After Image","floor":40,"key":"SMITH"},{"data":"Trip","floor":44,"key":"SMITH"},{"data":"Burst","floor":47,"key":"SMITH"},{"floor":49,"key":"RECALL"},{"data":"Finisher","floor":52,"key":"SMITH"}],"circlet_count":0,"master_deck":["Survivor","Neutralize+1","Predator+1","Finisher+1","Backflip","Bullet Time","Footwork+1","Caltrops+1","Backflip+1","Blade Dance+1","Cloak And Dagger+1","Accuracy+1","Adrenaline","PiercingWail","Acrobatics","After Image+1","Tactician","Cloak And Dagger","Burst+1","Corpse Explosion","Backstab","PiercingWail+1","Trip+1","Accuracy+1","Blade Dance+1","Terror"],"relics":["Coffee Dripper","Golden Idol","Eternal Feather","StrikeDummy","Singing Bowl","Pear","Sozu","Pen Nib","The Courier","PreservedInsect","Strawberry","Pandora\u0027s Box","Ninja Scroll","Snake Skull","Lizard Tail","Ice Cream"],"acts_visited":["Exordium","TheCity","TheBeyond","TheEnding"],"potions_floor_usage":[8,12,16],"damage_taken":[{"damage":0,"enemies":"Cultist","floor":1,"turns":4},{"damage":0,"enemies":"Jaw Worm","floor":4,"turns":3},{"damage":0,"enemies":"Small Slimes","floor":5,"turns":2},{"damage":7,"enemies":"3 Sentries","floor":6,"turns":9},{"damage":7,"enemies":"Lagavulin","floor":8,"turns":8},{"damage":4,"enemies":"Red Slaver","floor":11,"turns":4},{"damage":10,"enemies":"Exordium Thugs","floor":12,"turns":3},{"damage":0,"enemies":"Blue Slaver","floor":14,"turns":3},{"damage":0,"enemies":"The Guardian","floor":16,"turns":10},{"damage":16,"enemies":"Spheric Guardian","floor":18,"turns":5},{"damage":0,"enemies":"3 Byrds","floor":20,"turns":2},{"damage":21,"enemies":"Snake Plant","floor":22,"turns":3},{"damage":8,"enemies":"Slavers","floor":23,"turns":6},{"damage":11,"enemies":"Gremlin Leader","floor":25,"turns":6},{"damage":0,"enemies":"Cultist and Chosen","floor":30,"turns":4},{"damage":7,"enemies":"Snecko","floor":31,"turns":5},{"damage":35,"enemies":"Champ","floor":33,"turns":9},{"damage":0,"enemies":"Orb Walker","floor":35,"turns":2},{"damage":0,"enemies":"3 Shapes","floor":36,"turns":3},{"damage":12,"enemies":"Writhing Mass","floor":37,"turns":4},{"damage":3,"enemies":"Reptomancer","floor":42,"turns":6},{"damage":0,"enemies":"Giant Head","floor":45,"turns":4},{"damage":3,"enemies":"4 Shapes","floor":46,"turns":5},{"damage":12,"enemies":"Donu and Deca","floor":50,"turns":3},{"damage":54,"enemies":"Shield and Spear","floor":54,"turns":5},{"damage":85,"enemies":"The Heart","floor":55,"turns":7}],"seed_played":"3942169287069752602","potions_obtained":[{"floor":4,"key":"PowerPotion"},{"floor":8,"key":"Fire Potion"},{"floor":12,"key":"Poison Potion"}],"is_trial":false,"path_per_floor":["M","$","?","M","M","E","R","E","T","R","M","M","T","M","R","B",null,"M","?","M","$","M","E","R","E","T","R","?","?","M","M","R","B",null,"M","M","M","?","$","R","$","E","T","R","E","M","R","$","R","B",null,"R","$","E","B",null],"character_chosen":"THE_SILENT","items_purchased":["Blade Dance","Pen Nib","Ninja Scroll","Trip","Terror"],"campfire_rested":0,"item_purchase_floors":[21,21,41,41,53],"current_hp_per_floor":[63,63,63,63,63,56,65,58,58,65,63,55,65,65,74,76,80,64,64,64,64,43,35,44,33,40,52,52,52,54,47,59,24,74,76,78,66,66,66,78,78,77,77,89,89,86,96,96,96,84,93,96,96,44,31],"gold":56,"neow_bonus":"BOSS_RELIC","is_daily":false,"chose_seed":false,"campfire_upgraded":10,"win_rate":0.0,"timestamp":1613606894,"path_taken":["M","?","?","M","M","E","R","E","T","R","M","M","?","M","R","BOSS","M","?","M","$","M","E","R","E","T","R","?","?","M","M","R","BOSS","M","M","M","?","$","R","$","E","T","R","E","M","R","$","R","BOSS","R","$","E","BOSS"],"items_purchased_type":["Card","Relic","Relic","Card","Card"],"build_version":"2020-12-22","purchased_purges":4,"victory":true,"max_hp_per_floor":[70,70,65,65,65,65,65,65,65,65,67,69,79,79,79,81,81,81,81,81,81,81,81,81,81,88,88,88,88,90,90,90,90,90,92,94,94,94,94,94,94,96,96,96,96,96,96,96,96,96,96,96,96,98,98],"card_choices":[{"not_picked":["Deflect","Catalyst"],"picked":"Predator","floor":1},{"not_picked":["Footwork","Flying Knee"],"picked":"Finisher","floor":4},{"not_picked":["Underhanded Strike","Predator"],"picked":"Backflip","floor":5},{"not_picked":["Poisoned Stab","Dagger Throw"],"picked":"Bullet Time","floor":6},{"not_picked":["Sucker Punch","Flying Knee","Dagger Throw"],"picked":"SKIP","floor":8},{"not_picked":["Calculated Gamble","Dodge and Roll","Deadly Poison"],"picked":"Singing Bowl","floor":11},{"not_picked":["Eviscerate","Backstab","Dagger Throw"],"picked":"Singing Bowl","floor":12},{"not_picked":["PiercingWail","Dodge and Roll"],"picked":"Footwork","floor":14},{"not_picked":["A Thousand Cuts","Unload","Bullet Time"],"picked":"Singing Bowl","floor":16},{"not_picked":["Flying Knee","Infinite Blades"],"picked":"Caltrops+1","floor":18},{"not_picked":["Riddle With Holes","Expertise+1"],"picked":"Backflip+1","floor":20},{"not_picked":["Deadly Poison","Eviscerate"],"picked":"Cloak And Dagger","floor":22},{"not_picked":["Dodge and Roll","Acrobatics"],"picked":"Accuracy","floor":23},{"not_picked":["Sucker Punch+1","Reflex+1"],"picked":"Adrenaline","floor":25},{"not_picked":["Leg Sweep","Backflip","Footwork"],"picked":"Singing Bowl","floor":30},{"not_picked":["Flying Knee","Distraction"],"picked":"Acrobatics","floor":31},{"not_picked":["Storm of Steel","Wraith Form v2"],"picked":"After Image","floor":33},{"not_picked":["Quick Slash+1","Bouncing Flask","Poisoned Stab+1"],"picked":"Singing Bowl","floor":35},{"not_picked":["Dash","Expertise","Prepared+1"],"picked":"Singing Bowl","floor":36},{"not_picked":["Outmaneuver+1","Infinite Blades+1"],"picked":"PiercingWail+1","floor":37},{"not_picked":["Expertise","Dagger Spray","Quick Slash+1"],"picked":"Singing Bowl","floor":42},{"not_picked":["Sucker Punch+1","Backstab+1"],"picked":"Accuracy+1","floor":45},{"not_picked":["Deadly Poison+1","Prepared"],"picked":"Blade Dance+1","floor":46},{"not_picked":["Distraction+1","Bane","Bouncing Flask+1"],"picked":"Singing Bowl","floor":54}],"player_experience":651865,"relics_obtained":[{"floor":6,"key":"Eternal Feather"},{"floor":8,"key":"StrikeDummy"},{"floor":9,"key":"Singing Bowl"},{"floor":13,"key":"Pear"},{"floor":23,"key":"The Courier"},{"floor":25,"key":"PreservedInsect"},{"floor":26,"key":"Strawberry"},{"floor":42,"key":"Snake Skull"},{"floor":45,"key":"Lizard Tail"},{"floor":54,"key":"Ice Cream"}],"event_choices":[{"damage_healed":0,"gold_gain":0,"player_choice":"Lose Max HP","damage_taken":0,"relics_obtained":["Golden Idol"],"max_hp_gain":0,"max_hp_loss":5,"event_name":"Golden Idol","floor":3,"gold_loss":0},{"cards_removed":["Defend_G"],"damage_healed":0,"gold_gain":0,"player_choice":"Gave Gold","damage_taken":0,"max_hp_gain":0,"max_hp_loss":0,"event_name":"Beggar","floor":19,"gold_loss":75},{"damage_healed":0,"gold_gain":0,"player_choice":"Read","damage_taken":0,"max_hp_gain":0,"max_hp_loss":0,"event_name":"The Library","floor":28,"gold_loss":0,"cards_obtained":["PiercingWail"]},{"damage_healed":0,"gold_gain":0,"player_choice":"Bought 0 Potions","damage_taken":0,"max_hp_gain":0,"max_hp_loss":0,"event_name":"The Woman in Blue","floor":29,"gold_loss":0},{"damage_healed":0,"gold_gain":0,"cards_transformed":["Tools of the Trade"],"player_choice":"Transformed","damage_taken":0,"max_hp_gain":0,"max_hp_loss":0,"event_name":"Transmorgrifier","floor":38,"gold_loss":0,"cards_obtained":["Prepared"]}],"is_beta":false,"boss_relics":[{"not_picked":["Runic Dome","Busted Crown"],"picked":"Sozu"},{"not_picked":["Snecko Eye","Tiny House"],"picked":"Pandora\u0027s Box"}],"items_purged_floors":[2,21,39,48],"is_endless":false,"potions_floor_spawned":[4,8,12,20,22,31,36,37],"ascension_level":9}}