{"host":"utqe55yv0jihe4d6","time":1613688558,"event":{"mods":["2.2 Compatiblity","AchievementEnabler","BaseMod","Block Reminder","Colored Map","Colored Powertips","Minty Spire (QoL Compilation)","Quick Restart","Rare Cards Sparkle","Relic Stats","SuperFastMode"],"gold_per_floor":[114,114,133,133,149,149,193,193,193,226,226,62,81,6,6,6,6],"floor_reached":16,"language":"ENG","playtime":573,"items_purged":["Strike_P"],"score":216,"play_id":"20dc65a0-8dab-4f34-8ca1-814e163c4435","local_time":"20210218174918","is_ascension_mode":true,"campfire_choices":[{"data":"FlyingSleeves","floor":6,"key":"SMITH"},{"floor":8,"key":"REST"},{"floor":11,"key":"REST"},{"data":"Wireheading","floor":15,"key":"SMITH"}],"circlet_count":0,"master_deck":["AscendersBane","Strike_P","Strike_P","Defend_P","Defend_P","Defend_P","Defend_P","Eruption","Vigilance","FlyingSleeves+1","EmptyBody","CrushJoints","ClearTheMind","EmptyBody","Wireheading+1","CutThroughFate","FlurryOfBlows"],"relics":["PureWater","Golden Idol","Ornamental Fan","Regal Pillow","Prayer Wheel"],"acts_visited":["Exordium"],"potions_floor_usage":[16],"damage_taken":[{"damage":6,"enemies":"Jaw Worm","floor":1,"turns":7},{"damage":0,"enemies":"Small Slimes","floor":3,"turns":2},{"damage":4,"enemies":"2 Louse","floor":5,"turns":2},{"damage":30,"enemies":"3 Sentries","floor":7,"turns":14},{"damage":33,"enemies":"Gremlin Nob","floor":10,"turns":4},{"damage":1,"enemies":"Blue Slaver","floor":13,"turns":7},{"damage":57,"enemies":"Hexaghost","floor":16,"turns":11}],"seed_played":"-5892393809305978696","potions_obtained":[{"floor":10,"key":"StancePotion"},{"floor":13,"key":"Weak Potion"}],"is_trial":false,"path_per_floor":["M","?","M","?","M","R","E","R","T","E","R","$","M","?","R","B"],"character_chosen":"WATCHER","items_purchased":["Wireheading"],"campfire_rested":2,"item_purchase_floors":[12],"current_hp_per_floor":[61,61,61,50,46,46,16,51,51,18,53,53,52,52,52,0,0],"gold":6,"neow_bonus":"TEN_PERCENT_HP_BONUS","is_daily":false,"chose_seed":false,"campfire_upgraded":2,"win_rate":0.0,"timestamp":1613688558,"path_taken":["M","?","M","?","M","R","E","R","T","E","R","?","?","?","R","BOSS"],"items_purchased_type":["Card"],"build_version":"2020-12-22","purchased_purges":1,"victory":false,"max_hp_per_floor":[74,67,67,67,67,67,67,67,67,67,67,67,67,67,67,67,67],"relic_stats":{"Regal Pillow":30,"counters":[7,47],"Golden Idol":27,"Ornamental Fan":[20],"Prayer Wheel":1,"obtain_stats":[{"Regal Pillow":7,"Golden Idol":2,"Ornamental Fan":4,"Prayer Wheel":10,"PureWater":0},{"Regal Pillow":4,"Golden Idol":1,"Ornamental Fan":2,"Prayer Wheel":5,"PureWater":0},{"Regal Pillow":25,"Golden Idol":7,"Ornamental Fan":9,"Prayer Wheel":29,"PureWater":0}]},"card_choices":[{"not_picked":["SashWhip","EmptyFist"],"picked":"FlyingSleeves","floor":1},{"not_picked":["Protect","Judgement"],"picked":"EmptyBody","floor":3},{"not_picked":["FollowUp","Sanctity"],"picked":"CrushJoints","floor":5},{"not_picked":["Indignation","InnerPeace"],"picked":"ClearTheMind","floor":7},{"not_picked":["Brilliance","SashWhip"],"picked":"EmptyBody","floor":10},{"not_picked":["Pray","CarveReality"],"picked":"CutThroughFate","floor":13},{"not_picked":["JustLucky","Conclude"],"picked":"FlurryOfBlows","floor":13}],"player_experience":3085825,"relics_obtained":[{"floor":7,"key":"Regal Pillow"},{"floor":10,"key":"Prayer Wheel"}],"event_choices":[{"damage_healed":0,"gold_gain":0,"player_choice":"Lose Max HP","damage_taken":0,"relics_obtained":["Golden Idol"],"max_hp_gain":0,"max_hp_loss":7,"event_name":"Golden Idol","floor":2,"gold_loss":0},{"damage_healed":0,"gold_gain":0,"player_choice":"Success","damage_taken":11,"relics_obtained":["Ornamental Fan"],"max_hp_gain":0,"max_hp_loss":0,"event_name":"Scrap Ooze","floor":4,"gold_loss":0},{"cards_removed":["Strike_P"],"damage_healed":0,"gold_gain":0,"player_choice":"Card Removal","damage_taken":0,"max_hp_gain":0,"max_hp_loss":0,"event_name":"The Cleric","floor":14,"gold_loss":75}],"is_beta":false,"boss_relics":[],"items_purged_floors":[12],"is_endless":false,"potions_floor_spawned":[10,13],"killed_by":"Hexaghost","ascension_level":20}}