{"host":"96qz178ot216apae","time":1613664736,"event":{"mods":["BaseMod","Minty Spire (QoL Compilation)"],"gold_per_floor":[111,130,141,141,159,190,190,465,534,545,545,558,578,36,36,133,133,151,164,89,102,42,70,90,104,128,153,153,171,189,221,221,320,320,335,349,349,100,100,125,0,12,12,12,28,28,78,94,94,94],"floor_reached":51,"language":"ENG","playtime":10120,"items_purged":["Regret","Defend_G","Pain"],"score":768,"play_id":"f2efd357-8321-4d3d-95b5-6d687e57ac8d","local_time":"20210218161216","is_ascension_mode":false,"campfire_choices":[{"data":"Neutralize","floor":7,"key":"SMITH"},{"data":"Infinite Blades","floor":11,"key":"SMITH"},{"data":"Envenom","floor":15,"key":"SMITH"},{"data":"Phantasmal Killer","floor":28,"key":"SMITH"},{"data":"Setup","floor":32,"key":"SMITH"},{"data":"Cloak And Dagger","floor":44,"key":"SMITH"},{"data":"Cloak And Dagger","floor":46,"key":"SMITH"},{"floor":49,"key":"REST"}],"circlet_count":0,"master_deck":["Strike_G+1","Defend_G","Defend_G","Survivor","Neutralize+1","Cloak And Dagger+1","Infinite Blades+1","Caltrops","Prepared","Crippling Poison","Accuracy","Envenom+1","Venomology","Backflip","PiercingWail","Backflip","Setup+1","Deadly Poison","Phantasmal Killer+1","Heel Hook+1","Accuracy+1","Outmaneuver+1","Burst","Poisoned Stab+1","Cloak And Dagger+1","Madness","Madness","Terror+1"],"relics":["Ring of the Snake","Lizard Tail","Toy Ornithopter","Darkstone Periapt","Nunchaku","PreservedInsect","SacredBark","MealTicket","Lantern","Whetstone","Pear","Empty Cage","Happy Flower","WarpedTongs","Snake Skull","Frozen Egg 2","Gambling Chip"],"acts_visited":["Exordium","TheCity","TheBeyond"],"potions_floor_usage":[6,13,16,19,21,21,23,25,27,27,29,30,31,33,33,35,36,36,36,40,42,47,48,50,50,50,50],"damage_taken":[{"damage":1,"enemies":"2 Louse","floor":1,"turns":2},{"damage":0,"enemies":"Jaw Worm","floor":2,"turns":4},{"damage":0,"enemies":"Cultist","floor":3,"turns":3},{"damage":6,"enemies":"Gremlin Gang","floor":5,"turns":10},{"damage":22,"enemies":"Lagavulin","floor":6,"turns":9},{"damage":10,"enemies":"3 Louse","floor":10,"turns":5},{"damage":7,"enemies":"Looter","floor":12,"turns":4},{"damage":8,"enemies":"Lots of Slimes","floor":13,"turns":2},{"damage":34,"enemies":"The Guardian","floor":16,"turns":11},{"damage":21,"enemies":"Shell Parasite","floor":18,"turns":6},{"damage":3,"enemies":"Chosen","floor":19,"turns":7},{"damage":21,"enemies":"Sentry and Sphere","floor":21,"turns":5},{"damage":43,"enemies":"Slavers","floor":23,"turns":12},{"damage":8,"enemies":"Snake Plant","floor":24,"turns":6},{"damage":11,"enemies":"Snecko","floor":25,"turns":5},{"damage":13,"enemies":"Book of Stabbing","floor":27,"turns":5},{"damage":2,"enemies":"Chosen and Byrds","floor":29,"turns":5},{"damage":10,"enemies":"3 Cultists","floor":30,"turns":6},{"damage":1,"enemies":"Slavers","floor":31,"turns":4},{"damage":24,"enemies":"Champ","floor":33,"turns":11},{"damage":8,"enemies":"Orb Walker","floor":35,"turns":4},{"damage":14,"enemies":"3 Darklings","floor":36,"turns":4},{"damage":7,"enemies":"Nemesis","floor":40,"turns":5},{"damage":40,"enemies":"Writhing Mass","floor":42,"turns":5},{"damage":10,"enemies":"Maw","floor":45,"turns":5},{"damage":0,"enemies":"Mind Bloom Boss Battle","floor":47,"turns":3},{"damage":0,"enemies":"Transient","floor":48,"turns":5},{"damage":15,"enemies":"Donu and Deca","floor":50,"turns":5}],"seed_played":"-8138708394401915252","potions_obtained":[{"floor":2,"key":"Regen Potion"},{"floor":3,"key":"SneckoOil"},{"floor":6,"key":"Regen Potion"},{"floor":23,"key":"AttackPotion"},{"floor":24,"key":"Poison Potion"},{"floor":27,"key":"SkillPotion"},{"floor":31,"key":"Poison Potion"},{"floor":33,"key":"Explosive Potion"},{"floor":36,"key":"Regen Potion"},{"floor":40,"key":"DuplicationPotion"}],"is_trial":false,"path_per_floor":["M","M","M","?","M","E","R","?","T","M","R","M","M","$","R","B",null,"M","M","?","M","?","E","M","M","T","E","R","M","M","E","R","B",null,"M","M","?","$","?","E","$","M","T","R","M","R","?","M","R","B",null],"character_chosen":"THE_SILENT","items_purchased":["Nunchaku","Envenom","PreservedInsect","Happy Flower"],"campfire_rested":1,"item_purchase_floors":[14,14,14,38],"current_hp_per_floor":[69,69,69,66,60,53,53,53,53,43,43,36,33,33,33,19,70,49,51,51,40,40,56,48,42,42,39,39,42,37,51,51,37,80,77,71,61,76,82,80,86,46,46,46,36,36,41,46,71,76],"gold":94,"neow_bonus":"REMOVE_CARD","is_daily":false,"chose_seed":false,"campfire_upgraded":7,"win_rate":0.0,"timestamp":1613664736,"path_taken":["M","M","M","?","M","E","R","?","T","M","R","M","?","$","R","BOSS","M","?","?","M","?","E","M","?","T","E","R","?","M","E","R","BOSS","M","M","?","$","?","E","$","?","T","R","M","R","?","M","R","BOSS"],"items_purchased_type":["Relic","Card","Relic","Relic"],"build_version":"2020-12-22","purchased_purges":3,"victory":true,"max_hp_per_floor":[70,70,70,70,70,70,70,70,70,70,70,70,70,70,70,70,70,70,70,70,70,70,70,70,70,70,70,70,70,70,80,80,80,80,80,80,80,80,86,86,86,86,86,86,86,86,86,86,86,86],"card_choices":[{"not_picked":["Dodge and Roll","Quick Slash"],"picked":"Cloak And Dagger","floor":1},{"not_picked":["Concentrate","PiercingWail"],"picked":"Infinite Blades","floor":2},{"not_picked":["Skewer","Bane","Dodge and Roll"],"picked":"SKIP","floor":3},{"not_picked":["Skewer","Quick Slash"],"picked":"Caltrops","floor":5},{"not_picked":["Dodge and Roll","Deadly Poison"],"picked":"Prepared","floor":6},{"not_picked":["Eviscerate","Calculated Gamble","Outmaneuver"],"picked":"SKIP","floor":10},{"not_picked":["Prepared","Poisoned Stab"],"picked":"Crippling Poison","floor":12},{"not_picked":["Dagger Throw","PiercingWail"],"picked":"Accuracy","floor":13},{"not_picked":["Envenom","Die Die Die"],"picked":"Venomology","floor":16},{"not_picked":["Dagger Throw","Slice"],"picked":"Backflip","floor":18},{"not_picked":["Acrobatics","Sucker Punch"],"picked":"PiercingWail","floor":19},{"not_picked":["Catalyst","Deadly Poison"],"picked":"Backflip","floor":21},{"not_picked":["Prepared","Bane"],"picked":"Phantasmal Killer","floor":23},{"not_picked":["Outmaneuver","Bane","Deadly Poison+1"],"picked":"SKIP","floor":24},{"not_picked":["Backflip+1","Poisoned Stab"],"picked":"Heel Hook","floor":25},{"not_picked":["A Thousand Cuts","Well Laid Plans"],"picked":"Accuracy+1","floor":27},{"not_picked":["Dodge and Roll","Crippling Poison"],"picked":"Outmaneuver+1","floor":29},{"not_picked":["Quick Slash","Riddle With Holes","Setup"],"picked":"SKIP","floor":30},{"not_picked":["Acrobatics","Underhanded Strike","Concentrate"],"picked":"SKIP","floor":31},{"not_picked":["A Thousand Cuts","Die Die Die"],"picked":"Burst","floor":33},{"not_picked":["Dagger Throw+1","Predator+1"],"picked":"Poisoned Stab+1","floor":35},{"not_picked":["Acrobatics","Sucker Punch+1"],"picked":"Cloak And Dagger","floor":36},{"not_picked":["Dagger Spray","Deflect+1"],"picked":"Terror+1","floor":40},{"not_picked":["Eviscerate+1","Slice+1","Dodge and Roll"],"picked":"SKIP","floor":42},{"not_picked":["Eviscerate+1","Slice+1","Dodge and Roll"],"picked":"SKIP","floor":42},{"not_picked":["Calculated Gamble","Envenom+1","Backflip"],"picked":"SKIP","floor":45},{"not_picked":["Underhanded Strike","Slice","Dagger Throw"],"picked":"SKIP","floor":48}],"player_experience":70701,"relics_obtained":[{"floor":6,"key":"Toy Ornithopter"},{"floor":9,"key":"Darkstone Periapt"},{"floor":23,"key":"MealTicket"},{"floor":26,"key":"Lantern"},{"floor":27,"key":"Whetstone"},{"floor":31,"key":"Pear"},{"floor":40,"key":"Snake Skull"},{"floor":43,"key":"Frozen Egg 2"},{"floor":47,"key":"Gambling Chip"}],"event_choices":[{"damage_healed":0,"gold_gain":0,"player_choice":"Success","damage_taken":3,"relics_obtained":["Lizard Tail"],"max_hp_gain":0,"max_hp_loss":0,"event_name":"Scrap Ooze","floor":4,"gold_loss":0},{"damage_healed":0,"gold_gain":275,"player_choice":"Desecrate","damage_taken":0,"max_hp_gain":0,"max_hp_loss":0,"event_name":"Golden Shrine","floor":8,"gold_loss":0,"cards_obtained":["Regret"]},{"cards_removed":["Strike_G"],"damage_healed":0,"gold_gain":0,"player_choice":"Gave Gold","damage_taken":0,"max_hp_gain":0,"max_hp_loss":0,"event_name":"Beggar","floor":20,"gold_loss":75},{"damage_healed":0,"gold_gain":0,"cards_transformed":["Strike_G","Strike_G"],"player_choice":"Transformed Cards","damage_taken":0,"max_hp_gain":0,"max_hp_loss":0,"event_name":"Designer","floor":22,"gold_loss":60,"cards_obtained":["Setup","Deadly Poison"]},{"damage_healed":0,"gold_gain":0,"player_choice":"Embrace Madness","damage_taken":10,"max_hp_gain":0,"max_hp_loss":0,"event_name":"Winding Halls","floor":37,"gold_loss":0,"cards_obtained":["Madness","Madness"]},{"damage_healed":0,"gold_gain":0,"player_choice":"Rummage","damage_taken":0,"relics_obtained":["WarpedTongs"],"max_hp_gain":0,"max_hp_loss":0,"event_name":"Accursed Blacksmith","floor":39,"gold_loss":0,"cards_obtained":["Pain"]},{"damage_healed":0,"gold_gain":0,"player_choice":"Fight","damage_taken":0,"max_hp_gain":0,"max_hp_loss":0,"event_name":"MindBloom","floor":47,"gold_loss":0}],"is_beta":false,"boss_relics":[{"not_picked":["Runic Pyramid","SlaversCollar"],"picked":"SacredBark"},{"not_picked":["Sozu","Pandora\u0027s Box"],"picked":"Empty Cage"}],"items_purged_floors":[14,38,41],"is_endless":false,"potions_floor_spawned":[2,3,6,23,24,27,31,33,36,40,45],"ascension_level":0}}