{"host":"en4narc5947t7k9n","time":1613650883,"event":{"mods":["AchievementEnabler","BaseMod","Colored Map","Minty Spire (QoL Compilation)","SuperFastMode"],"gold_per_floor":[114,124,49,49,324,357,370,55,55,65,99,99,110,136,136,237,237,252,270,284,296,8,8,8,8,8,8,8,19,19,19,19],"floor_reached":31,"language":"KOR","playtime":1931,"items_purged":["Strike_G"],"score":330,"play_id":"9f2ad6fd-d544-4ba2-b876-a231ee8932d9","local_time":"20210218212123","is_ascension_mode":false,"campfire_choices":[{"data":"Storm of Steel","floor":12,"key":"SMITH"},{"data":"A Thousand Cuts","floor":15,"key":"SMITH"},{"data":"Venomology","floor":23,"key":"SMITH"},{"data":"Phantasmal Killer","floor":25,"key":"SMITH"}],"circlet_count":0,"master_deck":["Survivor","Neutralize","Quick Slash","Endless Agony","Regret","Slice","A Thousand Cuts+1","Storm of Steel+1","Crippling Poison","Crippling Poison","Outmaneuver","All Out Attack","Venomology+1","Phantasmal Killer+1","Backflip","Dagger Spray","Reflex","A Thousand Cuts","Prepared","Expertise","Backflip","Blur","Dodge and Roll+1","Acrobatics+1","Quick Slash+1","Dodge and Roll","Poisoned Stab","Deflect"],"relics":["Ring of the Snake","NeowsBlessing","Ornamental Fan","Matryoshka","Blue Candle","Pear","Bag of Preparation","Letter Opener","Pandora\u0027s Box","Kunai","Juzu Bracelet","Blood Vial"],"acts_visited":["Exordium","TheCity"],"potions_floor_usage":[11,11,20,20,21,21,31,31,31,31],"damage_taken":[{"damage":0,"enemies":"2 Louse","floor":1,"turns":1},{"damage":0,"enemies":"Jaw Worm","floor":2,"turns":1},{"damage":0,"enemies":"3 Sentries","floor":6,"turns":1},{"damage":0,"enemies":"Cultist","floor":7,"turns":3},{"damage":3,"enemies":"3 Louse","floor":10,"turns":3},{"damage":0,"enemies":"Gremlin Nob","floor":11,"turns":2},{"damage":0,"enemies":"Blue Slaver","floor":13,"turns":1},{"damage":2,"enemies":"3 Sentries","floor":14,"turns":6},{"damage":24,"enemies":"Slime Boss","floor":16,"turns":9},{"damage":2,"enemies":"Chosen","floor":18,"turns":4},{"damage":2,"enemies":"2 Thieves","floor":19,"turns":2},{"damage":4,"enemies":"3 Cultists","floor":20,"turns":4},{"damage":35,"enemies":"Centurion and Healer","floor":21,"turns":4},{"damage":24,"enemies":"Snake Plant","floor":29,"turns":6},{"damage":0,"enemies":"Colosseum Slavers","floor":31,"turns":2},{"damage":43,"enemies":"Colosseum Nobs","floor":31,"turns":5}],"seed_played":"-2544718114178768416","potions_obtained":[{"floor":2,"key":"Dexterity Potion"},{"floor":6,"key":"CunningPotion"},{"floor":10,"key":"Strength Potion"},{"floor":14,"key":"FairyPotion"},{"floor":19,"key":"PowerPotion"},{"floor":29,"key":"Poison Potion"}],"is_trial":false,"path_per_floor":["M","M","$","?","?","E","M","$","T","M","E","R","M","E","R","B",null,"M","M","M","M","$","R","?","R","T","?","$","M","$","?"],"character_chosen":"THE_SILENT","items_purchased":["Matryoshka","Storm of Steel","Kunai","Poisoned Stab"],"campfire_rested":0,"item_purchase_floors":[8,8,22,22],"current_hp_per_floor":[70,70,70,70,70,70,70,70,80,77,77,77,77,75,75,51,80,78,76,72,37,37,37,22,22,22,22,22,25,25,0,0],"gold":19,"neow_bonus":"THREE_ENEMY_KILL","is_daily":false,"chose_seed":false,"campfire_upgraded":4,"win_rate":0.0,"timestamp":1613650883,"path_taken":["M","M","$","?","?","E","M","$","T","M","E","R","M","E","R","BOSS","M","?","M","M","$","R","?","R","T","?","$","M","?","?"],"items_purchased_type":["Relic","Card","Relic","Card"],"build_version":"2020-12-22","purchased_purges":1,"victory":false,"max_hp_per_floor":[70,70,70,70,70,70,70,70,80,80,80,80,80,80,80,80,80,80,80,80,80,80,80,85,85,85,85,85,85,85,85,85],"card_choices":[{"not_picked":["Dagger Spray","Flying Knee"],"picked":"Quick Slash","floor":1},{"not_picked":["Calculated Gamble","Accuracy"],"picked":"Endless Agony","floor":2},{"not_picked":["Noxious Fumes","Outmaneuver"],"picked":"Slice","floor":6},{"not_picked":["Sucker Punch","Slice"],"picked":"A Thousand Cuts","floor":7},{"not_picked":["Underhanded Strike","Dagger Spray"],"picked":"Crippling Poison","floor":10},{"not_picked":["Flying Knee","Dagger Spray"],"picked":"Crippling Poison","floor":11},{"not_picked":["Heel Hook","Underhanded Strike"],"picked":"Outmaneuver","floor":13},{"not_picked":["Tactician","Underhanded Strike"],"picked":"All Out Attack","floor":14},{"not_picked":["Phantasmal Killer","Night Terror"],"picked":"Venomology","floor":16},{"not_picked":["Backflip+1","Quick Slash"],"picked":"Dodge and Roll+1","floor":18},{"not_picked":["Poisoned Stab+1","Backstab"],"picked":"Acrobatics+1","floor":19},{"not_picked":["Predator","Flying Knee"],"picked":"Quick Slash+1","floor":20},{"not_picked":["PiercingWail","Heel Hook"],"picked":"Dodge and Roll","floor":21},{"not_picked":["Outmaneuver","Footwork"],"picked":"Deflect","floor":29}],"player_experience":62754,"relics_obtained":[{"floor":6,"key":"Ornamental Fan"},{"floor":9,"key":"Blue Candle"},{"floor":9,"key":"Pear"},{"floor":11,"key":"Bag of Preparation"},{"floor":14,"key":"Letter Opener"},{"floor":26,"key":"Juzu Bracelet"},{"floor":26,"key":"Blood Vial"}],"event_choices":[{"damage_healed":0,"gold_gain":0,"player_choice":"Leave","damage_taken":0,"max_hp_gain":0,"max_hp_loss":0,"event_name":"The Cleric","floor":4,"gold_loss":0},{"damage_healed":0,"gold_gain":275,"player_choice":"Desecrate","damage_taken":0,"max_hp_gain":0,"max_hp_loss":0,"event_name":"Golden Shrine","floor":5,"gold_loss":0,"cards_obtained":["Regret"]},{"damage_healed":0,"gold_gain":0,"player_choice":"Shed Blood","damage_taken":20,"max_hp_gain":5,"max_hp_loss":0,"event_name":"Forgotten Altar","floor":24,"gold_loss":0},{"damage_healed":0,"gold_gain":0,"player_choice":"Fight","damage_taken":0,"max_hp_gain":0,"max_hp_loss":0,"event_name":"Colosseum","floor":31,"gold_loss":0},{"damage_healed":0,"gold_gain":0,"player_choice":"Fought Nobs","damage_taken":0,"max_hp_gain":0,"max_hp_loss":0,"event_name":"Colosseum","floor":31,"gold_loss":0}],"is_beta":false,"boss_relics":[{"not_picked":["HoveringKite","Busted Crown"],"picked":"Pandora\u0027s Box"}],"items_purged_floors":[3],"is_endless":false,"potions_floor_spawned":[2,6,10,14,18,19,29],"killed_by":"Colosseum Nobs","ascension_level":0}}