{"host":"6rz02yiipefhcw4r","time":1613682387,"event":{"mods":["2.2 Compatiblity","BaseMod","Block Reminder","Colored Map","Curses Come First","DeckTracker","Googly Eyes","Minty Spire (QoL Compilation)","Quick Restart","Rare Cards Sparkle","StSLib"],"gold_per_floor":[119,119,129,35,35,35,85,113,113,113,140,150,169,181,181,259,259,269,10,22,22,22,22,22],"floor_reached":23,"language":"ENG","playtime":805,"items_purged":[],"score":398,"play_id":"5ebed821-1e2d-4617-9f1d-2a7f5b7a6e11","local_time":"20210218190627","is_ascension_mode":true,"campfire_choices":[{"floor":6.0,"key":"REST"},{"floor":10,"key":"REST"},{"floor":15,"key":"REST"}],"circlet_count":0,"master_deck":["AscendersBane","Strike_B","Strike_B","Strike_B","Defend_B","Defend_B","Defend_B","Defend_B","Zap","Dualcast","Rainbow","Ball Lightning","Defragment","Self Repair","Conserve Battery","Chill","Sunder","Go for the Eyes","Echo Form","Defragment","Defragment"],"relics":["Cracked Core","Pear","Happy Flower","Sundial","Velvet Choker","DollysMirror"],"acts_visited":["Exordium","TheCity"],"potions_floor_usage":[12,13,23],"damage_taken":[{"damage":16.0,"enemies":"Small Slimes","floor":1.0,"turns":4.0},{"damage":1.0,"enemies":"Cultist","floor":3.0,"turns":3.0},{"damage":25,"enemies":"Lagavulin","floor":8,"turns":8},{"damage":58,"enemies":"Gremlin Nob","floor":11,"turns":6},{"damage":0,"enemies":"2 Louse","floor":12,"turns":2},{"damage":1,"enemies":"Gremlin Gang","floor":13,"turns":4},{"damage":11,"enemies":"Exordium Thugs","floor":14,"turns":2},{"damage":18,"enemies":"The Guardian","floor":16,"turns":12},{"damage":10,"enemies":"3 Byrds","floor":18,"turns":6},{"damage":30,"enemies":"Spheric Guardian","floor":20,"turns":4},{"damage":19,"enemies":"Slavers","floor":23,"turns":2}],"seed_played":"-784876976962557289","potions_obtained":[{"floor":11,"key":"GamblersBrew"},{"floor":12,"key":"Swift Potion"},{"floor":13,"key":"Energy Potion"},{"floor":18,"key":"PotionOfCapacity"}],"is_trial":false,"path_per_floor":["M","?","M","$","?","R","?","E","T","R","E","M","M","M","R","B",null,"M","$","M","?","?","E"],"character_chosen":"DEFECT","items_purchased":["Self Repair","Conserve Battery","Defragment","DollysMirror"],"campfire_rested":3,"item_purchase_floors":[4,4,19,19],"current_hp_per_floor":[30,30,29,29,29,50,43,35,35,59,8,8,14,3,27,16,65,69,69,46,46,46,27,27],"gold":22,"neow_bonus":"THREE_RARE_CARDS","is_daily":false,"chose_seed":false,"campfire_upgraded":0,"win_rate":0.0,"timestamp":1613682387,"path_taken":["M","?","?","$","?","R","?","E","T","R","E","M","M","M","R","BOSS","M","$","?","?","?","E"],"items_purchased_type":["Card","Card","Card","Relic"],"build_version":"2020-12-22","purchased_purges":0,"victory":false,"max_hp_per_floor":[71,71,71,71,71,71,71,81,81,81,81,81,81,81,81,81,81,81,81,81,81,81,81,81],"card_choices":[{"not_picked":["Creative AI","Amplify"],"picked":"Rainbow","floor":0.0},{"not_picked":["Steam","Sweeping Beam"],"picked":"Ball Lightning","floor":1.0},{"not_picked":["Sunder","Hologram"],"picked":"Defragment","floor":3.0},{"not_picked":["White Noise","Beam Cell","Heatsinks"],"picked":"SKIP","floor":8},{"not_picked":["Streamline","All For One"],"picked":"Chill","floor":11},{"not_picked":["Chill","Beam Cell","Steam"],"picked":"SKIP","floor":12},{"not_picked":["Chill","Beam Cell","Steam"],"picked":"SKIP","floor":12},{"not_picked":["Leap","Sweeping Beam"],"picked":"Sunder","floor":13},{"not_picked":["Hello World","Steam"],"picked":"Go for the Eyes","floor":14},{"not_picked":["Core Surge","Electrodynamics"],"picked":"Echo Form","floor":16},{"not_picked":["Barrage","Steam","Sunder"],"picked":"SKIP","floor":18},{"not_picked":["Blizzard","Redo","Scrape"],"picked":"SKIP","floor":20}],"player_experience":812758,"relics_obtained":[{"floor":8,"key":"Pear"},{"floor":9,"key":"Happy Flower"},{"floor":11,"key":"Sundial"}],"event_choices":[{"cards_removed":["Strike_B"],"damage_healed":0.0,"max_hp_gain":0.0,"max_hp_loss":0.0,"gold_gain":0.0,"event_name":"Purifier","player_choice":"Purged","floor":2.0,"gold_loss":0.0,"damage_taken":0.0},{"damage_healed":0.0,"max_hp_gain":0.0,"max_hp_loss":0.0,"gold_gain":0.0,"event_name":"Liars Game","player_choice":"Ignored","floor":5.0,"gold_loss":0.0,"damage_taken":0.0},{"damage_healed":0.0,"max_hp_gain":0.0,"max_hp_loss":0.0,"gold_gain":50.0,"event_name":"FaceTrader","player_choice":"Touch","floor":7.0,"gold_loss":0.0,"damage_taken":7.0},{"damage_healed":0,"gold_gain":0,"player_choice":"Ignored","damage_taken":0,"max_hp_gain":0,"max_hp_loss":0,"event_name":"The Mausoleum","floor":21,"gold_loss":0}],"is_beta":false,"boss_relics":[{"not_picked":["SlaversCollar","Runic Pyramid"],"picked":"Velvet Choker"}],"items_purged_floors":[],"is_endless":false,"potions_floor_spawned":[11,12,13,18,20],"killed_by":"Slavers","ascension_level":20}}