{"host":"bg8va46pgqgvtzim","time":1613643210,"event":{"mods":["BaseMod","Minty Spire (QoL Compilation)","Quick Restart","StSLib","SuperFastMode"],"gold_per_floor":[110,123,48,59,71,87,87,114,114,139,149,149,175,203,203,223,238,238,263,280,280,377,377,396,408,424,226,325,240,267,267,267,267,301,301,301,336,350,350,78,98,111,135,155,194,194,194,307,307,319,332,332,342,342,360,378,391,418,418,418,430,450,492,517,528,581,601,627,645,661,541,564,577,586,586,586,586,586,25,53,53],"floor_reached":82,"language":"ZHS","playtime":2579,"items_purged":["Defend_P","Defend_P","Strike_P+1","Strike_P+1","Strike_P+1"],"score":1905,"play_id":"0cb5d863-e2f2-4483-bbcd-4ad2afb9073b","local_time":"20210218181330","is_ascension_mode":true,"campfire_choices":[{"data":"Eruption","floor":9.0,"key":"SMITH"},{"data":"Adaptation","floor":21.0,"key":"SMITH"},{"floor":31.0,"key":"RECALL"},{"data":"Deep Breath","floor":33.0,"key":"SMITH"},{"data":"InnerPeace","floor":39.0,"key":"SMITH"},{"data":"FlurryOfBlows","floor":46.0,"key":"SMITH"},{"floor":47.0,"key":"REST"},{"floor":59,"key":"REST"},{"floor":74,"key":"REST"},{"floor":75,"key":"REST"},{"floor":78,"key":"REST"}],"circlet_count":0,"master_deck":["Strike_P+1","Defend_P+1","Defend_P+1","Eruption+1","Vigilance+1","LessonLearned+1","FearNoEvil+1","Prostrate+1","InnerPeace+1","Prostrate+1","Study+1","BattleHymn+1","Adaptation+1","Omniscience+1","MentalFortress+1","DeusExMachina+1","Deep Breath+1","MentalFortress+1","Brilliance+1","Fasting2+1","Pray+1","FlurryOfBlows+1","Vault+1","EmptyMind+1","ClearTheMind+1","Madness","Madness","Adaptation+1","EmptyMind+1","Establishment","MentalFortress"],"relics":["HolyWater","Pear","Dream Catcher","Orichalcum","Gambling Chip","The Courier","Lantern","ClockworkSouvenir","Eternal Feather","Omamori","CeramicFish","White Beast Statue","Bird Faced Urn","Bag of Marbles","Ancient Tea Set","Fusion Hammer","Bronze Scales","Mercury Hourglass","Damaru","Pocketwatch","Whetstone","Anchor","Bag of Preparation","Thread and Needle"],"acts_visited":["Exordium","TheCity","TheBeyond","TheEnding"],"potions_floor_usage":[61,70,81,81,81,81,81,81,81,81,81],"damage_taken":[{"damage":4.0,"enemies":"Small Slimes","floor":1.0,"turns":5.0},{"damage":0.0,"enemies":"Cultist","floor":2.0,"turns":2.0},{"damage":0.0,"enemies":"2 Louse","floor":4.0,"turns":2.0},{"damage":1.0,"enemies":"Looter","floor":5.0,"turns":4.0},{"damage":1.0,"enemies":"Large Slime","floor":6.0,"turns":5.0},{"damage":10.0,"enemies":"3 Sentries","floor":8.0,"turns":10.0},{"damage":0.0,"enemies":"Gremlin Nob","floor":10.0,"turns":2.0},{"damage":0.0,"enemies":"Exordium Thugs","floor":11.0,"turns":3.0},{"damage":1.0,"enemies":"3 Sentries","floor":14.0,"turns":5.0},{"damage":3.0,"enemies":"Lots of Slimes","floor":16.0,"turns":5.0},{"damage":0.0,"enemies":"2 Fungi Beasts","floor":17.0,"turns":3.0},{"damage":0.0,"enemies":"Gremlin Nob","floor":19.0,"turns":3.0},{"damage":0.0,"enemies":"Gremlin Gang","floor":20.0,"turns":3.0},{"damage":0.0,"enemies":"Slime Boss","floor":22.0,"turns":6.0},{"damage":5.0,"enemies":"2 Thieves","floor":24.0,"turns":3.0},{"damage":1.0,"enemies":"Spheric Guardian","floor":25.0,"turns":4.0},{"damage":6.0,"enemies":"Snake Plant","floor":26.0,"turns":3.0},{"damage":8.0,"enemies":"Book of Stabbing","floor":30.0,"turns":4.0},{"damage":7.0,"enemies":"Gremlin Leader","floor":34.0,"turns":4.0},{"damage":0.0,"enemies":"Book of Stabbing","floor":37.0,"turns":5.0},{"damage":0.0,"enemies":"Snecko","floor":38.0,"turns":4.0},{"damage":0.0,"enemies":"Centurion and Healer","floor":41.0,"turns":5.0},{"damage":4.0,"enemies":"Cultist and Chosen","floor":42.0,"turns":4.0},{"damage":8.0,"enemies":"3 Cultists","floor":43.0,"turns":4.0},{"damage":0.0,"enemies":"Centurion and Healer","floor":44.0,"turns":2.0},{"damage":17.0,"enemies":"Slavers","floor":45.0,"turns":5.0},{"damage":0.0,"enemies":"Champ","floor":48.0,"turns":4.0},{"damage":0.0,"enemies":"3 Darklings","floor":50.0,"turns":2.0},{"damage":3.0,"enemies":"Orb Walker","floor":51.0,"turns":4.0},{"damage":2.0,"enemies":"Writhing Mass","floor":53.0,"turns":3.0},{"damage":0.0,"enemies":"Spire Growth","floor":55.0,"turns":5.0},{"damage":0.0,"enemies":"4 Shapes","floor":56.0,"turns":6.0},{"damage":14.0,"enemies":"Sphere and 2 Shapes","floor":57.0,"turns":4.0},{"damage":24.0,"enemies":"Reptomancer","floor":58.0,"turns":5.0},{"damage":0,"enemies":"3 Darklings","floor":61,"turns":3},{"damage":22,"enemies":"Maw","floor":62,"turns":4},{"damage":0,"enemies":"Giant Head","floor":63,"turns":3},{"damage":0,"enemies":"4 Shapes","floor":65,"turns":4},{"damage":2,"enemies":"2 Orb Walkers","floor":66,"turns":4},{"damage":0,"enemies":"Sphere and 2 Shapes","floor":67,"turns":4},{"damage":21,"enemies":"Nemesis","floor":68,"turns":4},{"damage":0,"enemies":"Writhing Mass","floor":70,"turns":3},{"damage":0,"enemies":"Transient","floor":72,"turns":6},{"damage":0,"enemies":"Spire Growth","floor":73,"turns":3},{"damage":14,"enemies":"Time Eater","floor":76,"turns":7},{"damage":4,"enemies":"Shield and Spear","floor":80,"turns":4},{"damage":0,"enemies":"The Heart","floor":81,"turns":7}],"seed_played":"-8110646956804563958","potions_obtained":[{"floor":1.0,"key":"DuplicationPotion"},{"floor":2.0,"key":"DistilledChaos"},{"floor":4.0,"key":"FearPotion"},{"floor":8.0,"key":"BottledMiracle"},{"floor":25.0,"key":"PowerPotion"},{"floor":34.0,"key":"EssenceOfSteel"},{"floor":37.0,"key":"FearPotion"},{"floor":56.0,"key":"ColorlessPotion"},{"floor":61,"key":"GamblersBrew"},{"floor":67,"key":"Ambrosia"},{"floor":68,"key":"EntropicBrew"},{"floor":70,"key":"Explosive Potion"},{"floor":72,"key":"Swift Potion"}],"is_trial":false,"path_per_floor":["M","M","$","M","M","M","$","E","R","E","M","T","T","E","?","M","M","T","E","M","R","B",null,"M","M","M","$","?","?","E","R","?","R","E","T","T","E","M","R","$","M","M","M","M","E","R","R","B",null,"M","M","?","M","?","M","M","M","E","R","?","M","M","E","T","M","?","M","E","?","M","$","M","M","R","R","B",null,"R","$","E","B",null],"character_chosen":"WATCHER","items_purchased":["ClockworkSouvenir","Brilliance","Fasting2","Anchor","Bag of Preparation","Establishment","MentalFortress"],"campfire_rested":5,"item_purchase_floors":[27,40,40,79,79,79,79],"current_hp_per_floor":[61,61,61,61,60,59,59,59,59,59,59,59,59,58,58,55,55,55,55,55,55,55,75,70,69,63,63,63,63,55,64,64,75,68,68,68,75,75,75,75,75,75,73,75,66,75,75,75,75,75,75,75,75,75,75,75,65,51,75,75,75,57,69,69,75,75,75,56,47,57,57,71,75,75,75,71,75,75,75,75,75],"gold":53,"neow_bonus":"THREE_RARE_CARDS","is_daily":false,"chose_seed":false,"campfire_upgraded":5,"win_rate":0.0,"timestamp":1613643210,"path_taken":["M","M","$","M","M","M","$","E","R","E","M","T","T","E","?","?","M","?","E","M","R","BOSS","M","M","M","$","?","?","E","R","?","R","E","T","T","E","M","R","$","?","M","?","M","E","R","R","BOSS","M","M","?","M","?","M","?","M","E","R","?","M","M","E","T","M","?","M","E","?","M","$","M","M","R","R","BOSS","R","$","E","BOSS"],"items_purchased_type":["Relic","Card","Card","Relic","Relic","Card","Card"],"build_version":"2020-12-22","purchased_purges":5,"victory":true,"max_hp_per_floor":[65,65,65,65,65,65,65,75,75,75,75,75,75,75,75,75,75,75,75,75,75,75,75,75,75,75,75,75,75,75,75,75,75,75,75,75,75,75,75,75,75,75,75,75,75,75,75,75,75,75,75,75,75,75,75,75,75,75,75,75,75,75,75,75,75,75,75,75,75,75,75,75,75,75,75,75,75,75,75,75,75],"card_choices":[{"not_picked":["SpiritShield","Brilliance"],"picked":"LessonLearned","floor":0.0},{"not_picked":["Weave","Wireheading"],"picked":"FearNoEvil","floor":1.0},{"not_picked":["ClearTheMind","ForeignInfluence"],"picked":"Wallop","floor":2.0},{"not_picked":["WindmillStrike","Meditate"],"picked":"Prostrate","floor":4.0},{"not_picked":["FlyingSleeves","Weave","ThirdEye"],"picked":"SKIP","floor":5.0},{"not_picked":["ClearTheMind","Swivel"],"picked":"InnerPeace","floor":6.0},{"not_picked":["Halt","FollowUp","Conclude"],"picked":"SKIP","floor":8.0},{"not_picked":["Worship","SashWhip"],"picked":"Prostrate","floor":10.0},{"not_picked":["Wireheading","CutThroughFate","Meditate"],"picked":"SKIP","floor":11.0},{"not_picked":["EmptyBody","Judgement"],"picked":"Study","floor":14.0},{"not_picked":["WreathOfFlame","Collect"],"picked":"BattleHymn","floor":16.0},{"not_picked":["Prostrate","LikeWater","Swivel"],"picked":"SKIP","floor":17.0},{"not_picked":["Protect","LikeWater"],"picked":"Adaptation","floor":19.0},{"not_picked":["Crescendo","FlyingSleeves","CarveReality"],"picked":"SKIP","floor":20.0},{"not_picked":["ConjureBlade","Alpha"],"picked":"Omniscience","floor":22.0},{"not_picked":["Prostrate","PathToVictory","CrushJoints+1"],"picked":"SKIP","floor":24.0},{"not_picked":["Halt","CrushJoints","FollowUp"],"picked":"SKIP","floor":25.0},{"not_picked":["ThirdEye","Perseverance+1","Weave"],"picked":"SKIP","floor":26.0},{"not_picked":["Devotion","ReachHeaven"],"picked":"MentalFortress+1","floor":30.0},{"not_picked":["SpiritShield","Worship+1"],"picked":"MentalFortress","floor":34.0},{"not_picked":["CutThroughFate","Conclude","PathToVictory+1"],"picked":"SKIP","floor":37.0},{"not_picked":["CutThroughFate","Conclude","PathToVictory+1"],"picked":"SKIP","floor":37.0},{"not_picked":["Halt","CarveReality+1","BowlingBash"],"picked":"SKIP","floor":38.0},{"not_picked":["Halt","Protect","SashWhip"],"picked":"SKIP","floor":41.0},{"not_picked":["Fasting2+1","ClearTheMind","Wireheading"],"picked":"SKIP","floor":42.0},{"not_picked":["Nirvana+1","Halt+1"],"picked":"Pray","floor":43.0},{"not_picked":["Pray","JustLucky","EmptyFist"],"picked":"SKIP","floor":44.0},{"not_picked":["Alpha","Consecrate"],"picked":"FlurryOfBlows","floor":45.0},{"not_picked":["Brilliance","LessonLearned"],"picked":"Vault","floor":48.0},{"not_picked":["Evaluate","Vengeance","EmptyFist"],"picked":"SKIP","floor":50.0},{"not_picked":["LikeWater","Evaluate+1","Protect+1"],"picked":"SKIP","floor":51.0},{"not_picked":["Study+1","Prostrate","JustLucky"],"picked":"SKIP","floor":53.0},{"not_picked":["Evaluate","EmptyFist","CrushJoints+1"],"picked":"SKIP","floor":55.0},{"not_picked":["EmptyFist+1","Prostrate","CrushJoints"],"picked":"SKIP","floor":56.0},{"not_picked":["Prostrate+1","Blasphemy","SashWhip+1"],"picked":"SKIP","floor":57.0},{"not_picked":["CrushJoints","Pray","FlurryOfBlows+1"],"picked":"SKIP","floor":58.0},{"not_picked":["PathToVictory","JustLucky","ReachHeaven"],"picked":"SKIP","floor":61},{"not_picked":["LessonLearned","CarveReality+1"],"picked":"EmptyMind","floor":62},{"not_picked":["MentalFortress","Study+1"],"picked":"ClearTheMind+1","floor":63},{"not_picked":["PathToVictory+1","EmptyBody","Evaluate+1"],"picked":"SKIP","floor":65},{"not_picked":["Consecrate+1","Crescendo+1","FlyingSleeves+1"],"picked":"SKIP","floor":67},{"not_picked":["Wireheading+1","FollowUp","InnerPeace"],"picked":"SKIP","floor":68},{"not_picked":["Vengeance","Consecrate","Conclude"],"picked":"SKIP","floor":70},{"not_picked":["Tantrum","PathToVictory+1"],"picked":"Adaptation+1","floor":72},{"not_picked":["Fasting2+1","BowlingBash+1","FlyingSleeves"],"picked":"SKIP","floor":73},{"not_picked":["FearNoEvil","Indignation"],"picked":"EmptyMind+1","floor":74},{"not_picked":["EmptyFist","PathToVictory","WaveOfTheHand+1"],"picked":"SKIP","floor":80}],"player_experience":2485441,"relics_obtained":[{"floor":8.0,"key":"Pear"},{"floor":10.0,"key":"Dream Catcher"},{"floor":12.0,"key":"Orichalcum"},{"floor":14.0,"key":"Gambling Chip"},{"floor":18.0,"key":"The Courier"},{"floor":19.0,"key":"Lantern"},{"floor":30.0,"key":"Omamori"},{"floor":34.0,"key":"CeramicFish"},{"floor":35.0,"key":"White Beast Statue"},{"floor":36.0,"key":"Bird Faced Urn"},{"floor":37.0,"key":"Bag of Marbles"},{"floor":45.0,"key":"Ancient Tea Set"},{"floor":58.0,"key":"Bronze Scales"},{"floor":63,"key":"Mercury Hourglass"},{"floor":64,"key":"Damaru"},{"floor":66,"key":"Pocketwatch"},{"floor":68,"key":"Whetstone"},{"floor":80,"key":"Thread and Needle"}],"event_choices":[{"damage_healed":0.0,"max_hp_gain":0.0,"max_hp_loss":0.0,"gold_gain":0.0,"event_name":"NoteForYourself","player_choice":"Ignored","floor":15.0,"gold_loss":0.0,"damage_taken":0.0},{"damage_healed":0.0,"max_hp_gain":0.0,"max_hp_loss":0.0,"gold_gain":99.0,"event_name":"Nest","player_choice":"Stole From Cult","floor":28.0,"gold_loss":0.0,"damage_taken":0.0},{"damage_healed":0.0,"max_hp_gain":0.0,"max_hp_loss":0.0,"gold_gain":0.0,"event_name":"Addict","player_choice":"Obtained Relic","floor":29.0,"gold_loss":85.0,"damage_taken":0.0,"relics_obtained":["Eternal Feather"]},{"damage_healed":0.0,"max_hp_gain":0.0,"max_hp_loss":0.0,"gold_gain":0.0,"event_name":"Match and Keep!","player_choice":"2 cards matched","floor":32.0,"gold_loss":0.0,"damage_taken":0.0,"cards_obtained":["DeusExMachina","Deep Breath"]},{"cards_removed":["Wallop"],"damage_healed":0.0,"max_hp_gain":0.0,"max_hp_loss":0.0,"gold_gain":0.0,"event_name":"Falling","player_choice":"Removed Attack","floor":52.0,"gold_loss":0.0,"damage_taken":0.0},{"damage_healed":0.0,"max_hp_gain":0.0,"max_hp_loss":0.0,"gold_gain":0.0,"event_name":"The Woman in Blue","player_choice":"Bought 0 Potions","floor":54.0,"gold_loss":0.0,"damage_taken":0.0},{"damage_healed":0,"gold_gain":0,"player_choice":"Ignored","damage_taken":0,"max_hp_gain":0,"max_hp_loss":0,"event_name":"Tomb of Lord Red Mask","floor":60,"gold_loss":0},{"damage_healed":0,"gold_gain":0,"player_choice":"Fight","damage_taken":0,"max_hp_gain":0,"max_hp_loss":0,"event_name":"Mysterious Sphere","floor":66,"gold_loss":0},{"damage_healed":0,"gold_gain":0,"player_choice":"Embrace Madness","damage_taken":9,"max_hp_gain":0,"max_hp_loss":0,"event_name":"Winding Halls","floor":69,"gold_loss":0,"cards_obtained":["Madness","Madness"]}],"is_beta":false,"boss_relics":[{"not_picked":["Runic Dome","Philosopher\u0027s Stone"],"picked":"HolyWater"},{"not_picked":["Velvet Choker","Busted Crown"],"picked":"Fusion Hammer"}],"items_purged_floors":[3,27,40,71,79],"is_endless":false,"potions_floor_spawned":[1,2,4,8,14,19,20,25,26,34,37,38,41,42,43,44,45,48,50,51,53,55,56,57,58,61,62,63,65,66,67,68,70,72,73,80],"ascension_level":1}}