{"host":"97k3n5kp0psabqmo","time":1613667796,"event":{"mods":["BaseMod","Colored Powertips","Minty Spire (QoL Compilation)"],"gold_per_floor":[115,115,290,290,26,56,56,81,81,81,81,95,153,153,153,276,276,294,219,239,139,154,154,154],"floor_reached":23,"language":"ENG","playtime":787,"items_purged":["Doubt","Defend_R"],"score":234,"play_id":"04150727-56d8-4fa7-99ed-d2df2369d277","local_time":"20210218120316","is_ascension_mode":true,"campfire_choices":[{"data":"Whirlwind","floor":7,"key":"SMITH"},{"floor":10,"key":"REST"},{"floor":15,"key":"REST"}],"circlet_count":0,"master_deck":["Strike_R","Strike_R","Strike_R","Strike_R","Defend_R+1","Defend_R","Bash","Armaments+1","Disarm","Whirlwind+1","Shrug It Off","True Grit+1","Barricade","True Grit+1","Dark Embrace","True Grit+1"],"relics":["Burning Blood","Pen Nib","Ancient Tea Set","Orichalcum","PreservedInsect","Toxic Egg 2","Dead Branch","Golden Idol","Sozu"],"acts_visited":["Exordium","TheCity"],"potions_floor_usage":[16,23],"damage_taken":[{"damage":6,"enemies":"Cultist","floor":1,"turns":3},{"damage":42,"enemies":"3 Sentries","floor":6,"turns":9},{"damage":20,"enemies":"Gremlin Nob","floor":8,"turns":4},{"damage":0,"enemies":"2 Louse","floor":12,"turns":1},{"damage":10,"enemies":"Gremlin Nob","floor":13,"turns":3},{"damage":18,"enemies":"The Guardian","floor":16,"turns":10},{"damage":27,"enemies":"Spheric Guardian","floor":18,"turns":6},{"damage":4,"enemies":"Shell Parasite","floor":20,"turns":6},{"damage":20,"enemies":"Centurion and Healer","floor":22,"turns":7},{"damage":47,"enemies":"Slavers","floor":23,"turns":5}],"seed_played":"-6714412128687697134","potions_obtained":[{"floor":1,"key":"ElixirPotion"},{"floor":8,"key":"SpeedPotion"},{"floor":13,"key":"ColorlessPotion"}],"is_trial":false,"path_per_floor":["M","?","?","?","$","E","R","E","T","R","$","M","?","?","R","B",null,"M","?","M","$","M","E"],"character_chosen":"IRONCLAD","items_purchased":["Ancient Tea Set","Disarm"],"campfire_rested":2,"item_purchase_floors":[5,5],"current_hp_per_floor":[80,80,80,64,64,28,28,14,14,38,38,44,40,20,44,32,80,59,59,61,61,47,0,0],"gold":154,"neow_bonus":"RANDOM_COMMON_RELIC","is_daily":false,"chose_seed":false,"campfire_upgraded":1,"win_rate":0.0,"timestamp":1613667796,"path_taken":["M","?","?","?","$","E","R","E","T","R","?","?","?","?","R","BOSS","M","?","M","$","M","E"],"items_purchased_type":["Relic","Card"],"build_version":"2020-12-22","purchased_purges":2,"victory":false,"max_hp_per_floor":[80,80,80,80,80,80,80,80,80,80,80,80,80,80,80,80,80,80,80,80,80,80,80,80],"card_choices":[{"not_picked":["Carnage","Spot Weakness"],"picked":"Armaments","floor":1},{"not_picked":["Shrug It Off","Demon Form"],"picked":"Whirlwind","floor":6},{"not_picked":["Disarm","Sword Boomerang"],"picked":"Shrug It Off","floor":8},{"not_picked":["Blood for Blood","Whirlwind","Carnage"],"picked":"SKIP","floor":12},{"not_picked":["Havoc+1","Clash"],"picked":"True Grit+1","floor":13},{"not_picked":["Offering+1","Juggernaut"],"picked":"Barricade","floor":16},{"not_picked":["Intimidate+1","Rage+1"],"picked":"True Grit+1","floor":18},{"not_picked":["Fire Breathing+1","Armaments+1"],"picked":"Dark Embrace","floor":20},{"not_picked":["Heavy Blade","Flex+1"],"picked":"True Grit+1","floor":22}],"player_experience":94948,"relics_obtained":[{"floor":6,"key":"Orichalcum"},{"floor":8,"key":"PreservedInsect"},{"floor":9,"key":"Toxic Egg 2"},{"floor":13,"key":"Dead Branch"}],"event_choices":[{"cards_removed":["Defend_R"],"damage_healed":0,"gold_gain":0,"player_choice":"Forget","damage_taken":0,"max_hp_gain":0,"max_hp_loss":0,"event_name":"Living Wall","floor":2,"gold_loss":0},{"damage_healed":0,"gold_gain":175,"player_choice":"AGREE","damage_taken":0,"max_hp_gain":0,"max_hp_loss":0,"event_name":"Liars Game","floor":3,"gold_loss":0,"cards_obtained":["Doubt"]},{"damage_healed":0,"gold_gain":0,"player_choice":"Entered Light","damage_taken":16,"max_hp_gain":0,"max_hp_loss":0,"event_name":"Shining Light","floor":4,"gold_loss":0,"cards_upgraded":["Defend_R","Armaments"]},{"damage_healed":0,"gold_gain":0,"player_choice":"Searched \u00271\u0027 times","damage_taken":0,"max_hp_gain":0,"max_hp_loss":0,"event_name":"Dead Adventurer","floor":13,"gold_loss":0},{"damage_healed":0,"gold_gain":0,"player_choice":"Take Damage","damage_taken":20,"relics_obtained":["Golden Idol"],"max_hp_gain":0,"max_hp_loss":0,"event_name":"Golden Idol","floor":14,"gold_loss":0},{"cards_removed":["Strike_R"],"damage_healed":0,"gold_gain":0,"player_choice":"Gave Gold","damage_taken":0,"max_hp_gain":0,"max_hp_loss":0,"event_name":"Beggar","floor":19,"gold_loss":75}],"is_beta":false,"boss_relics":[{"not_picked":["Ectoplasm","Black Star"],"picked":"Sozu"}],"items_purged_floors":[5,21],"is_endless":false,"potions_floor_spawned":[1,8,13,20,22],"killed_by":"Slavers","ascension_level":4}}