{"host":"xp27heuvanyklt0b","time":1613644343,"event":{"mods":["100% Spire Juice","BaseMod","CapriCore","Koishi","Lobotomy","Minty Spire (QoL Compilation)","StSLib","The Immortal"],"gold_per_floor":[119,130,140,153,43,75,75,86,86,86,86,99,99,29,29,124,124,139,139,149,149,54,54,88,88,88,118,138,138,148,148,148,248,248,263,281,128,138,58,58,58,58],"floor_reached":41,"language":"KOR","playtime":1955,"items_purged":[],"score":478,"play_id":"b39176a8-8ae4-4411-b46a-b028de660d17","local_time":"20210218193222","is_ascension_mode":true,"campfire_choices":[{"data":"Envenom","floor":7,"key":"SMITH"},{"data":"Dash","floor":10,"key":"SMITH"},{"data":"Distraction","floor":15,"key":"SMITH"},{"data":"Venomology","floor":23,"key":"SMITH"},{"floor":25,"key":"REST"},{"floor":32,"key":"REST"},{"floor":40,"key":"REST"}],"circlet_count":0,"master_deck":["Strike_G+1","Strike_G+1","Strike_G+1","Strike_G+1","Defend_G+1","Defend_G+1","Defend_G+1","Defend_G+1","Defend_G+1","Survivor","Neutralize","Envenom+1","Sucker Punch","Blade Dance","Dagger Spray","Bane","Footwork","Dash+1","Riddle With Holes","Deadly Poison","Distraction+1","Acrobatics","Poisoned Stab","Slice","Venomology+1","Quick Slash+1","Catalyst","Noxious Fumes","Crippling Poison","Die Die Die","A Thousand Cuts","Acrobatics","Eviscerate+1","Parasite","Backflip","Tactician"],"relics":["Ring of the Snake","Mummified Hand","Blood Vial","Ginger","Nloth\u0027s Gift","HoveringKite","Snake Skull"],"acts_visited":["Exordium","TheCity","TheBeyond"],"potions_floor_usage":[18,24,24,27,27,33,33,38,38,38,38,41],"damage_taken":[{"damage":2,"enemies":"Small Slimes","floor":1,"turns":4},{"damage":1,"enemies":"Cultist","floor":2,"turns":4},{"damage":3,"enemies":"2 Louse","floor":3,"turns":3},{"damage":0,"enemies":"Looter","floor":4,"turns":4},{"damage":38,"enemies":"3 Sentries","floor":6,"turns":10},{"damage":0,"enemies":"2 Fungi Beasts","floor":8,"turns":4},{"damage":6,"enemies":"Lots of Slimes","floor":12,"turns":5},{"damage":14,"enemies":"Slime Boss","floor":16,"turns":10},{"damage":11,"enemies":"2 Thieves","floor":18,"turns":4},{"damage":0,"enemies":"Shell Parasite","floor":20,"turns":4},{"damage":23,"enemies":"Book of Stabbing","floor":24,"turns":7},{"damage":20,"enemies":"Slavers","floor":27,"turns":6},{"damage":0,"enemies":"Centurion and Healer","floor":28,"turns":6},{"damage":4,"enemies":"Snecko","floor":30,"turns":4},{"damage":76,"enemies":"Collector","floor":33,"turns":9},{"damage":34,"enemies":"3 Darklings","floor":35,"turns":6},{"damage":22,"enemies":"3 Shapes","floor":36,"turns":5},{"damage":11,"enemies":"Writhing Mass","floor":38,"turns":5},{"damage":36,"enemies":"Spire Growth","floor":41,"turns":3}],"seed_played":"-4064616047445490450","potions_obtained":[{"floor":1,"key":"Poison Potion"},{"floor":8,"key":"AttackPotion"},{"floor":12,"key":"Weak Potion"},{"floor":18,"key":"DuplicationPotion"},{"floor":24,"key":"ColorlessPotion"},{"floor":30,"key":"Strength Potion"},{"floor":33,"key":"Energy Potion"},{"floor":38,"key":"EssenceOfSteel"}],"is_trial":false,"path_per_floor":["M","M","M","M","$","E","R","M","T","R","?","M","?","$","R","B",null,"M","?","M","?","$","R","E","R","T","E","M","?","M","?","R","B",null,"M","M","$","M","$","R","M"],"character_chosen":"THE_SILENT","items_purchased":["Footwork","Dash","Poisoned Stab","Slice","FairyPotion","Snake Skull","Tactician"],"campfire_rested":3,"item_purchase_floors":[5,5,14,14,22,37,39],"current_hp_per_floor":[68,67,64,64,64,26,26,26,26,26,26,20,20,20,20,31,70,59,59,59,46,46,46,23,45,45,27,29,29,27,27,49,2,75,41,21,21,12,12,34,0,0],"gold":58,"neow_bonus":"ONE_RANDOM_RARE_CARD","is_daily":false,"chose_seed":false,"campfire_upgraded":4,"win_rate":0.0,"timestamp":1613644342,"path_taken":["M","M","M","M","$","E","R","M","T","R","?","?","?","$","R","BOSS","M","?","M","?","$","R","E","R","T","E","M","?","?","?","R","BOSS","M","M","$","?","$","R","M"],"items_purchased_type":["Card","Card","Card","Card","Potion","Relic","Card"],"build_version":"2020-12-22","purchased_purges":0,"victory":false,"max_hp_per_floor":[70,70,70,70,70,70,70,70,70,70,70,70,70,70,70,70,70,70,70,70,75,75,75,75,75,75,75,75,75,75,75,75,75,75,75,75,75,75,75,75,75,75],"card_choices":[{"not_picked":["Endless Agony","PiercingWail"],"picked":"Sucker Punch","floor":1},{"not_picked":["Quick Slash","Dagger Throw"],"picked":"Blade Dance","floor":2},{"not_picked":["Escape Plan","Backstab"],"picked":"Dagger Spray","floor":3},{"not_picked":["Deflect","Acrobatics"],"picked":"Bane","floor":4},{"not_picked":["Burst","Cloak And Dagger"],"picked":"Riddle With Holes","floor":6},{"not_picked":["Sucker Punch","Eviscerate"],"picked":"Deadly Poison","floor":8},{"not_picked":["PiercingWail","Deadly Poison"],"picked":"Distraction","floor":12},{"not_picked":["Storm of Steel","Wraith Form v2"],"picked":"Venomology","floor":16},{"not_picked":["Caltrops","Blade Dance"],"picked":"Quick Slash+1","floor":18},{"not_picked":["Flying Knee","Quick Slash","Prepared+1"],"picked":"SKIP","floor":20},{"not_picked":["Quick Slash","Reflex+1"],"picked":"Catalyst","floor":24},{"not_picked":["Flechettes","Crippling Poison"],"picked":"Noxious Fumes","floor":27},{"not_picked":["PiercingWail","Poisoned Stab"],"picked":"Crippling Poison","floor":28},{"not_picked":["Caltrops+1","Underhanded Strike"],"picked":"Die Die Die","floor":30},{"not_picked":["Grand Finale","Malaise"],"picked":"A Thousand Cuts","floor":33},{"not_picked":["Endless Agony+1","Outmaneuver+1"],"picked":"Acrobatics","floor":35},{"not_picked":["Expertise","Quick Slash"],"picked":"Eviscerate+1","floor":36},{"not_picked":["Flying Knee","Heel Hook"],"picked":"Backflip","floor":38}],"player_experience":330045,"relics_obtained":[{"floor":6,"key":"Mummified Hand"},{"floor":9,"key":"Pantograph"},{"floor":24,"key":"Blood Vial"},{"floor":27,"key":"Ginger"}],"event_choices":[{"damage_healed":0,"gold_gain":0,"player_choice":"Ignored","damage_taken":0,"max_hp_gain":0,"max_hp_loss":0,"event_name":"Purifier","floor":11,"gold_loss":0},{"damage_healed":0,"gold_gain":0,"cards_transformed":["Strike_G"],"player_choice":"Change","damage_taken":0,"max_hp_gain":0,"max_hp_loss":0,"event_name":"Living Wall","floor":13,"gold_loss":0,"cards_obtained":["Acrobatics"]},{"damage_healed":0,"gold_gain":0,"player_choice":"Simplicity","damage_taken":0,"max_hp_gain":0,"max_hp_loss":0,"event_name":"Back to Basics","floor":19,"gold_loss":0,"cards_upgraded":["Strike_G","Strike_G","Strike_G","Strike_G","Defend_G","Defend_G","Defend_G","Defend_G","Defend_G"]},{"damage_healed":0,"gold_gain":0,"player_choice":"Shed Blood","damage_taken":18,"max_hp_gain":5,"max_hp_loss":0,"event_name":"Forgotten Altar","floor":21,"gold_loss":0},{"damage_healed":0,"gold_gain":0,"player_choice":"Traded Relic","damage_taken":0,"relics_obtained":["Nloth\u0027s Gift"],"max_hp_gain":0,"max_hp_loss":0,"event_name":"N\u0027loth","floor":29,"relics_lost":["Pantograph"],"gold_loss":0},{"damage_healed":0,"gold_gain":0,"player_choice":"Leave","damage_taken":0,"max_hp_gain":0,"max_hp_loss":0,"event_name":"FaceTrader","floor":31,"gold_loss":0}],"is_beta":false,"boss_relics":[{"not_picked":["Busted Crown","Philosopher\u0027s Stone","Runic Dome"]},{"not_picked":["Snecko Eye","Fusion Hammer"],"picked":"HoveringKite"}],"items_purged_floors":[],"is_endless":false,"potions_floor_spawned":[1,8,12,18,24,30,33,38],"killed_by":"Spire Growth","ascension_level":1}}