{"host":"2mb887pelv9ua2b0","time":1613683160,"event":{"mods":["AchievementEnabler","BaseMod","Colored Map","Keyboard Shortcuts","Minty Spire (QoL Compilation)","Quick Restart","Relic Stats","StSLib","SuperFastMode","everything is the same but u backflip on backflip"],"gold_per_floor":[111,111,111,36,186,186,211,211,211,228,51,64,78,92,92,165,165,178,192,192,192,192,192],"floor_reached":22,"language":"KOR","playtime":367,"items_purged":["Defend_G","Doubt"],"score":418,"play_id":"33fa7be3-19b5-4bfc-a0e5-b033120af21d","local_time":"20210219061920","is_ascension_mode":true,"campfire_choices":[{"data":"Survivor","floor":6.0,"key":"SMITH"},{"data":"Infinite Blades","floor":8.0,"key":"SMITH"},{"data":"Deadly Poison","floor":15.0,"key":"SMITH"}],"circlet_count":0,"master_deck":["AscendersBane","Strike_G","Strike_G+1","Defend_G","Defend_G","Defend_G","Survivor+1","Neutralize+1","Infinite Blades+1","Eviscerate","Well Laid Plans+1","Calculated Gamble","Deadly Poison+1","Backflip","After Image+1","Deadly Poison+1","Glass Knife+1","Eviscerate+1","Calculated Gamble","Prepared"],"relics":["Ring of the Snake","NeowsBlessing","Bronze Scales","Frozen Egg 2","Astrolabe"],"acts_visited":["Exordium","TheCity"],"potions_floor_usage":[22,22],"damage_taken":[{"damage":0.0,"enemies":"Small Slimes","floor":1.0,"turns":1.0},{"damage":0.0,"enemies":"3 Sentries","floor":7.0,"turns":1.0},{"damage":0.0,"enemies":"2 Louse","floor":10.0,"turns":1.0},{"damage":0.0,"enemies":"Jaw Worm","floor":12.0,"turns":4.0},{"damage":10.0,"enemies":"Lots of Slimes","floor":13.0,"turns":4.0},{"damage":5.0,"enemies":"Red Slaver","floor":14.0,"turns":4.0},{"damage":13.0,"enemies":"Hexaghost","floor":16.0,"turns":9.0},{"damage":14.0,"enemies":"Shell Parasite","floor":18.0,"turns":4.0},{"damage":11.0,"enemies":"3 Byrds","floor":19.0,"turns":2.0},{"damage":13,"enemies":"Cultist and Chosen","floor":22,"turns":3}],"seed_played":"-1793204557569420272","potions_obtained":[{"floor":7.0,"key":"CunningPotion"},{"floor":12.0,"key":"Dexterity Potion"},{"floor":16.0,"key":"CultistPotion"},{"floor":18.0,"key":"Poison Potion"}],"is_trial":false,"path_per_floor":["M","?","?","$","?","R","E","R","T","M","$","M","M","M","R","B",null,"M","M","?","?","M"],"character_chosen":"THE_SILENT","items_purchased":["Well Laid Plans+1"],"campfire_rested":0,"item_purchase_floors":[11],"current_hp_per_floor":[59,52,32,32,32,32,32,32,32,32,32,32,22,17,17,4,51,37,26,26,8,0,0],"gold":192,"neow_bonus":"THREE_ENEMY_KILL","is_daily":false,"chose_seed":false,"campfire_upgraded":3,"win_rate":0.0,"timestamp":1613683160,"path_taken":["M","?","?","$","?","R","E","R","T","M","$","M","M","M","R","BOSS","M","M","?","?","M"],"items_purchased_type":["Card"],"build_version":"2020-12-22","purchased_purges":2,"victory":false,"max_hp_per_floor":[66,66,66,66,66,66,66,66,66,66,66,66,66,66,66,66,66,66,66,66,71,71,71],"relic_stats":{"counters":[10,33],"Bronze Scales":[163],"Astrolabe":["Deadly Poison","Glass Knife","Eviscerate"],"obtain_stats":[{"NeowsBlessing":0,"Bronze Scales":7,"Astrolabe":17,"Frozen Egg 2":9,"Ring of the Snake":0},{"NeowsBlessing":0,"Bronze Scales":2,"Astrolabe":7,"Frozen Egg 2":2,"Ring of the Snake":0},{"NeowsBlessing":0,"Bronze Scales":2,"Astrolabe":24,"Frozen Egg 2":2,"Ring of the Snake":0}],"Ring of the Snake":[20]},"card_choices":[{"not_picked":["Flying Knee","Underhanded Strike","Dodge and Roll"],"picked":"SKIP","floor":1.0},{"not_picked":["Poisoned Stab","Flying Knee"],"picked":"Infinite Blades","floor":7.0},{"not_picked":["Prepared","Deflect"],"picked":"Eviscerate","floor":10.0},{"not_picked":["Dodge and Roll","Underhanded Strike"],"picked":"Calculated Gamble","floor":12.0},{"not_picked":["Dagger Spray","Endless Agony"],"picked":"Deadly Poison","floor":13.0},{"not_picked":["PiercingWail","Deflect"],"picked":"Backflip","floor":14.0},{"not_picked":["Adrenaline","Burst"],"picked":"After Image+1","floor":16.0},{"not_picked":["Infinite Blades+1","Acrobatics"],"picked":"Calculated Gamble","floor":18.0},{"not_picked":["Accuracy+1","Caltrops+1"],"picked":"Prepared","floor":19.0}],"player_experience":628294,"relics_obtained":[{"floor":7.0,"key":"Bronze Scales"},{"floor":9.0,"key":"Frozen Egg 2"}],"event_choices":[{"cards_removed":["Strike_G"],"damage_healed":0.0,"max_hp_gain":0.0,"max_hp_loss":0.0,"gold_gain":0.0,"event_name":"Golden Wing","player_choice":"Card Removal","floor":2.0,"gold_loss":0.0,"damage_taken":7.0},{"damage_healed":0.0,"max_hp_gain":0.0,"max_hp_loss":0.0,"gold_gain":0.0,"event_name":"Shining Light","player_choice":"Entered Light","floor":3.0,"gold_loss":0.0,"damage_taken":20.0,"cards_upgraded":["Strike_G","Neutralize"]},{"damage_healed":0.0,"max_hp_gain":0.0,"max_hp_loss":0.0,"gold_gain":150.0,"event_name":"Liars Game","player_choice":"AGREE","floor":5.0,"gold_loss":0.0,"damage_taken":0.0,"cards_obtained":["Doubt"]},{"damage_healed":0.0,"max_hp_gain":0.0,"max_hp_loss":0.0,"gold_gain":0.0,"event_name":"Cursed Tome","player_choice":"Ignored","floor":20.0,"gold_loss":0.0,"damage_taken":0.0},{"damage_healed":0.0,"max_hp_gain":5.0,"max_hp_loss":0.0,"gold_gain":0.0,"event_name":"Forgotten Altar","player_choice":"Shed Blood","floor":21.0,"gold_loss":0.0,"damage_taken":23.0}],"is_beta":false,"boss_relics":[{"not_picked":["Empty Cage","Busted Crown"],"picked":"Astrolabe"}],"items_purged_floors":[4,11],"is_endless":false,"potions_floor_spawned":[7,12,14,16,18],"killed_by":"Cultist and Chosen","ascension_level":20}}