{"host":"81iaqqr1ryudmr11","time":1613644990,"event":{"mods":["BaseMod","Highlight Path","Minty Spire (QoL Compilation)","Relic Stats"],"gold_per_floor":[17,17,17,17,17,56,74,108,108,141,26,26,59,83,83,203,203,227,152,152,177,189,201,201],"floor_reached":23,"language":"ENG","playtime":2750,"items_purged":["Defend_B"],"score":345,"play_id":"b3815dbc-690c-4ed8-9baf-fa8b6903b980","local_time":"20210218114310","is_ascension_mode":true,"campfire_choices":[{"data":"Rainbow","floor":12,"key":"SMITH"},{"data":"Darkness","floor":15,"key":"SMITH"}],"circlet_count":0,"master_deck":["Strike_B","Strike_B","Strike_B","Defend_B","Defend_B","Defend_B+1","Zap+1","Dualcast+1","FTL","Rainbow+1","Glacier","Coolheaded","Darkness+1","Glacier","Writhe","Ball Lightning"],"relics":["Cracked Core","Incense Burner","Golden Idol","HornCleat","War Paint","Thread and Needle","MealTicket","Dream Catcher","Dead Branch","Black Star","MawBank"],"acts_visited":["Exordium","TheCity"],"potions_floor_usage":[21,23,23],"damage_taken":[{"damage":2,"enemies":"Jaw Worm","floor":1,"turns":3},{"damage":10,"enemies":"Lagavulin","floor":6,"turns":6},{"damage":0,"enemies":"2 Louse","floor":7,"turns":2},{"damage":6,"enemies":"3 Sentries","floor":8,"turns":9},{"damage":0,"enemies":"Lagavulin","floor":10,"turns":7},{"damage":0,"enemies":"3 Sentries","floor":13,"turns":6},{"damage":3,"enemies":"Small Slimes","floor":14,"turns":3},{"damage":22,"enemies":"Hexaghost","floor":16,"turns":10},{"damage":5,"enemies":"2 Thieves","floor":18,"turns":5},{"damage":0,"enemies":"3 Byrds","floor":21,"turns":4},{"damage":62,"enemies":"Gremlin Leader","floor":23,"turns":8}],"seed_played":"7291612592326082837","potions_obtained":[{"floor":1,"key":"EssenceOfSteel"},{"floor":6,"key":"SneckoOil"},{"floor":13,"key":"Energy Potion"},{"floor":14,"key":"Swift Potion"},{"floor":16,"key":"PowerPotion"},{"floor":18,"key":"DuplicationPotion"}],"is_trial":false,"path_per_floor":["M","?","?","?","?","E","M","E","T","E","$","R","E","M","R","B",null,"M","?","?","M","?","E"],"character_chosen":"DEFECT","items_purchased":["Glacier"],"campfire_rested":0,"item_purchase_floors":[11],"current_hp_per_floor":[66,66,71,64,64,54,54,48,48,48,63,63,63,60,60,38,65,60,60,60,60,60,0,0],"gold":201,"neow_bonus":"ONE_RARE_RELIC","is_daily":false,"chose_seed":false,"campfire_upgraded":2,"win_rate":0.0,"timestamp":1613644990,"path_taken":["M","?","?","?","?","E","M","E","T","E","?","R","E","?","R","BOSS","M","?","?","M","?","E"],"items_purchased_type":["Card"],"build_version":"2020-12-22","purchased_purges":1,"victory":false,"max_hp_per_floor":[75,69,74,74,74,74,74,74,74,74,74,74,74,74,74,74,74,74,74,74,74,74,74,74],"relic_stats":{"Dream Catcher":0,"counters":[11,63],"Golden Idol":70,"Dead Branch":[0],"MealTicket":15,"Black Star":0,"War Paint":["Defend_B","Dualcast"],"MawBank":36,"obtain_stats":[{"Dream Catcher":10,"HornCleat":4,"Golden Idol":2,"Dead Branch":13,"Thread and Needle":8,"MealTicket":9,"Incense Burner":0,"Black Star":17,"War Paint":6,"Cracked Core":0,"MawBank":20},{"Dream Catcher":5,"HornCleat":1,"Golden Idol":1,"Dead Branch":6,"Thread and Needle":4,"MealTicket":4,"Incense Burner":0,"Black Star":8,"War Paint":2,"Cracked Core":0,"MawBank":9},{"Dream Catcher":27,"HornCleat":3,"Golden Idol":3,"Dead Branch":33,"Thread and Needle":20,"MealTicket":20,"Incense Burner":0,"Black Star":46,"War Paint":9,"Cracked Core":0,"MawBank":51}]},"card_choices":[{"not_picked":["White Noise","Streamline"],"picked":"FTL","floor":1},{"not_picked":["Steam","Turbo","Rebound"],"picked":"SKIP","floor":6},{"not_picked":["Barrage","Static Discharge","Turbo"],"picked":"SKIP","floor":7},{"not_picked":["Fusion","Double Energy","Heatsinks"],"picked":"SKIP","floor":8},{"not_picked":["Force Field","Sweeping Beam"],"picked":"Rainbow","floor":10},{"not_picked":["Sunder","Hologram"],"picked":"Coolheaded","floor":13},{"not_picked":["Compile Driver","Genetic Algorithm"],"picked":"Darkness","floor":14},{"not_picked":["Chaos","Force Field"],"picked":"Glacier","floor":18},{"not_picked":["Barrage","Skim+1"],"picked":"Ball Lightning","floor":21}],"player_experience":224257,"relics_obtained":[{"floor":6,"key":"War Paint"},{"floor":8,"key":"Thread and Needle"},{"floor":9,"key":"MealTicket"},{"floor":10,"key":"Dream Catcher"},{"floor":13,"key":"Dead Branch"}],"event_choices":[{"damage_healed":0,"gold_gain":0,"player_choice":"Lose Max HP","damage_taken":0,"relics_obtained":["Golden Idol"],"max_hp_gain":0,"max_hp_loss":6,"event_name":"Golden Idol","floor":2,"gold_loss":0},{"damage_healed":0,"gold_gain":0,"player_choice":"Donut","damage_taken":0,"max_hp_gain":5,"max_hp_loss":0,"event_name":"Big Fish","floor":3,"gold_loss":0},{"damage_healed":0,"gold_gain":0,"player_choice":"Success","damage_taken":7,"relics_obtained":["HornCleat"],"max_hp_gain":0,"max_hp_loss":0,"event_name":"Scrap Ooze","floor":4,"gold_loss":0},{"damage_healed":0,"gold_gain":0,"player_choice":"Grow","damage_taken":0,"max_hp_gain":0,"max_hp_loss":0,"event_name":"Living Wall","floor":5,"gold_loss":0,"cards_upgraded":["Zap"]},{"cards_removed":["Strike_B"],"damage_healed":0,"gold_gain":0,"player_choice":"Gave Gold","damage_taken":0,"max_hp_gain":0,"max_hp_loss":0,"event_name":"Beggar","floor":19,"gold_loss":75},{"damage_healed":0,"gold_gain":0,"player_choice":"Opened","damage_taken":0,"relics_obtained":["MawBank"],"max_hp_gain":0,"max_hp_loss":0,"event_name":"The Mausoleum","floor":20,"gold_loss":0,"cards_obtained":["Writhe"]},{"damage_healed":0,"gold_gain":0,"player_choice":"Bought 0 Potions","damage_taken":0,"max_hp_gain":0,"max_hp_loss":0,"event_name":"The Woman in Blue","floor":22,"gold_loss":0}],"is_beta":false,"boss_relics":[{"not_picked":["Snecko Eye","Calling Bell"],"picked":"Black Star"}],"items_purged_floors":[11],"is_endless":false,"potions_floor_spawned":[1,6,13,14,16,18],"killed_by":"Gremlin Leader","ascension_level":6}}