{"host":"syfsfjmzue8y1a6l","time":1613655169,"event":{"mods":["AchievementEnabler","BaseMod","Colored Map","DeckTracker","Minty Spire (QoL Compilation)","Permanent Neow","SuperFastMode"],"gold_per_floor":[111,111,128,144,161,192,208,208,208,208,219,219,233,267,267,267,267],"floor_reached":16,"language":"KOR","playtime":1093,"items_purged":[],"score":164,"play_id":"b69dbc05-f4f9-4ee1-a3e7-c5e744718999","local_time":"20210218223249","is_ascension_mode":false,"campfire_choices":[{"data":"Study","floor":8.0,"key":"SMITH"},{"floor":15.0,"key":"REST"}],"circlet_count":0,"master_deck":["Strike_P","Strike_P","Strike_P","Strike_P","Defend_P","Defend_P","Defend_P","Defend_P+1","Eruption","Vigilance","ClearTheMind","Scrawl","Evaluate+1","Study+1"],"relics":["PureWater","Dead Branch","Singing Bowl","Dream Catcher","Calipers"],"acts_visited":["Exordium"],"potions_floor_usage":[],"damage_taken":[{"damage":1.0,"enemies":"2 Louse","floor":1.0,"turns":2.0},{"damage":1.0,"enemies":"Cultist","floor":3.0,"turns":3.0},{"damage":0.0,"enemies":"Small Slimes","floor":4.0,"turns":3.0},{"damage":13.0,"enemies":"Red Slaver","floor":5.0,"turns":5.0},{"damage":0.0,"enemies":"Gremlin Nob","floor":6.0,"turns":2.0},{"damage":4.0,"enemies":"2 Fungi Beasts","floor":7.0,"turns":4.0},{"damage":11.0,"enemies":"Exordium Wildlife","floor":11.0,"turns":4.0},{"damage":8.0,"enemies":"Lots of Slimes","floor":13.0,"turns":7.0},{"damage":0.0,"enemies":"3 Sentries","floor":14.0,"turns":4.0},{"damage":40,"enemies":"Slime Boss","floor":16,"turns":3}],"seed_played":"-8624799164449143639","potions_obtained":[{"floor":3.0,"key":"BlessingOfTheForge"},{"floor":6.0,"key":"CultistPotion"},{"floor":7.0,"key":"ColorlessPotion"},{"floor":11.0,"key":"SpeedPotion"},{"floor":13.0,"key":"DuplicationPotion"}],"is_trial":false,"path_per_floor":["M","?","M","M","M","E","M","R","T","?","M","?","M","E","R","B"],"character_chosen":"WATCHER","items_purchased":[],"campfire_rested":1,"item_purchase_floors":[],"current_hp_per_floor":[50,50,49,49,36,38,34,34,34,34,25,10,4,6,32,0,0],"gold":267,"neow_bonus":"ONE_RARE_RELIC","is_daily":false,"chose_seed":false,"campfire_upgraded":1,"win_rate":0.0,"timestamp":1613655169,"path_taken":["M","?","M","M","?","E","M","R","T","?","?","?","M","E","R","BOSS"],"items_purchased_type":[],"build_version":"2020-12-22","purchased_purges":0,"victory":false,"max_hp_per_floor":[72,72,72,72,72,74,74,74,74,74,76,76,78,80,82,82,82],"card_choices":[{"not_picked":["Study","ThirdEye"],"picked":"ClearTheMind","floor":1.0},{"not_picked":["ThirdEye","Evaluate"],"picked":"Scrawl","floor":3.0},{"not_picked":["EmptyFist","DeceiveReality"],"picked":"Evaluate","floor":4.0},{"not_picked":["WreathOfFlame","Protect","LikeWater"],"picked":"SKIP","floor":5.0},{"not_picked":["WaveOfTheHand","CrushJoints","BowlingBash"],"picked":"Singing Bowl","floor":6.0},{"not_picked":["EmptyFist","SashWhip"],"picked":"Study","floor":7.0},{"not_picked":["Fasting2","SashWhip","Alpha"],"picked":"Singing Bowl","floor":11.0},{"not_picked":["Halt","Consecrate","WaveOfTheHand"],"picked":"Singing Bowl","floor":13.0},{"not_picked":["Alpha","ReachHeaven","EmptyBody"],"picked":"Singing Bowl","floor":14.0},{"not_picked":["EmptyFist","Protect","FlyingSleeves"],"picked":"Singing Bowl","floor":15.0}],"player_experience":138405,"relics_obtained":[{"floor":6.0,"key":"Singing Bowl"},{"floor":14.0,"key":"Calipers"}],"event_choices":[{"damage_healed":0.0,"max_hp_gain":0.0,"max_hp_loss":0.0,"gold_gain":0.0,"event_name":"The Woman in Blue","player_choice":"Bought 0 Potions","floor":2.0,"gold_loss":0.0,"damage_taken":0.0},{"damage_healed":0.0,"max_hp_gain":0.0,"max_hp_loss":0.0,"gold_gain":0.0,"event_name":"WeMeetAgain","player_choice":"Gave Potion","floor":10.0,"gold_loss":0.0,"damage_taken":0.0,"relics_obtained":["Dream Catcher"]},{"damage_healed":0.0,"max_hp_gain":0.0,"max_hp_loss":0.0,"gold_gain":0.0,"event_name":"Shining Light","player_choice":"Entered Light","floor":12.0,"gold_loss":0.0,"damage_taken":15.0,"cards_upgraded":["Evaluate","Defend_P"]}],"is_beta":false,"boss_relics":[],"items_purged_floors":[],"is_endless":false,"potions_floor_spawned":[3,6,7,11,13],"killed_by":"Slime Boss","ascension_level":0}}