{"host":"tq99ucv8ezzqzioe","time":1613663812,"event":{"mods":["BaseMod","Colored Map","Downfall","Highlight Path","Minty Spire (QoL Compilation)","StSLib"],"gold_per_floor":[113,124,15,90,101,101,111,111,134,151,151,151,7,22,22,124,124,143,163,179,191,41,41,41],"floor_reached":23,"language":"ENG","playtime":804,"items_purged":["Strike_P"],"score":259,"play_id":"abb09314-174c-4c5c-99f6-3689200cc6d4","local_time":"20210218105652","is_ascension_mode":true,"campfire_choices":[{"data":"Eruption","floor":6,"key":"SMITH"},{"floor":11,"key":"RECALL"},{"data":"BattleHymn","floor":15,"key":"SMITH"}],"circlet_count":0,"master_deck":["Strike_P","Strike_P","Strike_P","Defend_P","Defend_P","Defend_P","Defend_P","Eruption+1","Vigilance","SandsOfTime","CarveReality","BattleHymn+1","ReachHeaven","EmptyFist","CutThroughFate","SandsOfTime","EmptyFist","Alpha","TalkToTheHand+1","TalkToTheHand+1","LessonLearned"],"relics":["PureWater","NeowsBlessing","PreservedInsect","Snecko Eye"],"acts_visited":["Exordium","TheCity"],"potions_floor_usage":[7,14,23],"damage_taken":[{"damage":0,"enemies":"2 Louse","floor":1,"turns":1},{"damage":0,"enemies":"Cultist","floor":2,"turns":1},{"damage":0,"enemies":"Small Slimes","floor":5,"turns":1},{"damage":10,"enemies":"Gremlin Gang","floor":7,"turns":4},{"damage":9,"enemies":"2 Fungi Beasts","floor":10,"turns":2},{"damage":14,"enemies":"3 Louse","floor":14,"turns":4},{"damage":24,"enemies":"The Guardian","floor":16,"turns":8},{"damage":13,"enemies":"Shell Parasite","floor":18,"turns":3},{"damage":0,"enemies":"Spheric Guardian","floor":19,"turns":2},{"damage":11,"enemies":"Centurion and Healer","floor":20,"turns":4},{"damage":7,"enemies":"Cultist and Chosen","floor":21,"turns":4},{"damage":33,"enemies":"Slavers","floor":23,"turns":2}],"seed_played":"-3360442924096114309","potions_obtained":[{"floor":1,"key":"Guardian:BlockOnCardUsePotion"},{"floor":5,"key":"Fire Potion"},{"floor":16,"key":"BlessingOfTheForge"},{"floor":19,"key":"EssenceOfSteel"}],"is_trial":false,"path_per_floor":["M","M","$","?","M","R","M","?","T","M","R","?","$","M","R","B",null,"M","M","M","M","$","E"],"character_chosen":"WATCHER","items_purchased":["BattleHymn","ReachHeaven","SandsOfTime","LessonLearned"],"campfire_rested":0,"item_purchase_floors":[3,3,13,22],"current_hp_per_floor":[65,65,65,54,54,54,44,49,49,40,40,40,40,26,26,2,58,45,45,34,27,27,0,0],"gold":41,"neow_bonus":"THREE_ENEMY_KILL","is_daily":false,"chose_seed":false,"campfire_upgraded":2,"win_rate":0.0,"timestamp":1613663812,"path_taken":["M","M","$","?","M","R","M","?","T","M","R","?","?","M","R","BOSS","M","M","M","?","$","E"],"items_purchased_type":["Card","Card","Card","Card"],"build_version":"2020-12-22","purchased_purges":1,"victory":false,"max_hp_per_floor":[72,72,72,72,72,72,72,77,77,77,77,77,77,77,77,77,77,77,77,77,77,77,77,77],"card_choices":[{"not_picked":["EmptyBody","SashWhip"],"picked":"SandsOfTime","floor":1},{"not_picked":["WheelKick","Crescendo"],"picked":"CarveReality","floor":2},{"not_picked":["JustLucky","Consecrate"],"picked":"EmptyFist","floor":5},{"not_picked":["PathToVictory","FlurryOfBlows","Crescendo"],"picked":"SKIP","floor":7},{"not_picked":["Blasphemy","EmptyFist"],"picked":"CutThroughFate","floor":10},{"not_picked":["EmptyBody","Vengeance"],"picked":"EmptyFist","floor":14},{"not_picked":["ConjureBlade","DeusExMachina"],"picked":"Alpha","floor":16},{"not_picked":["CutThroughFate","Pray+1"],"picked":"TalkToTheHand+1","floor":18},{"not_picked":["Evaluate","LikeWater","SashWhip"],"picked":"SKIP","floor":19},{"not_picked":["ForeignInfluence","WaveOfTheHand","FlyingSleeves+1"],"picked":"SKIP","floor":20},{"not_picked":["Consecrate","FearNoEvil"],"picked":"TalkToTheHand+1","floor":21}],"player_experience":1013467,"relics_obtained":[{"floor":9,"key":"PreservedInsect"}],"event_choices":[{"damage_healed":0,"gold_gain":75,"player_choice":"Gather Gold","damage_taken":11,"max_hp_gain":0,"max_hp_loss":0,"event_name":"World of Goop","floor":4,"gold_loss":0},{"damage_healed":0,"gold_gain":0,"player_choice":"Donut","damage_taken":0,"max_hp_gain":5,"max_hp_loss":0,"event_name":"Big Fish","floor":8,"gold_loss":0},{"damage_healed":0,"gold_gain":0,"player_choice":"Ignored","damage_taken":0,"max_hp_gain":0,"max_hp_loss":0,"event_name":"Golden Idol","floor":12,"gold_loss":0}],"is_beta":false,"boss_relics":[{"not_picked":["Busted Crown","Empty Cage"],"picked":"Snecko Eye"}],"items_purged_floors":[13],"is_endless":false,"potions_floor_spawned":[1,5,16,19],"killed_by":"Slavers","ascension_level":8}}