{"host":"5rdm7lmmttdutvxm","time":1613625460,"event":{"mods":["BaseMod","Minty Spire (QoL Compilation)","StSLib","Together in Spire"],"gold_per_floor":[112,123,123,140,152,177,177,203,203,203,203,237,237,252,252,349,349,366,376,394,309,309,343,343,29,78,106,149,174,186,50,50,155,155,166,0,0,20,33,68,81,81,81,81,98,115,142,142,142,142],"floor_reached":51,"language":"ENG","playtime":5531,"items_purged":["Cold Snap"],"score":717,"play_id":"d00a6c26-b9c7-4d25-8476-1b814d738a95","local_time":"20210217211740","is_ascension_mode":false,"campfire_choices":[{"data":"Defend_B","floor":7.0,"key":"PURGE"},{"data":"Zap","floor":10.0,"key":"SMITH"},{"floor":15.0,"key":"REST"},{"data":"Redo","floor":24.0,"key":"SMITH"},{"data":"Creative AI","floor":32.0,"key":"SMITH"},{"data":"White Noise","floor":49,"key":"SMITH"}],"circlet_count":0,"master_deck":["Strike_B+1","Strike_B+1","Strike_B+1","Strike_B+1","Defend_B+1","Defend_B+1","Defend_B+1","Zap+1","Dualcast","Barrage","Force Field","Fusion","White Noise+1","Creative AI+1","Heatsinks","Leap","Lockon","Biased Cognition+1","Double Energy","Redo+1","Consume+1","Conserve Battery+1","Amplify+1","Auto Shields+1","Defragment+1","Reboot+1","Ball Lightning","Heatsinks+1","Barrage","Apotheosis+1","White Noise+1","Tempest+1"],"relics":["Cracked Core","Peace Pipe","Blood Vial","Happy Flower","Frozen Egg 2","Matryoshka","InkBottle","Lantern","Ornamental Fan","Runic Pyramid","Eternal Feather","Bag of Preparation","Toxic Egg 2","MawBank","Toy Ornithopter","Centennial Puzzle","Sozu","Red Mask","Letter Opener","Bag of Marbles","Dream Catcher"],"acts_visited":[],"potions_floor_usage":[],"damage_taken":[{"damage":0.0,"enemies":"Cultist","floor":1.0,"turns":2.0},{"damage":2.0,"enemies":"Small Slimes","floor":2.0,"turns":2.0},{"damage":0.0,"enemies":"Jaw Worm","floor":4.0,"turns":1.0},{"damage":6.0,"enemies":"Exordium Wildlife","floor":5.0,"turns":2.0},{"damage":0.0,"enemies":"Gremlin Nob","floor":6.0,"turns":1.0},{"damage":18.0,"enemies":"Lagavulin","floor":8.0,"turns":3.0},{"damage":18.0,"enemies":"3 Sentries","floor":12.0,"turns":4.0},{"damage":0.0,"enemies":"Blue Slaver","floor":14.0,"turns":1.0},{"damage":0.0,"enemies":"Slime Boss","floor":16.0,"turns":4.0},{"damage":6.0,"enemies":"3 Byrds","floor":18.0,"turns":4.0},{"damage":0.0,"enemies":"Spheric Guardian","floor":19.0,"turns":2.0},{"damage":0.0,"enemies":"Snake Plant","floor":20.0,"turns":2.0},{"damage":0.0,"enemies":"Slavers","floor":23.0,"turns":1.0},{"damage":12.0,"enemies":"Centurion and Healer","floor":27.0,"turns":2.0},{"damage":0.0,"enemies":"Gremlin Leader","floor":28.0,"turns":3.0},{"damage":4.0,"enemies":"Cultist and Chosen","floor":29.0,"turns":2.0},{"damage":12.0,"enemies":"Colosseum Slavers","floor":30.0,"turns":3.0},{"damage":2.0,"enemies":"Champ","floor":33.0,"turns":3.0},{"damage":0.0,"enemies":"Orb Walker","floor":35.0,"turns":1.0},{"damage":11.0,"enemies":"3 Shapes","floor":38.0,"turns":3.0},{"damage":7.0,"enemies":"Writhing Mass","floor":39.0,"turns":3.0},{"damage":0.0,"enemies":"Reptomancer","floor":40.0,"turns":4.0},{"damage":0.0,"enemies":"Spire Growth","floor":41.0,"turns":3.0},{"damage":12.0,"enemies":"Sphere and 2 Shapes","floor":45.0,"turns":2.0},{"damage":0.0,"enemies":"4 Shapes","floor":46.0,"turns":1.0},{"damage":1.0,"enemies":"Giant Head","floor":47.0,"turns":4.0},{"damage":14,"enemies":"Awakened One","floor":50,"turns":4}],"seed_played":"9164398956049157750","potions_obtained":[{"floor":2.0,"key":"Fire Potion"},{"floor":5.0,"key":"Swift Potion"},{"floor":12.0,"key":"GamblersBrew"},{"floor":14.0,"key":"Ancient Potion"},{"floor":19.0,"key":"LiquidMemories"},{"floor":28.0,"key":"Block Potion"},{"floor":33.0,"key":"Explosive Potion"}],"is_trial":false,"path_per_floor":["M","M","T","M","M","E","R","E","T","R","?","E","T","M","R","B",null,"M","M","M","?","?","E","R","$","T","M","E","M","?","$","R","B",null,"M","?","$","M","M","E","M","?","T","?","M","M","E","?","R","B",null],"character_chosen":"DEFECT","items_purchased":["Toxic Egg 2","Lockon","Defragment+1"],"campfire_rested":1,"item_purchase_floors":[25,25,31],"current_hp_per_floor":[82,80,80,80,74,74,74,58,58,58,55,39,39,41,65,67,82,76,78,80,80,80,82,82,82,82,70,72,70,60,60,75,80,82,82,82,82,71,66,68,70,70,70,70,60,67,68,68,82,68],"gold":142,"neow_bonus":"TEN_PERCENT_HP_BONUS","is_daily":false,"chose_seed":false,"campfire_upgraded":4,"win_rate":0.0,"timestamp":1613625460,"path_taken":["M","M","?","M","M","E","R","E","T","R","?","E","?","M","R","BOSS","M","M","M","?","?","E","R","$","T","M","E","M","?","?","R","BOSS","M","?","$","M","M","E","M","?","T","?","M","M","E","?","R","BOSS"],"items_purchased_type":["Relic","Card","Card"],"build_version":"2020-12-22","purchased_purges":1,"victory":true,"max_hp_per_floor":[82,82,82,82,82,82,82,82,82,82,82,82,82,82,82,82,82,82,82,82,82,82,82,82,82,82,82,82,82,82,82,82,82,82,82,82,82,82,82,82,82,82,82,82,82,82,82,82,82,82],"card_choices":[{"not_picked":["Steam","Sweeping Beam"],"picked":"Barrage","floor":1.0},{"not_picked":["Stack","Gash"],"picked":"Force Field","floor":2.0},{"not_picked":["Beam Cell","Steam"],"picked":"Fusion","floor":4.0},{"not_picked":["Coolheaded","Compile Driver"],"picked":"White Noise","floor":5.0},{"not_picked":["Leap","Beam Cell"],"picked":"Creative AI","floor":6.0},{"not_picked":["Scrape","Compile Driver"],"picked":"Heatsinks","floor":8.0},{"not_picked":["Gash","Melter"],"picked":"Leap","floor":12.0},{"not_picked":["Darkness","Blizzard"],"picked":"Lockon","floor":14.0},{"not_picked":["Multi-Cast","Machine Learning+1"],"picked":"Biased Cognition+1","floor":16.0},{"not_picked":["Sweeping Beam","Fusion"],"picked":"Double Energy","floor":18.0},{"not_picked":["Ball Lightning","Sweeping Beam"],"picked":"Redo","floor":19.0},{"not_picked":["Auto Shields","Coolheaded"],"picked":"Consume+1","floor":20.0},{"not_picked":["Double Energy","Steam+1"],"picked":"Conserve Battery+1","floor":23.0},{"not_picked":["Streamline","Compile Driver"],"picked":"Cold Snap","floor":27.0},{"not_picked":["Compile Driver+1","Gash"],"picked":"Amplify+1","floor":28.0},{"not_picked":["Cold Snap","Steam+1"],"picked":"Auto Shields+1","floor":29.0},{"not_picked":["Machine Learning+1","Rainbow+1"],"picked":"Reboot+1","floor":33.0},{"not_picked":["Cold Snap","Defragment+1"],"picked":"Ball Lightning","floor":35.0},{"not_picked":["Hologram+1","Consume+1"],"picked":"Heatsinks+1","floor":38.0},{"not_picked":["Melter","Coolheaded+1","Steam+1"],"picked":"SKIP","floor":39.0},{"not_picked":["Chill+1","Reboot+1","Chaos+1"],"picked":"SKIP","floor":40.0},{"not_picked":["Steam+1","Sweeping Beam"],"picked":"Barrage","floor":41.0},{"not_picked":["Secret Technique+1","Secret Weapon+1"],"picked":"Apotheosis+1","floor":44.0},{"not_picked":["Chaos+1","Beam Cell+1","Fusion+1"],"picked":"SKIP","floor":45.0},{"not_picked":["Redo+1","Coolheaded+1"],"picked":"White Noise+1","floor":46.0},{"not_picked":["Leap+1","Beam Cell"],"picked":"Tempest+1","floor":47.0}],"player_experience":5925,"relics_obtained":[{"floor":3.0,"key":"Peace Pipe"},{"floor":6.0,"key":"Blood Vial"},{"floor":8.0,"key":"Happy Flower"},{"floor":9.0,"key":"Frozen Egg 2"},{"floor":12.0,"key":"InkBottle"},{"floor":13.0,"key":"Lantern"},{"floor":13.0,"key":"Ornamental Fan"},{"floor":23.0,"key":"Bag of Preparation"},{"floor":26.0,"key":"MawBank"},{"floor":26.0,"key":"Toy Ornithopter"},{"floor":28.0,"key":"Centennial Puzzle"},{"floor":40.0,"key":"Letter Opener"},{"floor":43.0,"key":"Bag of Marbles"},{"floor":47.0,"key":"Dream Catcher"}],"event_choices":[{"damage_healed":0.0,"max_hp_gain":0.0,"max_hp_loss":0.0,"gold_gain":0.0,"event_name":"Scrap Ooze","player_choice":"Success","floor":11.0,"gold_loss":0.0,"damage_taken":3.0,"relics_obtained":["Matryoshka"]},{"damage_healed":0.0,"max_hp_gain":0.0,"max_hp_loss":0.0,"gold_gain":0.0,"event_name":"Addict","player_choice":"Obtained Relic","floor":21.0,"gold_loss":85.0,"damage_taken":0.0,"relics_obtained":["Eternal Feather"]},{"damage_healed":0.0,"max_hp_gain":0.0,"max_hp_loss":0.0,"gold_gain":0.0,"event_name":"Back to Basics","player_choice":"Simplicity","floor":22.0,"gold_loss":0.0,"damage_taken":0.0,"cards_upgraded":["Strike_B","Strike_B","Strike_B","Strike_B","Defend_B","Defend_B","Defend_B"]},{"damage_healed":0.0,"max_hp_gain":0.0,"max_hp_loss":0.0,"gold_gain":0.0,"event_name":"Colosseum","player_choice":"Fight","floor":30.0,"gold_loss":0.0,"damage_taken":0.0},{"damage_healed":0.0,"max_hp_gain":0.0,"max_hp_loss":0.0,"gold_gain":0.0,"event_name":"Colosseum","player_choice":"Fled From Nobs","floor":30.0,"gold_loss":0.0,"damage_taken":0.0},{"damage_healed":0.0,"max_hp_gain":0.0,"max_hp_loss":0.0,"gold_gain":0.0,"event_name":"Tomb of Lord Red Mask","player_choice":"Paid","floor":36.0,"gold_loss":166.0,"damage_taken":0.0,"relics_obtained":["Red Mask"]},{"cards_removed":["Lockon"],"damage_healed":0.0,"max_hp_gain":0.0,"max_hp_loss":0.0,"gold_gain":0.0,"event_name":"Falling","player_choice":"Removed Attack","floor":42.0,"gold_loss":0.0,"damage_taken":0.0},{"damage_healed":0.0,"max_hp_gain":0.0,"max_hp_loss":0.0,"gold_gain":0.0,"event_name":"SensoryStone","player_choice":"Memory 1","floor":44.0,"gold_loss":0.0,"damage_taken":0.0},{"damage_healed":0,"gold_gain":0,"player_choice":"Ignored","damage_taken":0,"max_hp_gain":0,"max_hp_loss":0,"event_name":"Mysterious Sphere","floor":48,"gold_loss":0}],"is_beta":false,"boss_relics":[{"not_picked":["Busted Crown","Black Star"],"picked":"Runic Pyramid"},{"not_picked":["Velvet Choker","Cursed Key"],"picked":"Sozu"}],"items_purged_floors":[31],"is_endless":false,"potions_floor_spawned":[2,5,12,14,19,23,28,30,33,38,39,45,47],"ascension_level":0}}