{"host":"a3wpq7kyokchzawk","time":1613691609,"event":{"mods":["BaseMod","Colored Map","Highlight Path","Minty Spire (QoL Compilation)","Permanent Neow","Potion Indicator Mod","Relic Stats","Weighted Paths"],"gold_per_floor":[115,125,125,137,156,156,156,184,238,263,279,279,31,31,31,110,110,121,121,139,171,86,86,86],"floor_reached":23,"language":"ENG","playtime":2438,"items_purged":["Defend_G"],"score":398,"play_id":"0cb2009e-e6a4-493e-9089-f3fbc247982c","local_time":"20210218214009","is_ascension_mode":true,"campfire_choices":[{"data":"Dagger Spray","floor":6.0,"key":"SMITH"},{"data":"Adrenaline","floor":12.0,"key":"SMITH"},{"data":"Dash","floor":15.0,"key":"SMITH"}],"circlet_count":0,"master_deck":["AscendersBane","Strike_G","Strike_G","Strike_G","Defend_G","Defend_G","Defend_G","Defend_G","Survivor","Neutralize","Poisoned Stab","Leg Sweep","Dagger Spray+1","Dodge and Roll","Dash+1","Blur","Adrenaline+1","Deadly Poison","Backflip","Caltrops","Caltrops","Leg Sweep","Wraith Form v2+1","Acrobatics"],"relics":["Ring of the Snake","Mango","Pear","Blood Vial","Orrery","Eternal Feather","Cursed Key","Red Mask","Nunchaku"],"acts_visited":["Exordium","TheCity"],"potions_floor_usage":[23],"damage_taken":[{"damage":1.0,"enemies":"Small Slimes","floor":1.0,"turns":5.0},{"damage":3.0,"enemies":"2 Louse","floor":2.0,"turns":3.0},{"damage":0.0,"enemies":"Cultist","floor":4.0,"turns":4.0},{"damage":2.0,"enemies":"2 Fungi Beasts","floor":5.0,"turns":3.0},{"damage":31.0,"enemies":"Lagavulin","floor":8.0,"turns":6.0},{"damage":1.0,"enemies":"3 Sentries","floor":10.0,"turns":9.0},{"damage":1.0,"enemies":"Blue Slaver","floor":11.0,"turns":5.0},{"damage":14.0,"enemies":"Hexaghost","floor":16.0,"turns":11.0},{"damage":5.0,"enemies":"3 Byrds","floor":18.0,"turns":5.0},{"damage":11.0,"enemies":"Chosen","floor":20.0,"turns":5.0},{"damage":37.0,"enemies":"Masked Bandits","floor":21.0,"turns":5.0},{"damage":24,"enemies":"Gremlin Leader","floor":23,"turns":5}],"seed_played":"-2771397712663427178","potions_obtained":[{"floor":2.0,"key":"AttackPotion"},{"floor":4.0,"key":"CunningPotion"},{"floor":10.0,"key":"DistilledChaos"},{"floor":16.0,"key":"CultistPotion"},{"floor":21.0,"key":"PowerPotion"}],"is_trial":false,"path_per_floor":["M","M","?","M","M","R","?","E","T","E","M","R","$","?","R","B",null,"M","?","M","?","?","E"],"character_chosen":"THE_SILENT","items_purchased":["Orrery"],"campfire_rested":0,"item_purchase_floors":[13],"current_hp_per_floor":[72,69,62,62,60,60,60,39,39,38,39,39,39,21,33,21,68,65,65,56,21,21,0,0],"gold":86,"neow_bonus":"ONE_RARE_RELIC","is_daily":false,"chose_seed":false,"campfire_upgraded":3,"win_rate":0.0,"timestamp":1613691609,"path_taken":["M","M","?","M","M","R","?","E","T","E","M","R","$","?","R","BOSS","M","?","?","?","?","E"],"items_purchased_type":["Relic"],"build_version":"2020-12-22","purchased_purges":1,"victory":false,"max_hp_per_floor":[74,74,74,74,74,74,74,84,84,84,84,84,84,84,84,84,84,84,84,84,84,84,84,84],"relic_stats":{"Blood Vial":12,"Nunchaku":[1],"counters":[12,66],"Eternal Feather":12,"Cursed Key":0,"obtain_stats":[{"Blood Vial":10,"Nunchaku":22,"Pear":8,"Orrery":13,"Mango":0,"Eternal Feather":14,"Red Mask":21,"Cursed Key":17,"Ring of the Snake":0},{"Blood Vial":6,"Nunchaku":11,"Pear":5,"Orrery":7,"Mango":0,"Eternal Feather":7,"Red Mask":11,"Cursed Key":8,"Ring of the Snake":0},{"Blood Vial":30,"Nunchaku":61,"Pear":21,"Orrery":35,"Mango":0,"Eternal Feather":35,"Red Mask":61,"Cursed Key":46,"Ring of the Snake":0}],"Ring of the Snake":[24]},"card_choices":[{"not_picked":["Bane","Dodge and Roll"],"picked":"Poisoned Stab","floor":1.0},{"not_picked":["Deflect","Envenom"],"picked":"Leg Sweep","floor":2.0},{"not_picked":["Dodge and Roll","PiercingWail"],"picked":"Dagger Spray","floor":4.0},{"not_picked":["Sucker Punch","Night Terror"],"picked":"Dodge and Roll","floor":5.0},{"not_picked":["Skewer","Underhanded Strike"],"picked":"Blur","floor":8.0},{"not_picked":["Reflex","Prepared"],"picked":"Adrenaline","floor":10.0},{"not_picked":["Concentrate","Calculated Gamble"],"picked":"Deadly Poison","floor":11.0},{"not_picked":["Choke","Underhanded Strike"],"picked":"Backflip","floor":13.0},{"not_picked":["Slice","Backflip"],"picked":"Caltrops","floor":13.0},{"not_picked":["Envenom","Flying Knee"],"picked":"Caltrops","floor":13.0},{"not_picked":["Expertise","Distraction"],"picked":"Leg Sweep","floor":13.0},{"not_picked":["Grand Finale","Phantasmal Killer"],"picked":"Wraith Form v2","floor":16.0},{"not_picked":["Dagger Spray+1","Cloak And Dagger","Sucker Punch"],"picked":"SKIP","floor":18.0},{"not_picked":["Distraction","Dagger Throw"],"picked":"Acrobatics","floor":20.0}],"player_experience":2759136,"relics_obtained":[{"floor":8.0,"key":"Pear"},{"floor":10.0,"key":"Blood Vial"},{"floor":21.0,"key":"Red Mask"}],"event_choices":[{"cards_removed":["Strike_G"],"damage_healed":0.0,"max_hp_gain":0.0,"max_hp_loss":0.0,"gold_gain":0.0,"event_name":"Golden Wing","player_choice":"Card Removal","floor":3.0,"gold_loss":0.0,"damage_taken":7.0},{"damage_healed":0.0,"max_hp_gain":0.0,"max_hp_loss":0.0,"gold_gain":0.0,"cards_transformed":["Strike_G"],"event_name":"Living Wall","player_choice":"Change","floor":7.0,"gold_loss":0.0,"damage_taken":0.0,"cards_obtained":["Dash"]},{"damage_healed":0.0,"max_hp_gain":0.0,"max_hp_loss":0.0,"gold_gain":0.0,"event_name":"Scrap Ooze","player_choice":"Success","floor":14.0,"gold_loss":0.0,"damage_taken":18.0,"relics_obtained":["Eternal Feather"]},{"damage_healed":0.0,"max_hp_gain":0.0,"max_hp_loss":0.0,"gold_gain":0.0,"event_name":"Upgrade Shrine","player_choice":"Upgraded","floor":19.0,"gold_loss":0.0,"damage_taken":0.0,"cards_upgraded":["Wraith Form v2"]},{"damage_healed":0.0,"max_hp_gain":0.0,"max_hp_loss":0.0,"gold_gain":0.0,"event_name":"Masked Bandits","player_choice":"Fought Bandits","floor":21.0,"gold_loss":0.0,"damage_taken":0.0},{"damage_healed":0.0,"max_hp_gain":0.0,"max_hp_loss":0.0,"gold_gain":0.0,"event_name":"Addict","player_choice":"Obtained Relic","floor":22.0,"gold_loss":85.0,"damage_taken":0.0,"relics_obtained":["Nunchaku"]}],"is_beta":false,"boss_relics":[{"not_picked":["Tiny House","Runic Dome"],"picked":"Cursed Key"}],"items_purged_floors":[13],"is_endless":false,"potions_floor_spawned":[2,4,10,16,21],"killed_by":"Gremlin Leader","ascension_level":20}}