{"host":"9kaxb8gkmgtddido","time":1613656318,"event":{"mods":["2.2 Compatiblity","AchievementEnabler","AlwaysNeverKeys","Aspiration","BaseMod","Card Forge","Colored Map","Colored Powertips","Custom Start","DeckTracker","Gremlin Mod","Gremlin Skip","Hubris","Mimic Mod","Minty Spire (QoL Compilation)","Permanent Neow","Quick Restart","Rare Cards Sparkle","Relic Filter","Replay The Spire","Shop Mod","StSLib","SuperFastMode","Synergy Search","TheBandit"],"gold_per_floor":[114,125,125,142,142,170,170,190,190,115,146,46,78,96,96,201,201,221,233,233,233,233,233,233],"floor_reached":23,"language":"ENG","playtime":818,"items_purged":["Strike_G","Strike_G"],"score":318,"play_id":"628d9752-e171-476e-9388-b5a0bf38b44a","local_time":"20210218215158","is_ascension_mode":true,"campfire_choices":[{"data":"Bouncing Flask","floor":7,"key":"SMITH"}],"circlet_count":0,"master_deck":["Defend_G","Defend_G","Defend_G","Defend_G+1","Defend_G","Survivor","Neutralize+1","Bouncing Flask+1","Poisoned Stab","Dagger Throw","Prepared","Calculated Gamble+1","Prepared","Poisoned Stab","Replay:Bag of Tricks","Dagger Throw","Tactician","Bite","Bite","Bite","Bite","Bite"],"relics":["Ring of the Snake","PreservedInsect","Question Card","Gremlin Horn","Bag of Marbles","Busted Crown","Anchor"],"acts_visited":["TheCity"],"potions_floor_usage":[2,2,4,6,14,16,18],"damage_taken":[{"damage":0.0,"enemies":"Jaw Worm","floor":1.0,"turns":4.0},{"damage":0,"enemies":"Cultist","floor":2,"turns":4},{"damage":0,"enemies":"Small Slimes","floor":4,"turns":2},{"damage":9,"enemies":"Gremlin Nob","floor":6,"turns":4},{"damage":5,"enemies":"3 Louse","floor":8,"turns":4},{"damage":14,"enemies":"Lagavulin","floor":11,"turns":4},{"damage":0,"enemies":"Gremlin Nob","floor":13,"turns":3},{"damage":6,"enemies":"Lots of Slimes","floor":14,"turns":4},{"damage":25,"enemies":"Hexaghost","floor":16,"turns":7},{"damage":25,"enemies":"2 Thieves","floor":18,"turns":4},{"damage":26,"enemies":"3 Byrds","floor":19,"turns":4},{"damage":17,"enemies":"Book of Stabbing","floor":23,"turns":4}],"seed_played":"-2785169579914073514","potions_obtained":[{"floor":1,"key":"EntropicBrew"},{"floor":4,"key":"Swift Potion"},{"floor":6,"key":"Dexterity Potion"},{"floor":13,"key":"FearPotion"}],"is_trial":false,"path_per_floor":["M","M","?","M","?","E","R","M","T","$","E","$","E","M","R_BF","B",null,"M","M","?","?","?","E"],"character_chosen":"THE_SILENT","items_purchased":[],"campfire_rested":0,"item_purchase_floors":[],"current_hp_per_floor":[77,77,77,77,62,53,53,48,48,48,34,34,34,28,51,26,64,39,13,13,13,13,6,6],"gold":233,"neow_bonus":"TEN_PERCENT_HP_BONUS","is_daily":false,"chose_seed":false,"campfire_upgraded":1,"win_rate":0.0,"timestamp":1613656318,"path_taken":["M","M","?","?","?","E","R","M","T","$","E","$","E","M","R_BF","BOSS","M","M","?","?","?","E"],"items_purchased_type":[],"build_version":"2020-12-22","purchased_purges":2,"victory":false,"max_hp_per_floor":[77,77,77,77,77,77,77,77,77,77,77,77,77,77,77,77,77,77,77,77,53,53,53,53],"card_choices":[{"not_picked":["Concentrate","Prepared"],"picked":"Bouncing Flask","floor":1},{"not_picked":["Dagger Spray","Bane"],"picked":"Poisoned Stab","floor":2},{"not_picked":["Cloak And Dagger","Expertise","Dagger Spray"],"picked":"SKIP","floor":4},{"not_picked":["Hidden Blade","Flying Knee"],"picked":"Dagger Throw","floor":6},{"not_picked":["Glass Knife","Reflex"],"picked":"Prepared","floor":8},{"not_picked":["Underhanded Strike","Prepared","aspiration:Lunge"],"picked":"Calculated Gamble","floor":11},{"not_picked":["Dagger Spray","Cloak And Dagger","Sucker Punch"],"picked":"Prepared","floor":13},{"not_picked":["ReplayTheSpireMod:Shiv Toss","Outmaneuver","Concentrate"],"picked":"Poisoned Stab","floor":14},{"not_picked":["After Image","Unload","Storm of Steel"],"picked":"Replay:Bag of Tricks","floor":16},{"not_picked":["Blade Dance"],"picked":"Dagger Throw","floor":18},{"not_picked":["Reflex"],"picked":"Tactician","floor":19}],"player_experience":684892,"relics_obtained":[{"floor":6,"key":"PreservedInsect"},{"floor":9,"key":"Question Card"},{"floor":11,"key":"Gremlin Horn"},{"floor":13,"key":"Bag of Marbles"}],"event_choices":[{"damage_healed":0,"gold_gain":0,"player_choice":"Ignored","damage_taken":0,"max_hp_gain":0,"max_hp_loss":0,"event_name":"NoteForYourself","floor":3,"gold_loss":0},{"damage_healed":0,"gold_gain":0,"player_choice":"Entered Light","damage_taken":15,"max_hp_gain":0,"max_hp_loss":0,"event_name":"Shining Light","floor":5,"gold_loss":0,"cards_upgraded":["Defend_G","Neutralize"]},{"damage_healed":0,"gold_gain":0,"player_choice":"Became a vampire","damage_taken":0,"max_hp_gain":0,"max_hp_loss":24,"event_name":"Vampires","floor":21,"gold_loss":0,"cards_obtained":["Bite","Bite","Bite","Bite","Bite"]},{"cards_removed":["Doubt"],"damage_healed":0,"gold_gain":0,"player_choice":"Elegance","damage_taken":0,"max_hp_gain":0,"max_hp_loss":0,"event_name":"Back to Basics","floor":22,"gold_loss":0}],"is_beta":false,"boss_relics":[{"not_picked":["Runic Pyramid","Sozu"],"picked":"Busted Crown"}],"items_purged_floors":[10,12],"is_endless":false,"potions_floor_spawned":[1,4,6,13],"killed_by":"Book of Stabbing","ascension_level":5}}