{"host":"9czo1ewqehy3yunx","time":1613645791,"event":{"mods":["AchievementEnabler","Act Like it!","BaseMod","CapriCore","Colored Powertips","DeckTracker","GifTheSpireLib","GungeonMod","Hermit","Keyboard Shortcuts","Koishi","Lobotomy","Marisa£¨Ùöéë¡¡Øª×âÞÞ£©","Minty Spire (QoL Compilation)","Permanent Neow","Quick Restart","StSLib","SuperFastMode","Td1madao Mod","The Bug Knight","The Cursed","The Hierophant","The Immortal","The Jungle","The Poker Player","The Runesmith"],"gold_per_floor":[109,125,222,222,234,234,248,248,298,29,29,29,246,280,280,386,386,408,454,553,564,564,564],"floor_reached":22,"language":"KOR","playtime":1234,"items_purged":[],"score":174,"play_id":"000058df-0be8-4c8e-8b55-1feb44b8633d","local_time":"20210218195631","is_ascension_mode":false,"campfire_choices":[{"data":"DemoMod:CursedBullets","floor":6,"key":"SMITH"},{"data":"DemoMod:CursedBullets","floor":8,"key":"SMITH"},{"data":"DemoMod:PotionOfGunFriendShip","floor":11,"key":"SMITH"},{"data":"DemoMod:CursedBullets","floor":15,"key":"SMITH"}],"circlet_count":0,"master_deck":["DemoMod:Strike_Huntress","DemoMod:Strike_Huntress","DemoMod:Strike_Huntress","DemoMod:Defend_Huntress","DemoMod:Defend_Huntress","DemoMod:Defend_Huntress","DemoMod:Defend_Huntress","DemoMod:Roll","DemoMod:ManualReload","DemoMod:RustySidearm","DemoMod:CrossBow","MeatLantern","DemoMod:CursedBullets+1","OSAHOGD","Bloodbath","DemoMod:CursedBullets+1","Funeral","DemoMod:Camera","DemoMod:PotionOfGunFriendShip+1","DemoMod:RadGun","Murderer","DemoMod:CursedBullets+1","Scarecrow","DemoMod:Desperate","SnowQueen","DemoMod:GunShield","Mercenary","DemoMod:MachoBrace+1","SilentOrchestra","DemoMod:DirectionalPad"],"relics":["DemoMod:Dog","CogitoBucket","MawBank","DemoMod:GnawedKey","DemoMod:Test1","AspirationHeart","Red Mask"],"acts_visited":["Exordium","TheCity"],"potions_floor_usage":[],"damage_taken":[{"damage":5,"enemies":"2 Louse","floor":1,"turns":3},{"damage":1,"enemies":"Jaw Worm","floor":2,"turns":3},{"damage":0,"enemies":"Cultist","floor":5,"turns":5},{"damage":9,"enemies":"Exordium Thugs","floor":7,"turns":9},{"damage":7,"enemies":"2 Fungi Beasts","floor":14,"turns":4},{"damage":41,"enemies":"The Guardian","floor":16,"turns":10},{"damage":21,"enemies":"2 Thieves","floor":18,"turns":2},{"damage":64,"enemies":"Masked Bandits","floor":19,"turns":7},{"damage":1,"enemies":"Chosen","floor":21,"turns":3},{"damage":35,"enemies":"Snake Plant","floor":22,"turns":3}],"seed_played":"-5228081623137113960","potions_obtained":[{"floor":5,"key":"Weak Potion"},{"floor":7,"key":"GamblersBrew"},{"floor":16,"key":"Dexterity Potion"},{"floor":18,"key":"ColorlessPotion"}],"is_trial":false,"path_per_floor":["M","M","?","?","M","R","M","R","T","$","R","$","?","M","R","B",null,"M","?","?","M","M"],"character_chosen":"HUNTRESS","items_purchased":["DemoMod:GnawedKey","DemoMod:TableSutra","DemoMod:PotionOfGunFriendShip","DemoMod:RadGun"],"campfire_rested":0,"item_purchase_floors":[10,10,10,10],"current_hp_per_floor":[65,64,64,70,70,70,65,65,65,65,65,65,65,60,60,22,70,59,11,11,24,0,0],"gold":564,"neow_bonus":"","is_daily":false,"chose_seed":false,"campfire_upgraded":4,"win_rate":0.0,"timestamp":1613645791,"path_taken":["M","M","?","?","?","R","M","R","T","$","R","?","?","M","R","BOSS","M","?","?","M","M"],"items_purchased_type":["Relic","Card","Card","Card"],"build_version":"2020-12-22","purchased_purges":0,"victory":false,"max_hp_per_floor":[70,70,70,70,70,70,70,70,70,70,70,70,70,70,70,70,70,80,80,80,80,80,80],"card_choices":[{"not_picked":["OSAHOGD","OldLady"],"picked":"MeatLantern","floor":1},{"not_picked":["DemoMod:PotionOfGunFriendShip","DemoMod:SkilledReload"],"picked":"DemoMod:CursedBullets","floor":1},{"not_picked":["Murderer","Wellcheers"],"picked":"OSAHOGD","floor":2},{"not_picked":["DemoMod:BattleInHaste","DemoMod:Unmoved"],"picked":"DemoMod:ProbeStrike","floor":2},{"not_picked":["CherryBlossoms","SpiderBud"],"picked":"Bloodbath","floor":5},{"not_picked":["DemoMod:SkilledReload","DemoMod:BulletBore"],"picked":"DemoMod:CursedBullets","floor":5},{"not_picked":["VoidDream","CherryBlossoms"],"picked":"Funeral","floor":7},{"not_picked":["DemoMod:FeignSurrender","DemoMod:DoubleSwitch"],"picked":"DemoMod:Camera","floor":7},{"not_picked":["VoidDream","PunishingBird"],"picked":"Murderer","floor":14},{"not_picked":["DemoMod:Unmoved","DemoMod:ZorGun"],"picked":"DemoMod:CursedBullets","floor":14},{"not_picked":["FairyFestival","FieryBird"],"picked":"Scarecrow","floor":16},{"not_picked":["DemoMod:BlackHoleGun","DemoMod:BalloonGun"],"picked":"DemoMod:Desperate","floor":16},{"not_picked":["BeautyBeast","MeltingLove"],"picked":"SnowQueen","floor":18},{"not_picked":["DemoMod:Unmoved","DemoMod:EasyReloadBullets"],"picked":"DemoMod:GunShield","floor":18},{"not_picked":["QueenBee","UniverseFragment"],"picked":"Mercenary","floor":19},{"not_picked":["DemoMod:JK47","DemoMod:StickyCrossBow"],"picked":"DemoMod:MachoBrace+1","floor":19},{"not_picked":["CrumblingArmor","LongBird"],"picked":"SilentOrchestra","floor":21},{"not_picked":["DemoMod:ConditionalReflex+1","DemoMod:SAA+1"],"picked":"DemoMod:DirectionalPad","floor":21}],"player_experience":246320,"relics_obtained":[{"floor":9,"key":"MawBank"},{"floor":19,"key":"Red Mask"}],"event_choices":[{"cards_removed":["DemoMod:ProbeStrike"],"damage_healed":6,"gold_gain":0,"player_choice":"Offered Uncommon","damage_taken":0,"max_hp_gain":0,"max_hp_loss":0,"event_name":"Bonfire Elementals","floor":4,"gold_loss":0},{"damage_healed":0,"gold_gain":0,"player_choice":"Fought Bandits","damage_taken":0,"max_hp_gain":0,"max_hp_loss":0,"event_name":"Masked Bandits","floor":19,"gold_loss":0},{"damage_healed":0,"gold_gain":99,"player_choice":"Stole From Cult","damage_taken":0,"max_hp_gain":0,"max_hp_loss":0,"event_name":"Nest","floor":20,"gold_loss":0}],"is_beta":false,"boss_relics":[{"not_picked":["Ectoplasm","Coffee Dripper"],"picked":"DemoMod:Test1"}],"items_purged_floors":[],"is_endless":false,"potions_floor_spawned":[5,7,16,18],"killed_by":"Snake Plant","ascension_level":0}}