{"host":"mylchucnruboibv3","time":1613679138,"event":{"mods":["Aspiration","Bard","BaseMod","Beaked The Cultist","Colored Map","Conspire","Downfall","GifTheSpireLib","GungeonMod","Halation","Hubris","Infinite Spire","Mad Scientist","Minty Spire (QoL Compilation)","READ ME - Guardian Mod","READ ME - Snecko Mod","Replay The Spire","StSLib","Stuff the Spire","The Construct","The Disciple","The Jungle","The Marked","The Mystic","The Necromancer","The Runesmith","The Servant 0.9.4","The Valiant"],"gold_per_floor":[169,169,193,193,193,5,80,80,80,90,110,122,122,135,145,145,145],"floor_reached":16,"language":"ENG","playtime":842,"items_purged":[],"score":90,"play_id":"9c709578-c95b-459e-8c96-6d82d414d083","local_time":"20210218211218","is_ascension_mode":false,"campfire_choices":[{"floor":13,"key":"REST"}],"circlet_count":0,"master_deck":["DemoMod:Strike_Huntress","DemoMod:Strike_Huntress","DemoMod:Strike_Huntress","DemoMod:Defend_Huntress","DemoMod:Defend_Huntress","DemoMod:Defend_Huntress","DemoMod:Defend_Huntress","DemoMod:Roll","DemoMod:ManualReload","DemoMod:RustySidearm","DemoMod:CrossBow","DemoMod:EasyReloadBullets","DemoMod:Unmoved","StuffTheSpire:Innocence","DemoMod:TripleGun","DemoMod:PotionOfGunFriendShip","expansioncontent:QuickStudy","DemoMod:RadGun","DemoMod:StickyCrossBow","DemoMod:DoubleSwitch","DemoMod:HardPowerCard","DemoMod:MachoBrace","DemoMod:Unity"],"relics":["DemoMod:Dog","downfall:HeartsMalice","StuffTheSpire:RubySignet","Blue Candle"],"acts_visited":["Exordium"],"potions_floor_usage":[10,16,16,16],"damage_taken":[{"damage":0,"enemies":"Jaw Worm","floor":2,"turns":1},{"damage":0,"enemies":"2 Louse","floor":3,"turns":1},{"damage":0,"enemies":"Cultist","floor":5,"turns":1},{"damage":4,"enemies":"downfall:FleeingMerchant","floor":6,"turns":4},{"damage":12,"enemies":"Gremlin Gang","floor":10,"turns":5},{"damage":3,"enemies":"Blue Slaver","floor":11,"turns":5},{"damage":10,"enemies":"Red Slaver","floor":12,"turns":6},{"damage":10,"enemies":"downfall:LooterAlt","floor":14,"turns":5},{"damage":9,"enemies":"Blue Slaver","floor":15,"turns":5},{"damage":54,"enemies":"DF_ARCHETYPE_STREAMLINE","floor":16,"turns":9}],"seed_played":"-4445097558121062335","potions_obtained":[{"floor":9,"key":"DemoMod:BlankPotion"},{"floor":9,"key":"Adrenaline Potion"},{"floor":9,"key":"CultistPotion"},{"floor":10,"key":"champ:CounterPotion"},{"floor":15,"key":"Regen Potion"}],"is_trial":false,"path_per_floor":["R_BF","M","M","?","M","$","T","?","?","M","M","M","R","M","M","B"],"character_chosen":"HUNTRESS","items_purchased":["expansioncontent:QuickStudy"],"campfire_rested":1,"item_purchase_floors":[6],"current_hp_per_floor":[70,70,70,63,63,59,59,54,54,42,39,33,54,44,35,0,0],"gold":145,"neow_bonus":"THREE_ENEMY_KILL","is_daily":false,"chose_seed":false,"campfire_upgraded":0,"win_rate":0.0,"timestamp":1613679138,"path_taken":["R_BF","M","M","?","M","$","T","?","?","M","M","?","R","M","M","BOSS"],"items_purchased_type":["Card"],"build_version":"2020-12-22","purchased_purges":0,"victory":false,"max_hp_per_floor":[70,70,70,70,70,70,70,70,70,70,70,70,70,70,70,70,70],"card_choices":[{"not_picked":["DemoMod:FeignSurrender","DemoMod:RadGun"],"picked":"DemoMod:EasyReloadBullets","floor":2},{"not_picked":["DemoMod:StickyCrossBow","DemoMod:DirectionalPad"],"picked":"DemoMod:Unmoved","floor":3},{"not_picked":["DemoMod:Unmoved","DemoMod:SniperShot"],"picked":"DemoMod:TripleGun","floor":5},{"not_picked":["DemoMod:Polaris","DemoMod:AWP"],"picked":"DemoMod:PotionOfGunFriendShip","floor":6},{"not_picked":["DemoMod:Polaris","DemoMod:AC15"],"picked":"DemoMod:RadGun","floor":10},{"not_picked":["DemoMod:SAA","DemoMod:JK47"],"picked":"DemoMod:StickyCrossBow","floor":11},{"not_picked":["DemoMod:TeaPot","DemoMod:ChanceBullets"],"picked":"DemoMod:DoubleSwitch","floor":12},{"not_picked":["DemoMod:Polaris","DemoMod:DirectionalPad"],"picked":"DemoMod:HardPowerCard","floor":14},{"not_picked":["DemoMod:HardPowerCard","DemoMod:StickyCrossBow"],"picked":"DemoMod:MachoBrace","floor":15},{"not_picked":["DemoMod:EasyReloadBullets","DemoMod:HardPowerCard"],"picked":"DemoMod:Unity","floor":15}],"player_experience":110996,"relics_obtained":[{"floor":7,"key":"StuffTheSpire:RubySignet"}],"event_choices":[{"damage_healed":0,"gold_gain":0,"player_choice":"Got Potions","damage_taken":0,"max_hp_gain":0,"max_hp_loss":0,"event_name":"Lab","floor":9,"gold_loss":0}],"is_beta":false,"boss_relics":[],"items_purged_floors":[],"is_endless":false,"potions_floor_spawned":[10,12,14,15],"killed_by":"DF_ARCHETYPE_STREAMLINE","ascension_level":0}}