{"host":"bsgp9wgausrmthh2","time":1613667112,"event":{"mods":["AchievementEnabler","BaseMod","Colored Map","Downfall","Minty Spire (QoL Compilation)","StSLib"],"gold_per_floor":[99,99,114,264,281,293,320,120,135,154,174,206,219,231,242,337,337,237,247,257,131,131,131,154,154,0,0,11,11,28,45,58,58,58,58],"floor_reached":33,"language":"ENG","playtime":3782,"items_purged":["Pain","Doubt"],"score":305,"play_id":"c85298de-a385-483e-a9fc-878391b00bc5","local_time":"20210218115152","is_ascension_mode":false,"campfire_choices":[{"floor":1.0,"key":"RECALL"},{"data":"bronze:Flail","floor":8.0,"key":"SMITH"},{"data":"bronze:DelayedSlice","floor":18.0,"key":"SMITH"},{"data":"bronze:BugBarrage","floor":29,"key":"SMITH"}],"circlet_count":0,"master_deck":["bronze:Strike","bronze:Strike","bronze:Strike","bronze:Strike","bronze:Defend","bronze:Defend","bronze:Defend","bronze:Defend","bronze:Replicate","bronze:Goto","bronze:Shield","downfall:Icky","bronze:Repair","bronze:Flail+1","Clumsy","bronze:FineTuning","bronze:ChildClass","bronze:DelayedSlice+1","bronze:Deprecate","bronze:WhirlingStrike","bronze:DelayedGuard","bronze:CutThrough","bronze:Assembly","bronze:BugBarrage+1","bronze:Invalidate","bronze:Backtrace","bronze:MaxOutput","Clumsy","Writhe","bronze:Fortify","bronze:ChosenStrike","RitualDagger","bronze:Turbo+1","bronze:BronzeOrb+1","bronze:BitShift+1","bronze:DigitalCarnage"],"relics":["bronze:BronzeCore","downfall:ExtraCursedKey","downfall:HeartBlessingRed","downfall:HeartBlessingBlue","Art of War","bronze:MakeshiftBattery","downfall:HeartBlessingGreen","Happy Flower","Lantern"],"acts_visited":["Exordium","TheCity"],"potions_floor_usage":[],"damage_taken":[{"damage":1.0,"enemies":"Jaw Worm","floor":3.0,"turns":3.0},{"damage":0.0,"enemies":"2 Louse","floor":5.0,"turns":4.0},{"damage":0.0,"enemies":"Small Slimes","floor":6.0,"turns":3.0},{"damage":15.0,"enemies":"2 Fungi Beasts","floor":9.0,"turns":5.0},{"damage":2.0,"enemies":"Exordium Wildlife","floor":10.0,"turns":3.0},{"damage":9.0,"enemies":"Large Slime","floor":11.0,"turns":6.0},{"damage":31.0,"enemies":"Lagavulin","floor":12.0,"turns":6.0},{"damage":2.0,"enemies":"Gremlin Gang","floor":13.0,"turns":3.0},{"damage":9.0,"enemies":"Lots of Slimes","floor":14.0,"turns":2.0},{"damage":5.0,"enemies":"Blue Slaver","floor":15.0,"turns":2.0},{"damage":50.0,"enemies":"SI_SHIV_ARCHETYPE","floor":16.0,"turns":16.0},{"damage":14.0,"enemies":"downfall:LooterAlt2","floor":19.0,"turns":3.0},{"damage":5.0,"enemies":"Chosen","floor":20.0,"turns":4.0},{"damage":2.0,"enemies":"downfall:FleeingMerchant","floor":21.0,"turns":4.0},{"damage":15,"enemies":"downfall:FleeingMerchant","floor":26,"turns":4},{"damage":31,"enemies":"Centurion and Healer","floor":28,"turns":5},{"damage":16,"enemies":"Cultist and Chosen","floor":30,"turns":6},{"damage":4,"enemies":"Snecko","floor":31,"turns":5},{"damage":6,"enemies":"3 Cultists","floor":32,"turns":6},{"damage":33,"enemies":"WA_ARCHETYPE_CALM","floor":33,"turns":5}],"seed_played":"-406062629560697476","potions_obtained":[{"floor":5.0,"key":"GamblersBrew"},{"floor":6.0,"key":"Weak Potion"},{"floor":11.0,"key":"sneckomod:MuddlingPotion"},{"floor":13.0,"key":"LiquidBronze"}],"is_trial":false,"path_per_floor":["R","?","M","?","M","M","T","R","M","M","M","E","M","M","M","B",null,"R","M","M","$","?","?","T","?","$","?","M","R","M","M","M","B"],"character_chosen":"THE_AUTOMATON","items_purchased":["bronze:MaxOutput","bronze:ChosenStrike"],"campfire_rested":0,"item_purchase_floors":[21,26],"current_hp_per_floor":[77,77,76,76,76,77,77,87,79,84,82,58,63,61,56,14,87,87,73,75,73,73,73,73,73,65,59,35,35,26,30,31,0,0,0],"gold":58,"neow_bonus":"TEN_PERCENT_HP_BONUS","is_daily":false,"chose_seed":false,"campfire_upgraded":3,"win_rate":0.0,"timestamp":1613667112,"path_taken":["R","?","M","?","M","M","T","R","M","M","M","E","M","M","M","BOSS","R","M","M","$","?","?","T","?","$","?","M","R","M","?","M","BOSS"],"items_purchased_type":["Card","Card"],"build_version":"2020-12-22","purchased_purges":2,"victory":false,"max_hp_per_floor":[77,77,77,77,77,77,77,87,87,87,87,87,87,87,87,87,87,87,87,87,87,87,87,87,87,87,87,87,87,87,87,87,87,87,87],"card_choices":[{"not_picked":["bronze:Invalidate","bronze:Boost"],"picked":"bronze:Shield","floor":3.0},{"not_picked":["bronze:Shield","bronze:ChildClass"],"picked":"bronze:Repair","floor":5.0},{"not_picked":["bronze:Return","bronze:Safeguard"],"picked":"bronze:Flail","floor":6.0},{"not_picked":["bronze:Frontload","bronze:BitShift"],"picked":"bronze:FineTuning","floor":9.0},{"not_picked":["bronze:Iterate","bronze:Break"],"picked":"bronze:ChildClass","floor":10.0},{"not_picked":["bronze:BitShift","bronze:Invalidate"],"picked":"bronze:DelayedSlice","floor":11.0},{"not_picked":["bronze:Boost","bronze:ChildClass"],"picked":"bronze:Deprecate","floor":12.0},{"not_picked":["bronze:Deprecate","bronze:BurnOut"],"picked":"bronze:WhirlingStrike","floor":13.0},{"not_picked":["bronze:BugBarrage","bronze:WildBeam"],"picked":"bronze:DelayedGuard","floor":14.0},{"not_picked":["bronze:Return","bronze:Iterate"],"picked":"bronze:CutThrough","floor":15.0},{"not_picked":["bronze:Virus","bronze:ThunderWave"],"picked":"bronze:Assembly","floor":16.0},{"not_picked":["bronze:Flail","bronze:DelayedSlice"],"picked":"bronze:BugBarrage","floor":19.0},{"not_picked":["bronze:Backtrace+1","bronze:DelayedSlice"],"picked":"bronze:Invalidate","floor":20.0},{"not_picked":["bronze:BitShift","bronze:BuggyMess"],"picked":"bronze:Backtrace","floor":21.0},{"not_picked":["bronze:WildBeam","bronze:Deprecate"],"picked":"bronze:Fortify","floor":26},{"not_picked":["bronze:Shield","bronze:Assembly"],"picked":"bronze:Turbo+1","floor":28},{"not_picked":["bronze:BitShift+1","bronze:Frontload"],"picked":"bronze:BronzeOrb+1","floor":30},{"not_picked":["bronze:WildBeam","bronze:Invalidate"],"picked":"bronze:BitShift+1","floor":31},{"not_picked":["bronze:ForLoop","bronze:Deprecate"],"picked":"bronze:DigitalCarnage","floor":32}],"player_experience":301120,"relics_obtained":[{"floor":12.0,"key":"Art of War"},{"floor":24,"key":"Happy Flower"}],"event_choices":[{"damage_healed":0,"gold_gain":0,"player_choice":"Ignored","damage_taken":0,"max_hp_gain":0,"max_hp_loss":0,"event_name":"Ghosts","floor":22,"gold_loss":0}],"is_beta":false,"boss_relics":[{"not_picked":["Runic Pyramid","Black Star"],"picked":"bronze:MakeshiftBattery"}],"items_purged_floors":[21,26],"is_endless":false,"potions_floor_spawned":[5,6,11,13,14,16,19,20,31],"killed_by":"WA_ARCHETYPE_CALM","ascension_level":0}}