{"host":"ufhw4cf0hh51lveu","time":1613640249,"event":{"mods":["BaseMod","DeckTracker","Lobotomy","Minty Spire (QoL Compilation)","SuperFastMode"],"gold_per_floor":[109,109,125,3,14,14,33,33,333,348,348,363,313,330,330,426,426,439,439,439,439],"floor_reached":20,"language":"KOR","playtime":698,"items_purged":["QueenOfHatred"],"score":168,"play_id":"ba7d0cec-328d-41fb-85e9-b95eea405958","local_time":"20210218182409","is_ascension_mode":false,"campfire_choices":[{"floor":6,"key":"REST"},{"data":"Ghostly Armor","floor":8,"key":"SMITH"},{"floor":11,"key":"REST"},{"data":"Bash","floor":15,"key":"SMITH"}],"circlet_count":0,"master_deck":["Strike_R","Strike_R","Strike_R","Strike_R","Strike_R","Defend_R","Defend_R","Defend_R","Defend_R","Bash+1","Heavy Blade","Flex","Ghostly Armor+1","Flex","Scorched","Thunderclap","BigBird","Shrug It Off","GreedKing","Shrug It Off","Cleave","Shrug It Off","Immolate+1","CENSORED"],"relics":["Burning Blood","CogitoBucket","Old Coin","AspirationHeart"],"acts_visited":["Exordium","TheCity"],"potions_floor_usage":[10,10,16,18],"damage_taken":[{"damage":12,"enemies":"Cultist","floor":1,"turns":5},{"damage":0,"enemies":"Small Slimes","floor":2,"turns":3},{"damage":15,"enemies":"Jaw Worm","floor":3,"turns":4},{"damage":21,"enemies":"Gremlin Gang","floor":5,"turns":5},{"damage":0,"enemies":"3 Louse","floor":7,"turns":1},{"damage":57,"enemies":"Blue Slaver","floor":10,"turns":18},{"damage":0,"enemies":"Red Slaver","floor":12,"turns":3},{"damage":6,"enemies":"Exordium Wildlife","floor":14,"turns":3},{"damage":93,"enemies":"The Guardian","floor":16,"turns":15},{"damage":10,"enemies":"Spheric Guardian","floor":18,"turns":3},{"damage":126,"enemies":"Chosen","floor":20,"turns":4}],"seed_played":"6957927075273908077","potions_obtained":[{"floor":1,"key":"Ancient Potion"},{"floor":7,"key":"Weak Potion"},{"floor":10,"key":"Dexterity Potion"},{"floor":12,"key":"FairyPotion"},{"floor":16,"key":"Fire Potion"}],"is_trial":false,"path_per_floor":["M","M","M","$","M","R","M","R","T","M","R","M","?","M","R","B",null,"M","?","M"],"character_chosen":"IRONCLAD","items_purchased":["Flex"],"campfire_rested":2,"item_purchase_floors":[4],"current_hp_per_floor":[74,80,71,71,56,80,80,80,80,39,66,72,72,72,72,26,90,86,86,0,0],"gold":439,"neow_bonus":"","is_daily":false,"chose_seed":false,"campfire_upgraded":2,"win_rate":0.0,"timestamp":1613640249,"path_taken":["M","M","?","$","M","R","M","R","T","M","R","M","?","M","R","BOSS","M","?","?"],"items_purchased_type":["Card"],"build_version":"2020-12-22","purchased_purges":1,"victory":false,"max_hp_per_floor":[80,80,80,80,80,80,80,80,80,90,90,90,90,90,90,90,90,90,90,90,90],"card_choices":[{"not_picked":["FairyFestival","SpiderBud"],"picked":"GalaxyChild","floor":1},{"not_picked":["Anger","Clothesline"],"picked":"Heavy Blade","floor":1},{"not_picked":["Anger","Rupture"],"picked":"Flex","floor":2},{"not_picked":["MeatLantern","PunishingBird"],"picked":"QueenOfHatred","floor":3},{"not_picked":["Seeing Red","Uppercut"],"picked":"Ghostly Armor","floor":3},{"not_picked":["Murderer","Bloodbath"],"picked":"Scorched","floor":5},{"not_picked":["Headbutt","Clothesline"],"picked":"Thunderclap","floor":5},{"not_picked":["HeroicMonk","SingingMachine"],"picked":"BigBird","floor":7},{"not_picked":["Blood for Blood","Warcry"],"picked":"Shrug It Off","floor":7},{"not_picked":["Wellcheers","Bloodbath"],"picked":"GreedKing","floor":10},{"not_picked":["True Grit","Seeing Red"],"picked":"Shrug It Off","floor":10},{"not_picked":["Body Slam","Thunderclap"],"picked":"Cleave","floor":12},{"not_picked":["Carnage","Armaments"],"picked":"Shrug It Off","floor":14},{"not_picked":["Juggernaut","Exhume"],"picked":"Immolate","floor":16},{"not_picked":["Yin","SingingMachine"],"picked":"CENSORED","floor":18},{"not_picked":["Sever Soul+1","Havoc","Pommel Strike"],"picked":"SKIP","floor":18}],"player_experience":50708,"relics_obtained":[{"floor":9,"key":"Old Coin"}],"event_choices":[{"cards_removed":["GalaxyChild"],"damage_healed":0,"gold_gain":0,"player_choice":"Card Removal","damage_taken":0,"max_hp_gain":0,"max_hp_loss":0,"event_name":"The Cleric","floor":13,"gold_loss":50},{"damage_healed":0,"gold_gain":0,"player_choice":"Upgraded","damage_taken":0,"max_hp_gain":0,"max_hp_loss":0,"event_name":"Upgrade Shrine","floor":19,"gold_loss":0,"cards_upgraded":["Immolate"]}],"is_beta":false,"boss_relics":[{"not_picked":["Runic Pyramid","Cursed Key","Fusion Hammer"]}],"items_purged_floors":[4],"is_endless":false,"potions_floor_spawned":[1,7,10,12,16],"killed_by":"Chosen","ascension_level":0}}