{"host":"xb2tau8pgi8aflss","time":1613650388,"event":{"mods":["AchievementEnabler","BaseMod","Hermit","Minty Spire (QoL Compilation)","StSLib","SuperFastMode"],"gold_per_floor":[111,129,129,129,140,140,167,167,193,221,239,239,257,279,279,286,286],"floor_reached":16,"language":"KOR","playtime":720,"items_purged":[],"score":134,"play_id":"27a87065-5f91-4cbe-a7a4-5e308df9573a","local_time":"20210218211308","is_ascension_mode":true,"campfire_choices":[{"data":"hermit:Vantage","floor":6,"key":"SMITH"},{"floor":8,"key":"REST"},{"floor":12,"key":"REST"},{"floor":15,"key":"REST"}],"circlet_count":0,"master_deck":["hermit:Strike_Hermit","hermit:Strike_Hermit","hermit:Strike_Hermit","hermit:Strike_Hermit+1","hermit:Defend_Hermit","hermit:Defend_Hermit","hermit:Defend_Hermit","hermit:Defend_Hermit","hermit:Snapshot","hermit:Covet+1","hermit:TakeCover+1","hermit:Snipe","hermit:Vantage+1","hermit:Coalescence","hermit:GoldenBullet","hermit:LuckOfTheDraw","hermit:Scavenge","hermit:EyeOfTheStorm"],"relics":["hermit:Momento","Omamori","Centennial Puzzle","InkBottle"],"acts_visited":["Exordium"],"potions_floor_usage":[10,14,16,16],"damage_taken":[{"damage":5,"enemies":"Small Slimes","floor":1,"turns":3},{"damage":6,"enemies":"Cultist","floor":2,"turns":3},{"damage":2,"enemies":"Jaw Worm","floor":5,"turns":4},{"damage":37,"enemies":"Lagavulin","floor":7,"turns":11},{"damage":20,"enemies":"3 Sentries","floor":10,"turns":11},{"damage":0,"enemies":"Large Slime","floor":11,"turns":8},{"damage":12,"enemies":"3 Louse","floor":13,"turns":3},{"damage":20,"enemies":"Exordium Wildlife","floor":14,"turns":7},{"damage":44,"enemies":"Hexaghost","floor":16,"turns":18}],"seed_played":"-9184441547469526732","potions_obtained":[{"floor":1,"key":"CultistPotion"},{"floor":7,"key":"BlessingOfTheForge"},{"floor":11,"key":"BlessingOfTheForge"},{"floor":13,"key":"SkillPotion"}],"is_trial":false,"path_per_floor":["M","M","?","?","M","R","E","R","T","E","M","R","M","M","R","B"],"character_chosen":"HERMIT","items_purchased":[],"campfire_rested":3,"item_purchase_floors":[],"current_hp_per_floor":[77,71,71,55,53,53,16,40,40,20,20,44,32,12,36,0,0],"gold":286,"neow_bonus":"TEN_PERCENT_HP_BONUS","is_daily":false,"chose_seed":false,"campfire_upgraded":1,"win_rate":0.0,"timestamp":1613650388,"path_taken":["M","M","?","?","M","R","E","R","T","E","M","R","M","M","R","BOSS"],"items_purchased_type":[],"build_version":"2020-12-22","purchased_purges":0,"victory":false,"max_hp_per_floor":[82,82,82,82,82,82,82,82,82,82,82,82,82,82,82,82,82],"card_choices":[{"not_picked":["hermit:Vantage","hermit:CursedWeapon"],"picked":"hermit:TakeCover","floor":1},{"not_picked":["hermit:Horror","hermit:Quickdraw"],"picked":"hermit:Snipe","floor":2},{"not_picked":["hermit:LoneWolf","hermit:Manifest"],"picked":"hermit:Vantage","floor":5},{"not_picked":["hermit:ItchyTrigger","hermit:Desperado"],"picked":"hermit:Coalescence","floor":7},{"not_picked":["hermit:Vantage","hermit:CursedWeapon"],"picked":"hermit:GoldenBullet","floor":10},{"not_picked":["hermit:Combo","hermit:Manifest"],"picked":"hermit:LuckOfTheDraw","floor":11},{"not_picked":["hermit:Virtue","hermit:Combo"],"picked":"hermit:Scavenge","floor":13},{"not_picked":["hermit:ItchyTrigger","hermit:Manifest"],"picked":"hermit:EyeOfTheStorm","floor":14}],"player_experience":847235,"relics_obtained":[{"floor":7,"key":"Omamori"},{"floor":9,"key":"Centennial Puzzle"},{"floor":10,"key":"InkBottle"}],"event_choices":[{"damage_healed":0,"gold_gain":0,"player_choice":"Grow","damage_taken":0,"max_hp_gain":0,"max_hp_loss":0,"event_name":"Living Wall","floor":3,"gold_loss":0,"cards_upgraded":["hermit:TakeCover"]},{"damage_healed":0,"gold_gain":0,"player_choice":"Entered Light","damage_taken":16,"max_hp_gain":0,"max_hp_loss":0,"event_name":"Shining Light","floor":4,"gold_loss":0,"cards_upgraded":["hermit:Strike_Hermit","hermit:Covet"]}],"is_beta":false,"boss_relics":[],"items_purged_floors":[],"is_endless":false,"potions_floor_spawned":[1,7,11,13],"killed_by":"Hexaghost","ascension_level":4}}