{"host":"6bsan6hkua32tfq7","time":1613679797,"event":{"mods":["BaseMod","Better Third Choice","Colored Map","Highlight Path","Minty Spire (QoL Compilation)","StSLib"],"gold_per_floor":[15,15,15,33,50,50,83,83,83,94,94,19,36,51,51,125,125,137,137,156,2,2,2,14,14,14,26,26,44,44,62,62,136,136,149,24,24,40,0,26,26,26,26,26,43,43,43],"floor_reached":46,"language":"ENG","playtime":1088,"items_purged":["Strike_P","Strike_P","Consecrate"],"score":925,"play_id":"4f5ca78a-e86e-45aa-ab01-bf196b7c0c09","local_time":"20210218212317","is_ascension_mode":true,"campfire_choices":[{"data":"PathToVictory","floor":6,"key":"SMITH"},{"floor":8,"key":"REST"},{"floor":15,"key":"REST"},{"floor":23,"key":"REST"},{"data":"Scrawl","floor":28,"key":"SMITH"},{"floor":30,"key":"REST"},{"data":"Protect","floor":32,"key":"SMITH"},{"floor":41,"key":"REST"},{"floor":44,"key":"REST"}],"circlet_count":0,"master_deck":["AscendersBane","Defend_P","Defend_P","Defend_P","Vigilance","PathToVictory+1","Alpha+1","Protect+1","SandsOfTime","Scrawl+1","WaveOfTheHand"],"relics":["PureWater","CaptainsWheel","CultistMask","Art of War","Singing Bowl","Sozu","Velvet Choker","Red Mask","Toxic Egg 2","Happy Flower"],"acts_visited":["Exordium","TheCity","TheBeyond"],"potions_floor_usage":[7,14,18],"damage_taken":[{"damage":9,"enemies":"2 Louse","floor":1,"turns":3},{"damage":4,"enemies":"Small Slimes","floor":4,"turns":4},{"damage":0,"enemies":"Cultist","floor":5,"turns":4},{"damage":47,"enemies":"Gremlin Nob","floor":7,"turns":5},{"damage":5,"enemies":"3 Louse","floor":10,"turns":3},{"damage":8,"enemies":"Exordium Thugs","floor":13,"turns":4},{"damage":4,"enemies":"2 Fungi Beasts","floor":14,"turns":3},{"damage":26,"enemies":"The Guardian","floor":16,"turns":9},{"damage":6,"enemies":"3 Byrds","floor":18,"turns":3},{"damage":14,"enemies":"Shell Parasite","floor":20,"turns":4},{"damage":0,"enemies":"3 Cultists","floor":24,"turns":4},{"damage":12,"enemies":"Centurion and Healer","floor":27,"turns":5},{"damage":25,"enemies":"Snake Plant","floor":29,"turns":4},{"damage":0,"enemies":"3 Cultists","floor":31,"turns":3},{"damage":34,"enemies":"Collector","floor":33,"turns":7},{"damage":5,"enemies":"3 Shapes","floor":35,"turns":4},{"damage":6,"enemies":"Orb Walker","floor":38,"turns":4},{"damage":41,"enemies":"Giant Head","floor":40,"turns":8},{"damage":30,"enemies":"Maw","floor":45,"turns":5},{"damage":60,"enemies":"Nemesis","floor":46,"turns":8}],"seed_played":"-7267915923148755673","potions_obtained":[{"floor":1,"key":"SneckoOil"},{"floor":7,"key":"Fire Potion"},{"floor":13,"key":"Energy Potion"}],"is_trial":false,"path_per_floor":["M","?","?","M","M","R","E","R","T","M","?","$","M","M","R","B",null,"M","?","M","$","?","R","M","?","T","M","R","M","R","M","R","B",null,"M","$","?","M","?","E","R","$","T","R","M","E"],"character_chosen":"WATCHER","items_purchased":["Protect"],"campfire_rested":6,"item_purchase_floors":[21],"current_hp_per_floor":[52,52,52,48,48,48,1,21,21,18,18,18,12,10,32,8,59,55,55,43,43,43,67,69,82,82,72,72,49,74,76,76,44,79,76,76,76,70,70,31,59,59,59,87,59,0,0],"gold":43,"neow_bonus":"ONE_RARE_RELIC","is_daily":false,"chose_seed":false,"campfire_upgraded":3,"win_rate":0.0,"timestamp":1613679797,"path_taken":["M","?","?","M","M","R","E","R","T","?","?","?","M","?","R","BOSS","M","?","M","$","?","R","M","?","T","M","R","M","R","M","R","BOSS","M","$","?","M","?","E","R","?","T","R","?","E"],"items_purchased_type":["Card"],"build_version":"2020-12-22","purchased_purges":3,"victory":false,"max_hp_per_floor":[68,68,68,68,68,68,68,68,68,70,70,70,72,74,74,76,76,78,78,80,80,80,80,82,82,82,84,84,86,86,88,88,90,90,92,92,92,92,92,94,94,94,94,94,96,96,96],"card_choices":[{"not_picked":["Fasting2","EmptyBody","Halt"],"picked":"SKIP","floor":1},{"not_picked":["Crescendo","EmptyBody"],"picked":"Consecrate","floor":4},{"not_picked":["Crescendo","ForeignInfluence"],"picked":"PathToVictory","floor":5},{"not_picked":["MentalFortress","JustLucky"],"picked":"Alpha","floor":7},{"not_picked":["Worship","Conclude","FearNoEvil"],"picked":"Singing Bowl","floor":10},{"not_picked":["EmptyMind","Collect","Sanctity"],"picked":"Singing Bowl","floor":13},{"not_picked":["CrushJoints","Collect","ForeignInfluence"],"picked":"Singing Bowl","floor":14},{"not_picked":["Wish","SpiritShield","DevaForm"],"picked":"Singing Bowl","floor":16},{"not_picked":["EmptyFist","FollowUp","CutThroughFate+1"],"picked":"Singing Bowl","floor":18},{"not_picked":["FlyingSleeves","Consecrate","EmptyBody"],"picked":"Singing Bowl","floor":20},{"not_picked":["Protect","BowlingBash","FollowUp"],"picked":"Singing Bowl","floor":24},{"not_picked":["Brilliance","Swivel","EmptyFist"],"picked":"Singing Bowl","floor":27},{"not_picked":["ClearTheMind","Indignation+1","FlyingSleeves+1"],"picked":"Singing Bowl","floor":29},{"not_picked":["FlyingSleeves","Protect","PathToVictory"],"picked":"Singing Bowl","floor":31},{"not_picked":["Alpha","SpiritShield","Blasphemy"],"picked":"Singing Bowl","floor":33},{"not_picked":["PathToVictory","Sanctity","Protect"],"picked":"Singing Bowl","floor":35},{"not_picked":["LikeWater+1","FollowUp"],"picked":"WaveOfTheHand","floor":38},{"not_picked":["Wallop","ForeignInfluence+1","Prostrate+1"],"picked":"Singing Bowl","floor":40},{"not_picked":["BowlingBash+1","Halt+1","Crescendo+1"],"picked":"Singing Bowl","floor":45}],"player_experience":5434892,"relics_obtained":[{"floor":7,"key":"Art of War"},{"floor":9,"key":"Singing Bowl"},{"floor":40,"key":"Toxic Egg 2"},{"floor":43,"key":"Happy Flower"}],"event_choices":[{"cards_removed":["Defend_P"],"damage_healed":0,"gold_gain":0,"player_choice":"Forget","damage_taken":0,"max_hp_gain":0,"max_hp_loss":0,"event_name":"Living Wall","floor":2,"gold_loss":0},{"damage_healed":0,"gold_gain":0,"player_choice":"Trade","damage_taken":0,"relics_obtained":["CultistMask"],"max_hp_gain":0,"max_hp_loss":0,"event_name":"FaceTrader","floor":3,"gold_loss":0},{"damage_healed":0,"gold_gain":0,"player_choice":"Forge","damage_taken":0,"max_hp_gain":0,"max_hp_loss":0,"event_name":"Accursed Blacksmith","floor":11,"gold_loss":0,"cards_upgraded":["Alpha"]},{"damage_healed":0,"gold_gain":0,"player_choice":"Ignored","damage_taken":0,"max_hp_gain":0,"max_hp_loss":0,"event_name":"Cursed Tome","floor":19,"gold_loss":0},{"damage_healed":0,"gold_gain":0,"cards_transformed":["Strike_P","Strike_P"],"player_choice":"Became Test Subject","damage_taken":0,"max_hp_gain":0,"max_hp_loss":0,"event_name":"Drug Dealer","floor":22,"gold_loss":0,"cards_obtained":["SandsOfTime","Scrawl"]},{"damage_healed":16,"gold_gain":0,"player_choice":"Heal","damage_taken":0,"max_hp_gain":0,"max_hp_loss":0,"event_name":"The Library","floor":25,"gold_loss":0},{"cards_removed":["Eruption"],"damage_healed":0,"gold_gain":0,"player_choice":"Removed Attack","damage_taken":0,"max_hp_gain":0,"max_hp_loss":0,"event_name":"Falling","floor":37,"gold_loss":0},{"damage_healed":0,"gold_gain":0,"player_choice":"Paid","damage_taken":0,"relics_obtained":["Red Mask"],"max_hp_gain":0,"max_hp_loss":0,"event_name":"Tomb of Lord Red Mask","floor":39,"gold_loss":40}],"is_beta":false,"boss_relics":[{"not_picked":["Pandora\u0027s Box","Black Star"],"picked":"Sozu"},{"not_picked":["HolyWater","Runic Dome"],"picked":"Velvet Choker"}],"items_purged_floors":[12,21,36],"is_endless":false,"potions_floor_spawned":[1,7,13,18,20,29,31,35,38,45],"killed_by":"Nemesis","ascension_level":20}}