{"host":"vk2xyavtylxbvrfq","time":1613681855,"event":{"mods":["Bard","BaseMod","Bestiary","Better Altar","Better Match","Better Note","Better Sensory Stone","Better Skull","Better Vampires","Block Reminder","Bossed Relics","Colored Map","Curses Come First","Displayed Cursed Tome","Downfall","Fox Events","Hermit","Ironclad Rager","Marked Mod","Minty Spire (QoL Compilation)","Quick Restart","Rare Cards Sparkle","Relic Sorter","Reliquary","Robot Space Explorer","StSLib","The Hayseed","The Runesmith","TheSurvivalist","Unceasing Turn Reminder"],"gold_per_floor":[117,128,128,188,46,46,66,79,105,125,151,161,161,176,176,274,274,292,303,303,316,316,316,316,316],"floor_reached":24,"language":"ENG","playtime":727,"items_purged":[],"score":260,"play_id":"a470f0df-a8a7-4af5-8d40-2d491a3539ba","local_time":"20210218155735","is_ascension_mode":true,"campfire_choices":[{"floor":6.0,"key":"REST"},{"floor":13.0,"key":"REST"},{"data":"hermit:ShadowCloak","floor":15.0,"key":"SMITH"},{"floor":23,"key":"REST"}],"circlet_count":0,"master_deck":["hermit:Strike_Hermit+1","hermit:Strike_Hermit","hermit:Strike_Hermit","hermit:Strike_Hermit","hermit:Defend_Hermit","hermit:Defend_Hermit","hermit:Defend_Hermit","hermit:Defend_Hermit","hermit:Snapshot","hermit:Covet","hermit:ShadowCloak+1","hermit:SprayPray","hermit:ShadowCloak+1","hermit:Glare","hermit:Spite","hermit:Deadeye","hermit:Determination","hermit:Misfire","hermit:DeadMansHand","hermit:FatalDesire","hermit:LuckOfTheDraw","hermit:SprayPray","hermit:Reprieve"],"relics":["Pandora\u0027s Box","Bronze Scales","reliquary:SharkskinSheath","reliquary:RedCape","GremlinMask"],"acts_visited":["Exordium","TheCity"],"potions_floor_usage":[24,24],"damage_taken":[{"damage":0.0,"enemies":"Small Slimes","floor":1.0,"turns":2.0},{"damage":2.0,"enemies":"Jaw Worm","floor":2.0,"turns":3.0},{"damage":0.0,"enemies":"Cultist","floor":7.0,"turns":2.0},{"damage":7.0,"enemies":"Exordium Wildlife","floor":8.0,"turns":3.0},{"damage":2.0,"enemies":"Large Slime","floor":10.0,"turns":5.0},{"damage":13.0,"enemies":"Lagavulin","floor":11.0,"turns":6.0},{"damage":5.0,"enemies":"Red Slaver","floor":12.0,"turns":3.0},{"damage":0.0,"enemies":"Looter","floor":14.0,"turns":2.0},{"damage":18.0,"enemies":"Slime Boss","floor":16.0,"turns":7.0},{"damage":13.0,"enemies":"Shell Parasite","floor":18.0,"turns":3.0},{"damage":5.0,"enemies":"3 Byrds","floor":19.0,"turns":3.0},{"damage":35,"enemies":"Shelled Parasite and Fungi","floor":21,"turns":5},{"damage":0,"enemies":"Slavers","floor":24,"turns":2}],"seed_played":"-3158831374094532209","potions_obtained":[{"floor":1.0,"key":"Swift Potion"},{"floor":2.0,"key":"Strength Potion"},{"floor":10.0,"key":"FairyPotion"},{"floor":18.0,"key":"AttackPotion"}],"is_trial":false,"path_per_floor":["M","M","?","?","$","R","M","M","T","M","E","M","R","M","R","B",null,"M","M","?","M","?","R","E"],"character_chosen":"HERMIT","items_purchased":["hermit:ShadowCloak","Guardian:BlockOnCardUsePotion"],"campfire_rested":3,"item_purchase_floors":[5,5],"current_hp_per_floor":[68,66,51,51,51,73,73,66,66,64,51,46,68,68,68,50,69,56,51,51,16,16,38,38,38],"gold":316,"neow_bonus":"BOSS_RELIC","is_daily":false,"chose_seed":false,"campfire_upgraded":1,"win_rate":0.0,"timestamp":1613681855,"path_taken":["M","M","?","?","?","R","M","M","T","M","E","M","R","?","R","BOSS","M","M","?","M","?","R","E"],"items_purchased_type":["Card","Potion"],"build_version":"2020-12-22","purchased_purges":0,"victory":false,"max_hp_per_floor":[75,75,75,75,75,75,75,75,75,75,75,75,75,75,75,75,75,75,75,75,75,75,75,75,75],"card_choices":[{"not_picked":["hermit:Spite","hermit:Showdown"],"picked":"hermit:ShadowCloak","floor":1.0},{"not_picked":["hermit:Gestalt","hermit:GoldenBullet"],"picked":"hermit:SprayPray","floor":2.0},{"not_picked":["hermit:Deadeye","hermit:Headshot"],"picked":"hermit:Glare","floor":7.0},{"not_picked":["hermit:Vantage","hermit:GoldenBullet"],"picked":"hermit:Spite","floor":8.0},{"not_picked":["hermit:Quickdraw","hermit:CursedWeapon"],"picked":"hermit:Deadeye","floor":10.0},{"not_picked":["hermit:Snipe","hermit:Spite"],"picked":"hermit:Determination","floor":11.0},{"not_picked":["hermit:CalledShot","hermit:Dive"],"picked":"hermit:Misfire","floor":12.0},{"not_picked":["hermit:Feint","hermit:Vantage"],"picked":"hermit:DeadMansHand","floor":14.0},{"not_picked":["hermit:Reprieve","hermit:HeroicBravado"],"picked":"hermit:FatalDesire","floor":16.0},{"not_picked":["hermit:TrackingShot+1","hermit:BodyArmor"],"picked":"hermit:LuckOfTheDraw","floor":18.0},{"not_picked":["hermit:CursedWeapon+1","hermit:Combo"],"picked":"hermit:SprayPray","floor":19.0},{"not_picked":["hermit:ItchyTrigger+1","hermit:Horror+1","hermit:Enervate"],"picked":"SKIP","floor":21}],"player_experience":1426287,"relics_obtained":[{"floor":9.0,"key":"Bronze Scales"},{"floor":11.0,"key":"reliquary:SharkskinSheath"}],"event_choices":[{"damage_healed":0.0,"max_hp_gain":0.0,"max_hp_loss":0.0,"gold_gain":0.0,"event_name":"Shining Light","player_choice":"Entered Light","floor":3.0,"gold_loss":0.0,"damage_taken":15.0,"cards_upgraded":["hermit:ShadowCloak","hermit:Strike_Hermit"]},{"damage_healed":0.0,"max_hp_gain":0.0,"max_hp_loss":0.0,"gold_gain":60.0,"event_name":"Golden Wing","player_choice":"Gained Gold","floor":4.0,"gold_loss":0.0,"damage_taken":0.0},{"damage_healed":0.0,"max_hp_gain":0.0,"max_hp_loss":0.0,"gold_gain":0.0,"event_name":"betterNote:BetterNote","player_choice":"Take","floor":20.0,"gold_loss":0.0,"damage_taken":0.0,"cards_obtained":["hermit:Reprieve"]},{"damage_healed":0,"gold_gain":0,"player_choice":"Trade","damage_taken":0,"relics_obtained":["GremlinMask"],"max_hp_gain":0,"max_hp_loss":0,"event_name":"FaceTrader","floor":22,"gold_loss":0}],"is_beta":false,"boss_relics":[{"not_picked":["Runic Pyramid","Velvet Choker"],"picked":"reliquary:RedCape"}],"items_purged_floors":[],"is_endless":false,"potions_floor_spawned":[1,2,10,18,21],"killed_by":"Slavers","ascension_level":6}}