{"host":"b5ofb9azpmwqws3x","time":1613679912,"event":{"mods":["BaseMod","Minty Spire (QoL Compilation)"],"gold_per_floor":[17,17,34,49,49,76,76,92,92,92,92,106,106,123,123,218,218,230,329,348,368,0,30,41,52,52,63,63,92,7,7,7,103,103,116,126,141,155,155,155],"floor_reached":39,"language":"ENG","playtime":1580,"items_purged":[],"score":726,"play_id":"e01dd7c4-5953-4e72-a679-c68edaf09200","local_time":"20210218232512","is_ascension_mode":true,"campfire_choices":[{"data":"Corpse Explosion","floor":7.0,"key":"SMITH"},{"data":"PiercingWail","floor":11.0,"key":"SMITH"},{"data":"Burst","floor":13.0,"key":"SMITH"},{"floor":15.0,"key":"REST"},{"floor":28.0,"key":"REST"},{"floor":32.0,"key":"REST"}],"circlet_count":0,"master_deck":["AscendersBane","Strike_G","Strike_G","Strike_G","Strike_G","Strike_G","Defend_G","Defend_G","Defend_G","Defend_G","Defend_G","Survivor","Neutralize","Corpse Explosion+1","Dagger Spray+1","PiercingWail+1","Burst+1","Bane","Doppelganger","Deadly Poison+1","Leg Sweep+1","Catalyst","Catalyst","PiercingWail","Malaise","Adrenaline","Deadly Poison+1","Noxious Fumes"],"relics":["Ring of the Snake","Pocketwatch","The Courier","Pear","Fusion Hammer","Lee\u0027s Waffle","Pantograph","The Specimen","Centennial Puzzle","Oddly Smooth Stone","Boot","HoveringKite"],"acts_visited":["Exordium","TheCity","TheBeyond"],"potions_floor_usage":[],"damage_taken":[{"damage":0.0,"enemies":"Small Slimes","floor":1.0,"turns":3.0},{"damage":0.0,"enemies":"Cultist","floor":3.0,"turns":3.0},{"damage":0.0,"enemies":"Jaw Worm","floor":4.0,"turns":4.0},{"damage":21.0,"enemies":"Lagavulin","floor":6.0,"turns":5.0},{"damage":0.0,"enemies":"3 Louse","floor":8.0,"turns":2.0},{"damage":4.0,"enemies":"Large Slime","floor":12.0,"turns":6.0},{"damage":2.0,"enemies":"Gremlin Gang","floor":14.0,"turns":3.0},{"damage":44.0,"enemies":"The Guardian","floor":16.0,"turns":10.0},{"damage":21.0,"enemies":"2 Thieves","floor":18.0,"turns":4.0},{"damage":4.0,"enemies":"Shell Parasite","floor":20.0,"turns":5.0},{"damage":15.0,"enemies":"Shelled Parasite and Fungi","floor":21.0,"turns":4.0},{"damage":14.0,"enemies":"Book of Stabbing","floor":23.0,"turns":3.0},{"damage":24.0,"enemies":"Centurion and Healer","floor":24.0,"turns":3.0},{"damage":4.0,"enemies":"Snake Plant","floor":25.0,"turns":4.0},{"damage":3.0,"enemies":"Chosen and Byrds","floor":27.0,"turns":4.0},{"damage":16.0,"enemies":"Gremlin Leader","floor":29.0,"turns":3.0},{"damage":38.0,"enemies":"Automaton","floor":33.0,"turns":9.0},{"damage":14.0,"enemies":"Orb Walker","floor":35.0,"turns":6.0},{"damage":1.0,"enemies":"3 Shapes","floor":36.0,"turns":4.0},{"damage":11.0,"enemies":"Transient","floor":37.0,"turns":5.0},{"damage":38,"enemies":"Spire Growth","floor":38,"turns":6},{"damage":23,"enemies":"4 Shapes","floor":39,"turns":1}],"seed_played":"3254295847833030909","potions_obtained":[{"floor":3.0,"key":"DuplicationPotion"},{"floor":8.0,"key":"Ancient Potion"},{"floor":14.0,"key":"CunningPotion"},{"floor":21.0,"key":"CultistPotion"},{"floor":33.0,"key":"LiquidBronze"},{"floor":36.0,"key":"Weak Potion"}],"is_trial":false,"path_per_floor":["M","?","M","M","?","E","R","M","T","$","R","M","R","M","R","B",null,"M","?","M","M","$","E","M","M","T","M","R","E","?","?","R","B",null,"M","M","M","M","M"],"character_chosen":"THE_SILENT","items_purchased":["Lee\u0027s Waffle","Pantograph","Catalyst"],"campfire_rested":3,"item_purchase_floors":[22,22,22],"current_hp_per_floor":[63,63,63,63,63,42,42,42,52,52,52,48,48,46,70,26,67,46,46,42,27,87,73,49,45,45,42,68,52,52,35,62,49,81,67,66,55,17,0,0],"gold":155,"neow_bonus":"THREE_RARE_CARDS","is_daily":false,"chose_seed":false,"campfire_upgraded":3,"win_rate":0.0,"timestamp":1613679912,"path_taken":["M","?","?","M","?","E","R","M","T","$","R","M","R","M","R","BOSS","M","?","M","M","$","E","M","M","T","M","R","E","?","?","R","BOSS","M","M","M","M","M"],"items_purchased_type":["Relic","Relic","Card"],"build_version":"2020-12-22","purchased_purges":0,"victory":false,"max_hp_per_floor":[70,70,70,70,70,70,70,70,80,80,80,80,80,80,80,80,80,80,80,80,80,87,87,87,87,87,87,87,87,87,92,92,92,92,92,92,92,92,92,92],"card_choices":[{"not_picked":["Night Terror","Glass Knife"],"picked":"Corpse Explosion","floor":0.0},{"not_picked":["Underhanded Strike","Dagger Throw"],"picked":"Dagger Spray","floor":1.0},{"not_picked":["Sucker Punch","Deflect","Dagger Spray"],"picked":"SKIP","floor":3.0},{"not_picked":["Bane","Dodge and Roll"],"picked":"PiercingWail","floor":4.0},{"not_picked":["Quick Slash","Accuracy","Underhanded Strike"],"picked":"SKIP","floor":6.0},{"not_picked":["Dodge and Roll","Finisher","Deadly Poison"],"picked":"SKIP","floor":8.0},{"not_picked":["Deflect","Riddle With Holes"],"picked":"Burst","floor":12.0},{"not_picked":["Poisoned Stab","Backflip"],"picked":"Bane","floor":14.0},{"not_picked":["Night Terror","Grand Finale"],"picked":"Doppelganger","floor":16.0},{"not_picked":["Prepared","Underhanded Strike"],"picked":"Deadly Poison+1","floor":18.0},{"not_picked":["Deadly Poison+1","Slice+1"],"picked":"Leg Sweep+1","floor":20.0},{"not_picked":["Eviscerate","Sucker Punch"],"picked":"Catalyst","floor":21.0},{"not_picked":["Burst","Predator"],"picked":"PiercingWail","floor":23.0},{"not_picked":["Blade Dance+1","PiercingWail","Underhanded Strike"],"picked":"SKIP","floor":24.0},{"not_picked":["Choke","Dagger Spray+1","Backflip"],"picked":"SKIP","floor":25.0},{"not_picked":["Skewer","Underhanded Strike","Distraction"],"picked":"SKIP","floor":27.0},{"not_picked":["Backflip","Escape Plan"],"picked":"Malaise","floor":29.0},{"not_picked":["Glass Knife","Envenom"],"picked":"Adrenaline","floor":33.0},{"not_picked":["Endless Agony+1","Prepared+1"],"picked":"Deadly Poison+1","floor":35.0},{"not_picked":["Accuracy","Prepared","Outmaneuver"],"picked":"SKIP","floor":36.0},{"not_picked":["Reflex+1","Bane"],"picked":"Noxious Fumes","floor":37.0},{"not_picked":["Blur","Flying Knee+1","Underhanded Strike"],"picked":"SKIP","floor":38}],"player_experience":309553,"relics_obtained":[{"floor":2.0,"key":"Pocketwatch"},{"floor":6.0,"key":"The Courier"},{"floor":9.0,"key":"Pear"},{"floor":23.0,"key":"The Specimen"},{"floor":26.0,"key":"Centennial Puzzle"},{"floor":29.0,"key":"Oddly Smooth Stone"}],"event_choices":[{"damage_healed":0.0,"max_hp_gain":0.0,"max_hp_loss":0.0,"gold_gain":0.0,"event_name":"Wheel of Change","player_choice":"Relic","floor":2.0,"gold_loss":0.0,"damage_taken":0.0},{"damage_healed":0.0,"max_hp_gain":0.0,"max_hp_loss":0.0,"gold_gain":0.0,"event_name":"Upgrade Shrine","player_choice":"Upgraded","floor":5.0,"gold_loss":0.0,"damage_taken":0.0,"cards_upgraded":["Dagger Spray"]},{"damage_healed":0.0,"max_hp_gain":0.0,"max_hp_loss":0.0,"gold_gain":99.0,"event_name":"Nest","player_choice":"Stole From Cult","floor":19.0,"gold_loss":0.0,"damage_taken":0.0},{"damage_healed":0.0,"max_hp_gain":0.0,"max_hp_loss":0.0,"gold_gain":0.0,"event_name":"Addict","player_choice":"Obtained Relic","floor":30.0,"gold_loss":85.0,"damage_taken":0.0,"relics_obtained":["Boot"]},{"damage_healed":0.0,"max_hp_gain":5.0,"max_hp_loss":0.0,"gold_gain":0.0,"event_name":"Forgotten Altar","player_choice":"Shed Blood","floor":31.0,"gold_loss":0.0,"damage_taken":22.0}],"is_beta":false,"boss_relics":[{"not_picked":["Tiny House","WristBlade"],"picked":"Fusion Hammer"},{"not_picked":["Philosopher\u0027s Stone","Pandora\u0027s Box"],"picked":"HoveringKite"}],"items_purged_floors":[],"is_endless":false,"potions_floor_spawned":[3,8,14,21,23,27,33,36],"killed_by":"4 Shapes","ascension_level":11}}