{"host":"89iuq2p5kwriuwfq","time":1613657453,"event":{"mods":["BaseMod","Curses Come First","Minty Spire (QoL Compilation)","Permanent Neow","StSLib"],"gold_per_floor":[110,32,32,44,20,20,33,63,63,89,108,108,143,154,154,229,229,249,249,249,260,175,175,191,47,47,47,47],"floor_reached":27,"language":"ENG","playtime":1154,"items_purged":["Clumsy"],"score":422,"play_id":"6a584fcb-9ba5-488b-bd7f-73ade7d2aada","local_time":"20210218141053","is_ascension_mode":true,"campfire_choices":[{"data":"Rainbow","floor":6.0,"key":"SMITH"},{"data":"Loop","floor":12.0,"key":"SMITH"},{"data":"Loop","floor":15.0,"key":"SMITH"},{"data":"Genetic Algorithm","floor":23.0,"key":"SMITH"}],"circlet_count":0,"master_deck":["AscendersBane","Strike_B","Strike_B","Strike_B","Strike_B","Defend_B","Defend_B","Defend_B","Defend_B","Zap","Dualcast","Rainbow+1","Defragment+1","Self Repair","Coolheaded","Loop+1","Ball Lightning","Loop+1","Ball Lightning","Machine Learning","Genetic Algorithm+1","Consume","Self Repair","Shame"],"relics":["Cracked Core","Dead Branch","Girya","Pocketwatch","Emotion Chip","Cursed Key","Oddly Smooth Stone","Shuriken"],"acts_visited":["Exordium","TheCity"],"potions_floor_usage":[27],"damage_taken":[{"damage":3.0,"enemies":"2 Louse","floor":1.0,"turns":2.0},{"damage":1.0,"enemies":"Cultist","floor":4.0,"turns":3.0},{"damage":10.0,"enemies":"Jaw Worm","floor":7.0,"turns":3.0},{"damage":5.0,"enemies":"Lagavulin","floor":8.0,"turns":6.0},{"damage":24.0,"enemies":"Gremlin Nob","floor":10.0,"turns":5.0},{"damage":4.0,"enemies":"Looter","floor":11.0,"turns":3.0},{"damage":23.0,"enemies":"3 Sentries","floor":13.0,"turns":5.0},{"damage":10.0,"enemies":"Large Slime","floor":14.0,"turns":4.0},{"damage":9.0,"enemies":"The Guardian","floor":16.0,"turns":8.0},{"damage":5.0,"enemies":"Chosen","floor":18.0,"turns":3.0},{"damage":35.0,"enemies":"2 Thieves","floor":21.0,"turns":3.0},{"damage":8.0,"enemies":"Cultist and Chosen","floor":24.0,"turns":5.0},{"damage":3,"enemies":"Gremlin Leader","floor":27,"turns":2}],"seed_played":"1745670025191169332","potions_obtained":[{"floor":4.0,"key":"Fruit Juice"},{"floor":11.0,"key":"LiquidBronze"},{"floor":16.0,"key":"GamblersBrew"},{"floor":21.0,"key":"BlessingOfTheForge"}],"is_trial":false,"path_per_floor":["M","$","?","M","$","R","M","E","T","E","M","R","E","M","R","B",null,"M","?","?","M","?","R","M","$","T","E"],"character_chosen":"DEFECT","items_purchased":["Defragment","Coolheaded","Self Repair"],"campfire_rested":0,"item_purchase_floors":[2,5,25],"current_hp_per_floor":[65,65,65,64,64,64,66,68,68,51,54,54,38,28,28,26,67,69,54,54,26,26,26,25,25,25,22,22],"gold":47,"neow_bonus":"THREE_RARE_CARDS","is_daily":false,"chose_seed":false,"campfire_upgraded":4,"win_rate":0.0,"timestamp":1613657453,"path_taken":["M","$","?","M","?","R","M","E","T","E","M","R","E","M","R","BOSS","M","?","?","M","?","R","M","$","T","E"],"items_purchased_type":["Card","Card","Card"],"build_version":"2020-12-22","purchased_purges":1,"victory":false,"max_hp_per_floor":[75,75,75,75,75,75,80,80,80,80,80,80,80,80,80,80,80,80,85,85,85,85,85,85,85,85,85,85],"card_choices":[{"not_picked":["Seek","All For One"],"picked":"Rainbow","floor":0.0},{"not_picked":["Stack","Heatsinks","Compile Driver"],"picked":"SKIP","floor":1.0},{"not_picked":["Sweeping Beam","Beam Cell"],"picked":"Self Repair","floor":4.0},{"not_picked":["Aggregate","Coolheaded"],"picked":"Loop","floor":7.0},{"not_picked":["Streamline","Stack","Rip and Tear"],"picked":"SKIP","floor":8.0},{"not_picked":["Sweeping Beam","Conserve Battery"],"picked":"Ball Lightning","floor":10.0},{"not_picked":["Compile Driver","Genetic Algorithm"],"picked":"Loop","floor":11.0},{"not_picked":["Sweeping Beam","Compile Driver","Blizzard"],"picked":"SKIP","floor":13.0},{"not_picked":["Reinforced Body","Genetic Algorithm"],"picked":"Ball Lightning","floor":14.0},{"not_picked":["All For One","Rainbow"],"picked":"Machine Learning","floor":16.0},{"not_picked":["Go for the Eyes","Beam Cell","Fusion"],"picked":"SKIP","floor":18.0},{"not_picked":["Barrage+1","Sweeping Beam+1"],"picked":"Genetic Algorithm","floor":21.0},{"not_picked":["Coolheaded","Gash"],"picked":"Consume","floor":24.0}],"player_experience":719855,"relics_obtained":[{"floor":8.0,"key":"Dead Branch"},{"floor":9.0,"key":"Girya"},{"floor":10.0,"key":"Pocketwatch"},{"floor":13.0,"key":"Emotion Chip"},{"floor":26.0,"key":"Shuriken"}],"event_choices":[{"damage_healed":0.0,"max_hp_gain":0.0,"max_hp_loss":0.0,"gold_gain":0.0,"event_name":"Accursed Blacksmith","player_choice":"Forge","floor":3.0,"gold_loss":0.0,"damage_taken":0.0,"cards_upgraded":["Defragment"]},{"damage_healed":0.0,"max_hp_gain":5.0,"max_hp_loss":0.0,"gold_gain":0.0,"event_name":"Forgotten Altar","player_choice":"Shed Blood","floor":19.0,"gold_loss":0.0,"damage_taken":20.0},{"damage_healed":0.0,"max_hp_gain":0.0,"max_hp_loss":0.0,"gold_gain":0.0,"event_name":"Vampires","player_choice":"Ignored","floor":20.0,"gold_loss":0.0,"damage_taken":0.0},{"damage_healed":0.0,"max_hp_gain":0.0,"max_hp_loss":0.0,"gold_gain":0.0,"event_name":"Addict","player_choice":"Obtained Relic","floor":22.0,"gold_loss":85.0,"damage_taken":0.0,"relics_obtained":["Oddly Smooth Stone"]}],"is_beta":false,"boss_relics":[{"not_picked":["Velvet Choker","SacredBark"],"picked":"Cursed Key"}],"items_purged_floors":[25],"is_endless":false,"potions_floor_spawned":[4,11,16,21,24],"killed_by":"Gremlin Leader","ascension_level":13}}