{"host":"bnbc66jny2i0hx0x","time":1613627072,"event":{"mods":["AchievementEnabler","BaseMod","Minty Spire (QoL Compilation)","Relic Sorter","StSLib"],"gold_per_floor":[113,113,133,61,74,102,122,122,198,198,198],"floor_reached":10,"language":"ENG","playtime":467,"items_purged":[],"score":119,"play_id":"454eae12-f4de-4d8b-b702-b04340259871","local_time":"20210217214432","is_ascension_mode":true,"campfire_choices":[{"floor":8,"key":"DIG"}],"circlet_count":0,"master_deck":["AscendersBane","Strike_G","Strike_G","Strike_G","Strike_G","Defend_G","Defend_G","Defend_G","Defend_G","Defend_G","Survivor","Neutralize","Backstab","Dagger Throw","Footwork","Prepared","Escape Plan","Venomology"],"relics":["HoveringKite","Shovel","Bag of Marbles","Shuriken"],"acts_visited":["Exordium"],"potions_floor_usage":[6],"damage_taken":[{"damage":1,"enemies":"Cultist","floor":1,"turns":4},{"damage":0,"enemies":"Small Slimes","floor":3,"turns":4},{"damage":0,"enemies":"Jaw Worm","floor":5,"turns":4},{"damage":13,"enemies":"Lagavulin","floor":6,"turns":13},{"damage":5,"enemies":"Exordium Thugs","floor":7,"turns":6},{"damage":67,"enemies":"Gremlin Nob","floor":10,"turns":6}],"seed_played":"-8430255490037252305","potions_obtained":[{"floor":3,"key":"EssenceOfSteel"},{"floor":7,"key":"SpeedPotion"}],"is_trial":false,"path_per_floor":["M","?","M","$","M","E","M","R","T","E"],"character_chosen":"THE_SILENT","items_purchased":["Footwork"],"campfire_rested":0,"item_purchase_floors":[4],"current_hp_per_floor":[58,58,58,58,58,45,40,40,40,0,0],"gold":198,"neow_bonus":"BOSS_RELIC","is_daily":false,"chose_seed":false,"campfire_upgraded":0,"win_rate":0.0,"timestamp":1613627072,"path_taken":["M","?","M","$","M","E","M","R","T","E"],"items_purchased_type":["Card"],"build_version":"2020-12-22","purchased_purges":0,"victory":false,"max_hp_per_floor":[66,66,66,66,66,66,66,66,66,66,66],"card_choices":[{"not_picked":["Dodge and Roll","Cloak And Dagger"],"picked":"Backstab","floor":1},{"not_picked":["Sucker Punch","Outmaneuver"],"picked":"Dagger Throw","floor":3},{"not_picked":["Expertise","Quick Slash"],"picked":"Prepared","floor":5},{"not_picked":["Well Laid Plans","Deflect"],"picked":"Escape Plan","floor":6},{"not_picked":["Deadly Poison","Concentrate"],"picked":"Venomology","floor":7}],"player_experience":1273079,"relics_obtained":[{"floor":6,"key":"Shovel"},{"floor":8,"key":"Bag of Marbles"},{"floor":9,"key":"Shuriken"}],"event_choices":[{"cards_removed":["Strike_G"],"damage_healed":0,"gold_gain":0,"player_choice":"Purged","damage_taken":0,"max_hp_gain":0,"max_hp_loss":0,"event_name":"Purifier","floor":2,"gold_loss":0}],"is_beta":false,"boss_relics":[],"items_purged_floors":[],"is_endless":false,"potions_floor_spawned":[3,7],"killed_by":"Gremlin Nob","ascension_level":15}}