{"host":"ju66gn9zov5ov15o","time":1613660304,"event":{"mods":["100% Spire Juice","2.2 Compatiblity","Act Like it!","Arknights","Aspiration","BaseMod","Conspire","Downfall","GifTheSpireLib","Hubris","Lobotomy","LobotomyExtend","Marisa????????","Minty Spire (QoL Compilation)","Pale of the Ancients","Rare Cards Sparkle","Relic Stats","Ruina","Shapeshifter Mod","StSLib","The Alterego","The Animator"],"gold_per_floor":[117,292,308,325,325,325,357,357,357,357,357],"floor_reached":10,"language":"ENG","playtime":449,"items_purged":[],"score":76,"play_id":"cc68cf47-34b7-445d-88c8-cab63956dd23","local_time":"20210218155824","is_ascension_mode":true,"campfire_choices":[{"data":"Zap","floor":6,"key":"SMITH"}],"circlet_count":0,"master_deck":["Strike_B","Strike_B","Strike_B","Strike_B","Defend_B","Defend_B","Defend_B","Defend_B","Zap+1","Dualcast","Dazed","Doubt","Dazed","Conserve Battery"],"relics":["Cracked Core","aspiration:DSix","LetterFromLob","MagicBullet_r","LaetitiaHeart","Art of War"],"acts_visited":["Exordium"],"potions_floor_usage":[10],"damage_taken":[{"damage":0,"enemies":"2 Louse","floor":1,"turns":3},{"damage":1,"enemies":"Cultist","floor":3,"turns":3},{"damage":7,"enemies":"Jaw Worm","floor":4,"turns":3},{"damage":0,"enemies":"Blue Slaver","floor":5,"turns":2},{"damage":41,"enemies":"3 Sentries","floor":7,"turns":12},{"damage":67,"enemies":"Gremlin Nob","floor":10,"turns":4}],"seed_played":"-7185888326240564602","potions_obtained":[{"floor":4,"key":"bronze:BurnAndBuffPotion"},{"floor":7,"key":"FocusPotion"}],"is_trial":false,"path_per_floor":["M","?","M","M","M","R","E","R","T","E"],"character_chosen":"DEFECT","items_purchased":[],"campfire_rested":0,"item_purchase_floors":[],"current_hp_per_floor":[75,75,74,67,75,75,34,34,34,0,0],"gold":357,"neow_bonus":"DSIX","is_daily":false,"chose_seed":false,"campfire_upgraded":1,"win_rate":0.0,"timestamp":1613660304,"path_taken":["M","?","M","M","M","R","E","R","T","E"],"items_purchased_type":[],"build_version":"2020-12-22","purchased_purges":0,"victory":false,"max_hp_per_floor":[75,75,75,75,75,75,75,75,75,75,75],"relic_stats":{"counters":[6,27],"Art of War":[1],"obtain_stats":[{"MagicBullet_r":5,"LaetitiaHeart":5,"LetterFromLob":1,"Art of War":7,"Cracked Core":0,"aspiration:DSix":0},{"MagicBullet_r":3,"LaetitiaHeart":3,"LetterFromLob":1,"Art of War":5,"Cracked Core":0,"aspiration:DSix":0},{"MagicBullet_r":9,"LaetitiaHeart":9,"LetterFromLob":3,"Art of War":23,"Cracked Core":0,"aspiration:DSix":0}]},"card_choices":[{"not_picked":["Barrage","Force Field"],"picked":"Tempest","floor":1},{"not_picked":["Undo","Coolheaded"],"picked":"Rebound","floor":3},{"not_picked":["Turbo","Skim"],"picked":"Conserve Battery","floor":4},{"not_picked":["Hologram","Beam Cell","Barrage"],"picked":"SKIP","floor":7}],"player_experience":491477,"relics_obtained":[{"floor":1,"key":"LetterFromLob"},{"floor":7,"key":"Art of War"}],"event_choices":[{"damage_healed":0,"gold_gain":175,"player_choice":"AGREE","damage_taken":0,"max_hp_gain":0,"max_hp_loss":0,"event_name":"Liars Game","floor":2,"gold_loss":0,"cards_obtained":["Doubt"]}],"is_beta":false,"boss_relics":[],"items_purged_floors":[],"is_endless":false,"potions_floor_spawned":[4,5,7],"killed_by":"Gremlin Nob","ascension_level":3}}