{"host":"cjhtzh7tp54jdfyv","time":1613630400,"event":{"mods":["AchievementEnabler","BaseMod","Colored Map","Colored Powertips","Curses Come First","DeckTracker","Filter the Spire","Minty Spire (QoL Compilation)","RNG Fix","Relic Sorter","Relic Stats","StSLib","UnlockEverythingMod","ojb\u0027s Better Paths Mod","ojb\u0027s Info Mod"],"gold_per_floor":[211,486,193,207,226,255,61,80,80,105,105,118,128,156,156,229,229,245,245,255,180,198,226,69,95,143,143,158,178,196,227,227,298,298,313,313,325,111,127,153,103,133,133,188,213,229,256,281,281,281,281,281,281,33,63,63,63],"floor_reached":56,"language":"ENG","playtime":5313,"items_purged":["Regret","Strike_R","Pain","Strike_R","Regret"],"score":2344,"play_id":"e8d69bd0-3964-4cd3-b2db-b8ac2a66a2d3","local_time":"20210218014000","is_ascension_mode":true,"campfire_choices":[{"data":"Carnage","floor":11,"key":"SMITH"},{"data":"Inflame","floor":15,"key":"SMITH"},{"data":"Limit Break","floor":27,"key":"SMITH"},{"data":"Bloodletting","floor":32,"key":"SMITH"},{"floor":49,"key":"RECALL"},{"data":"Feel No Pain","floor":53,"key":"SMITH"}],"circlet_count":0,"master_deck":["AscendersBane","Strike_R","Defend_R","Defend_R","Defend_R","Defend_R","Bash","Carnage+1","Twin Strike","Iron Wave","Thunderclap","Anger","Clothesline","Inflame+1","Hemokinesis","Iron Wave","Offering","Burning Pact","Fiend Fire","Limit Break+1","Reaper","Seeing Red+1","Battle Trance","Pummel","Dropkick","Bloodletting+1","Feel No Pain+1","Exhume","Shrug It Off+1","Dark Embrace+1","Metallicize+1","Battle Trance","Warcry+1","Seeing Red","Dark Embrace","Reaper"],"relics":["Burning Blood","Nunchaku","Orrery","Matryoshka","Eternal Feather","White Beast Statue","Blood Vial","Letter Opener","Runic Pyramid","Bag of Preparation","Brimstone","Ornamental Fan","Gremlin Horn","Smiling Mask","Cursed Key","WarpedTongs","TheAbacus","MealTicket","Pantograph","Turnip","HornCleat","PreservedInsect","Mango","War Paint","Orichalcum"],"acts_visited":["Exordium","TheCity","TheBeyond","TheEnding"],"potions_floor_usage":[6,10,12,14,16,20,23,31,33,55,56,56],"damage_taken":[{"damage":14,"enemies":"Jaw Worm","floor":1,"turns":4},{"damage":0,"enemies":"Small Slimes","floor":4,"turns":3},{"damage":6,"enemies":"2 Louse","floor":5,"turns":2},{"damage":8,"enemies":"Gremlin Nob","floor":6,"turns":3},{"damage":11,"enemies":"Red Slaver","floor":8,"turns":3},{"damage":22,"enemies":"Lagavulin","floor":10,"turns":5},{"damage":15,"enemies":"Exordium Wildlife","floor":12,"turns":3},{"damage":8,"enemies":"Gremlin Gang","floor":13,"turns":3},{"damage":13,"enemies":"3 Sentries","floor":14,"turns":4},{"damage":50,"enemies":"Hexaghost","floor":16,"turns":8},{"damage":8,"enemies":"Spheric Guardian","floor":18,"turns":3},{"damage":10,"enemies":"Chosen","floor":20,"turns":3},{"damage":10,"enemies":"Snecko","floor":22,"turns":3},{"damage":38,"enemies":"Slavers","floor":23,"turns":3},{"damage":6,"enemies":"Gremlin Leader","floor":25,"turns":2},{"damage":0,"enemies":"Snake Plant","floor":28,"turns":2},{"damage":6,"enemies":"Cultist and Chosen","floor":29,"turns":2},{"damage":24,"enemies":"Shelled Parasite and Fungi","floor":30,"turns":3},{"damage":11,"enemies":"Slavers","floor":31,"turns":1},{"damage":11,"enemies":"Champ","floor":33,"turns":4},{"damage":6,"enemies":"3 Darklings","floor":35,"turns":3},{"damage":6,"enemies":"3 Shapes","floor":37,"turns":1},{"damage":25,"enemies":"Jaw Worm Horde","floor":39,"turns":3},{"damage":18,"enemies":"Nemesis","floor":40,"turns":3},{"damage":8,"enemies":"Giant Head","floor":42,"turns":4},{"damage":19,"enemies":"2 Orb Walkers","floor":44,"turns":3},{"damage":5,"enemies":"Reptomancer","floor":45,"turns":2},{"damage":16,"enemies":"Maw","floor":46,"turns":3},{"damage":16,"enemies":"Giant Head","floor":47,"turns":3},{"damage":2,"enemies":"Mind Bloom Boss Battle","floor":48,"turns":2},{"damage":17,"enemies":"Donu and Deca","floor":50,"turns":4},{"damage":41,"enemies":"Awakened One","floor":51,"turns":5},{"damage":50,"enemies":"Shield and Spear","floor":55,"turns":3},{"damage":144,"enemies":"The Heart","floor":56,"turns":3}],"seed_played":"-8669325320192418281","potions_obtained":[{"floor":1,"key":"FearPotion"},{"floor":6,"key":"ColorlessPotion"},{"floor":8,"key":"Explosive Potion"},{"floor":10,"key":"ColorlessPotion"},{"floor":12,"key":"Fire Potion"},{"floor":14,"key":"AttackPotion"},{"floor":16,"key":"PowerPotion"},{"floor":18,"key":"BloodPotion"},{"floor":20,"key":"LiquidMemories"},{"floor":23,"key":"LiquidBronze"},{"floor":25,"key":"GamblersBrew"},{"floor":30,"key":"DistilledChaos"},{"floor":31,"key":"Dexterity Potion"},{"floor":33,"key":"PowerPotion"},{"floor":35,"key":"Strength Potion"},{"floor":37,"key":"Energy Potion"},{"floor":40,"key":"DuplicationPotion"},{"floor":55,"key":"Swift Potion"}],"is_trial":false,"path_per_floor":["M","?","$","M","M","E","$","M","T","E","R","M","M","E","R","B",null,"M","?","M","?","M","E","$","E","T","R","M","M","M","E","R","B",null,"M","?","M","$","M","E","$","E","T","?","E","M","E","?","R","B","B",null,"R","$","E","B"],"character_chosen":"IRONCLAD","items_purchased":["Orrery","Anger","Hemokinesis","SteroidPotion","Brimstone","TheAbacus","War Paint","Dark Embrace"],"campfire_rested":0,"item_purchase_floors":[3,3,7,7,24,38,54,54],"current_hp_per_floor":[60,60,60,66,66,64,64,59,59,43,55,48,48,43,55,13,60,60,60,75,75,75,64,64,66,66,75,75,75,57,54,69,66,73,75,75,75,75,75,63,75,75,75,75,75,75,75,89,89,78,89,89,89,89,87,0,0],"gold":63,"neow_bonus":"HUNDRED_GOLD","is_daily":false,"chose_seed":false,"campfire_upgraded":5,"win_rate":0.0,"timestamp":1613630400,"path_taken":["M","?","$","M","M","E","$","M","T","E","R","?","M","E","R","BOSS","M","?","M","?","M","E","$","E","T","R","M","M","M","E","R","BOSS","M","?","?","$","M","E","?","E","T","?","E","M","E","?","R","BOSS","BOSS","R","$","E","BOSS"],"items_purchased_type":["Relic","Card","Card","Potion","Relic","Relic","Relic","Card"],"build_version":"2020-12-22","purchased_purges":5,"victory":false,"max_hp_per_floor":[75,75,75,75,75,75,75,75,75,75,75,75,75,75,75,75,75,75,75,75,75,75,75,75,75,75,75,75,75,75,75,75,75,75,75,75,75,75,75,75,75,75,75,75,75,75,75,89,89,89,89,89,89,89,89,89,89],"relic_stats":{"Gremlin Horn":[18,21],"counters":[34,106],"Eternal Feather":48,"PreservedInsect":77,"Bag of Preparation":[40],"Letter Opener":[168],"War Paint":["Seeing Red","Shrug It Off"],"Orichalcum":[12],"Smiling Mask":300,"Cursed Key":1,"Burning Blood":154,"WarpedTongs":[39],"Blood Vial":20,"Nunchaku":[14],"TheAbacus":[30],"Ornamental Fan":[152],"Pantograph":13,"MealTicket":12,"Turnip":[7],"obtain_stats":[{"Gremlin Horn":26,"Mango":48,"Bag of Preparation":23,"Smiling Mask":26,"Cursed Key":34,"Burning Blood":0,"Blood Vial":10,"Nunchaku":31,"Matryoshka":6,"TheAbacus":38,"HornCleat":45,"Pantograph":42,"MealTicket":40,"Runic Pyramid":17,"Eternal Feather":9,"PreservedInsect":47,"Letter Opener":14,"War Paint":54,"Orichalcum":55,"White Beast Statue":9,"WarpedTongs":36,"Brimstone":24,"Ornamental Fan":25,"Orrery":3,"Turnip":44},{"Gremlin Horn":15,"Mango":30,"Bag of Preparation":14,"Smiling Mask":15,"Cursed Key":20,"Burning Blood":0,"Blood Vial":6,"Nunchaku":19,"Matryoshka":4,"TheAbacus":22,"HornCleat":27,"Pantograph":25,"MealTicket":24,"Runic Pyramid":10,"Eternal Feather":5,"PreservedInsect":29,"Letter Opener":9,"War Paint":32,"Orichalcum":33,"White Beast Statue":5,"WarpedTongs":21,"Brimstone":14,"Ornamental Fan":15,"Orrery":1,"Turnip":26},{"Gremlin Horn":52,"Mango":91,"Bag of Preparation":50,"Smiling Mask":52,"Cursed Key":64,"Burning Blood":0,"Blood Vial":20,"Nunchaku":60,"Matryoshka":12,"TheAbacus":68,"HornCleat":83,"Pantograph":78,"MealTicket":74,"Runic Pyramid":38,"Eternal Feather":15,"PreservedInsect":89,"Letter Opener":30,"War Paint":100,"Orichalcum":103,"White Beast Statue":15,"WarpedTongs":67,"Brimstone":50,"Ornamental Fan":52,"Orrery":4,"Turnip":81}]},"card_choices":[{"not_picked":["Shrug It Off","Perfected Strike"],"picked":"Carnage","floor":1},{"not_picked":["Second Wind","Heavy Blade"],"picked":"Twin Strike","floor":3},{"not_picked":["Headbutt","Second Wind"],"picked":"Iron Wave","floor":3},{"not_picked":["Metallicize","Shrug It Off"],"picked":"Thunderclap","floor":3},{"not_picked":["Headbutt","Iron Wave"],"picked":"Clothesline","floor":4},{"not_picked":["Combust","Iron Wave"],"picked":"Inflame","floor":5},{"not_picked":["Flex","Body Slam","Armaments"],"picked":"SKIP","floor":6},{"not_picked":["Perfected Strike","Disarm"],"picked":"Iron Wave","floor":8},{"not_picked":["Clothesline","Pommel Strike"],"picked":"Offering","floor":10},{"not_picked":["Anger","Twin Strike","Berserk"],"picked":"SKIP","floor":12},{"not_picked":["True Grit","Havoc"],"picked":"Burning Pact","floor":13},{"not_picked":["Reckless Charge","Body Slam"],"picked":"Fiend Fire","floor":14},{"not_picked":["Reaper","Fiend Fire"],"picked":"Limit Break","floor":16},{"not_picked":["Infernal Blade","Thunderclap","Shockwave"],"picked":"SKIP","floor":18},{"not_picked":["Clash","Twin Strike","Headbutt"],"picked":"SKIP","floor":20},{"not_picked":["Sword Boomerang","Searing Blow","Demon Form"],"picked":"SKIP","floor":22},{"not_picked":["Double Tap","Entrench"],"picked":"Seeing Red","floor":23},{"not_picked":["Reaper","Perfected Strike"],"picked":"Battle Trance","floor":25},{"not_picked":["Twin Strike","Burning Pact"],"picked":"Pummel","floor":28},{"not_picked":["Body Slam","Evolve"],"picked":"Dropkick","floor":29},{"not_picked":["Inflame","Dark Embrace"],"picked":"Bloodletting","floor":30},{"not_picked":["Headbutt","Inflame"],"picked":"Feel No Pain","floor":31},{"not_picked":["Fiend Fire","Brutality"],"picked":"Exhume","floor":33},{"not_picked":["Twin Strike","Clothesline","Iron Wave"],"picked":"SKIP","floor":35},{"not_picked":["Whirlwind","Heavy Blade","Bludgeon"],"picked":"SKIP","floor":37},{"not_picked":["Flex","Thunderclap"],"picked":"Shrug It Off","floor":39},{"not_picked":["Clothesline+1","Combust+1"],"picked":"Dark Embrace+1","floor":40},{"not_picked":["True Grit","Flame Barrier"],"picked":"Metallicize+1","floor":42},{"not_picked":["True Grit","Body Slam+1"],"picked":"Battle Trance","floor":44},{"not_picked":["Bloodletting","Sword Boomerang","Reckless Charge"],"picked":"SKIP","floor":45},{"not_picked":["Flame Barrier","Clash"],"picked":"Warcry+1","floor":46},{"not_picked":["Twin Strike+1","Rampage+1","Hemokinesis"],"picked":"SKIP","floor":47},{"not_picked":["Power Through+1","Rampage"],"picked":"Seeing Red","floor":48},{"not_picked":["Whirlwind","Cleave"],"picked":"Reaper","floor":55}],"player_experience":5032562,"relics_obtained":[{"floor":6,"key":"Matryoshka"},{"floor":9,"key":"Eternal Feather"},{"floor":9,"key":"White Beast Statue"},{"floor":10,"key":"Blood Vial"},{"floor":14,"key":"Letter Opener"},{"floor":23,"key":"Bag of Preparation"},{"floor":25,"key":"Ornamental Fan"},{"floor":26,"key":"Gremlin Horn"},{"floor":26,"key":"Smiling Mask"},{"floor":31,"key":"Nunchaku"},{"floor":40,"key":"MealTicket"},{"floor":42,"key":"Pantograph"},{"floor":44,"key":"Turnip"},{"floor":45,"key":"HornCleat"},{"floor":47,"key":"PreservedInsect"},{"floor":48,"key":"Mango"},{"floor":55,"key":"Orichalcum"}],"event_choices":[{"damage_healed":0,"gold_gain":275,"player_choice":"Desecrate","damage_taken":0,"max_hp_gain":0,"max_hp_loss":0,"event_name":"Golden Shrine","floor":2,"gold_loss":0,"cards_obtained":["Regret"]},{"damage_healed":0,"gold_gain":0,"cards_transformed":["Strike_R"],"player_choice":"Transformed","damage_taken":0,"max_hp_gain":0,"max_hp_loss":0,"event_name":"Transmorgrifier","floor":19,"gold_loss":0,"cards_obtained":["Reaper"]},{"cards_removed":["Strike_R"],"damage_healed":0,"gold_gain":0,"player_choice":"Gave Gold","damage_taken":0,"max_hp_gain":0,"max_hp_loss":0,"event_name":"Beggar","floor":21,"gold_loss":75},{"damage_healed":0,"gold_gain":0,"player_choice":"Rummage","damage_taken":0,"relics_obtained":["WarpedTongs"],"max_hp_gain":0,"max_hp_loss":0,"event_name":"Accursed Blacksmith","floor":36,"gold_loss":0,"cards_obtained":["Pain"]},{"damage_healed":0,"gold_gain":0,"player_choice":"Fight","damage_taken":0,"max_hp_gain":0,"max_hp_loss":0,"event_name":"Mysterious Sphere","floor":44,"gold_loss":0},{"damage_healed":0,"gold_gain":0,"player_choice":"Fight","damage_taken":0,"max_hp_gain":0,"max_hp_loss":0,"event_name":"MindBloom","floor":48,"gold_loss":0}],"is_beta":false,"boss_relics":[{"not_picked":["Runic Cube","Black Blood"],"picked":"Runic Pyramid"},{"not_picked":["Astrolabe","Snecko Eye"],"picked":"Cursed Key"}],"items_purged_floors":[3,7,38,41,54],"is_endless":false,"potions_floor_spawned":[1,6,8,10,12,13,14,16,18,20,22,23,25,28,29,30,31,33,35,37,39,40,42,44,45,46,47,48,55],"killed_by":"The Heart","ascension_level":20}}