{"host":"xrdu44lqyrrw1kvr","time":1613643553,"event":{"mods":["Aspiration","BaseMod","Colored Powertips","Minty Spire (QoL Compilation)","Relic Stats","Reliquary","Replay The Spire","StSLib"],"gold_per_floor":[114,0,47,122,139,139,167,167,212,212,236,267,283,294,294,391,391,405,186,206,223,242,275,288,288,288,315,315,315,315],"floor_reached":29,"language":"RUS","playtime":1792,"items_purged":["Strike_R"],"score":510,"play_id":"0819d0b7-afd7-4f88-8a86-f131fe210a69","local_time":"20210218131913","is_ascension_mode":true,"campfire_choices":[{"data":"Apotheosis","floor":6,"key":"SMITH"},{"data":"Fire Breathing","floor":8,"key":"SMITH"},{"floor":10,"key":"RECALL"},{"data":"Fire Breathing","floor":15,"key":"SMITH"},{"floor":25,"key":"REST"}],"circlet_count":0,"master_deck":["AscendersBane","Strike_R+1","Strike_R","Strike_R+1","Strike_R","Defend_R","Defend_R","Defend_R","Defend_R","Bash","Clothesline","Pommel Strike","Fire Breathing+1","Spreading Infection","Apotheosis+1","Headbutt","Reckless Charge","True Grit","Fire Breathing+1","Feel No Pain","Shrug It Off+1","True Grit","Ghostly","Ghostly","Ghostly","Ghostly","Ghostly"],"relics":["Burning Blood","ReplayTheSpireMod:CursedCoin","reliquary:WeakTea","Ancient Tea Set","Dream Catcher","Anchor","Ring of Chaos","Pen Nib","Replay:Mystery Machine","reliquary:OuijaBoard","Simple Rune"],"acts_visited":["Exordium","TheCity"],"potions_floor_usage":[18,24,29,29],"damage_taken":[{"damage":2,"enemies":"Cultist","floor":1,"turns":4},{"damage":0,"enemies":"2 Louse","floor":5,"turns":6},{"damage":7,"enemies":"Lagavulin","floor":7,"turns":7},{"damage":16,"enemies":"Gremlin Nob","floor":12,"turns":3},{"damage":0,"enemies":"Small Slimes","floor":13,"turns":2},{"damage":0,"enemies":"2 Fungi Beasts","floor":14,"turns":4},{"damage":0,"enemies":"Slime Boss","floor":16,"turns":4},{"damage":0,"enemies":"Shell Parasite","floor":18,"turns":4},{"damage":16,"enemies":"Spheric Guardian","floor":20,"turns":4},{"damage":2,"enemies":"Cultist and Chosen","floor":21,"turns":4},{"damage":28,"enemies":"Snake Plant","floor":22,"turns":4},{"damage":68,"enemies":"Gremlin Leader","floor":23,"turns":7},{"damage":12,"enemies":"Centurion and Healer","floor":24,"turns":10},{"damage":30,"enemies":"Book of Stabbing","floor":27,"turns":6},{"damage":8,"enemies":"Replay:Snechameleon","floor":29,"turns":5}],"seed_played":"6291562596178137643","potions_obtained":[{"floor":13,"key":"Fire Potion"},{"floor":16,"key":"FairyPotion"},{"floor":22,"key":"Doom Potion"},{"floor":23,"key":"Block Potion"},{"floor":24,"key":"Fire Potion"}],"is_trial":false,"path_per_floor":["M","$","T","?","M","R","E","R","T","R","T","E","M","M","R","B",null,"M","$","M","M","M","E","M","R","T","E","?","E"],"character_chosen":"IRONCLAD","items_purchased":["Fire Breathing","ReplayTheSpireMod:CursedCoin","Apotheosis","Pen Nib"],"campfire_rested":1,"item_purchase_floors":[2,2,2,19],"current_hp_per_floor":[76,76,76,68,74,74,73,73,73,73,73,63,69,75,75,80,80,80,80,70,74,52,14,8,32,32,8,8,0,0],"gold":315,"neow_bonus":"THREE_CARDS","is_daily":false,"chose_seed":false,"campfire_upgraded":3,"win_rate":0.0,"timestamp":1613643553,"path_taken":["M","$","?","?","?","R","E","R","T","R","?","E","M","M","R","BOSS","M","$","M","?","M","E","M","R","T","E","?","E"],"items_purchased_type":["Card","Relic","Card","Relic"],"build_version":"2020-12-22","purchased_purges":1,"victory":false,"max_hp_per_floor":[80,80,80,80,80,80,80,80,80,80,80,80,80,80,80,80,80,80,80,80,80,80,80,80,80,80,80,40,40,40],"relic_stats":{"Dream Catcher":1,"counters":[15,73],"Pen Nib":[4],"obtain_stats":[{"reliquary:OuijaBoard":26,"Dream Catcher":11,"Anchor":12,"ReplayTheSpireMod:CursedCoin":2,"Simple Rune":27,"Ring of Chaos":17,"Pen Nib":19,"reliquary:WeakTea":7,"Replay:Mystery Machine":23,"Ancient Tea Set":9,"Burning Blood":0},{"reliquary:OuijaBoard":13,"Dream Catcher":3,"Anchor":4,"ReplayTheSpireMod:CursedCoin":1,"Simple Rune":14,"Ring of Chaos":7,"Pen Nib":8,"reliquary:WeakTea":3,"Replay:Mystery Machine":12,"Ancient Tea Set":3,"Burning Blood":0},{"reliquary:OuijaBoard":63,"Dream Catcher":17,"Anchor":20,"ReplayTheSpireMod:CursedCoin":4,"Simple Rune":69,"Ring of Chaos":30,"Pen Nib":34,"reliquary:WeakTea":17,"Replay:Mystery Machine":53,"Ancient Tea Set":17,"Burning Blood":0}],"Burning Blood":77},"card_choices":[{"not_picked":["Body Slam","Flex"],"picked":"Clothesline","floor":0},{"not_picked":["ReplayReversal","Replay:Undeath\u0027s Touch"],"picked":"Pommel Strike","floor":1},{"not_picked":["Massacre","Heavy Blade","Whirlwind"],"picked":"SKIP","floor":5},{"not_picked":["Replay:Undeath\u0027s Touch","Flex"],"picked":"Headbutt","floor":7},{"not_picked":["ReplayReversal","Inflame"],"picked":"Reckless Charge","floor":12},{"not_picked":["Warcry","Headbutt"],"picked":"True Grit","floor":13},{"not_picked":["Replay:Undeath\u0027s Touch","Sentinel"],"picked":"Fire Breathing","floor":14},{"not_picked":["Havoc","Heavy Blade","Abandon"],"picked":"SKIP","floor":18},{"not_picked":["Dual Wield","Havoc"],"picked":"Feel No Pain","floor":20},{"not_picked":["Infernal Blade","Massacre","Run Through"],"picked":"SKIP","floor":21},{"not_picked":["ReplayTheSpireMod:Strike From Hell","Berserk","Abandon"],"picked":"SKIP","floor":22},{"not_picked":["Flame Barrier","True Grit"],"picked":"Shrug It Off+1","floor":23},{"not_picked":["Twin Strike","Replay:Undeath\u0027s Touch","ReplayReversal"],"picked":"SKIP","floor":24},{"not_picked":["Anger","Pommel Strike"],"picked":"True Grit","floor":25},{"not_picked":["Entrench+1","ReplayTheSpireMod:Muscle Training","ReplayTheSpireMod:Corrosion Curse"],"picked":"SKIP","floor":27}],"player_experience":2001950,"relics_obtained":[{"floor":7,"key":"reliquary:WeakTea"},{"floor":9,"key":"Ancient Tea Set"},{"floor":11,"key":"Dream Catcher"},{"floor":12,"key":"Anchor"},{"floor":23,"key":"Replay:Mystery Machine"},{"floor":26,"key":"reliquary:OuijaBoard"},{"floor":27,"key":"Simple Rune"}],"event_choices":[{"damage_healed":0,"gold_gain":75,"player_choice":"Touch","damage_taken":8,"max_hp_gain":0,"max_hp_loss":0,"event_name":"FaceTrader","floor":4,"gold_loss":0},{"damage_healed":0,"gold_gain":0,"player_choice":"Became a Ghost","damage_taken":0,"max_hp_gain":0,"max_hp_loss":40,"event_name":"Ghosts","floor":28,"gold_loss":0,"cards_obtained":["Ghostly","Ghostly","Ghostly","Ghostly","Ghostly"]}],"is_beta":false,"boss_relics":[{"not_picked":["ReplayTheSpireMod:DimensionalGlitch","Replay:Drink Me"],"picked":"Ring of Chaos"}],"items_purged_floors":[19],"is_endless":false,"potions_floor_spawned":[13,16,22,23,24],"killed_by":"Replay:Snechameleon","ascension_level":10}}