{"host":"yg0n53y7pkwvmbjt","time":1613627010,"event":{"mods":["Act Like it!","BaseMod","BetterRewards","Hermit","Jorbs\u0027s Wanderer Trilogy","Lobotomy","LobotomyExtend","Marisa（F雨　魔理沙）","Minty Spire (QoL Compilation)","READ ME - Guardian Mod","Ruina","SOS（斯巴达之子）","StSLib","The Bladedancer","The Construct","The Cursed","The Forsaken","The Hierophant","The Necromancer"],"gold_per_floor":[119,137,152,152,152,152,181,194,220,220,220,245,265,276,276,381,381,393,393,410,430,74,74,74,74],"floor_reached":24,"language":"ZHS","playtime":1821,"items_purged":[],"score":208,"play_id":"e4cd370f-965e-4466-ba74-d6faaa0299ec","local_time":"20210218134330","is_ascension_mode":false,"campfire_choices":[{"floor":6,"key":"REST"},{"floor":11,"key":"REST"},{"floor":15,"key":"REST"},{"floor":23,"key":"REST"}],"circlet_count":0,"master_deck":["hermit:Strike_Hermit","hermit:Defend_Hermit","hermit:Snapshot","hermit:Covet","hermit:CalledShot","hermit:BigShot","Good Instincts","Secret Weapon","hermit:CalledShot","hermit:EyeOfTheStorm","hermit:Deadeye","hermit:Ricochet","hermit:GoldenBullet","hermit:Vantage","Pain","hermit:Headshot","hermit:Quickdraw","hermit:LuckOfTheDraw","hermit:HeroicBravado+1","hermit:Roughhouse+1","hermit:Showdown+1","hermit:Deadeye+1","hermit:DeadMansHand","hermit:BigShot","hermit:Maintenance+1","hermit:GoldenBullet","hermit:GoldenBullet","hermit:Feint"],"relics":["hermit:Momento","LetterFromLob","Dream Catcher","PreservedInsect","WarpedTongs","Blood Vial","Astrolabe","DollysMirror","Ancient Tea Set"],"acts_visited":["Exordium","TheCity"],"potions_floor_usage":[],"damage_taken":[{"damage":2,"enemies":"Small Slimes","floor":1,"turns":2},{"damage":1,"enemies":"2 Louse","floor":2,"turns":2},{"damage":1,"enemies":"Cultist","floor":3,"turns":3},{"damage":20,"enemies":"Lagavulin","floor":7,"turns":7},{"damage":1,"enemies":"Exordium Thugs","floor":8,"turns":4},{"damage":11,"enemies":"Gremlin Nob","floor":12,"turns":3},{"damage":0,"enemies":"Blue Slaver","floor":13,"turns":1},{"damage":6,"enemies":"3 Louse","floor":14,"turns":3},{"damage":37,"enemies":"Slime Boss","floor":16,"turns":6},{"damage":2,"enemies":"Spheric Guardian","floor":18,"turns":4},{"damage":1,"enemies":"Chosen","floor":20,"turns":4},{"damage":55,"enemies":"Centurion and Healer","floor":21,"turns":7}],"seed_played":"3315534925829691400","potions_obtained":[{"floor":2,"key":"hermit:Eclipse"},{"floor":7,"key":"hermit:Tonic"},{"floor":13,"key":"Explosive Potion"},{"floor":14,"key":"Weak Potion"},{"floor":21,"key":"Block Potion"}],"is_trial":false,"path_per_floor":["M","M","M","?","?","R","E","M","T","?","R","E","M","M","R","B",null,"M","?","M","M","$","R","E"],"character_chosen":"HERMIT","items_purchased":["hermit:CalledShot","hermit:BigShot","Good Instincts","Secret Weapon","hermit:CalledShot","hermit:EyeOfTheStorm","hermit:Deadeye","hermit:Ricochet","hermit:GoldenBullet","DollysMirror","Ancient Tea Set"],"campfire_rested":4,"item_purchase_floors":[0,0,0,0,0,0,0,0,22,22,22],"current_hp_per_floor":[38,37,36,29,29,51,31,30,30,30,52,41,43,39,61,26,75,73,73,74,20,20,42,0,0],"gold":74,"neow_bonus":"","is_daily":false,"chose_seed":false,"campfire_upgraded":0,"win_rate":0.0,"timestamp":1613627010,"path_taken":["M","M","M","?","?","R","E","M","T","?","R","E","?","M","R","BOSS","M","?","M","M","$","R","E"],"items_purchased_type":["Card","Card","Card","Card","Card","Card","Card","Card","Card","Relic","Relic"],"build_version":"2020-12-22","purchased_purges":0,"victory":false,"max_hp_per_floor":[75,75,75,75,75,75,75,75,75,75,75,75,75,75,75,75,75,75,75,75,75,75,75,75,75],"card_choices":[{"not_picked":["hermit:Coalescence","hermit:Headshot"],"picked":"hermit:GoldenBullet","floor":1},{"not_picked":["hermit:Roulette","hermit:Malice","hermit:Feint"],"picked":"SKIP","floor":2},{"not_picked":["hermit:LowProfile","hermit:HoleUp","hermit:Manifest"],"picked":"SKIP","floor":3},{"not_picked":["hermit:Showdown","hermit:RoundhouseKick"],"picked":"hermit:Vantage","floor":7},{"not_picked":["hermit:Snipe","hermit:TakeAim","hermit:PistolWhip"],"picked":"SKIP","floor":8},{"not_picked":["hermit:Spite","hermit:FinalCanter"],"picked":"hermit:Headshot","floor":12},{"not_picked":["hermit:Roulette","hermit:Desperado"],"picked":"hermit:Quickdraw","floor":13},{"not_picked":["hermit:GhostlyPresence","hermit:HighCaliber","hermit:Brawl"],"picked":"SKIP","floor":14},{"not_picked":["hermit:CalledShot","hermit:Manifest"],"picked":"hermit:LuckOfTheDraw","floor":15},{"not_picked":["hermit:DeadOrAlive","hermit:Gambit"],"picked":"hermit:HeroicBravado","floor":16},{"not_picked":["hermit:LowProfile","hermit:Glare","hermit:Quickdraw"],"picked":"SKIP","floor":18},{"not_picked":["hermit:Feint","hermit:Vantage"],"picked":"hermit:Maintenance","floor":20},{"not_picked":["hermit:Ricochet","hermit:Headshot","hermit:Snipe"],"picked":"SKIP","floor":21},{"not_picked":["hermit:Purgatory","hermit:Desperado+1"],"picked":"hermit:Feint","floor":23}],"player_experience":10273,"relics_obtained":[{"floor":1,"key":"LetterFromLob"},{"floor":7,"key":"Dream Catcher"},{"floor":9,"key":"PreservedInsect"},{"floor":12,"key":"Blood Vial"}],"event_choices":[{"cards_removed":["hermit:Strike_Hermit"],"damage_healed":0,"gold_gain":0,"player_choice":"Card Removal","damage_taken":7,"max_hp_gain":0,"max_hp_loss":0,"event_name":"Golden Wing","floor":4,"gold_loss":0},{"damage_healed":0,"gold_gain":0,"player_choice":"Ignored","damage_taken":0,"max_hp_gain":0,"max_hp_loss":0,"event_name":"Liars Game","floor":5,"gold_loss":0},{"damage_healed":0,"gold_gain":0,"player_choice":"Rummage","damage_taken":0,"relics_obtained":["WarpedTongs"],"max_hp_gain":0,"max_hp_loss":0,"event_name":"Accursed Blacksmith","floor":10,"gold_loss":0,"cards_obtained":["Pain"]},{"damage_healed":0,"gold_gain":0,"cards_transformed":["hermit:Strike_Hermit","hermit:Defend_Hermit"],"player_choice":"Became Test Subject","damage_taken":0,"max_hp_gain":0,"max_hp_loss":0,"event_name":"Drug Dealer","floor":19,"gold_loss":0,"cards_obtained":["hermit:DeadMansHand","hermit:BigShot"]}],"is_beta":false,"boss_relics":[{"not_picked":["Cursed Key","Philosopher\u0027s Stone"],"picked":"Astrolabe"}],"items_purged_floors":[],"is_endless":false,"potions_floor_spawned":[2,7,13,14,21],"ascension_level":0}}