{"host":"ugys05tpep779cl6","time":1613648830,"event":{"mods":["AchievementEnabler","Aspiration","BaseMod","Beaked The Cultist","CatGirl Mod","Colored Powertips","HololiveMod","Lobotomy","Minty Spire (QoL Compilation)","Quick Restart","Replay The Spire","Spicy Shops","StSLib","The Druid"],"gold_per_floor":[118,118,118,118,118,146,146,185,185,185,185,185],"floor_reached":11,"language":"ENG","playtime":395,"items_purged":[],"score":81,"play_id":"2f940de2-1d64-4045-a5fe-d0333c584fe9","local_time":"20210218124710","is_ascension_mode":true,"campfire_choices":[{"data":"Barricade","floor":7,"key":"SMITH"},{"data":"Iron Wave","floor":10,"key":"SMITH"}],"circlet_count":0,"master_deck":["Strike_R","Strike_R","Strike_R","Strike_R","Defend_R","Defend_R","Defend_R","Defend_R","Bash","Barricade+1","Iron Wave+1","Shrug It Off"],"relics":["Burning Blood","aspiration:DSix","aspiration:BabyByrd","Divine Protection","CeramicFish"],"acts_visited":["Exordium"],"potions_floor_usage":[],"damage_taken":[{"damage":10.0,"enemies":"Small Slimes","floor":1.0,"turns":3.0},{"damage":54.0,"enemies":"Lagavulin","floor":6.0,"turns":8.0},{"damage":32,"enemies":"3 Sentries","floor":8,"turns":15},{"damage":0,"enemies":"Gremlin Nob","floor":11,"turns":3}],"seed_played":"5362938041120399975","potions_obtained":[],"is_trial":false,"path_per_floor":["M","$","?","?","?","E","R","E","T","R","E"],"character_chosen":"IRONCLAD","items_purchased":[],"campfire_rested":0,"item_purchase_floors":[],"current_hp_per_floor":[76,76,81,81,81,33,33,7,7,7,7,7],"gold":185,"neow_bonus":"DSIX","is_daily":false,"chose_seed":false,"campfire_upgraded":2,"win_rate":0.0,"timestamp":1613648830,"path_taken":["M","$","?","?","?","E","R","E","T","R","E"],"items_purchased_type":[],"build_version":"2020-12-22","purchased_purges":0,"victory":false,"max_hp_per_floor":[80,80,85,85,85,85,85,85,85,85,85,85],"card_choices":[{"not_picked":["Replay:Undeath\u0027s Touch","Reckless Charge","Combust"],"picked":"SKIP","floor":1.0},{"not_picked":["Warcry","Perfected Strike"],"picked":"Iron Wave","floor":6},{"not_picked":["ReplayTheSpireMod:Muscle Training","Clothesline"],"picked":"Shrug It Off","floor":8}],"player_experience":756919,"relics_obtained":[{"floor":6,"key":"Divine Protection"},{"floor":8,"key":"CeramicFish"}],"event_choices":[{"damage_healed":0.0,"max_hp_gain":5.0,"max_hp_loss":0.0,"gold_gain":0.0,"event_name":"Big Fish","player_choice":"Donut","floor":3.0,"gold_loss":0.0,"damage_taken":0.0},{"damage_healed":0.0,"max_hp_gain":0.0,"max_hp_loss":0.0,"gold_gain":0.0,"cards_transformed":["Strike_R"],"event_name":"Living Wall","player_choice":"Change","floor":5.0,"gold_loss":0.0,"damage_taken":0.0,"cards_obtained":["Barricade"]}],"is_beta":false,"boss_relics":[],"items_purged_floors":[],"is_endless":false,"potions_floor_spawned":[],"killed_by":"Gremlin Nob","ascension_level":1}}