{"host":"a7js9z8d6aod1ovy","time":1613629176,"event":{"mods":["AchievementEnabler","BaseMod","Googly Eyes","GungeonMod","Hermit","Minty Spire (QoL Compilation)","Rare Cards Sparkle","StSLib","SuperFastMode","The Poker Player"],"gold_per_floor":[111,125,1,1,176,203,222,60,133,133,153,153,172,190,190,300,300,315,0,0,22,22,22,49,49,49,67,67,85,48,74,74,232,232,245,34,34,70,86,86,132,154,154,179,179,179,201,229,229,229],"floor_reached":51,"language":"KOR","playtime":2560,"items_purged":["DemoMod:Defend_Huntress","Doubt"],"score":746,"play_id":"4091e5a1-a481-492e-87b6-60b742162c44","local_time":"20210218151936","is_ascension_mode":false,"campfire_choices":[{"floor":12,"key":"REST"},{"floor":15,"key":"REST"},{"data":"DemoMod:BlackHoleGun","floor":23,"key":"SMITH"},{"data":"DemoMod:TableSutra","floor":25,"key":"SMITH"},{"floor":32,"key":"REST"},{"data":"DemoMod:CursedBullets","floor":40,"key":"SMITH"},{"data":"DemoMod:GunShield","floor":45,"key":"SMITH"},{"data":"DemoMod:FinishedGun","floor":49,"key":"SMITH"}],"circlet_count":0,"master_deck":["DemoMod:Strike_Huntress","DemoMod:Strike_Huntress","DemoMod:Defend_Huntress","DemoMod:Defend_Huntress","DemoMod:Defend_Huntress","DemoMod:Roll","DemoMod:ManualReload","DemoMod:RustySidearm","DemoMod:CrossBow","DemoMod:MegaHand","DemoMod:AbyssalTentacle","DemoMod:BattleInHaste","DemoMod:SAA","DemoMod:GunShield","DemoMod:RadGun","DemoMod:DoubleSwitch","DemoMod:ProbeStrike","DemoMod:FinishedGun+1","DemoMod:BlackHoleGun+1","DemoMod:HardPowerCard","DemoMod:TableSutra+1","DemoMod:SAA","DemoMod:FightSabre","DemoMod:Elimentaler","DemoMod:JK47","DemoMod:StickyCrossBow+1","DemoMod:GunShield+1","DemoMod:TripleGun","DemoMod:Elimentaler","DemoMod:FortunesFavor","DemoMod:CursedBullets+1","DemoMod:DoubleSwitch+1","DemoMod:Desperate","DemoMod:AWP","DemoMod:ChanceBullets","Dark Shackles","DemoMod:FastSwitch","Parasite","DemoMod:EasyReloadBullets+1"],"relics":["Snecko Eye","FossilizedHelix","DemoMod:ClearGuonStone","DemoMod:SilverBullets","DemoMod:Antibody","DemoMod:Wolf","Pocketwatch","ClockworkSouvenir","Bird Faced Urn","Peace Pipe","SlaversCollar","Ginger","DemoMod:BigBoy"],"acts_visited":["Exordium","TheCity","TheBeyond"],"potions_floor_usage":[16,16,16,29,29,29,33,33,50,50,50],"damage_taken":[{"damage":0,"enemies":"2 Louse","floor":1,"turns":5},{"damage":0,"enemies":"Jaw Worm","floor":2,"turns":3},{"damage":41,"enemies":"3 Sentries","floor":6,"turns":11},{"damage":0,"enemies":"Cultist","floor":7,"turns":2},{"damage":0,"enemies":"Looter","floor":11,"turns":3},{"damage":12,"enemies":"Exordium Wildlife","floor":13,"turns":8},{"damage":2,"enemies":"Exordium Thugs","floor":14,"turns":4},{"damage":37,"enemies":"Hexaghost","floor":16,"turns":6},{"damage":0,"enemies":"Shell Parasite","floor":18,"turns":5},{"damage":0,"enemies":"2 Thieves","floor":21,"turns":3},{"damage":23,"enemies":"Gremlin Leader","floor":24,"turns":6},{"damage":0,"enemies":"Snecko","floor":27,"turns":4},{"damage":0,"enemies":"Shelled Parasite and Fungi","floor":29,"turns":2},{"damage":24,"enemies":"Centurion and Healer","floor":31,"turns":5},{"damage":46,"enemies":"Champ","floor":33,"turns":13},{"damage":1,"enemies":"Orb Walker","floor":35,"turns":4},{"damage":0,"enemies":"3 Shapes","floor":38,"turns":3},{"damage":0,"enemies":"Maw","floor":39,"turns":7},{"damage":7,"enemies":"Transient","floor":41,"turns":7},{"damage":0,"enemies":"Transient","floor":42,"turns":5},{"damage":0,"enemies":"3 Darklings","floor":44,"turns":1},{"damage":0,"enemies":"Maw","floor":47,"turns":3},{"damage":0,"enemies":"Writhing Mass","floor":48,"turns":4},{"damage":45,"enemies":"Awakened One","floor":50,"turns":6}],"seed_played":"697521282566416549","potions_obtained":[{"floor":1,"key":"BlessingOfTheForge"},{"floor":2,"key":"SteroidPotion"},{"floor":13,"key":"Swift Potion"},{"floor":16,"key":"Energy Potion"},{"floor":18,"key":"Swift Potion"},{"floor":21,"key":"ColorlessPotion"},{"floor":29,"key":"LiquidMemories"},{"floor":31,"key":"DistilledChaos"},{"floor":35,"key":"Energy Potion"},{"floor":42,"key":"Regen Potion"},{"floor":47,"key":"Fire Potion"}],"is_trial":false,"path_per_floor":["M","M","$","?","?","E","M","$","T","T","M","R","M","M","R","B",null,"M","$","?","M","$","R","E","R","T","M","?","M","$","M","R","B",null,"M","$","?","M","M","R","?","M","T","M","R","?","M","M","R","B",null],"character_chosen":"HUNTRESS","items_purchased":["DemoMod:AbyssalTentacle","DemoMod:BattleInHaste","DemoMod:GunShield","DemoMod:RadGun","ClockworkSouvenir","DemoMod:TableSutra","DemoMod:SAA","DemoMod:GunShield","DemoMod:FortunesFavor","DemoMod:CursedBullets"],"campfire_rested":3,"item_purchase_floors":[3,3,8,8,19,19,19,30,36,36],"current_hp_per_floor":[70,70,70,67,67,26,26,26,26,26,26,47,35,33,54,17,70,70,70,70,70,70,70,47,47,47,47,47,47,47,27,48,6,70,70,70,70,70,70,70,63,65,65,65,65,65,69,70,70,34],"gold":229,"neow_bonus":"BOSS_RELIC","is_daily":false,"chose_seed":false,"campfire_upgraded":5,"win_rate":0.0,"timestamp":1613629176,"path_taken":["M","M","$","?","?","E","M","$","T","?","?","R","M","M","R","BOSS","M","$","?","M","$","R","E","R","T","?","?","M","?","M","R","BOSS","M","$","?","M","M","R","?","M","T","M","R","?","M","M","R","BOSS"],"items_purchased_type":["Card","Card","Card","Card","Relic","Card","Card","Card","Card","Card"],"build_version":"2020-12-22","purchased_purges":2,"victory":true,"max_hp_per_floor":[70,70,70,70,70,70,70,70,70,70,70,70,70,70,70,70,70,70,70,70,70,70,70,70,70,70,70,70,70,70,70,70,70,70,70,70,70,70,70,70,70,70,70,70,70,70,70,70,70,70],"card_choices":[{"not_picked":["DemoMod:ProbeStrike","DemoMod:BattleInHaste"],"picked":"DemoMod:DirectionalPad","floor":1},{"not_picked":["DemoMod:Ejector","DemoMod:FastSwitch"],"picked":"DemoMod:MegaHand","floor":2},{"not_picked":["DemoMod:Unmoved","DemoMod:GunShield"],"picked":"DemoMod:DirectionalPad","floor":6},{"not_picked":["DemoMod:ShadowBullets","DemoMod:RadGun"],"picked":"DemoMod:SAA","floor":7},{"not_picked":["DemoMod:DirectionalPad","DemoMod:Unmoved"],"picked":"DemoMod:DoubleSwitch","floor":11},{"not_picked":["DemoMod:ConditionalReflex","DemoMod:FastSwitch"],"picked":"DemoMod:ProbeStrike","floor":13},{"not_picked":["DemoMod:GunstockTap","DemoMod:Polaris"],"picked":"DemoMod:FinishedGun","floor":14},{"not_picked":["DemoMod:BalloonGun","DemoMod:BSG"],"picked":"DemoMod:BlackHoleGun","floor":16},{"not_picked":["DemoMod:Unmoved","DemoMod:MachoBrace"],"picked":"DemoMod:HardPowerCard","floor":18},{"not_picked":["DemoMod:FastSwitch","DemoMod:ConditionalReflex"],"picked":"DemoMod:FightSabre","floor":21},{"not_picked":["DemoMod:HungryBullets","DemoMod:FastSwitch"],"picked":"DemoMod:Elimentaler","floor":24},{"not_picked":["DemoMod:DoubleSwitch","DemoMod:MachoBrace"],"picked":"DemoMod:JK47","floor":27},{"not_picked":["DemoMod:RadGun","DemoMod:Unmoved"],"picked":"DemoMod:StickyCrossBow+1","floor":29},{"not_picked":["DemoMod:AWP","DemoMod:FortunesFavor"],"picked":"DemoMod:TripleGun","floor":31},{"not_picked":["DemoMod:BlackHoleGun","DemoMod:DarkMarker"],"picked":"DemoMod:Elimentaler","floor":33},{"not_picked":["DemoMod:HardPowerCard+1","DemoMod:JK47","DemoMod:AC15+1"],"picked":"SKIP","floor":35},{"not_picked":["DemoMod:ConditionalReflex+1","DemoMod:BattleInHaste+1"],"picked":"DemoMod:DoubleSwitch+1","floor":38},{"not_picked":["DemoMod:JK47+1","DemoMod:TableSutra"],"picked":"DemoMod:Desperate","floor":39},{"not_picked":["DemoMod:TableSutra+1","DemoMod:AbyssalTentacle","DemoMod:AC15"],"picked":"SKIP","floor":41},{"not_picked":["DemoMod:CombinedRifle+1","DemoMod:DoubleSwitch"],"picked":"DemoMod:AWP","floor":42},{"not_picked":["DemoMod:SkilledReload","DemoMod:HuntsMan+1"],"picked":"DemoMod:ChanceBullets","floor":44},{"not_picked":["Enlightenment","Secret Weapon"],"picked":"Dark Shackles","floor":46},{"not_picked":["DemoMod:CombinedRifle","DemoMod:TripleGun+1"],"picked":"DemoMod:FastSwitch","floor":47},{"not_picked":["DemoMod:Unity","DemoMod:SAA+1"],"picked":"DemoMod:EasyReloadBullets+1","floor":48}],"player_experience":30511,"relics_obtained":[{"floor":6,"key":"DemoMod:ClearGuonStone"},{"floor":9,"key":"DemoMod:SilverBullets"},{"floor":10,"key":"DemoMod:Antibody"},{"floor":18,"key":"Pocketwatch"},{"floor":24,"key":"Bird Faced Urn"},{"floor":26,"key":"Peace Pipe"},{"floor":41,"key":"Ginger"},{"floor":43,"key":"DemoMod:BigBoy"}],"event_choices":[{"damage_healed":0,"gold_gain":0,"player_choice":"Success","damage_taken":3,"relics_obtained":["FossilizedHelix"],"max_hp_gain":0,"max_hp_loss":0,"event_name":"Scrap Ooze","floor":4,"gold_loss":0},{"damage_healed":0,"gold_gain":175,"player_choice":"AGREE","damage_taken":0,"max_hp_gain":0,"max_hp_loss":0,"event_name":"Liars Game","floor":5,"gold_loss":0,"cards_obtained":["Doubt"]},{"cards_removed":["DemoMod:Strike_Huntress"],"damage_healed":0,"gold_gain":0,"player_choice":"Offered Basic","damage_taken":0,"max_hp_gain":0,"max_hp_loss":0,"event_name":"Bonfire Elementals","floor":20,"gold_loss":0},{"damage_healed":0,"gold_gain":0,"player_choice":"Memory 1","damage_taken":0,"max_hp_gain":0,"max_hp_loss":0,"event_name":"SensoryStone","floor":46,"gold_loss":0}],"is_beta":false,"boss_relics":[{"not_picked":["Cursed Key","DemoMod:Test1"],"picked":"DemoMod:Wolf"},{"not_picked":["SacredBark","Velvet Choker"],"picked":"SlaversCollar"}],"items_purged_floors":[19,36],"is_endless":false,"potions_floor_spawned":[1,2,13,16,18,21,29,31,35,42,47,48],"ascension_level":0}}