{"host":"mnpd8gh7cwxsn5kh","time":1613680050,"event":{"mods":["BaseMod","Bestiary","Block Reminder","Colored Map","Colored Powertips","Highlight Path","Minty Spire (QoL Compilation)","Relic Sorter","Relic Stats"],"gold_per_floor":[14,29,42,53,73,103,103,131,131,56,56,56,72,99,99,171,171,191,191,204,129,145,145,145],"floor_reached":23,"language":"ENG","playtime":2152,"items_purged":[],"score":396,"play_id":"a5678f48-4ffe-4b3f-b959-ed9d1c0bd0a2","local_time":"20210218212730","is_ascension_mode":true,"campfire_choices":[{"floor":7.0,"key":"REST"},{"data":"Armaments","floor":15.0,"key":"SMITH"}],"circlet_count":0,"master_deck":["AscendersBane","Strike_R+1","Strike_R+1","Defend_R+1","Defend_R+1","Defend_R+1","Defend_R+1","Bash","Headbutt","Armaments+1","Pommel Strike","Cleave","Iron Wave","Pommel Strike","Feed","Shrug It Off+1","Battle Trance","Ghostly Armor"],"relics":["Burning Blood","FossilizedHelix","Centennial Puzzle","Omamori","Odd Mushroom","Fusion Hammer"],"acts_visited":["Exordium","TheCity"],"potions_floor_usage":[],"damage_taken":[{"damage":11.0,"enemies":"Cultist","floor":1.0,"turns":4.0},{"damage":7.0,"enemies":"Small Slimes","floor":2.0,"turns":4.0},{"damage":2.0,"enemies":"Jaw Worm","floor":3.0,"turns":4.0},{"damage":11.0,"enemies":"Looter","floor":4.0,"turns":5.0},{"damage":26.0,"enemies":"2 Fungi Beasts","floor":5.0,"turns":5.0},{"damage":35.0,"enemies":"Gremlin Nob","floor":6.0,"turns":4.0},{"damage":22.0,"enemies":"3 Sentries","floor":8.0,"turns":10.0},{"damage":3.0,"enemies":"Exordium Wildlife","floor":13.0,"turns":6.0},{"damage":9.0,"enemies":"The Mushroom Lair","floor":14.0,"turns":4.0},{"damage":18.0,"enemies":"The Guardian","floor":16.0,"turns":17.0},{"damage":0.0,"enemies":"Chosen","floor":18.0,"turns":5.0},{"damage":1.0,"enemies":"Shell Parasite","floor":20.0,"turns":9.0},{"damage":10.0,"enemies":"Snake Plant","floor":22.0,"turns":6.0},{"damage":75,"enemies":"Slavers","floor":23,"turns":6}],"seed_played":"3241480215776966609","potions_obtained":[{"floor":2.0,"key":"Swift Potion"},{"floor":3.0,"key":"PowerPotion"},{"floor":6.0,"key":"Block Potion"}],"is_trial":false,"path_per_floor":["M","M","M","M","M","E","R","E","T","?","?","$","M","?","R","B",null,"M","?","M","?","M","E"],"character_chosen":"IRONCLAD","items_purchased":[],"campfire_rested":1,"item_purchase_floors":[],"current_hp_per_floor":[63,62,66,61,41,12,34,18,18,18,23,23,26,23,23,11,63,69,69,74,74,74,0,0],"gold":145,"neow_bonus":"REMOVE_TWO","is_daily":false,"chose_seed":false,"campfire_upgraded":1,"win_rate":0.0,"timestamp":1613680050,"path_taken":["M","?","M","M","M","E","R","E","T","?","?","$","M","?","R","BOSS","M","?","M","?","M","E"],"items_purchased_type":[],"build_version":"2020-12-22","purchased_purges":0,"victory":false,"max_hp_per_floor":[75,75,75,75,75,75,75,75,75,75,80,80,80,80,80,80,80,80,80,80,80,84,84,84],"relic_stats":{"Centennial Puzzle":[18],"counters":[14,89],"obtain_stats":[{"Centennial Puzzle":8,"Fusion Hammer":17,"Omamori":9,"Odd Mushroom":14,"Burning Blood":0,"FossilizedHelix":6},{"Centennial Puzzle":7,"Fusion Hammer":10,"Omamori":7,"Odd Mushroom":9,"Burning Blood":0,"FossilizedHelix":6},{"Centennial Puzzle":36,"Fusion Hammer":63,"Omamori":36,"Odd Mushroom":46,"Burning Blood":0,"FossilizedHelix":26}],"Burning Blood":78},"card_choices":[{"not_picked":["Shrug It Off","Body Slam"],"picked":"Headbutt","floor":1.0},{"not_picked":["Blood for Blood","Armaments"],"picked":"Searing Blow","floor":2.0},{"not_picked":["Wild Strike","Iron Wave"],"picked":"Armaments","floor":3.0},{"not_picked":["Anger","Thunderclap"],"picked":"Pommel Strike","floor":4.0},{"not_picked":["Heavy Blade","Sentinel"],"picked":"Cleave","floor":5.0},{"not_picked":["Perfected Strike","Bloodletting"],"picked":"Iron Wave","floor":6.0},{"not_picked":["Double Tap","Cleave"],"picked":"Pommel Strike","floor":8.0},{"not_picked":["Twin Strike","Sword Boomerang","Sentinel"],"picked":"SKIP","floor":13.0},{"not_picked":["Juggernaut","Brutality"],"picked":"Feed","floor":16.0},{"not_picked":["Cleave","Wild Strike"],"picked":"Shrug It Off+1","floor":18.0},{"not_picked":["Headbutt","Cleave"],"picked":"Battle Trance","floor":20.0},{"not_picked":["Heavy Blade","Havoc"],"picked":"Ghostly Armor","floor":22.0}],"player_experience":600016,"relics_obtained":[{"floor":6.0,"key":"FossilizedHelix"},{"floor":8.0,"key":"Centennial Puzzle"},{"floor":9.0,"key":"Omamori"},{"floor":14.0,"key":"Odd Mushroom"}],"event_choices":[{"cards_removed":["Strike_R"],"damage_healed":0.0,"max_hp_gain":0.0,"max_hp_loss":0.0,"gold_gain":0.0,"event_name":"The Cleric","player_choice":"Card Removal","floor":10.0,"gold_loss":75.0,"damage_taken":0.0},{"damage_healed":0.0,"max_hp_gain":5.0,"max_hp_loss":0.0,"gold_gain":0.0,"event_name":"Big Fish","player_choice":"Donut","floor":11.0,"gold_loss":0.0,"damage_taken":0.0},{"damage_healed":0.0,"max_hp_gain":0.0,"max_hp_loss":0.0,"gold_gain":0.0,"event_name":"Mushrooms","player_choice":"Fought Mushrooms","floor":14.0,"gold_loss":0.0,"damage_taken":0.0},{"damage_healed":0.0,"max_hp_gain":0.0,"max_hp_loss":0.0,"gold_gain":0.0,"event_name":"Back to Basics","player_choice":"Simplicity","floor":19.0,"gold_loss":0.0,"damage_taken":0.0,"cards_upgraded":["Strike_R","Strike_R","Defend_R","Defend_R","Defend_R","Defend_R"]},{"cards_removed":["Searing Blow"],"damage_healed":0.0,"max_hp_gain":0.0,"max_hp_loss":0.0,"gold_gain":0.0,"event_name":"Beggar","player_choice":"Gave Gold","floor":21.0,"gold_loss":75.0,"damage_taken":0.0}],"is_beta":false,"boss_relics":[{"not_picked":["Pandora\u0027s Box","Ectoplasm"],"picked":"Fusion Hammer"}],"items_purged_floors":[],"is_endless":false,"potions_floor_spawned":[2,3,6,13],"killed_by":"Slavers","ascension_level":19}}