{"host":"9jkzatiwan7o33sr","time":1613618387,"event":{"mods":["AchievementEnabler","Act Like it!","Aspiration","BaseMod","Colored Map","Colored Powertips","Conspire","Downfall","GifTheSpireLib","Hallownest","Hermit","Hubris","Infinite Spire","Jorbs\u0027s Wanderer Trilogy","Mad Scientist","Mimic Mod","Minty Spire (QoL Compilation)","Permanent Neow","Shade Mod","StSLib","Stuff the Spire","Td1madao Mod","The Bladedancer","The Bug Knight","The Cursed","The Forsaken","The Hierophant","The Jungle","The Mystic","The Necromancer","The Poker Player","The Servant 0.9.4","The Witch","[IsaacMod]????"],"gold_per_floor":[218,45,65,85,85,85,113,113,166,176,217,229,255,273,273,369,369,379,379,76,76,96,96,121,136,161,175,186,186,215,76,76,76,76],"floor_reached":33,"language":"ENG","playtime":2043,"items_purged":[],"score":386,"play_id":"11a40087-37b3-4102-9aef-f8ebdb177af3","local_time":"20210218041947","is_ascension_mode":true,"campfire_choices":[{"data":"After Image","floor":6,"key":"SMITH"},{"floor":8,"key":"REST"},{"floor":11,"key":"REST"},{"data":"Dodge and Roll","floor":15,"key":"SMITH"},{"floor":23,"key":"REST"},{"floor":32,"key":"REST"}],"circlet_count":0,"master_deck":["Strike_G","Strike_G","Strike_G","Strike_G","Strike_G","Defend_G","Defend_G","Defend_G","Defend_G","Defend_G","Survivor","Neutralize","Bane","Flying Knee","Unload","hubris:Counter","After Image+1","Bane","Quick Slash","Poisoned Stab","Dodge and Roll+1","Deadly Poison","Burst","Poisoned Stab","infinitespire:Punishment","Slice+1","PiercingWail+1","Bouncing Flask+1","Heel Hook","Dash","After Image","Phantasmal Killer"],"relics":["Ring of the Snake","HushsDoor","BloodDonationMachine","DeathBook","aspiration:Lifesprig","Vajra","MagicMushroom","Nunchaku","ClockworkSouvenir","hubris:Towel","Omamori","Dream Catcher","Blood Vial"],"acts_visited":["Exordium","TheCity"],"potions_floor_usage":[13,33,33,33],"damage_taken":[{"damage":1,"enemies":"Cultist","floor":1,"turns":4},{"damage":3,"enemies":"Small Slimes","floor":3,"turns":3},{"damage":1,"enemies":"Jaw Worm","floor":4,"turns":2},{"damage":24,"enemies":"Lagavulin","floor":7,"turns":5},{"damage":8,"enemies":"conspire:2 RoseBushes","floor":10,"turns":9},{"damage":0,"enemies":"2 Fungi Beasts","floor":12,"turns":3},{"damage":0,"enemies":"3 Sentries","floor":13,"turns":7},{"damage":0,"enemies":"3 Louse","floor":14,"turns":3},{"damage":39,"enemies":"Hexaghost","floor":16,"turns":10},{"damage":7,"enemies":"Spheric Guardian","floor":18,"turns":4},{"damage":0,"enemies":"conspire:FuzzyDice","floor":22,"turns":4},{"damage":9,"enemies":"conspire:SneckoGhost","floor":24,"turns":3},{"damage":9,"enemies":"Sentry and Sphere","floor":25,"turns":4},{"damage":13,"enemies":"Shelled Parasite and Fungi","floor":27,"turns":4},{"damage":0,"enemies":"Snake Plant","floor":28,"turns":2},{"damage":15,"enemies":"Slavers","floor":30,"turns":3},{"damage":64,"enemies":"hubris:MusketHawk","floor":33,"turns":8}],"seed_played":"5857696719754145564","potions_obtained":[{"floor":3,"key":"LiquidMemories"},{"floor":7,"key":"Explosive Potion"},{"floor":13,"key":"Dexterity Potion"},{"floor":25,"key":"Weak Potion"},{"floor":27,"key":"EssenceOfSteel"}],"is_trial":false,"path_per_floor":["M","$","M","M","?","R","E","R","T","M","R","M","E","M","R","B",null,"M","?","$","?","M","R","E","M","T","M","M","?","E","$","R","B"],"character_chosen":"THE_SILENT","items_purchased":["Flying Knee","Unload","Nunchaku","ClockworkSouvenir","After Image"],"campfire_rested":4,"item_purchase_floors":[2,2,20,20,31],"current_hp_per_floor":[69,69,66,65,65,65,41,62,62,54,70,70,70,70,70,31,77,70,50,50,50,51,74,66,58,58,46,47,47,33,33,56,0,0],"gold":76,"neow_bonus":"HUNDRED_GOLD","is_daily":false,"chose_seed":false,"campfire_upgraded":2,"win_rate":0.0,"timestamp":1613618387,"path_taken":["M","$","M","M","?","R","E","R","T","M","R","?","E","M","R","BOSS","M","?","$","?","M","R","E","M","T","?","M","?","E","?","R","BOSS"],"items_purchased_type":["Card","Card","Relic","Relic","Card"],"build_version":"2020-12-22","purchased_purges":0,"victory":false,"max_hp_per_floor":[70,70,70,70,70,70,70,70,70,70,70,70,70,70,70,70,77,77,77,77,77,77,77,77,77,77,77,77,77,77,77,77,77,77],"card_choices":[{"not_picked":[],"picked":"Bomb","floor":0},{"not_picked":["Dodge and Roll","Blade Dance"],"picked":"Bane","floor":1},{"not_picked":["StuffTheSpire:ClusterCrunch","Bane"],"picked":"hubris:Counter","floor":3},{"not_picked":["Leg Sweep","Flying Knee"],"picked":"After Image","floor":4},{"not_picked":["Underhanded Strike","StuffTheSpire:BumpUp"],"picked":"Bane","floor":7},{"not_picked":["StuffTheSpire:Incantation","StuffTheSpire:BumpUp"],"picked":"Quick Slash","floor":10},{"not_picked":["Bomb","StuffTheSpire:BumpUp"],"picked":"Poisoned Stab","floor":12},{"not_picked":["Infinite Blades","Acrobatics"],"picked":"Dodge and Roll","floor":13},{"not_picked":["Bane","Quick Slash"],"picked":"Deadly Poison","floor":14},{"not_picked":["After Image","Venomology"],"picked":"Burst","floor":16},{"not_picked":["hubris:SlightOfHand","Expertise+1"],"picked":"Poisoned Stab","floor":18},{"not_picked":["infinitespire:FutureSight","hubris:InfiniteBlow"],"picked":"infinitespire:Punishment","floor":19},{"not_picked":["StuffTheSpire:Sprint","conspire:PoisonWeapons"],"picked":"Slice+1","floor":22},{"not_picked":["StuffTheSpire:ReptileScales","conspire:PoisonWeapons"],"picked":"PiercingWail+1","floor":24},{"not_picked":["All Out Attack","Well Laid Plans"],"picked":"Bouncing Flask+1","floor":25},{"not_picked":["Acrobatics+1","Skewer"],"picked":"Heel Hook","floor":27},{"not_picked":["StuffTheSpire:Injection","Deflect"],"picked":"Dash","floor":28},{"not_picked":["StuffTheSpire:Injection","Blade Dance","Skewer"],"picked":"SKIP","floor":30},{"not_picked":["StuffTheSpire:ClusterCrunch","hubris:SlightOfHand"],"picked":"Phantasmal Killer","floor":32}],"player_experience":655839,"relics_obtained":[{"floor":7,"key":"DeathBook"},{"floor":9,"key":"aspiration:Lifesprig"},{"floor":13,"key":"Vajra"},{"floor":24,"key":"Omamori"},{"floor":26,"key":"Dream Catcher"},{"floor":30,"key":"Blood Vial"}],"event_choices":[{"damage_healed":0,"gold_gain":0,"player_choice":"Leave","damage_taken":0,"max_hp_gain":0,"max_hp_loss":0,"event_name":"conspire:Investor","floor":5,"gold_loss":0}],"is_beta":false,"boss_relics":[{"not_picked":["Empty Cage","hubris:CrackedHourglass"],"picked":"MagicMushroom"},{"not_picked":[]}],"items_purged_floors":[],"is_endless":false,"potions_floor_spawned":[3,7,13,25,27],"killed_by":"hubris:MusketHawk","ascension_level":4}}