{"host":"p1xsuo25udtrkbq2","time":1613626783,"event":{"mods":["BaseMod","Colored Map","Googly Eyes","Highlight Path","Minty Spire (QoL Compilation)","Quick Restart","Rare Cards Sparkle","Relic Stats","Slay the Relics Exporter","StSLib","everything is the same but u backflip on backflip"],"gold_per_floor":[117,117,132,150,168,196,196,208,235,255,274,300,300,331,331,402,402,416,416,427,445,51,51,79,79,157,82,113,126,126,146,146,146,146],"floor_reached":33,"language":"ENG","playtime":13156,"items_purged":["Strike_R"],"score":585,"play_id":"e323068e-e7f0-4544-9464-9137d6eddb21","local_time":"20210218003943","is_ascension_mode":true,"campfire_choices":[{"data":"Bash","floor":7.0,"key":"SMITH"},{"floor":13.0,"key":"REST"},{"data":"Spot Weakness","floor":15.0,"key":"SMITH"},{"floor":23.0,"key":"REST"},{"floor":25.0,"key":"REST"},{"data":"Armaments","floor":32,"key":"SMITH"}],"circlet_count":0,"master_deck":["AscendersBane","Strike_R","Strike_R","Strike_R","Defend_R","Defend_R","Defend_R","Defend_R","Bash+1","Immolate+1","Shrug It Off","Iron Wave","Evolve","Shrug It Off","Wild Strike","Fire Breathing","Offering","Offering","Spot Weakness+1","Bludgeon","Wild Strike","Armaments+1","Bludgeon","Armaments+1","Flex+1","Burning Pact","Disarm+1","RitualDagger","Blood for Blood"],"relics":["Burning Blood","Bottled Flame","Orichalcum","Potion Belt","Centennial Puzzle","Philosopher\u0027s Stone","Orrery","Toy Ornithopter","White Beast Statue","PreservedInsect"],"acts_visited":["Exordium","TheCity"],"potions_floor_usage":[28,33,33,33],"damage_taken":[{"damage":0.0,"enemies":"2 Louse","floor":1.0,"turns":1.0},{"damage":0.0,"enemies":"Cultist","floor":3.0,"turns":2.0},{"damage":0.0,"enemies":"Small Slimes","floor":4.0,"turns":4.0},{"damage":9.0,"enemies":"Looter","floor":5.0,"turns":3.0},{"damage":16.0,"enemies":"Lagavulin","floor":6.0,"turns":7.0},{"damage":12.0,"enemies":"Exordium Wildlife","floor":8.0,"turns":2.0},{"damage":0.0,"enemies":"2 Fungi Beasts","floor":10.0,"turns":1.0},{"damage":9.0,"enemies":"Looter","floor":11.0,"turns":3.0},{"damage":27.0,"enemies":"Gremlin Nob","floor":12.0,"turns":4.0},{"damage":28.0,"enemies":"Lagavulin","floor":14.0,"turns":4.0},{"damage":27.0,"enemies":"Slime Boss","floor":16.0,"turns":6.0},{"damage":13.0,"enemies":"2 Thieves","floor":18.0,"turns":2.0},{"damage":12.0,"enemies":"Spheric Guardian","floor":20.0,"turns":2.0},{"damage":20.0,"enemies":"Chosen and Byrds","floor":21.0,"turns":5.0},{"damage":6.0,"enemies":"Gremlin Leader","floor":24.0,"turns":4.0},{"damage":20,"enemies":"Book of Stabbing","floor":28,"turns":3},{"damage":16,"enemies":"Shelled Parasite and Fungi","floor":29,"turns":5},{"damage":8,"enemies":"3 Cultists","floor":31,"turns":3},{"damage":81,"enemies":"Champ","floor":33,"turns":8}],"seed_played":"-6713698738504473706","potions_obtained":[{"floor":3.0,"key":"PowerPotion"},{"floor":5.0,"key":"Energy Potion"},{"floor":6.0,"key":"ElixirPotion"},{"floor":8.0,"key":"EssenceOfSteel"},{"floor":14.0,"key":"SpeedPotion"},{"floor":16.0,"key":"LiquidBronze"},{"floor":20.0,"key":"PowerPotion"},{"floor":24.0,"key":"Block Potion"},{"floor":28,"key":"Swift Potion"},{"floor":29,"key":"EssenceOfSteel"},{"floor":31,"key":"CultistPotion"}],"is_trial":false,"path_per_floor":["M","?","M","M","M","E","R","M","T","M","M","E","R","E","R","B",null,"M","?","M","M","$","R","E","R","T","?","E","M","?","M","R","B"],"character_chosen":"IRONCLAD","items_purchased":["FairyPotion","Bludgeon","Orrery"],"campfire_rested":3,"item_purchase_floors":[22,22,22],"current_hp_per_floor":[68,68,68,68,65,55,55,49,49,55,52,31,51,29,29,8,53,46,27,21,7,7,28,28,49,49,49,40,30,24,22,22,0,0],"gold":146,"neow_bonus":"THREE_RARE_CARDS","is_daily":false,"chose_seed":false,"campfire_upgraded":3,"win_rate":0.0,"timestamp":1613626783,"path_taken":["M","?","?","?","M","E","R","M","T","M","M","E","R","E","R","BOSS","M","?","M","M","$","R","E","R","T","?","E","M","?","?","R","BOSS"],"items_purchased_type":["Potion","Card","Relic"],"build_version":"2020-12-22","purchased_purges":1,"victory":false,"max_hp_per_floor":[68,68,68,68,68,68,68,68,68,68,68,68,68,68,68,68,68,68,73,73,73,73,73,73,73,73,73,73,73,73,73,73,73,73],"relic_stats":{"Centennial Puzzle":[27],"counters":[19,69],"PreservedInsect":0,"Orichalcum":[66],"obtain_stats":[{"Potion Belt":12,"Bottled Flame":6,"Centennial Puzzle":14,"Orrery":22,"Philosopher\u0027s Stone":17,"PreservedInsect":28,"Orichalcum":9,"Burning Blood":0,"Toy Ornithopter":24,"White Beast Statue":26},{"Potion Belt":9,"Bottled Flame":5,"Centennial Puzzle":10,"Orrery":14,"Philosopher\u0027s Stone":11,"PreservedInsect":16,"Orichalcum":6,"Burning Blood":0,"Toy Ornithopter":15,"White Beast Statue":15},{"Potion Belt":27,"Bottled Flame":17,"Centennial Puzzle":31,"Orrery":46,"Philosopher\u0027s Stone":37,"PreservedInsect":53,"Orichalcum":19,"Burning Blood":0,"Toy Ornithopter":50,"White Beast Statue":50}],"Burning Blood":90,"Toy Ornithopter":20},"card_choices":[{"not_picked":["Corruption","Limit Break"],"picked":"Immolate","floor":0.0},{"not_picked":["Sword Boomerang","Thunderclap"],"picked":"Shrug It Off","floor":1.0},{"not_picked":["Intimidate","Body Slam"],"picked":"Iron Wave","floor":3.0},{"not_picked":["Body Slam","Havoc"],"picked":"Evolve","floor":4.0},{"not_picked":["Clash","Heavy Blade"],"picked":"Shrug It Off","floor":5.0},{"not_picked":["Warcry","Cleave"],"picked":"Wild Strike","floor":6.0},{"not_picked":["Combust","Rage"],"picked":"Fire Breathing","floor":8.0},{"not_picked":["Feel No Pain","Combust","Warcry"],"picked":"SKIP","floor":10.0},{"not_picked":["Perfected Strike","Twin Strike"],"picked":"Offering","floor":11.0},{"not_picked":["Entrench","Perfected Strike"],"picked":"Offering","floor":12.0},{"not_picked":["Warcry","Whirlwind"],"picked":"Spot Weakness","floor":14.0},{"not_picked":["Limit Break","Corruption"],"picked":"Bludgeon","floor":16.0},{"not_picked":["Perfected Strike","Rage"],"picked":"Wild Strike","floor":18.0},{"not_picked":["Fire Breathing","Clothesline","Metallicize"],"picked":"SKIP","floor":20.0},{"not_picked":["Headbutt","Heavy Blade"],"picked":"Armaments","floor":21.0},{"not_picked":["Twin Strike","Wild Strike"],"picked":"Armaments+1","floor":22.0},{"not_picked":["Dark Embrace","Disarm"],"picked":"Flex+1","floor":22.0},{"not_picked":["Cleave","Evolve"],"picked":"Burning Pact","floor":22.0},{"not_picked":["Pummel+1","Clash","Armaments"],"picked":"SKIP","floor":24.0},{"not_picked":["Pommel Strike","Sentinel"],"picked":"Disarm+1","floor":28},{"not_picked":["Rage","Anger","Burning Pact"],"picked":"SKIP","floor":29},{"not_picked":["Second Wind","Whirlwind"],"picked":"Blood for Blood","floor":31}],"player_experience":1087476,"relics_obtained":[{"floor":6.0,"key":"Bottled Flame"},{"floor":9.0,"key":"Orichalcum"},{"floor":12.0,"key":"Potion Belt"},{"floor":14.0,"key":"Centennial Puzzle"},{"floor":24.0,"key":"Toy Ornithopter"},{"floor":26.0,"key":"White Beast Statue"},{"floor":28,"key":"PreservedInsect"}],"event_choices":[{"damage_healed":0.0,"max_hp_gain":0.0,"max_hp_loss":0.0,"gold_gain":0.0,"event_name":"Upgrade Shrine","player_choice":"Upgraded","floor":2.0,"gold_loss":0.0,"damage_taken":0.0,"cards_upgraded":["Immolate"]},{"damage_healed":0.0,"max_hp_gain":5.0,"max_hp_loss":0.0,"gold_gain":0.0,"event_name":"Forgotten Altar","player_choice":"Shed Blood","floor":19.0,"gold_loss":0.0,"damage_taken":24.0},{"cards_removed":["Strike_R"],"damage_healed":0.0,"max_hp_gain":0.0,"max_hp_loss":0.0,"gold_gain":0.0,"event_name":"Beggar","player_choice":"Gave Gold","floor":27.0,"gold_loss":75.0,"damage_taken":0.0},{"damage_healed":0,"gold_gain":0,"player_choice":"Joined the Cult","damage_taken":6,"max_hp_gain":0,"max_hp_loss":0,"event_name":"Nest","floor":30,"gold_loss":0,"cards_obtained":["RitualDagger"]}],"is_beta":false,"boss_relics":[{"not_picked":["Runic Cube","Coffee Dripper"],"picked":"Philosopher\u0027s Stone"}],"items_purged_floors":[22],"is_endless":false,"potions_floor_spawned":[3,5,6,8,14,16,20,24,28,29,31],"killed_by":"Champ","ascension_level":15}}