{"host":"os9owiyb0rak6c8n","time":1613682517,"event":{"mods":["AchievementEnabler","Astrologer","BaseMod","Beaked The Cultist","Better Third Choice","Block Reminder","Colored Map","Colored Powertips","Curses Come First","Dio Mod","Minty Spire (QoL Compilation)","Shapeshifter Mod","Spicy Shops","StSLib","The Death Knight","The Necromancer"],"gold_per_floor":[112,128,128,128,148,174,174,201,201,213,231,178,189,204,204,301,301,320,349,4,4,4,4,48,62,87,87,103,3,3,3,3,103,103,123,136,11,0,47,74,74,40,40,122,133,147,160,179,179,179,179],"floor_reached":50,"language":"ENG","playtime":2558,"items_purged":["StSShapeShifter:ShapeShifter_Strike","Pain","Writhe"],"score":529,"play_id":"cc62c18d-38af-4edc-92e9-29a8d6fa8a04","local_time":"20210218220837","is_ascension_mode":false,"campfire_choices":[{"data":"StSShapeShifter:Garden","floor":7,"key":"SMITH"},{"data":"StSShapeShifter:SpiritOfTheEarth","floor":15,"key":"SMITH"},{"data":"StSShapeShifter:FruitBasket","floor":23,"key":"SMITH"},{"floor":27,"key":"REST"},{"data":"StSShapeShifter:SpiritOfTheEarth","floor":32,"key":"SMITH"},{"floor":41,"key":"REST"},{"data":"StSShapeShifter:Garden","floor":49,"key":"SMITH"}],"circlet_count":0,"master_deck":["StSShapeShifter:ShapeShifter_Strike","StSShapeShifter:ShapeShifter_Strike","StSShapeShifter:ShapeShifter_Strike","StSShapeShifter:ShapeShifter_Strike","StSShapeShifter:ShapeShifter_Defend","StSShapeShifter:ShapeShifter_Defend","StSShapeShifter:ShapeShifter_Defend","StSShapeShifter:ShapeShifter_Defend","StSShapeShifter:ShapeShifter_Defend","StSShapeShifter:Lynx_Form+1","StSShapeShifter:BladeOfGrass","StSShapeShifter:ThornToss","StSShapeShifter:OakBlade","StSShapeShifter:Garden+1","StSShapeShifter:PoisonIvy","StSShapeShifter:FallingLeaves","StSShapeShifter:FesteringBite","StSShapeShifter:SpiritOfTheEarth+1","StSShapeShifter:BurstOfLifeEscapeDeath","StSShapeShifter:Guard","StSShapeShifter:IntimidatingAura","StSShapeShifter:SpiritOfTheEarth+1","StSShapeShifter:FruitBasket+1","StSShapeShifter:HippoForm+1","StSShapeShifter:Flourish","StSShapeShifter:Flood","CurseOfTheBell","StSShapeShifter:GoldenBerries+1","StSShapeShifter:Garden+1","Injury","Doubt","StSShapeShifter:Efflorescence+1","StSShapeShifter:Synchronicity+1","StSShapeShifter:ThornedSkin"],"relics":["StSShapeShifter:AnimalHeart","StSShapeShifter:TheShapeShiftersMagnolia","Pen Nib","StSShapeShifter:MysticalFossil","Matryoshka","Pantograph","Ornamental Fan","Cursed Key","CaptainsWheel","Regal Pillow","Blue Candle","Ice Cream","Tiny Chest","Calling Bell","Anchor","Shuriken","Unceasing Top","Red Mask","Thread and Needle","StSShapeShifter:ThornsOfSummi","StSShapeShifter:FruitTree","Meat on the Bone"],"acts_visited":["Exordium","TheCity","TheBeyond"],"potions_floor_usage":[13,16,30,33,39,39,50,50],"damage_taken":[{"damage":3,"enemies":"Jaw Worm","floor":1,"turns":4},{"damage":0,"enemies":"2 Louse","floor":2,"turns":2},{"damage":0,"enemies":"Cultist","floor":5,"turns":3},{"damage":6,"enemies":"Gremlin Nob","floor":6,"turns":3},{"damage":18,"enemies":"Lagavulin","floor":8,"turns":5},{"damage":0,"enemies":"2 Fungi Beasts","floor":10,"turns":2},{"damage":3,"enemies":"Exordium Thugs","floor":11,"turns":3},{"damage":0,"enemies":"Exordium Wildlife","floor":13,"turns":3},{"damage":11,"enemies":"2 Fungi Beasts","floor":14,"turns":4},{"damage":16,"enemies":"The Guardian","floor":16,"turns":12},{"damage":0,"enemies":"Chosen","floor":18,"turns":4},{"damage":20,"enemies":"Spheric Guardian","floor":19,"turns":5},{"damage":20,"enemies":"Book of Stabbing","floor":24,"turns":8},{"damage":23,"enemies":"Shelled Parasite and Fungi","floor":25,"turns":6},{"damage":11,"enemies":"Centurion and Healer","floor":28,"turns":9},{"damage":22,"enemies":"Colosseum Slavers","floor":30,"turns":4},{"damage":58,"enemies":"Automaton","floor":33,"turns":11},{"damage":9,"enemies":"3 Darklings","floor":35,"turns":6},{"damage":7,"enemies":"Orb Walker","floor":36,"turns":4},{"damage":54,"enemies":"2 Orb Walkers","floor":39,"turns":6},{"damage":0,"enemies":"Reptomancer","floor":40,"turns":6},{"damage":0,"enemies":"4 Shapes","floor":45,"turns":6},{"damage":5,"enemies":"Writhing Mass","floor":46,"turns":7},{"damage":10,"enemies":"Jaw Worm Horde","floor":47,"turns":4},{"damage":0,"enemies":"Spire Growth","floor":48,"turns":3},{"damage":95,"enemies":"Awakened One","floor":50,"turns":6}],"seed_played":"-7891162178174441569","potions_obtained":[{"floor":1,"key":"Dexterity Potion"},{"floor":5,"key":"SmokeBomb"},{"floor":6,"key":"Weak Potion"},{"floor":10,"key":"Fire Potion"},{"floor":11,"key":"Swift Potion"},{"floor":19,"key":"DistilledChaos"},{"floor":28,"key":"FearPotion"},{"floor":33,"key":"SpeedPotion"},{"floor":36,"key":"AttackPotion"},{"floor":45,"key":"StSShapeShifter:PolyBeastPotion"},{"floor":47,"key":"PowerPotion"}],"is_trial":false,"path_per_floor":["M","M","?","?","M","E","R","E","T","M","M","$","M","M","R","B",null,"M","M","$","?","T","R","E","M","T","R","M","$","?","$","R","B",null,"M","M","$","?","?","E","R","$","T","T","M","M","M","M","R","B"],"character_chosen":"SHAPESHIFTER","items_purchased":["StSShapeShifter:FesteringBite","StSShapeShifter:SpiritOfTheEarth","StSShapeShifter:FruitBasket","CaptainsWheel","StSShapeShifter:Garden"],"campfire_rested":2,"item_purchase_floors":[12,20,20,20,42],"current_hp_per_floor":[82,82,82,82,82,76,76,60,60,60,57,57,57,46,46,57,85,85,65,65,65,65,65,47,30,30,70,61,61,41,41,41,10,85,80,75,75,75,21,33,73,73,73,73,79,83,73,73,73,0,0],"gold":179,"neow_bonus":"TEN_PERCENT_HP_BONUS","is_daily":false,"chose_seed":false,"campfire_upgraded":5,"win_rate":0.0,"timestamp":1613682517,"path_taken":["M","M","?","?","M","E","R","E","T","M","M","$","M","?","R","BOSS","M","M","$","?","?","R","E","M","T","R","M","$","?","$","R","BOSS","M","M","$","?","?","E","R","$","T","?","M","M","?","M","R","BOSS"],"items_purchased_type":["Card","Card","Card","Relic","Card"],"build_version":"2020-12-22","purchased_purges":3,"victory":false,"max_hp_per_floor":[85,85,85,85,85,85,85,85,85,85,85,85,85,85,85,85,85,85,85,85,85,85,85,85,85,85,85,85,85,85,85,85,85,85,85,85,85,85,85,85,85,85,85,85,85,85,85,85,85,85,85],"card_choices":[{"not_picked":["StSShapeShifter:WaspSwarmForm","StSShapeShifter:BloomingSlash"],"picked":"StSShapeShifter:BladeOfGrass","floor":1},{"not_picked":["StSShapeShifter:WolfForm","StSShapeShifter:FallingLeaves"],"picked":"StSShapeShifter:ThornToss","floor":2},{"not_picked":["StSShapeShifter:RockSlide","StSShapeShifter:SunflowerShuriken"],"picked":"StSShapeShifter:OakBlade","floor":5},{"not_picked":["StSShapeShifter:MammothForm","StSShapeShifter:CursedApple"],"picked":"StSShapeShifter:Garden","floor":6},{"not_picked":["StSShapeShifter:EntForm","StSShapeShifter:HippoForm"],"picked":"StSShapeShifter:PoisonIvy","floor":8},{"not_picked":["StSShapeShifter:OakBlade","StSShapeShifter:BurstingSpore","StSShapeShifter:BloomingSlash"],"picked":"SKIP","floor":10},{"not_picked":["StSShapeShifter:ThornToss","StSShapeShifter:FlowerShield"],"picked":"StSShapeShifter:FallingLeaves","floor":11},{"not_picked":["StSShapeShifter:DeerForm","StSShapeShifter:BarkSkin","StSShapeShifter:FallingLeaves"],"picked":"SKIP","floor":13},{"not_picked":["StSShapeShifter:ReplenishingNectar","StSShapeShifter:LionForm"],"picked":"StSShapeShifter:SpiritOfTheEarth","floor":14},{"not_picked":["StSShapeShifter:PowerShifter","StSShapeShifter:MammothForm"],"picked":"StSShapeShifter:BurstOfLifeEscapeDeath","floor":16},{"not_picked":["StSShapeShifter:ThrashAbout","StSShapeShifter:FallingLeaves"],"picked":"StSShapeShifter:Guard","floor":18},{"not_picked":["StSShapeShifter:CosmicShifter+1","StSShapeShifter:VileMushroom"],"picked":"StSShapeShifter:IntimidatingAura","floor":19},{"not_picked":["StSShapeShifter:VineHandcuffs+1","StSShapeShifter:Maul"],"picked":"StSShapeShifter:HippoForm+1","floor":24},{"not_picked":["StSShapeShifter:Maul+1","StSShapeShifter:SquirrelForm","StSShapeShifter:FesteringBite"],"picked":"SKIP","floor":25},{"not_picked":["StSShapeShifter:OakBlade+1","StSShapeShifter:Maul"],"picked":"StSShapeShifter:Flourish","floor":28},{"not_picked":["StSShapeShifter:Blossom2","StSShapeShifter:Spring"],"picked":"StSShapeShifter:Flood","floor":33},{"not_picked":["StSShapeShifter:DeerForm","StSShapeShifter:Hunt+1","StSShapeShifter:BladeOfGrass"],"picked":"SKIP","floor":35},{"not_picked":["StSShapeShifter:ThrashAbout","StSShapeShifter:HippoForm","StSShapeShifter:SunflowerShuriken+1"],"picked":"SKIP","floor":36},{"not_picked":["StSShapeShifter:DeerForm+1","StSShapeShifter:OpportuneSwoop+1"],"picked":"StSShapeShifter:GoldenBerries+1","floor":39},{"not_picked":["StSShapeShifter:VineHandcuffs+1","StSShapeShifter:BurrBomb","StSShapeShifter:ForestFire+1"],"picked":"SKIP","floor":40},{"not_picked":["StSShapeShifter:FallingLeaves+1","StSShapeShifter:FesteringBite+1"],"picked":"StSShapeShifter:Efflorescence+1","floor":45},{"not_picked":["StSShapeShifter:CosmicShifter","StSShapeShifter:WiltingWrath+1"],"picked":"StSShapeShifter:Synchronicity+1","floor":46},{"not_picked":["StSShapeShifter:Synchronicity","StSShapeShifter:Bonk+1"],"picked":"StSShapeShifter:ThornedSkin","floor":47},{"not_picked":["StSShapeShifter:MultiSpiritedStrike","StSShapeShifter:PantherForm","StSShapeShifter:Guard+1"],"picked":"SKIP","floor":48}],"player_experience":614208,"relics_obtained":[{"floor":6,"key":"StSShapeShifter:MysticalFossil"},{"floor":8,"key":"Matryoshka"},{"floor":9,"key":"Pantograph"},{"floor":9,"key":"Ornamental Fan"},{"floor":22,"key":"Regal Pillow"},{"floor":22,"key":"Blue Candle"},{"floor":24,"key":"Ice Cream"},{"floor":26,"key":"Tiny Chest"},{"floor":34,"key":"Anchor"},{"floor":34,"key":"Shuriken"},{"floor":34,"key":"Unceasing Top"},{"floor":39,"key":"Thread and Needle"},{"floor":40,"key":"StSShapeShifter:ThornsOfSummi"},{"floor":43,"key":"StSShapeShifter:FruitTree"},{"floor":44,"key":"Meat on the Bone"}],"event_choices":[{"damage_healed":0,"gold_gain":0,"player_choice":"Gave Potion","damage_taken":0,"relics_obtained":["Pen Nib"],"max_hp_gain":0,"max_hp_loss":0,"event_name":"WeMeetAgain","floor":4,"gold_loss":0},{"damage_healed":0,"gold_gain":0,"player_choice":"Ignored","damage_taken":0,"max_hp_gain":0,"max_hp_loss":0,"event_name":"Vampires","floor":21,"gold_loss":0},{"damage_healed":0,"gold_gain":0,"player_choice":"Fight","damage_taken":0,"max_hp_gain":0,"max_hp_loss":0,"event_name":"Colosseum","floor":30,"gold_loss":0},{"damage_healed":0,"gold_gain":0,"player_choice":"Fled From Nobs","damage_taken":0,"max_hp_gain":0,"max_hp_loss":0,"event_name":"Colosseum","floor":30,"gold_loss":0},{"damage_healed":0,"gold_gain":0,"player_choice":"Paid","damage_taken":0,"relics_obtained":["Red Mask"],"max_hp_gain":0,"max_hp_loss":0,"event_name":"Tomb of Lord Red Mask","floor":38,"gold_loss":11},{"damage_healed":0,"gold_gain":0,"player_choice":"Fight","damage_taken":0,"max_hp_gain":0,"max_hp_loss":0,"event_name":"Mysterious Sphere","floor":39,"gold_loss":0}],"is_beta":false,"boss_relics":[{"not_picked":["Black Star","StSShapeShifter:LemurHeaddress"],"picked":"Cursed Key"},{"not_picked":["Philosopher\u0027s Stone","beaked:MawFillet"],"picked":"Calling Bell"}],"items_purged_floors":[20,29,37],"is_endless":false,"potions_floor_spawned":[1,5,6,10,11,19,28,30,33,36,45,47],"killed_by":"Awakened One","ascension_level":0}}