{"host":"n1v11un6j7y72mz7","time":1613618138,"event":{"mods":["Act Like it!","BaseMod","Downfall","Minty Spire (QoL Compilation)","Reliquary","StSLib","The Animator","Waifu the Spire"],"gold_per_floor":[119,119,138,213,231,231,262,292,318,330,345,40,53,53,79,79,182,182,200,125,44,59,79,106,106,106,106,131,131,147,160,172,172,270,270,289,56,66,84,84,110,110,110,136,146,72,88,121,167,167,167],"floor_reached":52,"language":"ZHS","playtime":2048,"items_purged":["Defend_R","Defend_R"],"score":865,"play_id":"301b689b-de5b-47c7-9d74-9326f06d9840","local_time":"20210218111538","is_ascension_mode":true,"campfire_choices":[{"data":"Inflame","floor":6,"key":"SMITH"},{"data":"Flex","floor":14,"key":"SMITH"},{"data":"Heavy Blade","floor":16,"key":"SMITH"},{"data":"Uppercut","floor":26,"key":"SMITH"},{"data":"Offering","floor":33,"key":"SMITH"},{"data":"Limit Break","floor":42,"key":"SMITH"},{"data":"Flex","floor":50,"key":"SMITH"}],"circlet_count":0,"master_deck":["Strike_R","Strike_R","Strike_R","Strike_R","Strike_R","Bash","Intimidate","Inflame+1","Clash","Thunderclap","Offering+1","Pummel","Flex+1","Heavy Blade+1","Feed","Burning Pact","Uppercut+1","Armaments+1","Metallicize+1","Jack Of All Trades","Thunderclap","Flex+1","Limit Break+1","Shrug It Off+1","Inflame","Warcry+1","Madness","Madness","Inflame","Dark Shackles","Blood for Blood+1","Rampage+1"],"relics":["Burning Blood","Art of War","reliquary:Spinner","Bag of Marbles","Strawberry","Odd Mushroom","Runic Pyramid","Centennial Puzzle","Bag of Preparation","reliquary:TridentHead","reliquary:Crutches","reliquary:RustamsPendant","Membership Card","Charon\u0027s Ashes","Akabeko","Lee\u0027s Waffle","Lantern","reliquary:WeakTea"],"acts_visited":["Exordium","TheCity","TheBeyond"],"potions_floor_usage":[7,17,17,24,31,34,34,38,51],"damage_taken":[{"damage":1,"enemies":"Jaw Worm","floor":1,"turns":4},{"damage":0,"enemies":"2 Louse","floor":3,"turns":3},{"damage":0,"enemies":"Small Slimes","floor":5,"turns":3},{"damage":39,"enemies":"3 Sentries","floor":7,"turns":7},{"damage":5,"enemies":"Exordium Wildlife","floor":10,"turns":3},{"damage":3,"enemies":"2 Fungi Beasts","floor":11,"turns":3},{"damage":6,"enemies":"Looter","floor":13,"turns":2},{"damage":6,"enemies":"The Mushroom Lair","floor":15,"turns":1},{"damage":34,"enemies":"Hexaghost","floor":17,"turns":4},{"damage":7,"enemies":"Shell Parasite","floor":19,"turns":3},{"damage":13,"enemies":"2 Thieves","floor":22,"turns":2},{"damage":24,"enemies":"Cultist and Chosen","floor":23,"turns":5},{"damage":7,"enemies":"Slavers","floor":24,"turns":3},{"damage":22,"enemies":"Gremlin Leader","floor":28,"turns":3},{"damage":13,"enemies":"Sentry and Sphere","floor":30,"turns":4},{"damage":6,"enemies":"Snake Plant","floor":31,"turns":2},{"damage":6,"enemies":"Centurion and Healer","floor":32,"turns":1},{"damage":14,"enemies":"Collector","floor":34,"turns":4},{"damage":12,"enemies":"3 Shapes","floor":36,"turns":2},{"damage":1,"enemies":"3 Darklings","floor":38,"turns":2},{"damage":32,"enemies":"Maw","floor":39,"turns":5},{"damage":23,"enemies":"Nemesis","floor":41,"turns":3},{"damage":12,"enemies":"Spire Growth","floor":45,"turns":3},{"damage":0,"enemies":"Jaw Worm Horde","floor":47,"turns":2},{"damage":9,"enemies":"Giant Head","floor":48,"turns":5},{"damage":36,"enemies":"Time Eater","floor":51,"turns":4}],"seed_played":"-6516208557402931027","potions_obtained":[{"floor":1,"key":"GamblersBrew"},{"floor":3,"key":"Swift Potion"},{"floor":5,"key":"Energy Potion"},{"floor":15,"key":"LiquidBronze"},{"floor":17,"key":"Swift Potion"},{"floor":22,"key":"Slimebound:ThreeZeroPotion"},{"floor":28,"key":"LiquidMemories"},{"floor":31,"key":"Swift Potion"},{"floor":45,"key":"SteroidPotion"},{"floor":47,"key":"LiquidMemories"}],"is_trial":false,"path_per_floor":["M","?","M","?","M","R","E","?","T","M","M","$","M","R","?","R","B",null,"M","?","$","M","M","E","?","R","T","E","?","M","M","M","R","B",null,"M","$","M","M","?","E","R","?","T","M","$","M","E","T","R","B",null],"character_chosen":"IRONCLAD","items_purchased":["Strawberry","Pummel","Uppercut","Membership Card","Inflame","Lee\u0027s Waffle"],"campfire_rested":0,"item_purchase_floors":[12,12,21,37,37,46],"current_hp_per_floor":[80,73,79,68,74,74,41,41,41,42,45,52,52,52,52,52,24,87,86,86,86,82,67,69,69,69,69,53,53,49,49,49,49,45,103,100,100,105,79,66,53,53,53,53,47,117,121,122,122,122,92],"gold":167,"neow_bonus":"RANDOM_COMMON_RELIC","is_daily":false,"chose_seed":false,"campfire_upgraded":7,"win_rate":0.0,"timestamp":1613618138,"path_taken":["M","?","M","?","M","R","E","?","T","M","M","$","?","R","?","R","BOSS","M","?","$","M","M","E","?","R","T","E","?","?","M","M","R","BOSS","M","$","M","?","?","E","R","?","T","M","?","M","E","?","R","BOSS"],"items_purchased_type":["Relic","Card","Card","Relic","Card","Relic"],"build_version":"2020-12-22","purchased_purges":2,"victory":true,"max_hp_per_floor":[80,80,80,80,80,80,80,80,80,80,80,87,87,87,87,87,87,87,87,87,87,90,93,96,96,96,96,96,96,99,99,99,99,103,103,106,106,106,106,106,110,110,110,110,110,117,121,125,125,125,125],"card_choices":[{"not_picked":["Searing Blow","Anger"],"picked":"Intimidate","floor":1},{"not_picked":["Hemokinesis","Headbutt","True Grit"],"picked":"SKIP","floor":3},{"not_picked":["Metallicize","Iron Wave"],"picked":"Inflame","floor":5},{"not_picked":["Perfected Strike","Clothesline"],"picked":"Clash","floor":7},{"not_picked":["Cleave","Seeing Red"],"picked":"Thunderclap","floor":10},{"not_picked":["Wild Strike","Sword Boomerang"],"picked":"Offering","floor":11},{"not_picked":["Hemokinesis","Battle Trance"],"picked":"Flex","floor":13},{"not_picked":["Body Slam","Perfected Strike"],"picked":"Heavy Blade","floor":15},{"not_picked":["Offering","Impervious"],"picked":"Feed","floor":17},{"not_picked":["Carnage+1","True Grit"],"picked":"Burning Pact","floor":19},{"not_picked":["Rage","Clothesline"],"picked":"Armaments+1","floor":22},{"not_picked":["Heavy Blade","True Grit","Anger"],"picked":"SKIP","floor":23},{"not_picked":["Sword Boomerang+1","Shrug It Off"],"picked":"Metallicize+1","floor":24},{"not_picked":["Clothesline","Sever Soul+1","Thunderclap"],"picked":"SKIP","floor":28},{"not_picked":["Shockwave","Anger"],"picked":"Thunderclap","floor":30},{"not_picked":["Infernal Blade","Clash","Twin Strike"],"picked":"SKIP","floor":31},{"not_picked":["Twin Strike","Bludgeon"],"picked":"Flex","floor":32},{"not_picked":["Berserk","Impervious"],"picked":"Limit Break","floor":34},{"not_picked":["Cleave","Heavy Blade+1"],"picked":"Shrug It Off+1","floor":36},{"not_picked":["Pommel Strike","Clothesline","Clash+1"],"picked":"SKIP","floor":38},{"not_picked":["Dark Embrace","Twin Strike"],"picked":"Warcry+1","floor":39},{"not_picked":["Iron Wave","Evolve+1"],"picked":"Inflame","floor":41},{"not_picked":["Deep Breath","Purity"],"picked":"Dark Shackles","floor":43},{"not_picked":["Twin Strike","Cleave"],"picked":"Blood for Blood+1","floor":45},{"not_picked":["Thunderclap+1","Iron Wave"],"picked":"Rampage+1","floor":47},{"not_picked":["Shrug It Off","Thunderclap+1","Ghostly Armor+1"],"picked":"SKIP","floor":48}],"player_experience":204194,"relics_obtained":[{"floor":7,"key":"reliquary:Spinner"},{"floor":9,"key":"Bag of Marbles"},{"floor":15,"key":"Odd Mushroom"},{"floor":24,"key":"Centennial Puzzle"},{"floor":27,"key":"reliquary:TridentHead"},{"floor":28,"key":"reliquary:Crutches"},{"floor":41,"key":"Charon\u0027s Ashes"},{"floor":44,"key":"Akabeko"},{"floor":48,"key":"Lantern"},{"floor":49,"key":"reliquary:WeakTea"}],"event_choices":[{"cards_removed":["Defend_R"],"damage_healed":0,"gold_gain":0,"player_choice":"Card Removal","damage_taken":7,"max_hp_gain":0,"max_hp_loss":0,"event_name":"Golden Wing","floor":2,"gold_loss":0},{"damage_healed":0,"gold_gain":75,"player_choice":"Gather Gold","damage_taken":11,"max_hp_gain":0,"max_hp_loss":0,"event_name":"World of Goop","floor":4,"gold_loss":0},{"damage_healed":0,"gold_gain":30,"player_choice":"Searched \u00272\u0027 times","damage_taken":0,"max_hp_gain":0,"max_hp_loss":0,"event_name":"Dead Adventurer","floor":8,"gold_loss":0},{"damage_healed":0,"gold_gain":0,"player_choice":"Fought Mushrooms","damage_taken":0,"max_hp_gain":0,"max_hp_loss":0,"event_name":"Mushrooms","floor":15,"gold_loss":0},{"cards_removed":["Defend_R"],"damage_healed":0,"gold_gain":0,"player_choice":"Gave Gold","damage_taken":0,"max_hp_gain":0,"max_hp_loss":0,"event_name":"Beggar","floor":20,"gold_loss":75},{"damage_healed":0,"gold_gain":0,"player_choice":"Opened","damage_taken":0,"relics_obtained":["Bag of Preparation"],"max_hp_gain":0,"max_hp_loss":0,"event_name":"The Mausoleum","floor":25,"gold_loss":0},{"damage_healed":0,"gold_gain":0,"player_choice":"1 cards matched","damage_taken":0,"max_hp_gain":0,"max_hp_loss":0,"event_name":"Match and Keep!","floor":29,"gold_loss":0,"cards_obtained":["Jack Of All Trades"]},{"damage_healed":0,"gold_gain":0,"player_choice":"Embrace Madness","damage_taken":13,"max_hp_gain":0,"max_hp_loss":0,"event_name":"Winding Halls","floor":40,"gold_loss":0,"cards_obtained":["Madness","Madness"]},{"damage_healed":0,"gold_gain":0,"player_choice":"Memory 1","damage_taken":0,"max_hp_gain":0,"max_hp_loss":0,"event_name":"SensoryStone","floor":43,"gold_loss":0}],"is_beta":false,"boss_relics":[{"not_picked":["Philosopher\u0027s Stone","bronze:MakeshiftBattery"],"picked":"Runic Pyramid"},{"not_picked":["Sozu","Empty Cage"],"picked":"reliquary:RustamsPendant"}],"items_purged_floors":[12,37],"is_endless":false,"potions_floor_spawned":[1,3,5,15,17,22,28,31,45,47],"ascension_level":1}}