{"host":"bgyhjzqafgkxdxsh","time":1613645833,"event":{"mods":["BaseMod","Colored Map","Downfall","Minty Spire (QoL Compilation)","Relic Stats","StSLib","everything is the same but u backflip on backflip"],"gold_per_floor":[99,118,137,154,166,200,200,200,231,131,131,131,151,34,45,45,45,45],"floor_reached":16,"language":"ENG","playtime":1258,"items_purged":["Regret"],"score":112,"play_id":"5aeb982c-f4ce-4e1a-99f3-2d0336ab9cb2","local_time":"20210218205713","is_ascension_mode":false,"campfire_choices":[{"data":"hexamod:Float","floor":1,"key":"SMITH"},{"data":"hexamod:Incineration","floor":8,"key":"SMITH"},{"data":"hexamod:BurningTouch","floor":10,"key":"SMITH"}],"circlet_count":0,"master_deck":["hexamod:Strike","hexamod:Strike","hexamod:Strike+1","hexamod:Strike","hexamod:Defend","hexamod:Defend","hexamod:Defend","hexamod:Defend+1","hexamod:Sear","hexamod:Float+1","hexamod:AdvancingGuard","hexamod:Incineration+1","hexamod:FirstSeal","hexamod:InspiringFlames+1","hexamod:BurningTouch+1","hexamod:FourthSeal","downfall:Malfunctioning","hexamod:ShieldOfDarkness","hexamod:FastForward","hexamod:ThirdSeal"],"relics":["hexamod:SpiritBrand","Dream Catcher","Strawberry","Happy Flower","Kunai","downfall:HeartBlessingGreen","Dead Branch"],"acts_visited":["Exordium"],"potions_floor_usage":[6,9,14,16],"damage_taken":[{"damage":1,"enemies":"Cultist","floor":2,"turns":3},{"damage":2,"enemies":"2 Louse","floor":3,"turns":2},{"damage":5,"enemies":"Small Slimes","floor":4,"turns":4},{"damage":1,"enemies":"3 Louse","floor":5,"turns":4},{"damage":13,"enemies":"Gremlin Nob","floor":6,"turns":4},{"damage":33,"enemies":"3 Sentries","floor":9,"turns":9},{"damage":10,"enemies":"2 Fungi Beasts","floor":13,"turns":6},{"damage":14,"enemies":"downfall:FleeingMerchant","floor":14,"turns":4},{"damage":6,"enemies":"Exordium Wildlife","floor":15,"turns":4},{"damage":35,"enemies":"WA_ARCHETYPE_RETAIN","floor":16,"turns":7}],"seed_played":"7229370078530843540","potions_obtained":[{"floor":4,"key":"LiquidBronze"},{"floor":5,"key":"SkillPotion"},{"floor":6,"key":"Dexterity Potion"},{"floor":13,"key":"Fire Potion"},{"floor":15,"key":"SkillPotion"}],"is_trial":false,"path_per_floor":["R","M","M","M","M","E","T","R","E","R","?","?","M","$","M","B"],"character_chosen":"THE_SPIRIT","items_purchased":["hexamod:FastForward"],"campfire_rested":0,"item_purchase_floors":[14],"current_hp_per_floor":[70,69,67,62,68,69,69,69,36,36,36,36,33,26,27,0,0,0],"gold":45,"neow_bonus":"RANDOM_COMMON_RELIC","is_daily":false,"chose_seed":false,"campfire_upgraded":3,"win_rate":0.0,"timestamp":1613645833,"path_taken":["R","M","M","M","?","E","T","R","E","R","?","?","M","$","M","BOSS"],"items_purchased_type":["Card"],"build_version":"2020-12-22","purchased_purges":1,"victory":false,"max_hp_per_floor":[70,70,70,70,70,77,77,77,77,77,77,77,77,77,77,77,77,77],"relic_stats":{"Dream Catcher":0,"Happy Flower":[10],"counters":[10,47],"Dead Branch":[21],"Kunai":[0],"obtain_stats":[{"Dream Catcher":0,"Happy Flower":7,"Strawberry":6,"Dead Branch":11,"downfall:HeartBlessingGreen":10,"Kunai":9,"hexamod:SpiritBrand":0},{"Dream Catcher":0,"Happy Flower":5,"Strawberry":5,"Dead Branch":6,"downfall:HeartBlessingGreen":6,"Kunai":6,"hexamod:SpiritBrand":0},{"Dream Catcher":0,"Happy Flower":17,"Strawberry":17,"Dead Branch":26,"downfall:HeartBlessingGreen":26,"Kunai":26,"hexamod:SpiritBrand":0}]},"card_choices":[{"not_picked":["hexamod:NecessarySacrifice","hexamod:EmpoweredFlame"],"picked":"hexamod:AdvancingGuard","floor":2},{"not_picked":["hexamod:SoulSteal","hexamod:GhostOfSpirePast"],"picked":"hexamod:Incineration","floor":3},{"not_picked":["hexamod:SwordOfDarkness","hexamod:StepThrough"],"picked":"hexamod:FirstSeal","floor":4},{"not_picked":["hexamod:SuperheatedStrike","hexamod:SpectralAdrenaline"],"picked":"hexamod:InspiringFlames","floor":5},{"not_picked":["hexamod:HauntingEcho","hexamod:HeatMetal"],"picked":"hexamod:BurningTouch","floor":6},{"not_picked":["hexamod:SpectralSpark","hexamod:InspiringFlames"],"picked":"hexamod:FourthSeal","floor":9},{"not_picked":["hexamod:InspiringFlames","hexamod:HauntingEcho"],"picked":"hexamod:ShieldOfDarkness","floor":13},{"not_picked":["hexamod:FifthSeal","hexamod:ChargedBarrage","hexamod:InspiringFlames"],"picked":"SKIP","floor":14},{"not_picked":["hexamod:FastForward","hexamod:BurningTouch"],"picked":"hexamod:ThirdSeal","floor":15}],"player_experience":584782,"relics_obtained":[{"floor":6,"key":"Strawberry"},{"floor":7,"key":"Happy Flower"},{"floor":9,"key":"Kunai"}],"event_choices":[{"damage_healed":0,"gold_gain":0,"player_choice":"Box","damage_taken":0,"relics_obtained":["Dead Branch"],"max_hp_gain":0,"max_hp_loss":0,"event_name":"Big Fish","floor":11,"gold_loss":0,"cards_obtained":["Regret"]}],"is_beta":false,"boss_relics":[],"items_purged_floors":[14],"is_endless":false,"potions_floor_spawned":[4,5,6],"killed_by":"WA_ARCHETYPE_RETAIN","ascension_level":0}}