{"host":"pyelotildgrd5mks","time":1613641429,"event":{"mods":["BaseMod","Downfall","Minty Spire (QoL Compilation)","Quick Restart","Replay The Spire","StSLib"],"gold_per_floor":[110,110,35,35,35,66,66,79,79,79,113,130,159,173,173,173,173],"floor_reached":16,"language":"ZHS","playtime":416,"items_purged":["Strike_B"],"score":215,"play_id":"53428d7d-357e-4865-a123-3a30a5ef9735","local_time":"20210218174349","is_ascension_mode":true,"campfire_choices":[{"data":"Zap","floor":7.0,"key":"SMITH"},{"data":"Dualcast","floor":10.0,"key":"SMITH"},{"floor":15,"key":"REST"}],"circlet_count":0,"master_deck":["AscendersBane","Strike_B","Strike_B","Strike_B","Defend_B","Defend_B","Defend_B","Defend_B","Zap+1","Dualcast+1","Skim","Cold Snap+1","Compile Driver+1","Streamline+1"],"relics":["Cracked Core","NeowsBlessing","Replay:Bottled Snecko","Gremlin Horn","ReplayTheSpireMod:Lightbulb","Molten Egg 2","Bag of Preparation"],"acts_visited":["Exordium"],"potions_floor_usage":[14,16],"damage_taken":[{"damage":0.0,"enemies":"2 Louse","floor":1.0,"turns":1.0},{"damage":0.0,"enemies":"Gremlin Nob","floor":6.0,"turns":1.0},{"damage":0.0,"enemies":"Cultist","floor":8.0,"turns":1.0},{"damage":35.0,"enemies":"3 Sentries","floor":11.0,"turns":9.0},{"damage":4,"enemies":"Small Slimes","floor":12,"turns":3},{"damage":28,"enemies":"Gremlin Nob","floor":13,"turns":4},{"damage":3,"enemies":"Blue Slaver","floor":14,"turns":2},{"damage":39,"enemies":"Fading Forest","floor":16,"turns":7}],"seed_played":"3140569233338603615","potions_obtained":[{"floor":6.0,"key":"Explosive Potion"},{"floor":8.0,"key":"FearPotion"},{"floor":14,"key":"Toxic Potion"}],"is_trial":false,"path_per_floor":["M","?","$","?","$","E","R","M","T","R","E","M","E","M","R","B"],"character_chosen":"DEFECT","items_purchased":[],"campfire_rested":1,"item_purchase_floors":[],"current_hp_per_floor":[68,68,68,73,73,73,73,73,73,73,38,34,6,3,27,0,0],"gold":173,"neow_bonus":"THREE_ENEMY_KILL","is_daily":false,"chose_seed":false,"campfire_upgraded":2,"win_rate":0.0,"timestamp":1613641429,"path_taken":["M","?","?","?","?","E","R","?","T","R","E","M","E","M","R","BOSS"],"items_purchased_type":[],"build_version":"2020-12-22","purchased_purges":1,"victory":false,"max_hp_per_floor":[75,75,75,80,80,80,80,80,80,80,80,80,80,80,80,80,80],"card_choices":[{"not_picked":["BasicCrystalCard","Stack"],"picked":"Turbo","floor":1.0},{"not_picked":["Rebound","Machine Learning"],"picked":"Skim","floor":6.0},{"not_picked":["FIFO Queue","Leap","Rebound"],"picked":"SKIP","floor":8.0},{"not_picked":["Conserve Battery","Redo","Reinforced Body"],"picked":"SKIP","floor":11.0},{"not_picked":["Conserve Battery","Redo","Reinforced Body"],"picked":"SKIP","floor":11.0},{"not_picked":["Panic Button","BootSequence"],"picked":"Cold Snap+1","floor":12},{"not_picked":["Go for the Eyes+1","Darkness"],"picked":"Compile Driver+1","floor":13},{"not_picked":["Aggregate","Hello World"],"picked":"Streamline+1","floor":14}],"player_experience":716328,"relics_obtained":[{"floor":6.0,"key":"Gremlin Horn"},{"floor":9.0,"key":"ReplayTheSpireMod:Lightbulb"},{"floor":11.0,"key":"Molten Egg 2"},{"floor":13,"key":"Bag of Preparation"}],"event_choices":[{"cards_removed":["Turbo"],"damage_healed":0.0,"max_hp_gain":0.0,"max_hp_loss":0.0,"gold_gain":0.0,"event_name":"WeMeetAgain","player_choice":"Gave Card","floor":2.0,"gold_loss":0.0,"damage_taken":0.0,"relics_obtained":["Replay:Bottled Snecko"]},{"damage_healed":0.0,"max_hp_gain":5.0,"max_hp_loss":0.0,"gold_gain":0.0,"event_name":"Big Fish","player_choice":"Donut","floor":4.0,"gold_loss":0.0,"damage_taken":0.0}],"is_beta":false,"boss_relics":[],"items_purged_floors":[3],"is_endless":false,"potions_floor_spawned":[6,8,14],"killed_by":"Fading Forest","ascension_level":10}}