{"host":"72n3jwtrlpjobydj","time":1613646120,"event":{"mods":["AchievementEnabler","BaseMod","CapriCore","DeckTracker","Hermit","Koishi","KomeijiMod","Lobotomy","Marisa£¨Ùöéë¡¡Øª×âÞÞ£©","Minty Spire (QoL Compilation)","Permanent Neow","StSLib","SuperFastMode","The Cursed","The Hierophant","The Immortal"],"gold_per_floor":[117,117,48,223,223,223,256,276,276,276,288,322,349,377,389,401,401],"floor_reached":16,"language":"KOR","playtime":851,"items_purged":[],"score":110,"play_id":"d8425166-c03f-4711-836a-336faf677f0a","local_time":"20210218200200","is_ascension_mode":false,"campfire_choices":[{"data":"True Grit","floor":6,"key":"SMITH"},{"floor":10,"key":"REST"},{"floor":15,"key":"REST"}],"circlet_count":0,"master_deck":["Strike_R","Strike_R","Strike_R","Strike_R","Strike_R","Defend_R","Defend_R","Defend_R","Defend_R","Bash","True Grit+1","Entrench+1","Doubt","Impervious","Body Slam","Iron Wave","Sentinel","Entrench","Iron Wave"],"relics":["Burning Blood","FossilizedHelix","Boot","Happy Flower","MawBank"],"acts_visited":["Exordium"],"potions_floor_usage":[12,16],"damage_taken":[{"damage":6,"enemies":"2 Louse","floor":1,"turns":3},{"damage":32,"enemies":"Gremlin Nob","floor":7,"turns":6},{"damage":2,"enemies":"Small Slimes","floor":8,"turns":4},{"damage":12,"enemies":"Cultist","floor":11,"turns":5},{"damage":54,"enemies":"Lagavulin","floor":12,"turns":13},{"damage":13,"enemies":"2 Fungi Beasts","floor":13,"turns":3},{"damage":2,"enemies":"Exordium Thugs","floor":14,"turns":7},{"damage":55,"enemies":"The Guardian","floor":16,"turns":16}],"seed_played":"8159379237774235541","potions_obtained":[{"floor":8,"key":"Regen Potion"},{"floor":13,"key":"Block Potion"}],"is_trial":false,"path_per_floor":["M","?","$","?","?","R","E","M","T","R","M","E","M","M","R","B"],"character_chosen":"IRONCLAD","items_purchased":["Entrench"],"campfire_rested":2,"item_purchase_floors":[3],"current_hp_per_floor":[56,71,71,71,71,71,45,49,49,73,67,34,27,31,55,0,0],"gold":401,"neow_bonus":"ONE_RARE_RELIC","is_daily":false,"chose_seed":false,"campfire_upgraded":1,"win_rate":0.0,"timestamp":1613646120,"path_taken":["M","?","$","?","?","R","E","M","T","R","M","E","M","M","R","BOSS"],"items_purchased_type":["Card"],"build_version":"2020-12-22","purchased_purges":0,"victory":false,"max_hp_per_floor":[80,80,80,80,80,80,80,80,80,80,80,80,80,80,80,80,80],"card_choices":[{"not_picked":["Dual Wield","Clash"],"picked":"True Grit","floor":1},{"not_picked":["Warcry","Pommel Strike"],"picked":"Impervious","floor":7},{"not_picked":["Sentinel","Power Through"],"picked":"Body Slam","floor":8},{"not_picked":["Heavy Blade","Thunderclap"],"picked":"Iron Wave","floor":11},{"not_picked":["Pummel","Clash"],"picked":"Sentinel","floor":12},{"not_picked":["Clash","Limit Break"],"picked":"Entrench","floor":13},{"not_picked":["Havoc","True Grit"],"picked":"Iron Wave","floor":14}],"player_experience":71720,"relics_obtained":[{"floor":7,"key":"Boot"},{"floor":9,"key":"Happy Flower"},{"floor":12,"key":"MawBank"}],"event_choices":[{"damage_healed":0,"gold_gain":175,"player_choice":"AGREE","damage_taken":0,"max_hp_gain":0,"max_hp_loss":0,"event_name":"Liars Game","floor":4,"gold_loss":0,"cards_obtained":["Doubt"]},{"damage_healed":0,"gold_gain":0,"player_choice":"Upgraded","damage_taken":0,"max_hp_gain":0,"max_hp_loss":0,"event_name":"Upgrade Shrine","floor":5,"gold_loss":0,"cards_upgraded":["Entrench"]}],"is_beta":false,"boss_relics":[],"items_purged_floors":[],"is_endless":false,"potions_floor_spawned":[8,13],"killed_by":"The Guardian","ascension_level":0}}