{"host":"tq99ucv8ezzqzioe","time":1613662653,"event":{"mods":["BaseMod","Colored Map","Downfall","Highlight Path","Minty Spire (QoL Compilation)","StSLib"],"gold_per_floor":[118,128,140,21,96,96,126,144,171,171,171,171,198,212,212,212,212],"floor_reached":16,"language":"ENG","playtime":563,"items_purged":[],"score":140,"play_id":"a366797f-885b-4013-9dca-73446333f8d4","local_time":"20210218103733","is_ascension_mode":true,"campfire_choices":[{"data":"Eruption","floor":6,"key":"SMITH"},{"floor":10,"key":"REST"},{"floor":15,"key":"REST"}],"circlet_count":0,"master_deck":["Strike_P","Strike_P","Strike_P","Defend_P","Defend_P","Defend_P","Defend_P","Eruption+1","Vigilance","Worship","FlyingSleeves","ClearTheMind","FearNoEvil","SandsOfTime","Omniscience","Crescendo","FollowUp"],"relics":["sneckomod:SneckoTalon","Blood Vial","Golden Idol","MealTicket"],"acts_visited":["Exordium"],"potions_floor_usage":[7,7,14],"damage_taken":[{"damage":0,"enemies":"Small Slimes","floor":1,"turns":3},{"damage":0,"enemies":"2 Louse","floor":2,"turns":2},{"damage":9,"enemies":"Jaw Worm","floor":3,"turns":6},{"damage":20,"enemies":"Gremlin Nob","floor":7,"turns":4},{"damage":8,"enemies":"2 Fungi Beasts","floor":8,"turns":3},{"damage":21,"enemies":"3 Louse","floor":14,"turns":3},{"damage":42,"enemies":"Slime Boss","floor":16,"turns":7}],"seed_played":"8383253303204031187","potions_obtained":[{"floor":2,"key":"Swift Potion"},{"floor":3,"key":"sneckomod:MuddlingPotion"},{"floor":8,"key":"PowerPotion"}],"is_trial":false,"path_per_floor":["M","M","M","$","?","R","E","M","T","R","?","?","T","M","R","B"],"character_chosen":"WATCHER","items_purchased":["FearNoEvil","SandsOfTime"],"campfire_rested":2,"item_purchase_floors":[4,4],"current_hp_per_floor":[65,65,56,56,45,45,25,19,19,40,40,33,33,14,34,0,0],"gold":212,"neow_bonus":"BOSS_RELIC","is_daily":false,"chose_seed":false,"campfire_upgraded":1,"win_rate":0.0,"timestamp":1613662653,"path_taken":["M","M","M","$","?","R","E","M","T","R","?","?","?","M","R","BOSS"],"items_purchased_type":["Card","Card"],"build_version":"2020-12-22","purchased_purges":0,"victory":false,"max_hp_per_floor":[72,72,72,72,72,72,72,72,72,72,67,67,67,67,67,67,67],"card_choices":[{"not_picked":["EmptyFist","FollowUp"],"picked":"Worship","floor":1},{"not_picked":["Meditate","Crescendo"],"picked":"FlyingSleeves","floor":2},{"not_picked":["PathToVictory","SashWhip"],"picked":"ClearTheMind","floor":3},{"not_picked":["DevaForm","BowlingBash"],"picked":"Omniscience","floor":7},{"not_picked":["Halt","Wireheading"],"picked":"Crescendo","floor":8},{"not_picked":["SashWhip","Vengeance"],"picked":"FollowUp","floor":14}],"player_experience":1012668,"relics_obtained":[{"floor":7,"key":"Blood Vial"},{"floor":13,"key":"MealTicket"}],"event_choices":[{"damage_healed":0,"gold_gain":75,"player_choice":"Gather Gold","damage_taken":11,"max_hp_gain":0,"max_hp_loss":0,"event_name":"World of Goop","floor":5,"gold_loss":0},{"damage_healed":0,"gold_gain":0,"player_choice":"Lose Max HP","damage_taken":0,"relics_obtained":["Golden Idol"],"max_hp_gain":0,"max_hp_loss":5,"event_name":"Golden Idol","floor":11,"gold_loss":0},{"cards_removed":["Strike_P"],"damage_healed":0,"gold_gain":0,"player_choice":"Card Removal","damage_taken":7,"max_hp_gain":0,"max_hp_loss":0,"event_name":"Golden Wing","floor":12,"gold_loss":0}],"is_beta":false,"boss_relics":[],"items_purged_floors":[],"is_endless":false,"potions_floor_spawned":[2,3,8],"killed_by":"Slime Boss","ascension_level":8}}