{"host":"jfbo3eu2ui08ej1u","time":1613623387,"event":{"mods":["2.2 Compatiblity","AchievementEnabler","Act Like it!","Aspiration","BaseMod","Better Altar","Better Match","Better Note","Better Sensory Stone","Better Skull","Better Third Choice","Block Reminder","Colored Map","Colored Powertips","Conspire","DeckTracker","Displayed Cursed Tome","Energized Spire","Fox Events","GifTheSpireLib","Hermit","Hubris","Infinite Spire","Marked Mod","Minty Spire (QoL Compilation)","Monster B Gone","Pale of the Ancients","Poor People Problems","Quick Restart","Relic Filter","Reliquary","Reorder Act Four","Replay The Spire","Shop Mod","Spicy Shops","Spire Arcade","StSLib","Stuff the Spire","The Blue Laboratory","The Disciple","The Forsaken","The Hierophant","The Marked","Uncapped","Unceasing Turn Reminder","Wandering Minibosses"],"gold_per_floor":[117,137,137,153,1,30,30,30,81,109,128,157,173,200,200,272,272,289,289,289,289,309,327,344,344,378,378,404,6,24,54,154,154,154],"floor_reached":33,"language":"ENG","playtime":1094,"items_purged":["Hallucinations"],"score":710,"play_id":"8a787f15-0113-42db-8079-2ccec8ac5d7c","local_time":"20210217234307","is_ascension_mode":true,"campfire_choices":[{"floor":8.0,"key":"REST"},{"floor":15.0,"key":"REST"},{"floor":25.0,"key":"REST"},{"floor":27.0,"key":"REST"}],"circlet_count":0,"master_deck":["AscendersBane","Strike_P","Strike_P","Strike_P","Strike_P","Defend_P","Defend_P","Defend_P","Defend_P","Eruption","Vigilance","ThirdEye+1","BowlingBash","Adaptation","CarveReality+1","BattleHymn","SashWhip","FollowUp","WaveOfTheHand+1","JustLucky","InnerPeace","SpiritShield","TalkToTheHand","Collect","CutThroughFate","BattleHymn","EmptyBody","Study+1","FearNoEvil"],"relics":["PureWater","hubris:Towel","Bag of Preparation","ReplayTheSpireMod:TigerMarble","reliquary:PrincelyHelmet","infinitespire:Lucky Rock","Vajra","energizedSpire:BlackCloud","Ring of Searing","Ring of Fury","Regal Pillow","War Paint","Medical Kit","infinitespire:EmpoweringShard","Shovel","ReplayTheSpireMod:Ninjato"],"acts_visited":["Exordium","TheCity"],"potions_floor_usage":[],"damage_taken":[{"damage":4.0,"enemies":"Cultist","floor":1.0,"turns":4.0},{"damage":2.0,"enemies":"Jaw Worm","floor":2.0,"turns":3.0},{"damage":8.0,"enemies":"Small Slimes","floor":4.0,"turns":4.0},{"damage":25.0,"enemies":"3 Sentries","floor":6.0,"turns":7.0},{"damage":1.0,"enemies":"Gremlin Nob","floor":10.0,"turns":3.0},{"damage":0.0,"enemies":"Blue Slaver","floor":11.0,"turns":1.0},{"damage":5.0,"enemies":"Lagavulin","floor":12.0,"turns":5.0},{"damage":9.0,"enemies":"Large Slime","floor":13.0,"turns":4.0},{"damage":0.0,"enemies":"Slime Boss","floor":16.0,"turns":5.0},{"damage":2.0,"enemies":"Shell Parasite","floor":18.0,"turns":4.0},{"damage":14.0,"enemies":"2 Thieves","floor":22.0,"turns":3.0},{"damage":14.0,"enemies":"Snake Plant","floor":23.0,"turns":4.0},{"damage":13.0,"enemies":"Snecko","floor":24.0,"turns":4.0},{"damage":46.0,"enemies":"Book of Stabbing","floor":26.0,"turns":6.0},{"damage":0.0,"enemies":"Centurion and Healer","floor":30.0,"turns":3.0},{"damage":19.0,"enemies":"conspire:Head Lice","floor":31.0,"turns":5.0},{"damage":11.0,"enemies":"Colosseum Slavers","floor":32.0,"turns":2.0},{"damage":0.0,"enemies":"Colosseum Nobs","floor":32.0,"turns":3.0},{"damage":47,"enemies":"conspire:MimicChest","floor":33,"turns":4}],"seed_played":"-2302508944874722556","potions_obtained":[{"floor":2.0,"key":"blueLaboratory:BottleOfVodka"},{"floor":6.0,"key":"Fire Potion"},{"floor":12.0,"key":"blueLaboratory:AbyssPotion"},{"floor":13.0,"key":"BlessingOfTheForge"},{"floor":23.0,"key":"Adrenaline Potion"},{"floor":26.0,"key":"blueLaboratory:ArtificerPotion"},{"floor":30.0,"key":"Fire Potion"},{"floor":31.0,"key":"FearPotion"},{"floor":32.0,"key":"blueLaboratory:EpiphanyPotion"}],"is_trial":false,"path_per_floor":["M","M","?","M","$","E","$","R","T","E","M","E","M","T","R","B",null,"M","?","PTL","PTL","M","M","M","R","E","R","T","$","M","E","?","?"],"character_chosen":"WATCHER","items_purchased":["CarveReality+1","BattleHymn","BattleHymn","DistilledChaos","Medical Kit"],"campfire_rested":4,"item_purchase_floors":[5,5,29,29,29],"current_hp_per_floor":[63,61,61,53,53,28,28,50,50,49,49,44,35,35,57,57,70,68,68,68,68,54,40,27,49,3,40,40,40,40,21,10,0,0],"gold":154,"neow_bonus":"TEN_PERCENT_HP_BONUS","is_daily":false,"chose_seed":false,"campfire_upgraded":0,"win_rate":0.0,"timestamp":1613623387,"path_taken":["M","M","?","M","?","E","?","R","T","E","M","E","M","?","R","BOSS","M","?","PTL","PTL","M","M","M","R","E","R","T","$","M","E","?","?"],"items_purchased_type":["Card","Card","Card","Potion","Relic"],"build_version":"2020-12-22","purchased_purges":1,"victory":false,"max_hp_per_floor":[74,74,74,74,74,74,74,74,74,74,74,74,74,74,74,74,74,74,74,74,74,74,74,74,74,74,74,74,74,74,74,74,74,74],"card_choices":[{"not_picked":["Halt","ClearTheMind"],"picked":"ThirdEye","floor":1.0},{"not_picked":["Crescendo","MarkedMod:FirstStrike"],"picked":"BowlingBash","floor":2.0},{"not_picked":["FlurryOfBlows","EmptyBody"],"picked":"Adaptation","floor":4.0},{"not_picked":["Halt","Sanctity"],"picked":"SashWhip","floor":6.0},{"not_picked":["EmptyBody","Crescendo"],"picked":"FollowUp","floor":10.0},{"not_picked":["MarkedMod:FirstStrike","PathToVictory"],"picked":"WaveOfTheHand","floor":11.0},{"not_picked":["Sanctity","ReachHeaven"],"picked":"JustLucky","floor":12.0},{"not_picked":["Crescendo","Wish"],"picked":"InnerPeace","floor":13.0},{"not_picked":["Ragnarok","DeusExMachina"],"picked":"SpiritShield","floor":16.0},{"not_picked":["ThirdEye","Prostrate"],"picked":"TalkToTheHand","floor":18.0},{"not_picked":["Replay:BluntJabs","EmptyBody+1"],"picked":"Collect","floor":22.0},{"not_picked":["WreathOfFlame+1","SashWhip","Prostrate"],"picked":"SKIP","floor":23.0},{"not_picked":["SashWhip","Collect","Alpha"],"picked":"SKIP","floor":24.0},{"not_picked":["Prostrate","Crescendo"],"picked":"CutThroughFate","floor":26.0},{"not_picked":["MarkedMod:Acupuncture","Replay:DivineShield"],"picked":"EmptyBody","floor":30.0},{"not_picked":["Pray","CrushJoints"],"picked":"Study+1","floor":31.0},{"not_picked":["FlyingSleeves","ThirdEye"],"picked":"FearNoEvil","floor":32.0}],"player_experience":1340553,"relics_obtained":[{"floor":6.0,"key":"Bag of Preparation"},{"floor":9.0,"key":"ReplayTheSpireMod:TigerMarble"},{"floor":10.0,"key":"reliquary:PrincelyHelmet"},{"floor":12.0,"key":"infinitespire:Lucky Rock"},{"floor":14.0,"key":"Vajra"},{"floor":19.0,"key":"Ring of Searing"},{"floor":19.0,"key":"Ring of Fury"},{"floor":26.0,"key":"Regal Pillow"},{"floor":28.0,"key":"War Paint"},{"floor":31.0,"key":"infinitespire:EmpoweringShard"},{"floor":32.0,"key":"Shovel"},{"floor":32.0,"key":"ReplayTheSpireMod:Ninjato"}],"event_choices":[{"damage_healed":0.0,"max_hp_gain":0.0,"max_hp_loss":0.0,"gold_gain":0.0,"event_name":"Colosseum","player_choice":"Fight","floor":32.0,"gold_loss":0.0,"damage_taken":0.0},{"damage_healed":0.0,"max_hp_gain":0.0,"max_hp_loss":0.0,"gold_gain":0.0,"event_name":"Colosseum","player_choice":"Fought Nobs","floor":32.0,"gold_loss":0.0,"damage_taken":0.0}],"is_beta":false,"boss_relics":[{"not_picked":["Pandora\u0027s Box","Runic Pyramid"],"picked":"energizedSpire:BlackCloud"}],"items_purged_floors":[29],"is_endless":false,"potions_floor_spawned":[2,6,12,13,23,26,30,31,32],"killed_by":"conspire:MimicChest","ascension_level":20}}