{"host":"amnup8uv961nil3y","time":1613658812,"event":{"mods":["Act Like it!","Aspiration","BaseMod","Bestiary","Better Altar","Better Match","Better Sensory Stone","Better Synergies","Better Third Choice","Block Reminder","Challenge The Spire","Colored Map","Colored Powertips","Colorless Booster Pack","Conspire","DeckTracker","Disable Question Mark Monsters","Elementarium","Energized Spire","Evolution","Extra Virgin Snecko Oil","GifTheSpireLib","Halation","Hermit","HexUI Lib","Highlight Path","Hubris","Infinite Spire","Lotus Mark","Menagerie","Minty Spire (QoL Compilation)","Pale of the Ancients","Potion Indicator Mod","Quarter Circle Forward PUNCH!","Random Character Button","Relic Stats","Reliquary","Replay The Spire","Reworked Bosses","Ruina","Shapeshifter Mod","Shop Mod","Small Relic Pack","Spicy Shops","Spikes Relics","StSLib","Stuff the Spire","Swap Starting Deck Mod","The Jungle","TheVacant","Trackpad","Useless Jewels Mod","Wandering Minibosses"],"gold_per_floor":[112,112,72,82,82,110,110,129,154,154,154,183,183,211,211,308,308,326,287,287,287,297,328,328,353,376,391,491,193,193,3,3,102,102,120,120,120,188,115,159,181,231,254,254,289,289,289,289,289,298,298,298,54,87,95],"floor_reached":56,"language":"ENG","playtime":6743,"items_purged":[],"score":1617,"play_id":"e783e6fd-df8a-43da-9303-4f183bc7854e","local_time":"20210218143332","is_ascension_mode":true,"campfire_choices":[{"data":"StSShapeShifter:BarkSkin","floor":7.0,"key":"SMITH"},{"data":"StSShapeShifter:MultiSpiritedStrike","floor":11.0,"key":"SMITH"},{"data":"StSShapeShifter:FullMoon","floor":13.0,"key":"SMITH"},{"data":"StSShapeShifter:Garden","floor":15.0,"key":"SMITH"},{"floor":24.0,"key":"RECALL"},{"data":"StSShapeShifter:GoldenBerries","floor":44.0,"key":"SMITH"},{"data":"StuffTheSpire:BrainWave","floor":49.0,"key":"SMITH"},{"data":"infinitespire:Collect","floor":52,"key":"SMITH"}],"circlet_count":0,"master_deck":["StSShapeShifter:ShapeShifter_Defend","StSShapeShifter:ShapeShifter_Defend","StSShapeShifter:ShapeShifter_Defend","StSShapeShifter:ShapeShifter_Defend","StSShapeShifter:ShapeShifter_Defend","StSShapeShifter:Tortoise_Form+1","StSShapeShifter:Lynx_Form","StSShapeShifter:CosmicShifter+1","StSShapeShifter:MultiSpiritedStrike+1","StSShapeShifter:ShiftingStrike","StSShapeShifter:FullMoon+1","StSShapeShifter:Garden+1","StSShapeShifter:BurstingSpore","StSShapeShifter:SquirrelForm","StSShapeShifter:GoldenBerries+1","StSShapeShifter:PantherForm","StSShapeShifter:WaspSwarmForm+1","StSShapeShifter:RatForm","StSShapeShifter:SpiritOfTheEarth+1","StSShapeShifter:MooseForm","Flash of Steel","StuffTheSpire:Rapture","StSShapeShifter:LionForm+1","StSShapeShifter:EmbraceTheCycle+1","StSShapeShifter:BarkSkin+1","StSShapeShifter:FoxForm","StSShapeShifter:WolfsBane","StSShapeShifter:EagleForm","infinitespire:Collect+1","StuffTheSpire:BrainWave+1","hubris:DuctTapeCard","Discovery","StSShapeShifter:FlowerShield+1"],"relics":["StSShapeShifter:AnimalHeart","StSShapeShifter:TheShapeShiftersMagnolia","EVO:Axolotl","trackpad:PetRock","StrikeDummy","hubris:ToyBattleship","trackpad:StolenKidneys","conspire:DecoderRing","trackpad:WindUpAutoDealer","hubris:DuctTape","ReplayTheSpireMod:Lightbulb","hubris:RunicObelisk","halation:EternalFortune","wanderingMiniBosses:ThiefScarf","Iron Hammer","StuffTheSpire:ForceGauntlet","Blue Doll","reliquary:SharkskinSheath","Sundial","Blood Vial","StuffTheSpire:Tea","Regal Pillow","conspire:RoyalGoblet","reliquary:PartyBalloon","Ice Cream"],"acts_visited":["Exordium","TheCity","TheBeyond","TheEnding"],"potions_floor_usage":[54],"damage_taken":[{"damage":5.0,"enemies":"Small Slimes","floor":1.0,"turns":3.0},{"damage":5.0,"enemies":"Jaw Worm","floor":4.0,"turns":5.0},{"damage":46.0,"enemies":"Gremlin Nob","floor":6.0,"turns":5.0},{"damage":0.0,"enemies":"Cultist","floor":8.0,"turns":4.0},{"damage":8.0,"enemies":"Lagavulin","floor":12.0,"turns":7.0},{"damage":0.0,"enemies":"Replay:BlueRogue","floor":14.0,"turns":4.0},{"damage":4.0,"enemies":"Fading Forest","floor":16.0,"turns":11.0},{"damage":5.0,"enemies":"Shell Parasite","floor":18.0,"turns":4.0},{"damage":0.0,"enemies":"conspire:FuzzyDice","floor":19.0,"turns":5.0},{"damage":5.0,"enemies":"Centurion and Healer","floor":22.0,"turns":6.0},{"damage":8.0,"enemies":"conspire:SneckoGhost","floor":23.0,"turns":6.0},{"damage":3.0,"enemies":"Replay:Snechameleon","floor":25.0,"turns":5.0},{"damage":1.0,"enemies":"Shelled Parasite and Fungi","floor":27.0,"turns":5.0},{"damage":3.0,"enemies":"Colosseum Slavers","floor":28.0,"turns":4.0},{"damage":17.0,"enemies":"Colosseum Nobs","floor":28.0,"turns":6.0},{"damage":0.0,"enemies":"conspire:MysteriousRune","floor":33.0,"turns":6.0},{"damage":22.0,"enemies":"3 Darklings","floor":35.0,"turns":5.0},{"damage":0.0,"enemies":"Orb Walker","floor":38.0,"turns":6.0},{"damage":0.0,"enemies":"Giant Head","floor":40.0,"turns":6.0},{"damage":10.0,"enemies":"Spire Growth","floor":41.0,"turns":5.0},{"damage":36.0,"enemies":"Nemesis","floor":42.0,"turns":8.0},{"damage":0.0,"enemies":"R_Hoarder","floor":45.0,"turns":5.0},{"damage":0.0,"enemies":"bossMod:newAwakened","floor":50.0,"turns":7.0},{"damage":25,"enemies":"Shield and Spear","floor":54,"turns":5},{"damage":8,"enemies":"The Heart","floor":55,"turns":7}],"seed_played":"2893732754921141468","potions_obtained":[{"floor":3.0,"key":"conspire:TimeTravelPotion"},{"floor":3.0,"key":"FairyPotion"},{"floor":3.0,"key":"SpeedPotion"},{"floor":4.0,"key":"Block Potion"},{"floor":12.0,"key":"Strength Potion"},{"floor":18.0,"key":"EssenceOfSteel"},{"floor":23.0,"key":"PowerPotion"},{"floor":32.0,"key":"Languid Potion"},{"floor":32.0,"key":"ColorlessPotion"},{"floor":33.0,"key":"SteroidPotion"},{"floor":35.0,"key":"Weak Potion"},{"floor":41.0,"key":"Explosive Potion"},{"floor":42.0,"key":"SkillPotion"},{"floor":45.0,"key":"Milkshake"},{"floor":48.0,"key":"ColorlessPotion"}],"is_trial":false,"path_per_floor":["M","?","?","M","?","E","R","M","T","?","R","E","R","E","R","B",null,"M","M","?","?","M","E","R","E","T","M","?","$","?","$","R_BF","B",null,"M","?","?","M","$","E","M","E","T","R","E","AVR","?","?","R","B",null,"R","$","E","B",null],"character_chosen":"SHAPESHIFTER","items_purchased":["StSShapeShifter:SpiritOfTheEarth+1","StSShapeShifter:MooseForm","Flash of Steel","ReplayTheSpireMod:Lightbulb","StSShapeShifter:FoxForm","reliquary:PartyBalloon","Discovery"],"campfire_rested":0,"item_purchase_floors":[29,29,29,31,39,53,53],"current_hp_per_floor":[73,66,66,61,61,40,40,40,40,40,40,32,32,32,32,38,78,73,73,73,73,68,60,60,63,63,68,59,59,44,44,44,50,78,73,76,76,81,81,84,77,51,51,51,57,57,57,57,57,69,79,79,79,63,69],"gold":95,"neow_bonus":"UPGRADE_CARD","is_daily":false,"chose_seed":false,"campfire_upgraded":7,"win_rate":0.0,"timestamp":1613658812,"path_taken":["M","?","?","?","?","E","R","M","T","?","R","E","R","E","R","BOSS","M","M","?","?","M","E","R","E","T","M","?","$","?","?","R_BF","BOSS","M","?","?","?","$","E","M","E","T","R","E","AVR","?","?","R","BOSS","R","$","E","BOSS"],"items_purchased_type":["Card","Card","Card","Relic","Card","Relic","Card"],"build_version":"2020-12-22","purchased_purges":0,"victory":true,"max_hp_per_floor":[78,78,78,78,78,78,78,78,78,78,78,78,78,78,78,78,78,78,78,78,78,78,78,78,78,78,78,78,78,78,78,78,78,78,78,81,81,81,81,84,87,87,87,87,87,87,79,79,79,79,79,79,79,79,79],"relic_stats":{"Blood Vial":6,"Regal Pillow":0,"counters":[25,137],"Sundial":[2],"obtain_stats":[{"Ice Cream":54,"Regal Pillow":46,"conspire:RoyalGoblet":46,"reliquary:PartyBalloon":53,"trackpad:PetRock":9,"Blue Doll":40,"StuffTheSpire:BottledEssence":50,"EVO:Axolotl":0,"hubris:RunicObelisk":34,"Ancient Tea Set":55,"Blood Vial":43,"Sundial":42,"conspire:DecoderRing":23,"Toolbox":54,"trackpad:StolenKidneys":17,"Iron Hammer":6,"infinitespire:Eraser":50,"reliquary:SharkskinSheath":41,"aspiration:FaultyCoupler":45,"StuffTheSpire:Tea":45,"StSShapeShifter:TheShapeShiftersMagnolia":0,"StSShapeShifter:AnimalHeart":0,"hubris:DuctTape":28,"wanderingMiniBosses:ThiefScarf":38,"StuffTheSpire:ForceGauntlet":25,"qcfpunch:Black_Training_Shirt":41,"StuffTheSpire:Expresso":42,"hubris:HollowSoul":54,"infinitespire:CheckeredPen":45,"Letter Opener":55,"StSShapeShifter:EmeraldPantherFigurine":40,"MawBank":42,"halation:EternalFortune":36,"hubris:ToyBattleship":14,"SpikesRelics:DaevaFist":40,"StrikeDummy":12,"trackpad:WindUpAutoDealer":28,"ReplayTheSpireMod:Lightbulb":31,"halation:Trompette":41},{"Ice Cream":24,"Regal Pillow":22,"conspire:RoyalGoblet":22,"reliquary:PartyBalloon":23,"trackpad:PetRock":4,"Blue Doll":19,"StuffTheSpire:BottledEssence":22,"EVO:Axolotl":0,"hubris:RunicObelisk":16,"Ancient Tea Set":24,"Blood Vial":21,"Sundial":21,"conspire:DecoderRing":11,"Toolbox":23,"trackpad:StolenKidneys":7,"Iron Hammer":3,"infinitespire:Eraser":22,"reliquary:SharkskinSheath":20,"aspiration:FaultyCoupler":21,"StuffTheSpire:Tea":22,"StSShapeShifter:TheShapeShiftersMagnolia":0,"StSShapeShifter:AnimalHeart":0,"hubris:DuctTape":15,"wanderingMiniBosses:ThiefScarf":18,"StuffTheSpire:ForceGauntlet":12,"qcfpunch:Black_Training_Shirt":19,"StuffTheSpire:Expresso":20,"hubris:HollowSoul":23,"infinitespire:CheckeredPen":21,"Letter Opener":24,"StSShapeShifter:EmeraldPantherFigurine":18,"MawBank":20,"halation:EternalFortune":17,"hubris:ToyBattleship":6,"SpikesRelics:DaevaFist":18,"StrikeDummy":5,"trackpad:WindUpAutoDealer":15,"ReplayTheSpireMod:Lightbulb":15,"halation:Trompette":19},{"Ice Cream":130,"Regal Pillow":118,"conspire:RoyalGoblet":118,"reliquary:PartyBalloon":125,"trackpad:PetRock":17,"Blue Doll":100,"StuffTheSpire:BottledEssence":118,"EVO:Axolotl":0,"hubris:RunicObelisk":85,"Ancient Tea Set":130,"Blood Vial":113,"Sundial":113,"conspire:DecoderRing":60,"Toolbox":125,"trackpad:StolenKidneys":39,"Iron Hammer":13,"infinitespire:Eraser":118,"reliquary:SharkskinSheath":103,"aspiration:FaultyCoupler":113,"StuffTheSpire:Tea":118,"StSShapeShifter:TheShapeShiftersMagnolia":0,"StSShapeShifter:AnimalHeart":0,"hubris:DuctTape":79,"wanderingMiniBosses:ThiefScarf":94,"StuffTheSpire:ForceGauntlet":65,"qcfpunch:Black_Training_Shirt":100,"StuffTheSpire:Expresso":105,"hubris:HollowSoul":125,"infinitespire:CheckeredPen":113,"Letter Opener":130,"StSShapeShifter:EmeraldPantherFigurine":94,"MawBank":105,"halation:EternalFortune":89,"hubris:ToyBattleship":28,"SpikesRelics:DaevaFist":94,"StrikeDummy":24,"trackpad:WindUpAutoDealer":79,"ReplayTheSpireMod:Lightbulb":79,"halation:Trompette":100}]},"card_choices":[{"not_picked":["StSShapeShifter:CursedApple","StSShapeShifter:VineHandcuffs"],"picked":"StSShapeShifter:CosmicShifter","floor":1.0},{"not_picked":["StSShapeShifter:BloomingSlash","StSShapeShifter:BladeOfGrass"],"picked":"StSShapeShifter:MultiSpiritedStrike","floor":4.0},{"not_picked":["StSShapeShifter:FesteringBite","StSShapeShifter:VineHandcuffs"],"picked":"StSShapeShifter:BarkSkin","floor":6.0},{"not_picked":["StSShapeShifter:OakBlade","StSShapeShifter:FruitBasket"],"picked":"StSShapeShifter:ShiftingStrike","floor":8.0},{"not_picked":["StSShapeShifter:MultiSpiritedStrike","StSShapeShifter:DeerForm"],"picked":"StSShapeShifter:FullMoon","floor":12.0},{"not_picked":["StSShapeShifter:DeepWound","StSShapeShifter:DeerForm"],"picked":"StSShapeShifter:Garden","floor":14.0},{"not_picked":["StSShapeShifter:Autumn","StSShapeShifter:Spring"],"picked":"StSShapeShifter:MysticalSeed","floor":16.0},{"not_picked":["StSShapeShifter:BladeOfGrass+1","StSShapeShifter:Ensconce"],"picked":"StSShapeShifter:BurstingSpore","floor":18.0},{"not_picked":["StSShapeShifter:Wildfire2","StSShapeShifter:AdaptiveStrikes","StSShapeShifter:FlowerShield"],"picked":"SKIP","floor":19.0},{"not_picked":["StSShapeShifter:OakBlade+1","StSShapeShifter:ShiftingStrike+1"],"picked":"StSShapeShifter:SquirrelForm","floor":22.0},{"not_picked":["StSShapeShifter:ShiftingStrike","StSShapeShifter:FlowerShield"],"picked":"StSShapeShifter:GoldenBerries","floor":23.0},{"not_picked":["StSShapeShifter:SunflowerShuriken","StSShapeShifter:PoisonIvy"],"picked":"StSShapeShifter:PantherForm","floor":25.0},{"not_picked":["StSShapeShifter:RatForm","StSShapeShifter:OakBlade"],"picked":"StSShapeShifter:WaspSwarmForm+1","floor":27.0},{"not_picked":["StSShapeShifter:FallingLeaves+1","StSShapeShifter:OakBlade+1"],"picked":"StSShapeShifter:RatForm","floor":28.0},{"not_picked":["StSShapeShifter:Earthquake","StSShapeShifter:Summer"],"picked":"StSShapeShifter:LionForm","floor":33.0},{"not_picked":["StSShapeShifter:LeapingSlash","StSShapeShifter:BarkSkin"],"picked":"StSShapeShifter:EmbraceTheCycle+1","floor":35.0},{"not_picked":["StSShapeShifter:WiltingWrath+1","StSShapeShifter:VineHandcuffs"],"picked":"StSShapeShifter:BarkSkin+1","floor":38.0},{"not_picked":["StSShapeShifter:SunflowerShuriken","StSShapeShifter:AdaptiveStrikes"],"picked":"StSShapeShifter:WolfsBane","floor":40.0},{"not_picked":["StSShapeShifter:VineHandcuffs","StSShapeShifter:SquirrelForm","StSShapeShifter:FallingLeaves"],"picked":"SKIP","floor":41.0},{"not_picked":["StSShapeShifter:RitualOfTheElders","StSShapeShifter:BloomingSlash+1"],"picked":"StSShapeShifter:EagleForm","floor":42.0},{"not_picked":["StSShapeShifter:FesteringBite+1","StSShapeShifter:Synchronicity","StSShapeShifter:AdaptiveStrikes+1"],"picked":"SKIP","floor":45.0},{"not_picked":["StSShapeShifter:FesteringBite+1","StSShapeShifter:Synchronicity","StSShapeShifter:AdaptiveStrikes+1"],"picked":"SKIP","floor":45.0},{"not_picked":["StSShapeShifter:BloomingSlash","StSShapeShifter:Roar"],"picked":"StSShapeShifter:FlowerShield+1","floor":54}],"player_experience":417658,"relics_obtained":[{"floor":6.0,"key":"Iron Hammer"},{"floor":9.0,"key":"trackpad:PetRock"},{"floor":12.0,"key":"StrikeDummy"},{"floor":14.0,"key":"hubris:ToyBattleship"},{"floor":23.0,"key":"conspire:DecoderRing"},{"floor":25.0,"key":"StuffTheSpire:ForceGauntlet"},{"floor":28.0,"key":"trackpad:WindUpAutoDealer"},{"floor":28.0,"key":"hubris:DuctTape"},{"floor":38.0,"key":"wanderingMiniBosses:ThiefScarf"},{"floor":38.0,"key":"Iron Hammer"},{"floor":38.0,"key":"StuffTheSpire:ForceGauntlet"},{"floor":40.0,"key":"halation:EternalFortune"},{"floor":40.0,"key":"Blue Doll"},{"floor":41.0,"key":"reliquary:SharkskinSheath"},{"floor":41.0,"key":"halation:EternalFortune"},{"floor":42.0,"key":"Sundial"},{"floor":43.0,"key":"Blood Vial"},{"floor":45.0,"key":"StuffTheSpire:Tea"},{"floor":54,"key":"Ice Cream"}],"event_choices":[{"cards_removed":["StSShapeShifter:ShapeShifter_Strike"],"damage_healed":0.0,"max_hp_gain":0.0,"max_hp_loss":0.0,"gold_gain":0.0,"event_name":"Golden Wing","player_choice":"Card Removal","floor":2.0,"gold_loss":0.0,"damage_taken":7.0},{"damage_healed":0.0,"max_hp_gain":0.0,"max_hp_loss":0.0,"gold_gain":0.0,"event_name":"The Woman in Blue","player_choice":"Bought 3 Potions","floor":3.0,"gold_loss":0.0,"damage_taken":0.0},{"damage_healed":0.0,"max_hp_gain":0.0,"max_hp_loss":0.0,"gold_gain":0.0,"event_name":"Vampires","player_choice":"Ignored","floor":21.0,"gold_loss":0.0,"damage_taken":0.0},{"damage_healed":0.0,"max_hp_gain":0.0,"max_hp_loss":0.0,"gold_gain":0.0,"event_name":"Colosseum","player_choice":"Fight","floor":28.0,"gold_loss":0.0,"damage_taken":0.0},{"damage_healed":0.0,"max_hp_gain":0.0,"max_hp_loss":0.0,"gold_gain":0.0,"event_name":"Colosseum","player_choice":"Fought Nobs","floor":28.0,"gold_loss":0.0,"damage_taken":0.0},{"damage_healed":0.0,"max_hp_gain":0.0,"max_hp_loss":0.0,"gold_gain":0.0,"event_name":"Upgrade Shrine","player_choice":"Upgraded","floor":37.0,"gold_loss":0.0,"damage_taken":0.0,"cards_upgraded":["StSShapeShifter:LionForm"]},{"damage_healed":0.0,"max_hp_gain":0.0,"max_hp_loss":0.0,"gold_gain":0.0,"event_name":"Lab","player_choice":"Got Potions","floor":48.0,"gold_loss":0.0,"damage_taken":0.0}],"is_beta":false,"boss_relics":[{"not_picked":["Snecko Eye","hubris:TerracottaHorce"],"picked":"trackpad:StolenKidneys"},{"not_picked":["relicPack:ShieldShield","Kintsugi"],"picked":"hubris:RunicObelisk"}],"items_purged_floors":[],"is_endless":false,"potions_floor_spawned":[4,12,14,18,23,28,33,35,41,42,45],"ascension_level":1}}