{"host":"0pyv9je0pz1gg9m7","time":1613671169,"event":{"mods":["AchievementEnabler","BaseMod","Colored Map","DeckTracker","Minty Spire (QoL Compilation)","Permanent Neow","StSLib","SuperFastMode","everything is the same but u backflip on backflip"],"gold_per_floor":[19,19,37,57,71,98,98,126,204,217,279,279,294,309,309,384,384,397,245,245,36,54,85,96,96,96,96,196,196,7,32,32,111,111,124,124,124,139,154,154,174,174,228,242,273,287,322,322,322],"floor_reached":48,"language":"KOR","playtime":2260,"items_purged":["Strike_G","Strike_G"],"score":1084,"play_id":"8c682b74-beda-4de1-bb27-892fb8833b3d","local_time":"20210219025929","is_ascension_mode":true,"campfire_choices":[{"data":"1","floor":7.0,"key":"LIFT"},{"floor":12.0,"key":"REST"},{"data":"2","floor":15.0,"key":"LIFT"},{"floor":25.0,"key":"REST"},{"data":"Apotheosis","floor":27.0,"key":"SMITH"},{"floor":32.0,"key":"REST"},{"floor":40.0,"key":"REST"},{"data":"Calculated Gamble","floor":42.0,"key":"SMITH"}],"circlet_count":0,"master_deck":["AscendersBane","Defend_G","Defend_G","Defend_G","Survivor","Neutralize","Deadly Poison","Masterful Stab","Bane","Quick Slash","Flechettes","Acrobatics","Calculated Gamble+1","Wraith Form v2","PiercingWail","Poisoned Stab","Night Terror","Deadly Poison+1","Unload+1","Phantasmal Killer+1","Noxious Fumes","Apotheosis+1","Backflip","Backflip","Burst","Crippling Poison","Footwork","Wraith Form v2","Footwork","Noxious Fumes","Prepared+1","Tactician"],"relics":["Ring of the Snake","Dream Catcher","Girya","Akabeko","Ornamental Fan","Toy Ornithopter","Astrolabe","Tiny Chest","Sundial","Mango","Ninja Scroll","Art of War","Sozu","Shuriken","HornCleat","Frozen Egg 2"],"acts_visited":["Exordium","TheCity","TheBeyond"],"potions_floor_usage":[48],"damage_taken":[{"damage":11.0,"enemies":"Jaw Worm","floor":1.0,"turns":9.0},{"damage":0.0,"enemies":"Cultist","floor":3.0,"turns":4.0},{"damage":4.0,"enemies":"2 Louse","floor":4.0,"turns":3.0},{"damage":0.0,"enemies":"Looter","floor":5.0,"turns":3.0},{"damage":3.0,"enemies":"Gremlin Nob","floor":6.0,"turns":3.0},{"damage":18.0,"enemies":"Lagavulin","floor":8.0,"turns":6.0},{"damage":0.0,"enemies":"Large Slime","floor":10.0,"turns":3.0},{"damage":17.0,"enemies":"Lagavulin Event","floor":11.0,"turns":4.0},{"damage":6.0,"enemies":"Exordium Thugs","floor":13.0,"turns":5.0},{"damage":0.0,"enemies":"Looter","floor":14.0,"turns":1.0},{"damage":15.0,"enemies":"Hexaghost","floor":16.0,"turns":7.0},{"damage":16.0,"enemies":"3 Byrds","floor":18.0,"turns":6.0},{"damage":1.0,"enemies":"Chosen","floor":22.0,"turns":3.0},{"damage":21.0,"enemies":"Book of Stabbing","floor":23.0,"turns":7.0},{"damage":2.0,"enemies":"Snecko","floor":24.0,"turns":3.0},{"damage":9.0,"enemies":"Colosseum Slavers","floor":28.0,"turns":3.0},{"damage":10.0,"enemies":"Colosseum Nobs","floor":28.0,"turns":6.0},{"damage":24.0,"enemies":"Slavers","floor":31.0,"turns":7.0},{"damage":31.0,"enemies":"Automaton","floor":33.0,"turns":10.0},{"damage":1.0,"enemies":"Orb Walker","floor":35.0,"turns":3.0},{"damage":15.0,"enemies":"3 Shapes","floor":38.0,"turns":4.0},{"damage":19.0,"enemies":"Spire Growth","floor":39.0,"turns":5.0},{"damage":3.0,"enemies":"Sphere and 2 Shapes","floor":41.0,"turns":6.0},{"damage":17.0,"enemies":"3 Darklings","floor":44.0,"turns":6.0},{"damage":15.0,"enemies":"Nemesis","floor":45.0,"turns":8.0},{"damage":6.0,"enemies":"Maw","floor":46.0,"turns":7.0},{"damage":3.0,"enemies":"Giant Head","floor":47.0,"turns":8.0},{"damage":15,"enemies":"Writhing Mass","floor":48,"turns":2}],"seed_played":"8297250266168426266","potions_obtained":[{"floor":1.0,"key":"DuplicationPotion"},{"floor":3.0,"key":"EssenceOfSteel"},{"floor":5.0,"key":"SteroidPotion"},{"floor":8.0,"key":"CultistPotion"},{"floor":14.0,"key":"Dexterity Potion"},{"floor":16.0,"key":"Weak Potion"},{"floor":22.0,"key":"LiquidBronze"},{"floor":24.0,"key":"CunningPotion"},{"floor":33.0,"key":"Dexterity Potion"}],"is_trial":false,"path_per_floor":["M","?","M","M","M","E","R","E","T","M","?","R","M","M","R","B",null,"M","$","?","$","M","E","M","R","T","R","?","?","$","E","R","B",null,"M","?","T","M","M","R","M","R","T","M","E","M","E","M"],"character_chosen":"THE_SILENT","items_purchased":["Noxious Fumes","Apotheosis","Backflip","Footwork"],"campfire_rested":4,"item_purchase_floors":[19,21,21,30],"current_hp_per_floor":[48,48,48,44,44,41,41,23,23,23,6,25,19,19,19,9,52,36,36,30,30,34,23,21,40,40,40,40,40,40,16,40,9,62,61,61,61,46,27,49,46,46,46,29,14,8,5,0,0],"gold":322,"neow_bonus":"REMOVE_TWO","is_daily":false,"chose_seed":false,"campfire_upgraded":2,"win_rate":0.0,"timestamp":1613671169,"path_taken":["M","?","M","M","M","E","R","E","T","?","?","R","M","M","R","BOSS","M","$","?","?","M","E","M","R","T","R","?","?","$","E","R","BOSS","M","?","?","M","M","R","M","R","T","M","E","M","E","M"],"items_purchased_type":["Card","Card","Card","Card"],"build_version":"2020-12-22","purchased_purges":2,"victory":false,"max_hp_per_floor":[66,66,66,66,66,66,66,66,66,66,66,66,66,66,66,66,66,66,66,66,66,66,66,66,66,66,66,80,80,80,80,80,80,80,80,76,76,76,76,76,76,76,76,76,76,76,76,76,76],"card_choices":[{"not_picked":["Setup","Finisher"],"picked":"Deadly Poison","floor":1.0},{"not_picked":["Backflip","Caltrops"],"picked":"Masterful Stab","floor":3.0},{"not_picked":["Backflip","Reflex"],"picked":"Bane","floor":4.0},{"not_picked":["Expertise","Prepared"],"picked":"Quick Slash","floor":5.0},{"not_picked":["Backstab","Choke"],"picked":"Flechettes","floor":6.0},{"not_picked":["Flechettes","Underhanded Strike"],"picked":"Acrobatics","floor":8.0},{"not_picked":["Blade Dance","Accuracy"],"picked":"Calculated Gamble","floor":10.0},{"not_picked":["Tactician","Endless Agony"],"picked":"Wraith Form v2","floor":11.0},{"not_picked":["Dagger Throw","All Out Attack"],"picked":"PiercingWail","floor":12.0},{"not_picked":["Acrobatics","Deflect"],"picked":"Poisoned Stab","floor":13.0},{"not_picked":["Quick Slash","Poisoned Stab","Blade Dance"],"picked":"SKIP","floor":14.0},{"not_picked":["After Image","Grand Finale"],"picked":"Night Terror","floor":16.0},{"not_picked":["Sucker Punch","Poisoned Stab","Quick Slash"],"picked":"SKIP","floor":18.0},{"not_picked":["Flying Knee","Deadly Poison"],"picked":"Backflip","floor":22.0},{"not_picked":["Expertise","Outmaneuver"],"picked":"Burst","floor":23.0},{"not_picked":["PiercingWail","Finisher","Slice"],"picked":"SKIP","floor":24.0},{"not_picked":["Dagger Spray","Poisoned Stab"],"picked":"Crippling Poison","floor":28.0},{"not_picked":["Dagger Spray+1","Envenom","Infinite Blades"],"picked":"SKIP","floor":31.0},{"not_picked":["A Thousand Cuts","Night Terror"],"picked":"Wraith Form v2","floor":33.0},{"not_picked":["Slice+1","Outmaneuver"],"picked":"Footwork","floor":35.0},{"not_picked":["Blade Dance","Heel Hook+1"],"picked":"Noxious Fumes","floor":38.0},{"not_picked":["Deflect","Slice","Bouncing Flask"],"picked":"SKIP","floor":39.0},{"not_picked":["Underhanded Strike+1","Acrobatics"],"picked":"Prepared+1","floor":40.0},{"not_picked":["Noxious Fumes","Sucker Punch","Prepared"],"picked":"SKIP","floor":41.0},{"not_picked":["Slice","Deflect","Skewer"],"picked":"SKIP","floor":44.0},{"not_picked":["All Out Attack","Deflect"],"picked":"Tactician","floor":45.0},{"not_picked":["Backflip","Bane","Deflect"],"picked":"SKIP","floor":46.0},{"not_picked":["Blade Dance+1","Infinite Blades+1","All Out Attack"],"picked":"SKIP","floor":47.0}],"player_experience":452854,"relics_obtained":[{"floor":6.0,"key":"Girya"},{"floor":8.0,"key":"Akabeko"},{"floor":9.0,"key":"Ornamental Fan"},{"floor":11.0,"key":"Toy Ornithopter"},{"floor":23.0,"key":"Tiny Chest"},{"floor":26.0,"key":"Sundial"},{"floor":28.0,"key":"Mango"},{"floor":28.0,"key":"Ninja Scroll"},{"floor":31.0,"key":"Art of War"},{"floor":37.0,"key":"Shuriken"},{"floor":45.0,"key":"HornCleat"},{"floor":47.0,"key":"Frozen Egg 2"}],"event_choices":[{"damage_healed":0.0,"max_hp_gain":0.0,"max_hp_loss":0.0,"gold_gain":0.0,"event_name":"WeMeetAgain","player_choice":"Gave Potion","floor":2.0,"gold_loss":0.0,"damage_taken":0.0,"relics_obtained":["Dream Catcher"]},{"damage_healed":0.0,"max_hp_gain":0.0,"max_hp_loss":0.0,"gold_gain":0.0,"event_name":"Dead Adventurer","player_choice":"Searched \u00271\u0027 times","floor":11.0,"gold_loss":0.0,"damage_taken":0.0},{"damage_healed":0.0,"max_hp_gain":0.0,"max_hp_loss":0.0,"gold_gain":0.0,"event_name":"Knowing Skull","player_choice":"","floor":20.0,"potions_obtained":[],"gold_loss":0.0,"damage_taken":6.0,"cards_obtained":[]},{"damage_healed":0.0,"max_hp_gain":0.0,"max_hp_loss":0.0,"gold_gain":0.0,"event_name":"Colosseum","player_choice":"Fight","floor":28.0,"gold_loss":0.0,"damage_taken":0.0},{"damage_healed":0.0,"max_hp_gain":0.0,"max_hp_loss":0.0,"gold_gain":0.0,"event_name":"Colosseum","player_choice":"Fought Nobs","floor":28.0,"gold_loss":0.0,"damage_taken":0.0},{"damage_healed":0.0,"max_hp_gain":0.0,"max_hp_loss":0.0,"gold_gain":0.0,"event_name":"Cursed Tome","player_choice":"Ignored","floor":29.0,"gold_loss":0.0,"damage_taken":0.0},{"damage_healed":0.0,"max_hp_gain":0.0,"max_hp_loss":4.0,"gold_gain":0.0,"event_name":"Winding Halls","player_choice":"Max HP","floor":36.0,"gold_loss":0.0,"damage_taken":0.0}],"is_beta":false,"boss_relics":[{"not_picked":["HoveringKite","Busted Crown"],"picked":"Astrolabe"},{"not_picked":["Black Star","Ring of the Serpent"],"picked":"Sozu"}],"items_purged_floors":[19,30],"is_endless":false,"potions_floor_spawned":[1,3,5,8,14,16,22,24,28,33,39,44,45,47],"killed_by":"Writhing Mass","ascension_level":20}}