{"host":"3e3mwsgb9gfqiuxm","time":1613678098,"event":{"mods":["Act Like it!","BaseMod","Colored Map","Colored Powertips","Downfall","Gensokyo","Googly Eyes","Hallownest","Hermit","Hubris","Infinite Spire","Koishi","Marisa????????","Minty Spire (QoL Compilation)","Quick Restart","Rare Cards Sparkle","Reimu??????","Remilia??????","Replay The Spire","Shop Mod","StSLib","SuperFastMode","Td1madao Mod","The Administrix","The Servant 0.9.4","Youmu??????","Yuyuko","everything is the same but u backflip on backflip","slay the spire mod where everything is the same but ironclad has a cowboy hat"],"gold_per_floor":[11,70,104,25,25,75,75,103,151,178,188,188,188,216,216,329,329,363,394,64,64,64,129,129,188,188,188,188,188,253,135,135,135,135],"floor_reached":33,"language":"ENG","playtime":1228,"items_purged":["Strike_MRS"],"score":448,"play_id":"7c7064eb-42c5-42ee-8caf-feae20517c2b","local_time":"20210218145458","is_ascension_mode":true,"campfire_choices":[{"data":"BinaryStars","floor":12.0,"key":"SMITH"},{"data":"GalacticHalo","floor":15.0,"key":"SMITH"},{"data":"EarthLightRay","floor":24.0,"key":"SMITH"},{"data":"MagicChant","floor":27.0,"key":"SMITH"},{"data":"Gensokyo:GapWoman","floor":29.0,"key":"SMITH"},{"data":"GalacticHalo","floor":32.0,"key":"SMITH"}],"circlet_count":0,"master_deck":["Strike_MRS","Strike_MRS","Defend_MRS","Defend_MRS","Defend_MRS","MasterSpark","UpSweep","AbsoluteMagnitude+1","PropBag","GalacticHalo+1","Acceleration","WitchOfGreed","GalacticHalo+1","ChargingUp","AsteroidBelt","BinaryStars+1","EarthLightRay+1","TreasureHunter","MagicChant+1","WitchOfGreed+1","Gensokyo:GapWoman+1","MagicChant+1","MagicChant+1"],"relics":["MiniHakkero","ReplayFunnel","Mango","Pen Nib","Letter Opener","Blue Doll","Gensokyo:PortableGap","Painkiller Herb","SimpleLauncher","Garlic","ReplayTheSpireMod:Lightbulb","RuthlessExorcism:ReiMu","Replay:Wax Seal","Juzu Bracelet","Mercury Hourglass","Gensokyo:DayTheSeaSplit","Mastiff:ReiMu","Toxic Egg 2","Blue Candle"],"acts_visited":["Gensokyo:Gensokyo","Gensokyo:Gensokyoer"],"potions_floor_usage":[33,33],"damage_taken":[{"damage":7.0,"enemies":"Gensokyo:3_Fairies","floor":1.0,"turns":5.0},{"damage":3.0,"enemies":"Gensokyo:Python","floor":3.0,"turns":3.0},{"damage":11.0,"enemies":"Gensokyo:Aya","floor":6.0,"turns":3.0},{"damage":6.0,"enemies":"Gensokyo:Cirno","floor":8.0,"turns":6.0},{"damage":3.0,"enemies":"Gensokyo:2_Kodama","floor":10.0,"turns":4.0},{"damage":9.0,"enemies":"Gensokyo:2_Rabbits","floor":11.0,"turns":3.0},{"damage":0.0,"enemies":"Gensokyo:5_Fairies","floor":14.0,"turns":6.0},{"damage":2.0,"enemies":"Gensokyo:Kokoro","floor":16.0,"turns":9.0},{"damage":10.0,"enemies":"Gensokyo:3_Dogs","floor":18.0,"turns":6.0},{"damage":0.0,"enemies":"Gensokyo:2_Gloops","floor":19.0,"turns":4.0},{"damage":6.0,"enemies":"Gensokyo:Reisen","floor":23.0,"turns":6.0},{"damage":13.0,"enemies":"Gensokyo:Koishi","floor":25.0,"turns":4.0},{"damage":1.0,"enemies":"Nightmare","floor":30.0,"turns":9.0},{"damage":64,"enemies":"Gensokyo:Kaguya","floor":33,"turns":10}],"seed_played":"2125136559118502862","potions_obtained":[{"floor":1.0,"key":"PowerPotion"},{"floor":2.0,"key":"GrandPatriotsElixir:ReiMu"},{"floor":3.0,"key":"champ:CounterPotion"},{"floor":6.0,"key":"AttackPotion"},{"floor":10.0,"key":"Block Potion"},{"floor":10.0,"key":"ShroomBrew"},{"floor":11.0,"key":"DistilledChaos"},{"floor":14.0,"key":"DuplicationPotion"},{"floor":16.0,"key":"CultistPotion"},{"floor":18.0,"key":"sneckomod:MuddlingPotion"},{"floor":23.0,"key":"PowerPotion"},{"floor":25.0,"key":"SpeedPotion"},{"floor":30.0,"key":"hexamod:SoulburnPotion"},{"floor":30.0,"key":"bronze:BurnAndBuffPotion"}],"is_trial":false,"path_per_floor":["M","?","M","$","?","E","?","E","T","M","M","R","?","M","R","B",null,"?","?","T","?","?","E","T","E","T","T","?","T","NM","T","T","B"],"character_chosen":"MARISA","items_purchased":["ChargingUp","SimpleLauncher","WitchOfGreed+1","MagicChant+1"],"campfire_rested":0,"item_purchase_floors":[4,20,20,31],"current_hp_per_floor":[61,61,58,58,51,40,40,34,34,31,26,26,26,42,42,44,72,66,70,70,70,68,66,66,55,55,55,55,55,60,60,60,2,2],"gold":135,"neow_bonus":"TRANSFORM_TWO_CARDS","is_daily":false,"chose_seed":false,"campfire_upgraded":6,"win_rate":0.0,"timestamp":1613678098,"path_taken":["M","?","M","$","?","E","?","E","T","M","?","R","?","M","R","BOSS","?","?","T","?","?","E","T","E","T","T","?","T","NM","?","T","BOSS"],"items_purchased_type":["Card","Relic","Card","Card"],"build_version":"2020-12-22","purchased_purges":1,"victory":false,"max_hp_per_floor":[75,75,75,75,89,89,89,89,89,89,89,89,81,81,81,81,81,81,81,81,73,68,68,68,68,68,68,68,65,65,65,65,65,65],"card_choices":[{"not_picked":["6A","WitchOfGreed"],"picked":"GalacticHalo","floor":1.0},{"not_picked":["WitchLeyline","ShootingEcho"],"picked":"Acceleration","floor":2.0},{"not_picked":["OneTimeOff","LuminesStrike"],"picked":"WitchOfGreed","floor":2.0},{"not_picked":["MysteriousBeam","MaximisePower"],"picked":"GalacticHalo","floor":3.0},{"not_picked":["OneTimeOff","DC"],"picked":"AsteroidBelt","floor":6.0},{"not_picked":["ShootingEcho","WitchOfGreed"],"picked":"BinaryStars","floor":8.0},{"not_picked":["LuminesStrike","DC"],"picked":"EarthLightRay","floor":10.0},{"not_picked":["GrandCross","GravityBeat","RefractionSpark"],"picked":"SKIP","floor":11.0},{"not_picked":["GrandCross","SporeBomb","Singularity"],"picked":"SKIP","floor":14.0},{"not_picked":["CollectingQuirk","StarDustReverie"],"picked":"TreasureHunter","floor":16.0},{"not_picked":["LuminesStrike","DC","StarBarrage"],"picked":"SKIP","floor":18.0},{"not_picked":["PowerUp","EventHorizon"],"picked":"MagicChant","floor":19.0},{"not_picked":["Gensokyo:RedCapeBlueCape","Gensokyo:MissMary"],"picked":"Gensokyo:GapWoman","floor":21.0},{"not_picked":["ShootingEcho","MilkyWay","DoubleSpark"],"picked":"SKIP","floor":23.0},{"not_picked":["GrandCross","DoubleSpark","PulseMagic"],"picked":"SKIP","floor":25.0},{"not_picked":["DragonMeteor","OpenUniverse+1","TreasureHunter"],"picked":"SKIP","floor":30.0}],"player_experience":1421571,"relics_obtained":[{"floor":2.0,"key":"ReplayFunnel"},{"floor":6.0,"key":"Pen Nib"},{"floor":8.0,"key":"Letter Opener"},{"floor":9.0,"key":"Blue Doll"},{"floor":23.0,"key":"ReplayTheSpireMod:Lightbulb"},{"floor":23.0,"key":"RuthlessExorcism:ReiMu"},{"floor":25.0,"key":"Replay:Wax Seal"},{"floor":25.0,"key":"Juzu Bracelet"},{"floor":26.0,"key":"Mercury Hourglass"},{"floor":30.0,"key":"Mastiff:ReiMu"},{"floor":30.0,"key":"Toxic Egg 2"}],"event_choices":[],"is_beta":false,"boss_relics":[{"not_picked":["hubris:ScarierMask","Velvet Choker"],"picked":"Painkiller Herb"}],"items_purged_floors":[31],"is_endless":false,"potions_floor_spawned":[1,6,10,11,18,25,30],"killed_by":"Gensokyo:Kaguya","ascension_level":9}}