{"host":"ziko4uwynam20dv9","time":1613657767,"event":{"mods":["Aspiration","BaseMod","BetterRewards","Downfall","Hubris","Infinite Spire","Minty Spire (QoL Compilation)","Remilia??????","Replay The Spire","Shop Mod","StSLib","The Animator","The Jungle"],"gold_per_floor":[110,129,146,146,160,160,160,160,177,157,211,211,246,246,280,298,298,298,298],"floor_reached":18,"language":"FRA","playtime":716,"items_purged":[],"score":239,"play_id":"003ef421-22d0-492a-8955-ae21b4adb8fa","local_time":"20210218151607","is_ascension_mode":true,"campfire_choices":[{"data":"Bash","floor":8,"key":"SMITH"},{"data":"Feed","floor":12,"key":"SMITH"},{"floor":14,"key":"REST"}],"circlet_count":0,"master_deck":["AscendersBane","Strike_R","Strike_R","Strike_R","Strike_R","Strike_R","Defend_R","Defend_R","Defend_R","Defend_R","Bash+1","animator:Defend_OwariNoSeraph","animator:Defend_FullmetalAlchemist","Warcry","Flame Barrier","Iron Wave","Feed+1","Spot Weakness","Pommel Strike"],"relics":["Burning Blood","hubris:Towel","Vajra","infinitespire:WardingShard","Anchor","Juzu Bracelet"],"acts_visited":["Exordium"],"potions_floor_usage":[13],"damage_taken":[{"damage":0,"enemies":"2 Louse","floor":1,"turns":5},{"damage":4,"enemies":"Jaw Worm","floor":2,"turns":6},{"damage":6,"enemies":"Cultist","floor":3,"turns":4},{"damage":15,"enemies":"Blue Slaver","floor":5,"turns":8},{"damage":17,"enemies":"2 Fungi Beasts","floor":9,"turns":5},{"damage":29,"enemies":"Gremlin Nob","floor":13,"turns":5},{"damage":25,"enemies":"3 Sentries","floor":15,"turns":10},{"damage":0,"enemies":"Exordium Wildlife","floor":16,"turns":5},{"damage":71,"enemies":"Slime Boss","floor":18,"turns":11}],"seed_played":"6445231732541911973","potions_obtained":[{"floor":2,"key":"hexamod:SoulburnPotion"},{"floor":3,"key":"FearPotion"},{"floor":15,"key":"hexamod:SoulburnPotion"}],"is_trial":false,"path_per_floor":["M","M","M","?","M","PTL","PTL","R","M","?","T","R","E","R","E","M","R","B"],"character_chosen":"IRONCLAD","items_purchased":[],"campfire_rested":1,"item_purchase_floors":[],"current_hp_per_floor":[88,89,89,89,80,80,80,80,69,69,69,69,46,72,57,67,67,0,0],"gold":298,"neow_bonus":"TWENTY_PERCENT_HP_BONUS","is_daily":false,"chose_seed":false,"campfire_upgraded":2,"win_rate":0.0,"timestamp":1613657767,"path_taken":["M","M","M","?","M","PTL","PTL","R","M","?","T","R","E","R","E","M","R","BOSS"],"items_purchased_type":[],"build_version":"2020-12-22","purchased_purges":0,"victory":false,"max_hp_per_floor":[89,89,89,89,89,89,89,89,89,89,89,89,89,89,93,97,97,97,97],"card_choices":[{"not_picked":["Heavy Blade","Run Through","Massacre"],"picked":"SKIP","floor":1},{"not_picked":["Perfected Strike","Run Through"],"picked":"Warcry","floor":2},{"not_picked":["ReplayTheSpireMod:Corrosion Curse","True Grit"],"picked":"Flame Barrier","floor":3},{"not_picked":["hubris:CleavingFinish","Massacre"],"picked":"Iron Wave","floor":5},{"not_picked":["Headbutt","Dual Wield"],"picked":"Feed","floor":9},{"not_picked":["Thunderclap","Flex"],"picked":"Spot Weakness","floor":13},{"not_picked":["Thunderclap","Dark Embrace"],"picked":"Pommel Strike","floor":15},{"not_picked":["Iron Wave","Life Link","Combust"],"picked":"SKIP","floor":16}],"player_experience":1016272,"relics_obtained":[{"floor":11,"key":"Vajra"},{"floor":13,"key":"infinitespire:WardingShard"},{"floor":15,"key":"Anchor"}],"event_choices":[{"damage_healed":0,"gold_gain":0,"player_choice":"Bought 1 Potion","damage_taken":0,"max_hp_gain":0,"max_hp_loss":0,"event_name":"The Woman in Blue","floor":10,"gold_loss":0},{"damage_healed":0,"gold_gain":0,"player_choice":"Gave Potion","damage_taken":0,"relics_obtained":["Juzu Bracelet"],"max_hp_gain":0,"max_hp_loss":0,"event_name":"WeMeetAgain","floor":17,"gold_loss":0}],"is_beta":false,"boss_relics":[],"items_purged_floors":[],"is_endless":false,"potions_floor_spawned":[2,3,15,16],"killed_by":"Slime Boss","ascension_level":15}}