{"host":"u2qrfxkm3wve0vp3","time":1613640068,"event":{"mods":["AchievementEnabler","BaseMod","Downfall","Hermit","Marisa£®ÏF”Í°°ƒß¿Ì…≥£©","Minty Spire (QoL Compilation)","Quick Restart","Shop Mod","StSLib","Td1madao Mod","The Cursed","The Marked","The Poker Player","The Senshi","The Servant 0.9.4"],"gold_per_floor":[118,131,147,157,168,168,200,200,200,229,260,289,317,358,370,382,382],"floor_reached":16,"language":"ZHS","playtime":893,"items_purged":[],"score":151,"play_id":"b0dfeda6-eb6c-4ace-8aff-8cc3fd640dbd","local_time":"20210218172108","is_ascension_mode":false,"campfire_choices":[{"data":"theMarked:BindingBlade","floor":6,"key":"SMITH"},{"data":"theMarked:Parry","floor":8,"key":"SMITH"},{"data":"theMarked:ThrowWeapon","floor":15,"key":"SMITH"}],"circlet_count":0,"master_deck":["theMarked:Strike","theMarked:Strike","theMarked:Strike","theMarked:Strike","theMarked:Strike","theMarked:Defend","theMarked:Defend","theMarked:Defend","theMarked:Defend","theMarked:SoldierOfQuellstein","theMarked:Static","theMarked:BindingBlade+1","theMarked:EmpowerWeapon","theMarked:Static","theMarked:Parry+1","theMarked:ThrowWeapon+1","theMarked:Panic"],"relics":["Black Star","Singing Bowl","Incense Burner","Thread and Needle","MawBank","The Courier","Ancient Tea Set"],"acts_visited":["Exordium"],"potions_floor_usage":[10,12,14,16,16],"damage_taken":[{"damage":1,"enemies":"Cultist","floor":1,"turns":4},{"damage":6,"enemies":"Small Slimes","floor":2,"turns":4},{"damage":3,"enemies":"2 Louse","floor":3,"turns":3},{"damage":5,"enemies":"Blue Slaver","floor":4,"turns":5},{"damage":8,"enemies":"Large Slime","floor":5,"turns":8},{"damage":9,"enemies":"Lagavulin","floor":7,"turns":7},{"damage":16,"enemies":"Gremlin Nob","floor":10,"turns":4},{"damage":0,"enemies":"Looter","floor":11,"turns":4},{"damage":0,"enemies":"Gremlin Gang","floor":12,"turns":5},{"damage":3,"enemies":"Large Slime","floor":13,"turns":7},{"damage":0,"enemies":"3 Sentries","floor":14,"turns":8},{"damage":28,"enemies":"Hexaghost","floor":16,"turns":12}],"seed_played":"547382524517238470","potions_obtained":[{"floor":2,"key":"PowerPotion"},{"floor":7,"key":"bronze:BurnAndBuffPotion"},{"floor":10,"key":"Fire Potion"},{"floor":13,"key":"Guardian:BlockOnCardUsePotion"},{"floor":14,"key":"EssenceOfSteel"}],"is_trial":false,"path_per_floor":["M","M","M","M","M","R","E","R","T","E","M","M","M","E","R","B"],"character_chosen":"THE_DEFAULT","items_purchased":[],"campfire_rested":0,"item_purchase_floors":[],"current_hp_per_floor":[71,65,62,57,49,49,40,40,40,24,26,28,25,27,27,0,0],"gold":382,"neow_bonus":"BOSS_RELIC","is_daily":false,"chose_seed":false,"campfire_upgraded":3,"win_rate":0.0,"timestamp":1613640068,"path_taken":["M","M","?","M","M","R","E","R","T","E","M","M","M","E","R","BOSS"],"items_purchased_type":[],"build_version":"2020-12-22","purchased_purges":0,"victory":false,"max_hp_per_floor":[72,72,72,72,72,72,72,72,72,72,74,76,76,78,78,78,78],"card_choices":[{"not_picked":["theMarked:WardOff","theMarked:Parkour"],"picked":"theMarked:Static","floor":1},{"not_picked":["theMarked:ResourceFulStrike","theMarked:Frustration","theMarked:HeightenedSenses"],"picked":"SKIP","floor":2},{"not_picked":["theMarked:ResourceFulStrike","theMarked:ElectricStrings"],"picked":"theMarked:BindingBlade","floor":3},{"not_picked":["theMarked:Indomitable","theMarked:Improvise"],"picked":"theMarked:EmpowerWeapon","floor":4},{"not_picked":["theMarked:Aftermath","theMarked:BanishingStrike"],"picked":"theMarked:Static","floor":5},{"not_picked":["theMarked:AttractMetal","theMarked:ElectricStrings"],"picked":"theMarked:Parry","floor":7},{"not_picked":["theMarked:Convert","theMarked:EnhanceMovement"],"picked":"theMarked:ThrowWeapon","floor":10},{"not_picked":["theMarked:TakeCover","theMarked:TwofoldDefense","theMarked:WastefulAttack"],"picked":"Singing Bowl","floor":11},{"not_picked":["theMarked:TwofoldDefense","theMarked:ElectricStrings","theMarked:Aftermath"],"picked":"Singing Bowl","floor":12},{"not_picked":["theMarked:HeightenedSenses","theMarked:KeepCalmAndFight"],"picked":"theMarked:Panic","floor":13},{"not_picked":["theMarked:Frustration","theMarked:HeightenedSenses","theMarked:WardOff"],"picked":"Singing Bowl","floor":14}],"player_experience":351919,"relics_obtained":[{"floor":7,"key":"Singing Bowl"},{"floor":7,"key":"Incense Burner"},{"floor":10,"key":"Thread and Needle"},{"floor":10,"key":"MawBank"},{"floor":14,"key":"The Courier"},{"floor":14,"key":"Ancient Tea Set"}],"event_choices":[],"is_beta":false,"boss_relics":[],"items_purged_floors":[],"is_endless":false,"potions_floor_spawned":[2,7,10,13,14],"killed_by":"Hexaghost","ascension_level":0}}