{"host":"9slw7l0ws16384qq","time":1613668596,"event":{"mods":["A Penny For Your Troubles","BaseMod","Colored Map","Downfall","Evolution","Hubris","Minty Spire (QoL Compilation)","Replay The Spire","StS++","StSLib"],"gold_per_floor":[99,113,113,263,72,129,155,155,172,172,172,229,274,274,274],"floor_reached":13,"language":"FRA","playtime":628,"items_purged":["Amnesia"],"score":124,"play_id":"c1ea0bc0-4d91-4188-88bb-4fe826bf6695","local_time":"20210218181636","is_ascension_mode":true,"campfire_choices":[{"floor":1.0,"key":"DIG"},{"data":"Guardian:Incinerate","floor":8,"key":"SMITH"},{"data":"Guardian:Incinerate","floor":11,"key":"SMITH"}],"circlet_count":0,"master_deck":["AscendersBane","Guardian:Incinerate+1","Guardian:Incinerate+1","Guardian:Incinerate","Guardian:Defend_Guardian","Guardian:Defend_Guardian","Guardian:Defend_Guardian","Guardian:Defend_Guardian","Guardian:CurlUp","Guardian:TwinSlam","downfall:Icky"],"relics":["Guardian:ModeShifter","EVO:Axolotl","StSpp:XCola","ReplayTheSpireMod:Ring of Challenge","Ring of Panic","bronze:BronzeIdol","Orichalcum"],"acts_visited":["Exordium"],"potions_floor_usage":[12,13],"damage_taken":[{"damage":7.0,"enemies":"Jaw Worm","floor":2.0,"turns":5.0},{"damage":0.0,"enemies":"downfall:FleeingMerchant","floor":5.0,"turns":4.0},{"damage":14,"enemies":"Small Slimes","floor":6,"turns":11},{"damage":0,"enemies":"2 Louse","floor":9,"turns":3},{"damage":14,"enemies":"Exordium Thugs","floor":12,"turns":5},{"damage":30,"enemies":"Lagavulin","floor":13,"turns":7}],"seed_played":"1716614734178514765","potions_obtained":[{"floor":6,"key":"ColorlessPotion"},{"floor":12,"key":"champ:CounterPotion"}],"is_trial":false,"path_per_floor":["R_BF","M","?","?","$","M","T","R","M","?","R","M","E"],"character_chosen":"GUARDIAN","items_purchased":["bronze:BronzeIdol"],"campfire_rested":0,"item_purchase_floors":[5],"current_hp_per_floor":[65,58,58,58,58,44,44,44,44,44,44,30,0,0,0],"gold":274,"neow_bonus":"REMOVE_CARD","is_daily":false,"chose_seed":false,"campfire_upgraded":2,"win_rate":0.0,"timestamp":1613668596,"path_taken":["R_BF","M","?","?","$","M","T","R","M","?","R","M","E"],"items_purchased_type":["Relic"],"build_version":"2020-12-22","purchased_purges":1,"victory":false,"max_hp_per_floor":[72,72,72,72,72,72,72,72,72,72,72,72,72,72,72],"card_choices":[{"not_picked":["Guardian:Incinerate","Guardian:Planning","Guardian:ChargeCore"],"picked":"SKIP","floor":2.0},{"not_picked":["Guardian:TemporalStrike","Guardian:ArmoredProtocol"],"picked":"Guardian:Gem_White","floor":5.0},{"not_picked":["Guardian:BronzeArmor","Guardian:TemporalShield","Guardian:Gem_Green"],"picked":"SKIP","floor":6},{"not_picked":["Guardian:Gem_Green","Guardian:VentSteam","Guardian:DecasProtection"],"picked":"SKIP","floor":9},{"not_picked":["Guardian:RollAttack","Guardian:BodySlam","Guardian:TemporalStrike"],"picked":"SKIP","floor":12}],"player_experience":1704256,"relics_obtained":[{"floor":1.0,"key":"StSpp:XCola"},{"floor":3.0,"key":"ReplayTheSpireMod:Ring of Challenge"},{"floor":3.0,"key":"Ring of Panic"},{"floor":7,"key":"Orichalcum"}],"event_choices":[],"is_beta":false,"boss_relics":[],"items_purged_floors":[5],"is_endless":false,"potions_floor_spawned":[6,12],"killed_by":"Lagavulin","ascension_level":14}}