{"host":"6bsan6hkua32tfq7","time":1613646403,"event":{"mods":["BaseMod","Better Third Choice","Colored Map","Highlight Path","Minty Spire (QoL Compilation)","StSLib"],"gold_per_floor":[114,114,130,55,55,55,68,87,156,156,192,192,227,247,247,340,340,363,386,386,386],"floor_reached":20,"language":"ENG","playtime":467,"items_purged":["Strike_B"],"score":368,"play_id":"8b4d123a-72ea-4969-988f-952f5064feb2","local_time":"20210218120643","is_ascension_mode":true,"campfire_choices":[{"data":"Zap","floor":6,"key":"SMITH"},{"data":"Streamline","floor":10,"key":"SMITH"},{"data":"Creative AI","floor":15,"key":"SMITH"}],"circlet_count":0,"master_deck":["AscendersBane","Strike_B","Strike_B","Strike_B","Defend_B","Defend_B+1","Defend_B","Zap+1","Dualcast+1","Sweeping Beam","Streamline+1","Steam","Loop","Streamline","Creative AI+1","Echo Form","Steam","Steam"],"relics":["Cracked Core","War Paint","Golden Idol","Symbiotic Virus","Akabeko","Gremlin Horn","Inserter"],"acts_visited":["Exordium","TheCity"],"potions_floor_usage":[11,19,20,20],"damage_taken":[{"damage":0,"enemies":"2 Louse","floor":1,"turns":2},{"damage":0,"enemies":"Cultist","floor":3,"turns":3},{"damage":0,"enemies":"Jaw Worm","floor":7,"turns":2},{"damage":0,"enemies":"Exordium Wildlife","floor":8,"turns":3},{"damage":8,"enemies":"Gremlin Nob","floor":11,"turns":3},{"damage":16,"enemies":"Lagavulin","floor":13,"turns":5},{"damage":0,"enemies":"2 Fungi Beasts","floor":14,"turns":2},{"damage":20,"enemies":"The Guardian","floor":16,"turns":8},{"damage":12,"enemies":"Chosen","floor":18,"turns":3},{"damage":10,"enemies":"Spheric Guardian","floor":19,"turns":5},{"damage":40,"enemies":"Snecko","floor":20,"turns":6}],"seed_played":"2662374720036244353","potions_obtained":[{"floor":1,"key":"FearPotion"},{"floor":3,"key":"PotionOfCapacity"},{"floor":14,"key":"PowerPotion"},{"floor":16,"key":"SmokeBomb"},{"floor":18,"key":"Block Potion"},{"floor":19,"key":"Swift Potion"}],"is_trial":false,"path_per_floor":["M","?","M","$","?","R","M","M","T","R","E","?","E","M","R","B",null,"M","M","M"],"character_chosen":"DEFECT","items_purchased":[],"campfire_rested":0,"item_purchase_floors":[],"current_hp_per_floor":[64,64,64,64,64,64,64,64,64,64,56,56,40,40,40,20,53,41,31,0,0],"gold":386,"neow_bonus":"RANDOM_COMMON_RELIC","is_daily":false,"chose_seed":false,"campfire_upgraded":3,"win_rate":0.0,"timestamp":1613646403,"path_taken":["M","?","M","?","?","R","?","M","T","R","E","?","E","?","R","BOSS","M","M","?"],"items_purchased_type":[],"build_version":"2020-12-22","purchased_purges":1,"victory":false,"max_hp_per_floor":[71,71,71,71,64,64,64,64,64,64,64,64,64,64,64,64,64,64,64,64,64],"card_choices":[{"not_picked":["Tempest","Cold Snap"],"picked":"Sweeping Beam","floor":1},{"not_picked":["Go for the Eyes","Chaos"],"picked":"Streamline","floor":3},{"not_picked":["Rebound","FTL"],"picked":"Steam","floor":7},{"not_picked":["Barrage","Heatsinks"],"picked":"Loop","floor":8},{"not_picked":["Leap","Aggregate","Consume"],"picked":"SKIP","floor":11},{"not_picked":["Chaos","Ball Lightning"],"picked":"Streamline","floor":13},{"not_picked":["Hologram","Undo"],"picked":"Creative AI","floor":14},{"not_picked":["Seek","Core Surge"],"picked":"Echo Form","floor":16},{"not_picked":["BootSequence","Turbo"],"picked":"Steam","floor":18},{"not_picked":["Go for the Eyes","Coolheaded"],"picked":"Steam","floor":19}],"player_experience":5429461,"relics_obtained":[{"floor":9,"key":"Symbiotic Virus"},{"floor":11,"key":"Akabeko"},{"floor":13,"key":"Gremlin Horn"}],"event_choices":[{"cards_removed":["Defend_B"],"damage_healed":0,"gold_gain":0,"player_choice":"Card Removal","damage_taken":0,"max_hp_gain":0,"max_hp_loss":0,"event_name":"Wheel of Change","floor":2,"gold_loss":0},{"damage_healed":0,"gold_gain":0,"player_choice":"Lose Max HP","damage_taken":0,"relics_obtained":["Golden Idol"],"max_hp_gain":0,"max_hp_loss":7,"event_name":"Golden Idol","floor":5,"gold_loss":0},{"damage_healed":0,"gold_gain":0,"player_choice":"0 cards matched","damage_taken":0,"max_hp_gain":0,"max_hp_loss":0,"event_name":"Match and Keep!","floor":12,"gold_loss":0,"cards_obtained":[]}],"is_beta":false,"boss_relics":[{"not_picked":["Pandora\u0027s Box","Calling Bell"],"picked":"Inserter"}],"items_purged_floors":[4],"is_endless":false,"potions_floor_spawned":[1,3,14,16,18,19],"killed_by":"Snecko","ascension_level":20}}