{"host":"121m0oxswv9tg9hk","time":1613646756,"event":{"mods":["AchievementEnabler","BaseMod","Better Third Choice","Hermit","Hubris","Minty Spire (QoL Compilation)","Replay The Spire","Shade Mod","StSLib","The Gatherer","The Hierophant"],"gold_per_floor":[113,132,132,69,26,26,54,64,87,87,113,124,189,222,222,297,297,276,113,113,133,143,143,177,177,177,147,157,57,57,86,86,163,163,175,175,175,175],"floor_reached":37,"language":"ENG","playtime":4358,"items_purged":["Strike_R","Strike_R"],"score":846,"play_id":"322b29eb-1fa2-4aac-b744-d972778225cd","local_time":"20210218121236","is_ascension_mode":true,"campfire_choices":[{"data":"Pommel Strike","floor":6,"key":"SMITH"},{"data":"Eclipse","floor":10,"key":"SMITH"},{"data":"Metallicize","floor":15,"key":"SMITH"},{"floor":23,"key":"REST"},{"data":"hubris:ReadiedAction","floor":25,"key":"SMITH"}],"circlet_count":0,"master_deck":["AscendersBane","Defend_R","Bash","Pommel Strike+1","Flame Barrier","Feel No Pain","Eclipse+1","hubris:NaturalOne","Metallicize+1","ReplayTheSpireMod:Strike From Hell","Metallicize","Berserk","Iron Wave","Dark Embrace","Blood for Blood","hubris:ReadiedAction+1","Blood for Blood","Reaper","ReplayTheSpireMod:Muscle Training","Juggernaut","Bludgeon+1","Inflame+1","Spot Weakness+1"],"relics":["Burning Blood","Oddly Smooth Stone","hubris:Icosahedron","Eternal Feather","hubris:ChampionShield","Happy Flower","ReplayTheSpireMod:Ninjato","Meat on the Bone","Blood Vial","Electric Blood","hubris:Towel","Torii","Singing Bowl","hubris:TenFootPole","Astrolabe"],"acts_visited":["Exordium","TheCity","TheBeyond"],"potions_floor_usage":[22,24,24,33,33],"damage_taken":[{"damage":5,"enemies":"Cultist","floor":1,"turns":4},{"damage":13,"enemies":"2 Louse","floor":2,"turns":3},{"damage":9,"enemies":"3 Sentries","floor":7,"turns":17},{"damage":8,"enemies":"Small Slimes","floor":8,"turns":3},{"damage":18,"enemies":"Replay:BlueRogue","floor":11,"turns":7},{"damage":1,"enemies":"Blue Slaver","floor":12,"turns":7},{"damage":21,"enemies":"Gremlin Nob","floor":13,"turns":4},{"damage":26,"enemies":"3 Sentries","floor":14,"turns":10},{"damage":29,"enemies":"The Guardian","floor":16,"turns":18},{"damage":28,"enemies":"2 Thieves","floor":18,"turns":4},{"damage":13,"enemies":"Chosen","floor":21,"turns":5},{"damage":44,"enemies":"Centurion and Healer","floor":22,"turns":7},{"damage":34,"enemies":"Gremlin Leader","floor":24,"turns":7},{"damage":8,"enemies":"Chosen and Byrds","floor":28,"turns":6},{"damage":27,"enemies":"Book of Stabbing","floor":31,"turns":5},{"damage":39,"enemies":"Champ","floor":33,"turns":9},{"damage":5,"enemies":"Orb Walker","floor":35,"turns":2},{"damage":107,"enemies":"2 Orb Walkers","floor":37,"turns":4}],"seed_played":"-3197552440943839149","potions_obtained":[{"floor":7,"key":"SpeedPotion"},{"floor":11,"key":"BlessingOfTheForge"},{"floor":22,"key":"SteroidPotion"},{"floor":27,"key":"Regen Potion"},{"floor":27,"key":"FearPotion"}],"is_trial":false,"path_per_floor":["M","M","?","?","$","R","E","M","T","R","E","M","?","E","R","B",null,"M","$","?","M","M","R","E","R","T","?","M","$","?","E","R","B",null,"M","?","?"],"character_chosen":"IRONCLAD","items_purchased":["Feel No Pain","Dark Embrace"],"campfire_rested":1,"item_purchase_floors":[5,19],"current_hp_per_floor":[69,62,62,62,62,68,72,70,70,75,63,68,53,45,54,45,68,48,48,48,55,31,65,51,63,63,63,63,63,63,50,62,55,72,77,77,0,0],"gold":175,"neow_bonus":"RANDOM_COMMON_RELIC","is_daily":false,"chose_seed":false,"campfire_upgraded":4,"win_rate":0.0,"timestamp":1613646756,"path_taken":["M","M","?","?","$","R","E","M","T","R","E","?","?","E","R","BOSS","M","$","?","M","M","R","E","R","T","?","?","$","?","E","R","BOSS","M","?","?"],"items_purchased_type":["Card","Card"],"build_version":"2020-12-22","purchased_purges":2,"victory":false,"max_hp_per_floor":[75,75,75,75,75,75,75,75,75,75,75,75,75,75,75,75,75,75,75,75,75,75,75,75,75,75,75,75,75,75,77,77,77,77,79,79,79,79],"card_choices":[{"not_picked":["Wild Strike","Sentinel"],"picked":"Pommel Strike","floor":1},{"not_picked":["Clash","ReplayTheSpireMod:Stacked"],"picked":"Flame Barrier","floor":2},{"not_picked":["Pummel","Replay:Undeath\u0027s Touch"],"picked":"Eclipse","floor":7},{"not_picked":["Infernal Blade","Cleave"],"picked":"Metallicize","floor":8},{"not_picked":["Pummel","Sword Boomerang","Whirlwind"],"picked":"SKIP","floor":11},{"not_picked":["Thunderclap","Iron Wave"],"picked":"ReplayTheSpireMod:Strike From Hell","floor":12},{"not_picked":["Second Wind","Intimidate"],"picked":"Metallicize","floor":13},{"not_picked":["Blood for Blood","Dropkick","Body Slam"],"picked":"SKIP","floor":14},{"not_picked":["Demon Form","Fiend Fire"],"picked":"Berserk","floor":16},{"not_picked":["Run Through","Seeing Red"],"picked":"Iron Wave","floor":18},{"not_picked":["ReplayTheSpireMod:Strike From Hell","ReplayTheSpireMod:Limb From Limb+1"],"picked":"Blood for Blood","floor":21},{"not_picked":["Shrug It Off+1","ReplayTheSpireMod:Corrosion Curse"],"picked":"hubris:ReadiedAction","floor":22},{"not_picked":["Warcry","Intimidate","Shockwave"],"picked":"SKIP","floor":24},{"not_picked":["Disarm","Pommel Strike"],"picked":"Blood for Blood","floor":28},{"not_picked":["Headbutt","Replay:Undeath\u0027s Touch","Iron Wave"],"picked":"Singing Bowl","floor":31},{"not_picked":["Corruption","Berserk"],"picked":"Juggernaut","floor":33},{"not_picked":["Perfected Strike+1","Seeing Red+1","Body Slam+1"],"picked":"Singing Bowl","floor":35}],"player_experience":2420084,"relics_obtained":[{"floor":7,"key":"hubris:ChampionShield"},{"floor":9,"key":"Happy Flower"},{"floor":11,"key":"ReplayTheSpireMod:Ninjato"},{"floor":13,"key":"Meat on the Bone"},{"floor":14,"key":"Blood Vial"},{"floor":24,"key":"Torii"},{"floor":26,"key":"Singing Bowl"},{"floor":31,"key":"hubris:TenFootPole"}],"event_choices":[{"damage_healed":0,"gold_gain":0,"player_choice":"Paid Gold","damage_taken":0,"relics_obtained":["Eternal Feather"],"max_hp_gain":0,"max_hp_loss":0,"event_name":"WeMeetAgain","floor":4,"gold_loss":63},{"damage_healed":0,"gold_gain":0,"player_choice":"Searched \u00271\u0027 times","damage_taken":0,"max_hp_gain":0,"max_hp_loss":0,"event_name":"Dead Adventurer","floor":13,"gold_loss":0},{"damage_healed":0,"gold_gain":0,"player_choice":"Bought 2 Potions","damage_taken":0,"max_hp_gain":0,"max_hp_loss":0,"event_name":"The Woman in Blue","floor":27,"gold_loss":0},{"damage_healed":0,"gold_gain":0,"cards_transformed":["Strike_R","Defend_R"],"player_choice":"Became Test Subject","damage_taken":0,"max_hp_gain":0,"max_hp_loss":0,"event_name":"Drug Dealer","floor":30,"gold_loss":0,"cards_obtained":["Reaper","Searing Blow"]},{"cards_removed":["Defend_R"],"damage_healed":0,"gold_gain":0,"player_choice":"Removed Skill","damage_taken":0,"max_hp_gain":0,"max_hp_loss":0,"event_name":"Falling","floor":36,"gold_loss":0},{"damage_healed":0,"gold_gain":0,"player_choice":"Fight","damage_taken":0,"max_hp_gain":0,"max_hp_loss":0,"event_name":"Mysterious Sphere","floor":37,"gold_loss":0}],"is_beta":false,"boss_relics":[{"not_picked":["Pandora\u0027s Box","Tiny House"],"picked":"Electric Blood"},{"not_picked":["Fusion Hammer","Ooze Armor"],"picked":"Astrolabe"}],"items_purged_floors":[19,29],"is_endless":false,"potions_floor_spawned":[7,11,12,21,22,28,31],"killed_by":"2 Orb Walkers","ascension_level":20}}