{"host":"bxn2em57qlx5u4i0","time":1613614416,"event":{"mods":["BaseMod","Colored Map","Colored Powertips","Highlight Path","Minty Spire (QoL Compilation)","Random Character Button","Relic Sorter","Relic Stats","StSLib","SuperFastMode"],"gold_per_floor":[110,110,110,129,54,82,92,92,92,154,0,0,31,48,48,48,48],"floor_reached":16,"language":"ENG","playtime":329,"items_purged":["Strike_G","Strike_G"],"score":316,"play_id":"520f7b04-1028-48b8-9b19-51e3453e2e78","local_time":"20210217211336","is_ascension_mode":true,"campfire_choices":[{"data":"Terror","floor":8,"key":"SMITH"},{"data":"Poisoned Stab","floor":12,"key":"SMITH"},{"data":"Neutralize","floor":15,"key":"SMITH"}],"circlet_count":0,"master_deck":["AscendersBane","Strike_G","Strike_G","Defend_G","Defend_G","Defend_G","Defend_G","Defend_G","Survivor","Neutralize+1","Poisoned Stab+1","Terror+1","Blur","Flying Knee","Dagger Spray"],"relics":["Ring of the Snake","NeowsBlessing","Pantograph","Letter Opener","Ornamental Fan","Peace Pipe","Question Card"],"acts_visited":["Exordium"],"potions_floor_usage":[10,10,14],"damage_taken":[{"damage":0,"enemies":"Small Slimes","floor":1,"turns":1},{"damage":0,"enemies":"Cultist","floor":4,"turns":1},{"damage":0,"enemies":"Lagavulin","floor":6,"turns":1},{"damage":0,"enemies":"Jaw Worm","floor":7,"turns":7},{"damage":34,"enemies":"3 Sentries","floor":10,"turns":12},{"damage":0,"enemies":"Gremlin Nob","floor":13,"turns":3},{"damage":0,"enemies":"Looter","floor":14,"turns":4},{"damage":40,"enemies":"Hexaghost","floor":16,"turns":11}],"seed_played":"-890621976517649225","potions_obtained":[{"floor":1,"key":"Poison Potion"},{"floor":6,"key":"LiquidMemories"},{"floor":7,"key":"Fire Potion"},{"floor":13,"key":"Weak Potion"}],"is_trial":false,"path_per_floor":["M","?","?","M","$","E","M","R","T","?","$","R","E","M","R","B"],"character_chosen":"THE_SILENT","items_purchased":["Fire Potion"],"campfire_rested":0,"item_purchase_floors":[11],"current_hp_per_floor":[59,48,48,48,48,48,48,48,48,14,14,14,14,14,14,0,0],"gold":48,"neow_bonus":"THREE_ENEMY_KILL","is_daily":false,"chose_seed":false,"campfire_upgraded":3,"win_rate":0.0,"timestamp":1613614416,"path_taken":["M","?","?","?","$","E","M","R","T","?","$","R","E","M","R","BOSS"],"items_purchased_type":["Potion"],"build_version":"2020-12-22","purchased_purges":2,"victory":false,"max_hp_per_floor":[66,66,66,66,66,66,66,66,66,66,66,66,66,66,66,66,66],"relic_stats":{"Peace Pipe":0,"counters":[8,40],"Ornamental Fan":[16],"Pantograph":25,"Letter Opener":[20],"Question Card":1,"obtain_stats":[{"Peace Pipe":10,"NeowsBlessing":0,"Ornamental Fan":9,"Pantograph":2,"Letter Opener":6,"Question Card":13,"Ring of the Snake":0},{"Peace Pipe":5,"NeowsBlessing":0,"Ornamental Fan":4,"Pantograph":1,"Letter Opener":3,"Question Card":6,"Ring of the Snake":0},{"Peace Pipe":22,"NeowsBlessing":0,"Ornamental Fan":10,"Pantograph":1,"Letter Opener":3,"Question Card":25,"Ring of the Snake":0}],"Ring of the Snake":[16]},"card_choices":[{"not_picked":["Outmaneuver","Blade Dance"],"picked":"Poisoned Stab","floor":1},{"not_picked":["Accuracy","Slice"],"picked":"Terror","floor":4},{"not_picked":["Prepared","Acrobatics"],"picked":"Blur","floor":6},{"not_picked":["Outmaneuver","Expertise"],"picked":"Flying Knee","floor":7},{"not_picked":["Dodge and Roll","Riddle With Holes"],"picked":"Dagger Spray","floor":10},{"not_picked":["Flechettes","Deflect","Acrobatics"],"picked":"SKIP","floor":13},{"not_picked":["Tactician","Flying Knee","Underhanded Strike","Masterful Stab"],"picked":"SKIP","floor":14}],"player_experience":3038271,"relics_obtained":[{"floor":6,"key":"Letter Opener"},{"floor":9,"key":"Ornamental Fan"},{"floor":10,"key":"Peace Pipe"},{"floor":13,"key":"Question Card"}],"event_choices":[{"damage_healed":0,"gold_gain":0,"player_choice":"Success","damage_taken":11,"relics_obtained":["Pantograph"],"max_hp_gain":0,"max_hp_loss":0,"event_name":"Scrap Ooze","floor":2,"gold_loss":0},{"cards_removed":["Strike_G"],"damage_healed":0,"gold_gain":0,"player_choice":"Purged","damage_taken":0,"max_hp_gain":0,"max_hp_loss":0,"event_name":"Purifier","floor":3,"gold_loss":0},{"damage_healed":0,"gold_gain":0,"player_choice":"Searched \u00272\u0027 times","damage_taken":0,"max_hp_gain":0,"max_hp_loss":0,"event_name":"Dead Adventurer","floor":10,"gold_loss":0}],"is_beta":false,"boss_relics":[],"items_purged_floors":[5,11],"is_endless":false,"potions_floor_spawned":[1,6,7,13],"killed_by":"Hexaghost","ascension_level":20}}