{"host":"c3mohl8225ccym5l","time":1613620730,"event":{"mods":["Act Like it!","BaseMod","Beaked The Cultist","BetterRewards","Card Forge","Downfall","Duelist Mod","Glutton Mod","GungeonMod","Hallownest","Hermit","Ironclad Rager","Jorbs\u0027s Wanderer Trilogy","Koishi","Marisa????????","Marked Mod","Minty Spire (QoL Compilation)","Pikachu Mod","Shade Mod","Shop Mod","StSLib","Td1madao Mod","The Administrix","The Blackbeard","The Bladedancer","The Bug Knight","The Clintock","The Construct","The Cursed","The Disciple","The Hierophant","The Jungle","The Kombatant","The Marked","The Necromancer","The Poker Player","The Senshi","The Servant 0.9.4","The Wild Card","TheBandit","TheFirefly","TheVacant","Yuri Mod"],"gold_per_floor":[138,149,149,167,183,183,196,196,220,235,253,266,286,39,39,134,184,196,216,142,162,174,174,204,219,219,219,219,234,234,244,244,340,340,353,275,289,289,289,324,340,17,43,72,88,102,102,122,122,122],"floor_reached":51,"language":"ENG","playtime":3272,"items_purged":[],"score":904,"play_id":"4c3dc637-f084-478e-9a25-09f98a29665a","local_time":"20210217215850","is_ascension_mode":false,"campfire_choices":[{"data":"theDuelist:ElectromagneticShield","floor":6,"key":"SMITH"},{"data":"theDuelist:Eva","floor":8,"key":"SMITH"},{"floor":15,"key":"RECALL"},{"data":"theDuelist:MeteorDestruction+1","floor":23,"key":"SMITH"},{"floor":28,"key":"REST"},{"floor":30,"key":"REST"},{"floor":32,"key":"REST"},{"floor":49,"key":"REST"}],"circlet_count":0,"master_deck":["theDuelist:FuryFire+4","theDuelist:MeteorDestruction+4","theDuelist:WingedKuriboh+1","theDuelist:FinalFlame+1","theDuelist:LightningBlade+4","theDuelist:BeaverWarrior+1","theDuelist:RainbowNeos+1","theDuelist:EvilswarmHeliotrope+1","theDuelist:Eva+1","theDuelist:GiantSoldier+1","theDuelist:MagnumShield+3","theDuelist:DeltaMagnet","Panache+1","theDuelist:Hinotama+5","theDuelist:CastleWalls+1","theDuelist:YellowBelliedOni+1","theDuelist:GridRod+1","theDuelist:Eva+1","theDuelist:GravityAxe+1","theDuelist:RainbowNeos+1","theDuelist:BeaverWarrior+1","theDuelist:ScrapFactory+1","theDuelist:MeteorDestruction+4","theDuelist:AncientGearFist+3","theDuelist:DoubleTool+6","theDuelist:CastleWalls+1","theDuelist:MeteorDestruction+4","theDuelist:KamionTimelord+1","Sadistic Nature+1","theDuelist:BerserkerCrush+4","theDuelist:GiantSoldier+1","theDuelist:GiantSoldierSteel+1","theDuelist:LightningBlade+4","theDuelist:HappyLover+1","Parasite","theDuelist:ElectromagneticShield+1"],"relics":["theDuelist:MillenniumPuzzle","theDuelist:CardPoolRelic","theDuelist:CardPoolBasicRelic","theDuelist:BoosterPackPoolRelic","theDuelist:CardPoolAddRelic","theDuelist:CardPoolMinusRelic","theDuelist:CardPoolSaveRelic","theDuelist:CardPoolOptionsRelic","Hammer of Thor","Seething Fire","Anvil of the Gods","Boot","theDuelist:CardRewardRelicF","Tiny House","DemoMod:NanoMachines","Bottled Flame","Question Card","War Paint","DemoMod:ClearGuonStone","DemoMod:PoisonVial","theDuelist:MerchantNecklace"],"acts_visited":["Exordium","TheCity","TheBeyond"],"potions_floor_usage":[16,16,50,50],"damage_taken":[{"damage":0,"enemies":"2 Louse","floor":1,"turns":3},{"damage":0,"enemies":"Cultist","floor":2,"turns":5},{"damage":0,"enemies":"Jaw Worm","floor":4,"turns":5},{"damage":20,"enemies":"3 Louse","floor":5,"turns":6},{"damage":0,"enemies":"Large Slime","floor":7,"turns":6},{"damage":0,"enemies":"Exordium Thugs","floor":10,"turns":5},{"damage":0,"enemies":"Exordium Wildlife","floor":11,"turns":2},{"damage":0,"enemies":"Blue Slaver","floor":12,"turns":3},{"damage":0,"enemies":"Red Slaver","floor":13,"turns":2},{"damage":0,"enemies":"The Guardian","floor":16,"turns":10},{"damage":0,"enemies":"2 Thieves","floor":18,"turns":3},{"damage":0,"enemies":"Spheric Guardian","floor":19,"turns":3},{"damage":9,"enemies":"3 Cultists","floor":21,"turns":4},{"damage":1,"enemies":"Snake Plant","floor":22,"turns":5},{"damage":0,"enemies":"Gremlin Leader","floor":24,"turns":4},{"damage":0,"enemies":"Centurion and Healer","floor":25,"turns":3},{"damage":0,"enemies":"Snecko","floor":29,"turns":2},{"damage":0,"enemies":"Snake Plant","floor":31,"turns":2},{"damage":0,"enemies":"Champ","floor":33,"turns":8},{"damage":0,"enemies":"Orb Walker","floor":35,"turns":3},{"damage":0,"enemies":"3 Darklings","floor":37,"turns":3},{"damage":0,"enemies":"Nemesis","floor":40,"turns":3},{"damage":0,"enemies":"Jaw Worm Horde","floor":41,"turns":3},{"damage":0,"enemies":"Reptomancer","floor":44,"turns":5},{"damage":0,"enemies":"Writhing Mass","floor":45,"turns":5},{"damage":0,"enemies":"Maw","floor":46,"turns":6},{"damage":0,"enemies":"4 Shapes","floor":48,"turns":5},{"damage":42,"enemies":"Awakened One","floor":50,"turns":9}],"seed_played":"1633279494916077348","potions_obtained":[{"floor":2,"key":"theDuelist:ElectricPotion"},{"floor":7,"key":"theDuelist:FreezingPotion"},{"floor":11,"key":"theDuelist:ExtraOrbsBottle"},{"floor":16,"key":"theDuelist:TokenPotion"},{"floor":17,"key":"theDuelist:SealedPack"},{"floor":18,"key":"theDuelist:VoidBottle"}],"is_trial":false,"path_per_floor":["M","M","?","M","M","R","M","R","T","M","M","M","M","$","R","B",null,"M","M","$","M","M","R","E","M","T","?","R","M","R","M","R","B",null,"M","$","M","T","T","E","M","$","T","E","M","M","?","M","R","B",null],"character_chosen":"THE_DUELIST","items_purchased":["theDuelist:CardRewardRelicF","theDuelist:GravityAxe","theDuelist:SealedPackB","Panache","DemoMod:ClearGuonStone"],"campfire_rested":4,"item_purchase_floors":[14,20,36,42,42],"current_hp_per_floor":[80,80,80,80,60,60,60,60,60,60,60,60,60,60,60,60,85,85,85,85,76,75,75,75,75,75,75,85,85,85,85,85,85,85,85,85,85,85,85,85,85,85,85,85,85,85,85,85,85,43],"gold":122,"neow_bonus":"THREE_CARDS","is_daily":false,"chose_seed":false,"campfire_upgraded":3,"win_rate":0.0,"timestamp":1613620730,"path_taken":["M","M","?","M","M","R","M","R","T","M","M","?","?","$","R","BOSS","M","M","$","M","M","R","E","M","T","?","R","M","R","?","R","BOSS","M","$","M","?","?","E","M","$","T","E","M","M","?","M","R","BOSS"],"items_purchased_type":["Relic","Card","Potion","Card","Relic"],"build_version":"2020-12-22","purchased_purges":0,"victory":true,"max_hp_per_floor":[80,80,80,80,80,80,80,80,80,80,80,80,80,80,80,80,85,85,85,85,85,85,85,85,85,85,85,85,85,85,85,85,85,85,85,85,85,85,85,85,85,85,85,85,85,85,85,85,85,85],"card_choices":[{"not_picked":["theDuelist:Electrowhip","theDuelist:LightningVortex"],"picked":"theDuelist:Eva","floor":0},{"not_picked":["theDuelist:BigFire","theDuelist:Hinotama","theDuelist:LightningVortex","theDuelist:Blockman"],"picked":"theDuelist:WingedKuriboh","floor":1},{"not_picked":["theDuelist:ImperialOrder","theDuelist:GravityAxe","theDuelist:MiraculousDescent"],"picked":"theDuelist:ElectromagneticShield","floor":2},{"not_picked":["theDuelist:DummyGolem","theDuelist:GolemSentry","theDuelist:MudGolem","theDuelist:PowerGiant"],"picked":"theDuelist:GiantSoldierSteel","floor":4},{"not_picked":["theDuelist:WhiteHowling+1","theDuelist:ImperialOrder+1","theDuelist:GravityAxe+1","theDuelist:Electrowhip+1"],"picked":"theDuelist:GridRod+1","floor":5},{"not_picked":["theDuelist:SpellShatteringArrow","theDuelist:RainbowNeos","theDuelist:BigFire","theDuelist:CrystalRaigeki"],"picked":"theDuelist:AncientGearFist","floor":7},{"not_picked":["theDuelist:PotDuality","theDuelist:FrontierWiseman","theDuelist:YamiForm","theDuelist:ForbiddenLance"],"picked":"theDuelist:FuryFire","floor":10},{"not_picked":["theDuelist:VenomShot+1","theDuelist:MagnumShield+1","theDuelist:MagicalStone+1","theDuelist:CombinationAttack+1"],"picked":"theDuelist:Hinotama+1","floor":11},{"not_picked":["theDuelist:DarkBurningAttack","theDuelist:WhiteMagicalHat","theDuelist:MeteorDestruction","theDuelist:Electrowhip"],"picked":"theDuelist:RainbowNeos","floor":12},{"not_picked":["Apotheosis","Chrysalis","Thinking Ahead"],"picked":"Sadistic Nature","floor":13},{"not_picked":["theDuelist:RainbowNeos","theDuelist:HappyLover","theDuelist:RainbowKuriboh","theDuelist:RainbowOverdragon"],"picked":"theDuelist:KamionTimelord","floor":16},{"not_picked":["theDuelist:RainbowNeos","theDuelist:KamionTimelord","theDuelist:HappyLover","theDuelist:Eva"],"picked":"theDuelist:YellowBelliedOni","floor":17},{"not_picked":["Blind","Dramatic Entrance","Magnetism","Mind Blast"],"picked":"SKIP","floor":18},{"not_picked":["theDuelist:RainbowNeos","theDuelist:FluteKuriboh","theDuelist:Downbeat","theDuelist:GravityBlaster"],"picked":"theDuelist:MeteorDestruction","floor":19},{"not_picked":["theDuelist:KamionTimelord","theDuelist:HappyLover+1","theDuelist:RainbowKuriboh","theDuelist:RainbowOverdragon"],"picked":"theDuelist:Eva","floor":21},{"not_picked":["theDuelist:CombinationAttack","theDuelist:ScrapFactory+1","theDuelist:OnslaughtFireKings","theDuelist:LegendHeart"],"picked":"theDuelist:MeteorDestruction+1","floor":22},{"not_picked":["theDuelist:MeteorDestruction+1","theDuelist:InfernoFireBlast+1","theDuelist:AncientGearFist+1","theDuelist:CharcoalInpachi"],"picked":"theDuelist:MagnumShield+1","floor":24},{"not_picked":["theDuelist:CombinationAttack","theDuelist:ScrapFactory","theDuelist:DarkBurningAttack+1","theDuelist:Invigoration+1"],"picked":"theDuelist:MeteorDestruction","floor":25},{"not_picked":["theDuelist:BlueBloodedOni","theDuelist:GreenGraveOni","theDuelist:PurplePainOni+1","theDuelist:RedHeadedOni+1"],"picked":"theDuelist:RainbowNeos","floor":29},{"not_picked":["theDuelist:SparkBlaster+1","theDuelist:SilentDoom+1","theDuelist:MagnumShield+1","theDuelist:FuryFire+1"],"picked":"theDuelist:BerserkerCrush+1","floor":31},{"not_picked":["theDuelist:RainbowNeos","theDuelist:KamionTimelord","theDuelist:Eva","theDuelist:RainbowOverdragon"],"picked":"theDuelist:HappyLover+1","floor":33},{"not_picked":["theDuelist:Downbeat","theDuelist:DarkBurningAttack+1","theDuelist:PreventRat+1","theDuelist:HappyLover+1","theDuelist:LegendHeart+1"],"picked":"SKIP","floor":35},{"not_picked":["theDuelist:DarkHole","theDuelist:Jinzo","theDuelist:JamBreeding+1","theDuelist:Cloning+1"],"picked":"theDuelist:EvilswarmHeliotrope+1","floor":37},{"not_picked":["theDuelist:MythicalBeast+1","theDuelist:KamionTimelord+1"],"picked":"theDuelist:LightningBlade","floor":40},{"not_picked":["theDuelist:VendreadCharge","theDuelist:InfernoFireBlast+1","theDuelist:ScrapFactory","theDuelist:ChaosSeed+1","theDuelist:AncientGearFist"],"picked":"SKIP","floor":41},{"not_picked":["theDuelist:BattleOx","theDuelist:LightningVortex+1","theDuelist:Fissure+1","theDuelist:MudGolem"],"picked":"theDuelist:Hinotama","floor":44},{"not_picked":["theDuelist:AssaultArmor","theDuelist:CrystalBlessing","theDuelist:BattleFootballer+1","theDuelist:Predaponics","theDuelist:FusionWeapon+1"],"picked":"SKIP","floor":45},{"not_picked":["theDuelist:MagnumShield+1","theDuelist:WormApocalypse","theDuelist:SwordDeepSeated","theDuelist:Eva"],"picked":"theDuelist:DoubleTool+1","floor":46},{"not_picked":["theDuelist:VendreadCharge+1","theDuelist:Wildfire+1","theDuelist:FeatherShot"],"picked":"SKIP","floor":48}],"player_experience":209783,"relics_obtained":[{"floor":9,"key":"Boot"},{"floor":24,"key":"DemoMod:NanoMachines"},{"floor":26,"key":"Bottled Flame"},{"floor":39,"key":"Question Card"},{"floor":40,"key":"War Paint"},{"floor":43,"key":"DemoMod:PoisonVial"},{"floor":44,"key":"theDuelist:MerchantNecklace"}],"event_choices":[{"damage_healed":0,"gold_gain":0,"player_choice":"Leave","duelist":true,"damage_taken":0,"max_hp_gain":0,"max_hp_loss":0,"event_name":"Relic Duplicator","floor":3,"gold_loss":0},{"damage_healed":0,"gold_gain":0,"player_choice":"Bought 0 Potions","damage_taken":0,"max_hp_gain":0,"max_hp_loss":0,"event_name":"The Woman in Blue","floor":27,"gold_loss":0},{"damage_healed":0,"gold_gain":0,"player_choice":"Delta Electro","duelist":true,"damage_taken":0,"max_hp_gain":0,"max_hp_loss":0,"event_name":"Egyptian Village","floor":47,"gold_loss":0,"cards_obtained":["Delta Electromagnet Warrior"]}],"is_beta":false,"boss_relics":[{"not_picked":["Runic Cube","Runic Dome"],"picked":"Tiny House"},{"not_picked":["theDuelist:GamblerChip","Mark of Pain","theDuelist:HauntedRelic"]}],"items_purged_floors":[],"is_endless":false,"potions_floor_spawned":[2,7,11,12,16,18,24,25,33,37,41,44,45,48],"ascension_level":0}}