{"host":"iwx63wjdqe91ab4t","time":1613624391,"event":{"mods":["AchievementEnabler","Act Like it!","Aspiration","BaseMod","BetterRewards","Downfall","Friendly Minions","Hermit","Hubris","Infinite Spire","Jorbs\u0027s Wanderer Trilogy","Marisa????????","Mimic Mod","Minty Spire (QoL Compilation)","Quick Restart","Reliquary","Replay The Spire","StSLib","The Bug Knight","The Construct","The Cursed","The Disciple","The Hierophant","The Jungle","The Necromancer","The Runesmith","The Servant 0.9.4"],"gold_per_floor":[99,112,112,112,127,127,127,160,70,21,21,21,21],"floor_reached":11,"language":"ENG","playtime":657,"items_purged":["Normality"],"score":76,"play_id":"bbf22057-3c9f-48b8-bc3c-5995400db2de","local_time":"20210217225951","is_ascension_mode":true,"campfire_choices":[{"data":"bronze:Virus","floor":1,"key":"SMITH"}],"circlet_count":0,"master_deck":["bronze:Strike","bronze:Strike","bronze:Strike","bronze:Strike","bronze:Defend","bronze:Defend","bronze:Defend","bronze:Defend","bronze:Replicate","bronze:Goto","bronze:Virus+1","bronze:Overload+1","ReplayTheSpireMod:??????????????????????+1","bronze:GetLatest","bronze:BuggyMess","bronze:Invalidate","bronze:Invalidate"],"relics":["bronze:BronzeCore","downfall:BrokenWingStatue","reliquary:GummyVitamins","Centennial Puzzle"],"acts_visited":["Exordium"],"potions_floor_usage":[],"damage_taken":[{"damage":0,"enemies":"Cultist","floor":2,"turns":2},{"damage":1,"enemies":"2 Louse","floor":5,"turns":2},{"damage":18,"enemies":"Gremlin Nob","floor":8,"turns":4},{"damage":0,"enemies":"downfall:FleeingMerchant","floor":9,"turns":4},{"damage":10,"enemies":"downfall:FleeingMerchant","floor":10,"turns":4},{"damage":8,"enemies":"3 Sentries","floor":11,"turns":1}],"seed_played":"7708847644837289784","potions_obtained":[{"floor":8,"key":"Elixir"}],"is_trial":false,"path_per_floor":["R","M","?","?","M","?","T","E","$","$","E"],"character_chosen":"THE_AUTOMATON","items_purchased":["bronze:Invalidate"],"campfire_rested":0,"item_purchase_floors":[10],"current_hp_per_floor":[49,49,33,33,32,32,32,14,14,4,0,0,0],"gold":21,"neow_bonus":"THREE_RARE_CARDS","is_daily":false,"chose_seed":false,"campfire_upgraded":1,"win_rate":0.0,"timestamp":1613624391,"path_taken":["R","M","?","?","?","?","T","E","?","$","E"],"items_purchased_type":["Card"],"build_version":"2020-12-22","purchased_purges":1,"victory":false,"max_hp_per_floor":[70,70,70,70,70,70,70,70,70,70,70,70,70],"card_choices":[{"not_picked":["bronze:TinkerersToolbox","bronze:Break"],"picked":"bronze:Virus","floor":0},{"not_picked":["bronze:BitShift","bronze:WildBeam"],"picked":"bronze:Overload","floor":2},{"not_picked":["hubris:InfiniteBlow+3","infinitespire:UltimateForm"],"picked":"ReplayTheSpireMod:??????????????????????","floor":3},{"not_picked":["bronze:Shield","bronze:Boost"],"picked":"bronze:GetLatest","floor":5},{"not_picked":["bronze:ChosenStrike","bronze:DarkDash","bronze:NullPointer"],"picked":"SKIP","floor":8},{"not_picked":["bronze:WildBeam","bronze:Repulsor","bronze:BitShift"],"picked":"SKIP","floor":9},{"not_picked":["bronze:Optimize","bronze:AlphaBuild"],"picked":"bronze:BuggyMess","floor":10}],"player_experience":309531,"relics_obtained":[{"floor":7,"key":"reliquary:GummyVitamins"},{"floor":8,"key":"Centennial Puzzle"}],"event_choices":[],"is_beta":false,"boss_relics":[],"items_purged_floors":[9],"is_endless":false,"potions_floor_spawned":[8],"killed_by":"3 Sentries","ascension_level":2}}