{"host":"znvnxllcillb3rtw","time":1613647192,"event":{"mods":["BaseMod","DeckTracker","Minty Spire (QoL Compilation)","Relic Stats","StSLib","SuperFastMode","everything is the same but u backflip on backflip"],"gold_per_floor":[111,111,124,274,291,291,317,330,356,2,2,27,37,70,70,149,149,162,212,212,132,132],"floor_reached":21,"language":"KOR","playtime":466,"items_purged":["Doubt"],"score":394,"play_id":"4ba576aa-1b26-4ee1-a768-d3068976c836","local_time":"20210218201952","is_ascension_mode":true,"campfire_choices":[{"data":"Streamline","floor":6,"key":"SMITH"},{"floor":11,"key":"REST"},{"floor":15,"key":"REST"}],"circlet_count":0,"master_deck":["AscendersBane","Strike_B","Defend_B","Defend_B","Defend_B","Defend_B","Zap","Dualcast","Streamline+1","Ball Lightning","Beam Cell","Recycle","Loop","Lockon","Hello World","Steam","Core Surge","Thunder Strike","Genetic Algorithm+1","Fusion+1","Reinforced Body+1","Turbo"],"relics":["Cracked Core","NeowsBlessing","Vajra","Pen Nib","Toy Ornithopter","OrangePellets","DataDisk","Omamori","Astrolabe"],"acts_visited":["Exordium","TheCity"],"potions_floor_usage":[12,14,16,16,18],"damage_taken":[{"damage":0,"enemies":"2 Louse","floor":1,"turns":1},{"damage":0,"enemies":"Cultist","floor":3,"turns":1},{"damage":0,"enemies":"Small Slimes","floor":5,"turns":1},{"damage":40,"enemies":"3 Sentries","floor":7,"turns":7},{"damage":0,"enemies":"2 Fungi Beasts","floor":8,"turns":3},{"damage":20,"enemies":"Lagavulin","floor":12,"turns":5},{"damage":21,"enemies":"Exordium Thugs","floor":13,"turns":3},{"damage":10,"enemies":"Gremlin Nob","floor":14,"turns":3},{"damage":34,"enemies":"Hexaghost","floor":16,"turns":6},{"damage":31,"enemies":"3 Byrds","floor":18,"turns":6},{"damage":29,"enemies":"2 Thieves","floor":21,"turns":2}],"seed_played":"8826246453761598526","potions_obtained":[{"floor":7,"key":"PowerPotion"},{"floor":8,"key":"FearPotion"},{"floor":13,"key":"LiquidBronze"},{"floor":14,"key":"LiquidBronze"},{"floor":16,"key":"SpeedPotion"},{"floor":18,"key":"FocusPotion"}],"is_trial":false,"path_per_floor":["M","?","M","?","M","R","E","M","T","$","R","E","M","E","R","B",null,"M","?","?","M"],"character_chosen":"DEFECT","items_purchased":["OrangePellets","Loop","Lockon"],"campfire_rested":2,"item_purchase_floors":[10,10,10],"current_hp_per_floor":[64,64,64,64,64,64,24,24,24,24,45,30,9,4,25,1,54,28,28,28,0,0],"gold":132,"neow_bonus":"THREE_ENEMY_KILL","is_daily":false,"chose_seed":false,"campfire_upgraded":1,"win_rate":0.0,"timestamp":1613647192,"path_taken":["M","?","?","?","M","R","E","M","T","$","R","E","M","E","R","BOSS","M","?","?","?"],"items_purchased_type":["Relic","Card","Card"],"build_version":"2020-12-22","purchased_purges":1,"victory":false,"max_hp_per_floor":[71,71,71,71,71,71,71,71,71,71,71,71,71,71,71,71,71,71,71,71,71,71],"relic_stats":{"OrangePellets":[1],"counters":[11,38],"Astrolabe":["Genetic Algorithm","Fusion","Reinforced Body"],"Pen Nib":[4],"obtain_stats":[{"OrangePellets":10,"DataDisk":12,"NeowsBlessing":0,"Astrolabe":17,"Vajra":2,"Pen Nib":7,"Omamori":14,"Cracked Core":0,"Toy Ornithopter":9},{"OrangePellets":5,"DataDisk":6,"NeowsBlessing":0,"Astrolabe":9,"Vajra":1,"Pen Nib":4,"Omamori":8,"Cracked Core":0,"Toy Ornithopter":5},{"OrangePellets":13,"DataDisk":18,"NeowsBlessing":0,"Astrolabe":30,"Vajra":1,"Pen Nib":10,"Omamori":24,"Cracked Core":0,"Toy Ornithopter":13}],"Toy Ornithopter":25},"card_choices":[{"not_picked":["Leap","Beam Cell"],"picked":"Ball Lightning","floor":1},{"not_picked":["Stack","Glacier"],"picked":"Streamline","floor":3},{"not_picked":["Redo","Undo"],"picked":"Ball Lightning","floor":5},{"not_picked":["Go for the Eyes","Rebound"],"picked":"Beam Cell","floor":7},{"not_picked":["Ball Lightning","Redo"],"picked":"Recycle","floor":8},{"not_picked":["Hologram","Compile Driver"],"picked":"Hello World","floor":12},{"not_picked":["Barrage","Conserve Battery"],"picked":"Steam","floor":13},{"not_picked":["Blizzard","Coolheaded"],"picked":"Core Surge","floor":14},{"not_picked":["Meteor Strike","Reboot"],"picked":"Thunder Strike","floor":16},{"not_picked":["Gash+1","Steam"],"picked":"Turbo","floor":18}],"player_experience":2915559,"relics_obtained":[{"floor":7,"key":"Pen Nib"},{"floor":9,"key":"Toy Ornithopter"},{"floor":12,"key":"DataDisk"},{"floor":14,"key":"Omamori"}],"event_choices":[{"cards_removed":["Ball Lightning"],"damage_healed":0,"gold_gain":0,"player_choice":"Gave Card","damage_taken":0,"relics_obtained":["Vajra"],"max_hp_gain":0,"max_hp_loss":0,"event_name":"WeMeetAgain","floor":2,"gold_loss":0},{"damage_healed":0,"gold_gain":150,"player_choice":"AGREE","damage_taken":0,"max_hp_gain":0,"max_hp_loss":0,"event_name":"Liars Game","floor":4,"gold_loss":0,"cards_obtained":["Doubt"]},{"damage_healed":0,"gold_gain":50,"player_choice":"Stole From Cult","damage_taken":0,"max_hp_gain":0,"max_hp_loss":0,"event_name":"Nest","floor":19,"gold_loss":0},{"damage_healed":0,"gold_gain":0,"player_choice":"Ignored","damage_taken":0,"max_hp_gain":0,"max_hp_loss":0,"event_name":"Cursed Tome","floor":20,"gold_loss":0}],"is_beta":false,"boss_relics":[{"not_picked":["Black Star","Runic Pyramid"],"picked":"Astrolabe"}],"items_purged_floors":[10],"is_endless":false,"potions_floor_spawned":[7,8,13,14,16,18],"killed_by":"2 Thieves","ascension_level":20}}