{"host":"nhhqxetgwwd7qseb","time":1613635151,"event":{"mods":["ATMod(阿瑾Mod)","Act Like it!","BaseMod","Chen","Dota2Spire","Downfall","Energized Spire","Gensokyo","GungeonMod","Hallownest","Hermit","Koishi","LagranYue(拉格朗・月)","Marisa（F雨　魔理沙）","Minty Spire (QoL Compilation)","Quick Restart","Rare Cards Sparkle","Reimu（博丽灵梦）","Remilia（蕾米莉亚）","Replay The Spire","SOS（斯巴达之子）","StSLib","The Alterego","The Bladedancer","The Bug Knight","The Senshi","The Servant 0.9.4","TheWitcher","UnlockEverythingMod","WarShipGirlsR/战舰少女R mod","Warlord Emblem","Yakumo Yukari mod","Youmu（魂魄妖梦）","【功能Mod】混沌之环修复补丁","【功能Mod】聪明的最终Boss","【遗物卡牌】REMEMod"],"gold_per_floor":[112,149,62,78,96,142,142,200,200,200,200,265,265,287,287,321,321],"floor_reached":16,"language":"ZHS","playtime":849,"items_purged":[],"score":137,"play_id":"34ed1330-aef6-4429-a381-5dc8f39b5929","local_time":"20210218155911","is_ascension_mode":false,"campfire_choices":[{"data":"ForecastOfChange","floor":7,"key":"SMITH"},{"data":"Gunstinger","floor":11,"key":"SMITH"},{"data":"DT","floor":13,"key":"SMITH"}],"circlet_count":0,"master_deck":["Attack_a","Attack_a","Attack_b","Shoot","Shoot","Provocation","Defend_Dante","Defend_Dante","Defend_Dante","Defend_Dante","Redorb","CoyoteA","Trickster","Weaponchange+1","EbonyIvory","Chargeshoot","ForecastOfChange+1","Gunstinger+1","Chargeshoot2","DT+1","DT","Millionkick"],"relics":["SSS","Combocheck","REME_ComplimentaryCards","AT_ATBox","Nunchaku","Snack Pack","WarlordEmblem:GoldMime"],"acts_visited":["Exordium"],"potions_floor_usage":[6,8,8,16],"damage_taken":[{"damage":4.0,"enemies":"Cultist","floor":1.0,"turns":5.0},{"damage":0.0,"enemies":"Small Slimes","floor":2.0,"turns":5.0},{"damage":4,"enemies":"2 Louse","floor":4,"turns":2},{"damage":8,"enemies":"Lots of Slimes","floor":5,"turns":4},{"damage":18,"enemies":"Lagavulin","floor":6,"turns":6},{"damage":12,"enemies":"Gremlin Nob","floor":8,"turns":2},{"damage":8,"enemies":"Large Slime","floor":12,"turns":5},{"damage":9,"enemies":"Looter","floor":14,"turns":3},{"damage":34,"enemies":"Slime Boss","floor":16,"turns":6}],"seed_played":"1956997550625234920","potions_obtained":[{"floor":0.0,"key":"Ancient Potion"},{"floor":0.0,"key":"Death Potion"},{"floor":0.0,"key":"Fire Potion"},{"floor":4,"key":"DemoMod:LeadSkinPotion"},{"floor":6,"key":"REME_GoldPotion"},{"floor":14,"key":"SpeedPotion"}],"is_trial":false,"path_per_floor":["M","M","$","M","M","E","R","E","T","?","R","M","R","M","R","B"],"character_chosen":"DANTE","items_purchased":["Weaponchange+1","EbonyIvory"],"campfire_rested":0,"item_purchase_floors":[3,3],"current_hp_per_floor":[76,76,76,72,64,46,46,34,34,34,34,34,34,25,25,0,0],"gold":321,"neow_bonus":"THREE_SMALL_POTIONS","is_daily":false,"chose_seed":false,"campfire_upgraded":3,"win_rate":0.0,"timestamp":1613635151,"path_taken":["M","M","?","M","M","E","R","E","T","?","R","M","R","?","R","BOSS"],"items_purchased_type":["Card","Card"],"build_version":"2020-12-22","purchased_purges":0,"victory":false,"max_hp_per_floor":[80,80,80,80,80,80,80,80,80,80,80,80,80,80,80,80,80],"card_choices":[{"not_picked":["Honeycombofire","LucifercomboB"],"picked":"CoyoteA","floor":1.0},{"not_picked":["LucifercomboB","Hightime"],"picked":"Trickster","floor":2.0},{"not_picked":["Straight","Greenorb"],"picked":"SSScard","floor":4},{"not_picked":["Royaldefend","LucifercomboD"],"picked":"Chargeshoot","floor":5},{"not_picked":["Dash2","Swordmaster"],"picked":"Gunstinger","floor":6},{"not_picked":["LucifercomboA","Rebellion"],"picked":"Chargeshoot2","floor":8},{"not_picked":["Hightime","Swordmaster"],"picked":"DT","floor":12},{"not_picked":["Straight","Ecstasy"],"picked":"DT","floor":14}],"player_experience":91221,"relics_obtained":[{"floor":6,"key":"Nunchaku"},{"floor":8,"key":"Snack Pack"},{"floor":9,"key":"WarlordEmblem:GoldMime"}],"event_choices":[{"damage_healed":0,"gold_gain":0,"cards_transformed":["SSScard"],"player_choice":"Transformed","damage_taken":0,"max_hp_gain":0,"max_hp_loss":0,"event_name":"Transmorgrifier","floor":10,"gold_loss":0,"cards_obtained":["Ecstasy"]}],"is_beta":false,"boss_relics":[],"items_purged_floors":[],"is_endless":false,"potions_floor_spawned":[1,4,6,14],"killed_by":"Slime Boss","ascension_level":0}}