{"host":"7s0ipaqx8m4pdduf","time":1613661654,"event":{"mods":["BaseMod","BetterRewards","Colored Map","Infinite Spire","Minty Spire (QoL Compilation)","StSLib","SuperFastMode","The Animator"],"gold_per_floor":[116,131,150,161,236,268,268,302,302,302,319,336,486,192,192,266,266,280,293,312,312,227,227,242,242,242,242,242,255,355,370,370,445,445,462,475,475,475,49,77,96,5,5,24,24,24,59,74,74,74],"floor_reached":51,"language":"ENG","playtime":1667,"items_purged":["Doubt","Decay","Acrobatics"],"score":1727,"play_id":"fa4cfbd1-f5ff-4016-b42a-a36c33fbe590","local_time":"20210218162054","is_ascension_mode":true,"campfire_choices":[{"floor":7,"key":"REST"},{"data":"Apotheosis","floor":15,"key":"SMITH"},{"floor":23,"key":"REST"},{"floor":25,"key":"REST"},{"floor":32,"key":"REST"},{"floor":49,"key":"REST"}],"circlet_count":0,"master_deck":["AscendersBane","Survivor","Apotheosis+1","Bane","Terror","Quick Slash","All Out Attack","Tools of the Trade","Dagger Spray","PiercingWail","Footwork","After Image","Poisoned Stab+1","infinitespire:Collect","Deflect+1","Unload","Blur","Crippling Poison","Skewer","Cloak And Dagger","Adrenaline","Poisoned Stab","Leg Sweep","Phantasmal Killer","Reflex","Mayhem","Caltrops","Bouncing Flask","Sucker Punch+1","Noxious Fumes","Cloak And Dagger+1"],"relics":["Ring of the Snake","Mango","Paper Crane","infinitespire:EmpoweringShard","infinitespire:WardingShard","Pear","Vajra","Fusion Hammer","PreservedInsect","Oddly Smooth Stone","Bird Faced Urn","White Beast Statue","Pandora\u0027s Box","Membership Card","Snake Skull","Blood Vial","TwistedFunnel","Ornamental Fan","Regal Pillow"],"acts_visited":["Exordium","TheCity","TheBeyond"],"potions_floor_usage":[8,19,30,50],"damage_taken":[{"damage":4,"enemies":"Jaw Worm","floor":1,"turns":5},{"damage":1,"enemies":"2 Louse","floor":2,"turns":4},{"damage":0,"enemies":"Cultist","floor":3,"turns":3},{"damage":5,"enemies":"3 Louse","floor":4,"turns":3},{"damage":8,"enemies":"Lagavulin","floor":6,"turns":6},{"damage":9,"enemies":"Gremlin Nob","floor":8,"turns":4},{"damage":2,"enemies":"Looter","floor":11,"turns":2},{"damage":6,"enemies":"2 Fungi Beasts","floor":12,"turns":2},{"damage":0,"enemies":"Slime Boss","floor":16,"turns":6},{"damage":3,"enemies":"3 Byrds","floor":18,"turns":4},{"damage":7,"enemies":"2 Thieves","floor":19,"turns":4},{"damage":12,"enemies":"Snake Plant","floor":20,"turns":4},{"damage":11,"enemies":"Snecko","floor":24,"turns":5},{"damage":13,"enemies":"Centurion and Healer","floor":29,"turns":5},{"damage":8,"enemies":"Colosseum Slavers","floor":30,"turns":3},{"damage":1,"enemies":"Colosseum Nobs","floor":30,"turns":3},{"damage":6,"enemies":"3 Cultists","floor":31,"turns":4},{"damage":7,"enemies":"Champ","floor":33,"turns":12},{"damage":5,"enemies":"3 Shapes","floor":35,"turns":3},{"damage":1,"enemies":"Orb Walker","floor":36,"turns":3},{"damage":0,"enemies":"Giant Head","floor":40,"turns":6},{"damage":4,"enemies":"3 Darklings","floor":41,"turns":3},{"damage":6,"enemies":"Sphere and 2 Shapes","floor":44,"turns":4},{"damage":7,"enemies":"Reptomancer","floor":47,"turns":4},{"damage":23,"enemies":"Jaw Worm Horde","floor":48,"turns":3},{"damage":3,"enemies":"Donu and Deca","floor":50,"turns":7}],"seed_played":"-6787349393736133779","potions_obtained":[{"floor":1,"key":"Swift Potion"},{"floor":2,"key":"LiquidMemories"},{"floor":12,"key":"infinitespire:BlackPotion"},{"floor":19,"key":"DistilledChaos"},{"floor":31,"key":"BlessingOfTheForge"},{"floor":35,"key":"Block Potion"},{"floor":46,"key":"infinitespire:BlackPotion"}],"is_trial":false,"path_per_floor":["M","M","M","M","?","E","R","E","T","?","M","M","?","$","R","B",null,"M","M","M","?","?","R","M","R","T","?","AVR","M","?","M","R","B",null,"M","M","?","?","$","E","M","$","T","M","AVR","?","E","M","R","B",null],"character_chosen":"THE_SILENT","items_purchased":["Apotheosis","Vajra","Footwork","Membership Card","Mayhem","Caltrops","Snake Skull","Bouncing Flask","Noxious Fumes","TwistedFunnel"],"campfire_rested":5,"item_purchase_floors":[0,14,14,39,39,39,39,39,42,42],"current_hp_per_floor":[48,47,47,42,31,23,47,38,38,48,46,40,40,40,40,40,78,75,68,56,56,56,83,72,90,90,90,90,77,68,68,90,86,89,87,88,88,88,88,90,90,90,90,88,88,88,87,73,90,89],"gold":74,"neow_bonus":"","is_daily":false,"chose_seed":false,"campfire_upgraded":1,"win_rate":0.0,"timestamp":1613661654,"path_taken":["M","M","M","M","?","E","R","E","T","?","M","M","?","$","R","BOSS","M","M","M","?","?","R","M","R","T","?","AVR","?","?","M","R","BOSS","M","M","?","?","?","E","M","?","T","M","AVR","?","E","?","R","BOSS"],"items_purchased_type":["Card","Relic","Card","Relic","Card","Card","Relic","Card","Card","Relic"],"build_version":"2020-12-22","purchased_purges":3,"victory":true,"max_hp_per_floor":[80,80,80,80,80,80,80,80,80,90,90,90,90,90,90,90,90,90,90,90,90,90,90,90,90,90,90,90,90,90,90,90,90,90,90,90,90,90,90,90,90,90,90,90,90,90,90,90,90,90],"card_choices":[{"not_picked":["Cloak And Dagger","Riddle With Holes"],"picked":"Terror","floor":1},{"not_picked":["Flying Knee","Prepared","Eviscerate"],"picked":"SKIP","floor":2},{"not_picked":["Outmaneuver","Skewer"],"picked":"Quick Slash","floor":3},{"not_picked":["Dagger Throw","Flechettes"],"picked":"All Out Attack","floor":4},{"not_picked":["Prepared","Blade Dance"],"picked":"Tools of the Trade","floor":6},{"not_picked":["Backflip","Flying Knee","Bouncing Flask"],"picked":"SKIP","floor":8},{"not_picked":["Acrobatics","Tactician"],"picked":"Dagger Spray","floor":11},{"not_picked":["Blur","Acrobatics"],"picked":"PiercingWail","floor":12},{"not_picked":["Unload","Malaise"],"picked":"After Image","floor":16},{"not_picked":["Escape Plan","Deflect","Flying Knee"],"picked":"SKIP","floor":18},{"not_picked":["Heel Hook","Dagger Spray","Quick Slash"],"picked":"SKIP","floor":19},{"not_picked":["Sucker Punch","Choke+1"],"picked":"Poisoned Stab+1","floor":20},{"not_picked":["Outmaneuver","Reflex","Slice"],"picked":"SKIP","floor":24},{"not_picked":["Calculated Gamble","Tools of the Trade"],"picked":"Deflect+1","floor":29},{"not_picked":["Riddle With Holes","Underhanded Strike","Bane"],"picked":"SKIP","floor":31},{"not_picked":["Wraith Form v2","Glass Knife"],"picked":"Unload","floor":33},{"not_picked":["Concentrate+1","Dagger Spray","Outmaneuver+1"],"picked":"SKIP","floor":35},{"not_picked":["Acrobatics","Crippling Poison","Outmaneuver"],"picked":"SKIP","floor":36},{"not_picked":["Outmaneuver","Backflip","Flying Knee"],"picked":"SKIP","floor":40},{"not_picked":["Poisoned Stab","Slice+1"],"picked":"Sucker Punch+1","floor":41},{"not_picked":["Outmaneuver","Bane"],"picked":"Cloak And Dagger+1","floor":44},{"not_picked":["Cloak And Dagger","Heel Hook","Bane"],"picked":"SKIP","floor":47},{"not_picked":["Slice","Distraction","Deadly Poison"],"picked":"SKIP","floor":48}],"player_experience":2414473,"relics_obtained":[{"floor":6,"key":"Paper Crane"},{"floor":8,"key":"infinitespire:EmpoweringShard"},{"floor":9,"key":"infinitespire:WardingShard"},{"floor":26,"key":"Oddly Smooth Stone"},{"floor":30,"key":"Bird Faced Urn"},{"floor":30,"key":"White Beast Statue"},{"floor":40,"key":"Blood Vial"},{"floor":43,"key":"Ornamental Fan"},{"floor":47,"key":"Regal Pillow"}],"event_choices":[{"damage_healed":0,"gold_gain":75,"player_choice":"Gather Gold","damage_taken":11,"max_hp_gain":0,"max_hp_loss":0,"event_name":"World of Goop","floor":5,"gold_loss":0},{"damage_healed":0,"gold_gain":0,"player_choice":"Searched \u00271\u0027 times","damage_taken":0,"relics_obtained":["Pear"],"max_hp_gain":0,"max_hp_loss":0,"event_name":"Dead Adventurer","floor":10,"gold_loss":0},{"damage_healed":0,"gold_gain":150,"player_choice":"AGREE","damage_taken":0,"max_hp_gain":0,"max_hp_loss":0,"event_name":"Liars Game","floor":13,"gold_loss":0,"cards_obtained":["Doubt"]},{"damage_healed":0,"gold_gain":0,"player_choice":"Ignored","damage_taken":0,"max_hp_gain":0,"max_hp_loss":0,"event_name":"Ghosts","floor":21,"gold_loss":0},{"damage_healed":0,"gold_gain":0,"player_choice":"Obtained Relic","damage_taken":0,"relics_obtained":["PreservedInsect"],"max_hp_gain":0,"max_hp_loss":0,"event_name":"Addict","floor":22,"gold_loss":85},{"damage_healed":0,"gold_gain":0,"player_choice":"Cursed","damage_taken":0,"max_hp_gain":0,"max_hp_loss":0,"event_name":"Wheel of Change","floor":27,"gold_loss":0,"cards_obtained":["Decay"]},{"damage_healed":0,"gold_gain":0,"player_choice":"Fight","damage_taken":0,"max_hp_gain":0,"max_hp_loss":0,"event_name":"Colosseum","floor":30,"gold_loss":0},{"damage_healed":0,"gold_gain":0,"player_choice":"Fought Nobs","damage_taken":0,"max_hp_gain":0,"max_hp_loss":0,"event_name":"Colosseum","floor":30,"gold_loss":0},{"damage_healed":0,"gold_gain":0,"player_choice":"Memory 1","damage_taken":0,"max_hp_gain":0,"max_hp_loss":0,"event_name":"SensoryStone","floor":37,"gold_loss":0},{"cards_removed":["Neutralize"],"damage_healed":0,"gold_gain":0,"player_choice":"Removed Attack","damage_taken":0,"max_hp_gain":0,"max_hp_loss":0,"event_name":"Falling","floor":38,"gold_loss":0},{"damage_healed":0,"gold_gain":0,"player_choice":"Got Potions","damage_taken":0,"max_hp_gain":0,"max_hp_loss":0,"event_name":"Lab","floor":46,"gold_loss":0}],"is_beta":false,"boss_relics":[{"not_picked":["SacredBark","Velvet Choker"],"picked":"Fusion Hammer"},{"not_picked":["infinitespire:Cupcake","Coffee Dripper"],"picked":"Pandora\u0027s Box"}],"items_purged_floors":[14,39,45],"is_endless":false,"potions_floor_spawned":[1,2,12,18,19,20,30,31,33,35,36,40,41,44,47,48],"ascension_level":15}}