{"host":"ijtyqc57s6c9mbij","time":1613610430,"event":{"mods":["BaseMod","Colored Map","Downfall","Minty Spire (QoL Compilation)","StSLib"],"gold_per_floor":[99,117,133,133,149,134,134,50,129,140,240,259,293,293,307,307,307,307],"floor_reached":16,"language":"ENG","playtime":1483,"items_purged":[],"score":112,"play_id":"8fd3558f-6656-4435-8c36-c17c616ce3af","local_time":"20210217170710","is_ascension_mode":true,"campfire_choices":[{"data":"champ:Taunt","floor":1,"key":"SMITH"}],"circlet_count":0,"master_deck":["champ:Strike","champ:Strike","champ:Defend","champ:Execute","champ:Taunt+1","champ:StanceDance","champ:BringItOn","champ:EnragedBash","champ:EndlessRage","champ:MurderStrike","champ:SwordSigil","champ:BerserkerStyle","champ:TornadoPunch","champ:Lariat+1","champ:IgnorePain","champ:IronFortress","champ:BerserkerStyle","champ:EnGarde"],"relics":["Empty Cage","HornCleat","Darkstone Periapt","TungstenRod","champ:LiftRelic"],"acts_visited":["Exordium"],"potions_floor_usage":[11,11,13,16],"damage_taken":[{"damage":22,"enemies":"Jaw Worm","floor":2,"turns":5},{"damage":12,"enemies":"Cultist","floor":3,"turns":4},{"damage":10,"enemies":"2 Louse","floor":5,"turns":3},{"damage":10,"enemies":"downfall:FleeingMerchant","floor":6,"turns":4},{"damage":25,"enemies":"downfall:FleeingMerchant","floor":8,"turns":4},{"damage":71,"enemies":"Exordium Wildlife","floor":10,"turns":5},{"damage":36,"enemies":"downfall:Heads","floor":11,"turns":6},{"damage":50,"enemies":"Large Slime","floor":12,"turns":5},{"damage":57,"enemies":"Lagavulin","floor":13,"turns":5},{"damage":23,"enemies":"3 Louse","floor":15,"turns":4},{"damage":82,"enemies":"IC_STATUS_ARCHETYPE","floor":16,"turns":8}],"seed_played":"-6184341690873069477","potions_obtained":[{"floor":2,"key":"Regen Potion"},{"floor":10,"key":"hexamod:SoulburnPotion"},{"floor":12,"key":"AttackPotion"},{"floor":15,"key":"SpeedPotion"}],"is_trial":false,"path_per_floor":["R","M","M","?","M","$","T","$","T","M","?","M","E","?","M","B"],"character_chosen":"THE_CHAMP","items_purchased":["champ:BerserkerStyle"],"campfire_rested":0,"item_purchase_floors":[8],"current_hp_per_floor":[90,88,86,86,86,86,86,86,86,68,54,42,25,25,34,0,0,0],"gold":307,"neow_bonus":"BOSS_RELIC","is_daily":false,"chose_seed":false,"campfire_upgraded":1,"win_rate":0.0,"timestamp":1613610430,"path_taken":["R","M","M","?","M","?","T","$","?","M","?","?","E","?","M","BOSS"],"items_purchased_type":["Card"],"build_version":"2020-12-22","purchased_purges":0,"victory":false,"max_hp_per_floor":[90,90,90,90,90,90,90,90,90,90,90,90,90,90,90,90,90,90],"card_choices":[{"not_picked":["champ:ArenaPreparation","champ:EnGarde"],"picked":"champ:StanceDance","floor":2},{"not_picked":["champ:Haymaker","champ:TornadoPunch"],"picked":"champ:BringItOn","floor":3},{"not_picked":["champ:PreciseThrust","champ:FlashCut"],"picked":"champ:EndlessRage","floor":5},{"not_picked":["champ:PerfectedStrike","champ:ViciousMockery"],"picked":"champ:MurderStrike","floor":6},{"not_picked":["champ:FalseCounter","champ:GutPunch"],"picked":"champ:SwordSigil","floor":8},{"not_picked":["champ:BringItOn","champ:DefensiveShout"],"picked":"champ:TornadoPunch","floor":10},{"not_picked":["champ:Circumvent","champ:TornadoPunch"],"picked":"champ:IgnorePain","floor":11},{"not_picked":["champ:PerfectedStrike","champ:EnGarde"],"picked":"champ:IronFortress","floor":12},{"not_picked":["champ:GutPunch","champ:PerfectedStrike"],"picked":"champ:BerserkerStyle","floor":13},{"not_picked":["champ:StanceDance","champ:ShieldSigil"],"picked":"champ:EnGarde","floor":15}],"player_experience":1001550,"relics_obtained":[{"floor":7,"key":"HornCleat"},{"floor":9,"key":"Darkstone Periapt"},{"floor":13,"key":"TungstenRod"}],"event_choices":[],"is_beta":false,"boss_relics":[],"items_purged_floors":[],"is_endless":false,"potions_floor_spawned":[2,10,12,15],"killed_by":"IC_STATUS_ARCHETYPE","ascension_level":2}}