{"host":"ogz7heqpirojfnr2","time":1613645836,"event":{"mods":["BaseMod","KinomotoSakuraMod(木之本樱)","Marisa（F雨　魔理沙）","Minty Spire (QoL Compilation)","Remilia（蕾米莉亚）","Replay The Spire","RumiaBox-露米娅的神秘盒子","StSLib","The Animator","The Servant 0.9.4","WarShipGirlsR/战舰少女R mod","Youmu（魂魄妖梦）","Yuri Mod","Yuyuko"],"gold_per_floor":[111,135,152,77,77,104,104,5,5,31,31,46,59,94,94,191,191,209,225,225,244,244,244,244,256,281,281,281],"floor_reached":27,"language":"ZHS","playtime":924,"items_purged":["rmod:strick"],"score":269,"play_id":"0e6540cc-8278-4c75-8866-ef2eb452bbfc","local_time":"20210218185716","is_ascension_mode":true,"campfire_choices":[{"data":"rmod:mineteam","floor":7,"key":"SMITH"},{"floor":11,"key":"REST"},{"floor":15,"key":"REST"},{"floor":23,"key":"REST"}],"circlet_count":0,"master_deck":["rmod:strick","rmod:strick","rmod:defend","rmod:defend","rmod:defend","rmod:basicallowance","rmod:maingunfire","rmod:fletcherpendant","rmod:u235","rmod:mineteam+1","rmod:launchingtorpedo","rmod:launchingtorpedo","rmod:intelligenceanalysis","rmod:ammunitionsupply","rmod:abidefaith","rmod:overbreakdown","rmod:secretscript","rmod:bulid+1","rmod:slowdown","Writhe","rmod:aggressivemary","rmod:luckystar+1","Regret"],"relics":["rmod:firstchargereward","NeowsBlessing","Replay:Rubber Ducky","Gremlin Horn","Pear","HornCleat","Art of War","Cursed Key","Vajra","Nilry\u0027s Codex","Replay:Mystery Machine"],"acts_visited":["Exordium","TheCity"],"potions_floor_usage":[14,14],"damage_taken":[{"damage":0,"enemies":"Cultist","floor":1,"turns":1},{"damage":0,"enemies":"Jaw Worm","floor":3,"turns":1},{"damage":0,"enemies":"Lagavulin","floor":6,"turns":1},{"damage":30,"enemies":"3 Sentries","floor":10,"turns":6},{"damage":11,"enemies":"2 Louse","floor":12,"turns":2},{"damage":14,"enemies":"Large Slime","floor":13,"turns":3},{"damage":10,"enemies":"Lagavulin","floor":14,"turns":5},{"damage":57,"enemies":"Hexaghost","floor":16,"turns":10},{"damage":6,"enemies":"Shell Parasite","floor":18,"turns":5},{"damage":28,"enemies":"2 Thieves","floor":19,"turns":4},{"damage":6,"enemies":"Shelled Parasite and Fungi","floor":21,"turns":4},{"damage":38,"enemies":"3 Cultists","floor":25,"turns":6},{"damage":19,"enemies":"Snake Plant","floor":27,"turns":2}],"seed_played":"6598819539614105912","potions_obtained":[{"floor":1,"key":"Swift Potion"},{"floor":6,"key":"ColorlessPotion"},{"floor":10,"key":"PowerPotion"},{"floor":19,"key":"Weak Potion"},{"floor":21,"key":"ColorlessPotion"}],"is_trial":false,"path_per_floor":["M","T","M","$","?","E","R","$","T","E","R","M","M","E","R","B",null,"M","M","?","M","?","R","?","M","T","M"],"character_chosen":"PRAEFECT","items_purchased":["rmod:launchingtorpedo","rmod:intelligenceanalysis"],"campfire_rested":3,"item_purchase_floors":[8,8],"current_hp_per_floor":[75,75,75,75,68,68,68,68,78,48,73,62,48,38,63,6,85,79,51,51,45,45,70,54,16,16,0,0],"gold":281,"neow_bonus":"THREE_ENEMY_KILL","is_daily":false,"chose_seed":false,"campfire_upgraded":1,"win_rate":0.0,"timestamp":1613645836,"path_taken":["M","?","M","?","?","E","R","$","T","E","R","M","?","E","R","BOSS","M","M","?","M","?","R","?","M","T","?"],"items_purchased_type":["Card","Card"],"build_version":"2020-12-22","purchased_purges":1,"victory":false,"max_hp_per_floor":[75,75,75,75,75,75,75,75,85,85,85,85,85,85,85,85,85,85,85,85,85,85,85,85,85,85,85,85],"card_choices":[{"not_picked":["rmod:combined","rmod:slowdown"],"picked":"rmod:fletcherpendant","floor":1},{"not_picked":["rmod:fuelsupply","rmod:victimresponsibility"],"picked":"rmod:u235","floor":3},{"not_picked":["rmod:fuelsupply","rmod:tearstotiara"],"picked":"rmod:mineteam","floor":6},{"not_picked":["rmod:steelsupply","rmod:intelligenceanalysis","rmod:goodfighter"],"picked":"SKIP","floor":10},{"not_picked":["rmod:overbreakdown","rmod:circuitoustactics"],"picked":"rmod:ammunitionsupply","floor":12},{"not_picked":["rmod:ammunitionsupply","rmod:tearstotiara"],"picked":"rmod:abidefaith","floor":13},{"not_picked":["rmod:sl","rmod:tearstotiara"],"picked":"rmod:overbreakdown","floor":14},{"not_picked":["rmod:ridicule","rmod:windflower"],"picked":"rmod:secretscript","floor":16},{"not_picked":["rmod:intelligenceanalysis+1","rmod:fletcherpendant+1"],"picked":"rmod:bulid+1","floor":18},{"not_picked":["rmod:fuelsupply+1","rmod:sl"],"picked":"rmod:slowdown","floor":19},{"not_picked":["rmod:wolves","rmod:steelsupply"],"picked":"rmod:aggressivemary","floor":21},{"not_picked":["rmod:aviationdawn","rmod:tearstotiara"],"picked":"rmod:luckystar+1","floor":25}],"player_experience":131064,"relics_obtained":[{"floor":2,"key":"Replay:Rubber Ducky"},{"floor":6,"key":"Gremlin Horn"},{"floor":9,"key":"Pear"},{"floor":10,"key":"HornCleat"},{"floor":14,"key":"Art of War"},{"floor":24,"key":"Nilry\u0027s Codex"},{"floor":26,"key":"Replay:Mystery Machine"}],"event_choices":[{"cards_removed":["rmod:defend"],"damage_healed":0,"gold_gain":0,"player_choice":"Card Removal","damage_taken":7,"max_hp_gain":0,"max_hp_loss":0,"event_name":"Golden Wing","floor":5,"gold_loss":0},{"damage_healed":0,"gold_gain":0,"player_choice":"Opened","damage_taken":0,"relics_obtained":["Vajra"],"max_hp_gain":0,"max_hp_loss":0,"event_name":"The Mausoleum","floor":20,"gold_loss":0,"cards_obtained":["Writhe"]},{"cards_removed":["rmod:strick"],"damage_healed":0,"gold_gain":0,"player_choice":"Elegance","damage_taken":0,"max_hp_gain":0,"max_hp_loss":0,"event_name":"Back to Basics","floor":22,"gold_loss":0},{"damage_healed":0,"gold_gain":0,"player_choice":"Obtained Book","damage_taken":16,"max_hp_gain":0,"max_hp_loss":0,"event_name":"Cursed Tome","floor":24,"gold_loss":0}],"is_beta":false,"boss_relics":[{"not_picked":["Calling Bell","Abe\u0027s Treasure"],"picked":"Cursed Key"}],"items_purged_floors":[4],"is_endless":false,"potions_floor_spawned":[1,6,10,12,19,21],"killed_by":"Snake Plant","ascension_level":1}}