{"host":"kh6fvhxn285ncg0o","time":1613608679,"event":{"mods":["Act Like it!","BaseMod","Colored Map","Friendly Minions","Keyboard Shortcuts","Minty Spire (QoL Compilation)","Quick Restart","Relic Stats","StSLib","SuperFastMode","UnlockEverythingMod"],"gold_per_floor":[116,76,92,167,180,210,175,207,207,224,259,275,308,308,308,407,470,493,493,509,784,384,434,449,449,449,449,449,449,484,516,516,620,692,713,747,780,807,807,840,840,876,876,876,400,430,430,137,137,137,137,137,137,41,94,94],"floor_reached":57,"language":"KOR","playtime":2010,"items_purged":["Strike_R","Regret","Bash"],"score":2881,"play_id":"96741ea4-4426-40d6-9923-d72005e97220","local_time":"20210218093759","is_ascension_mode":true,"campfire_choices":[{"data":"Armaments","floor":15.0,"key":"SMITH"},{"data":"Offering","floor":25,"key":"SMITH"},{"data":"Battle Trance","floor":27,"key":"SMITH"},{"data":"Dual Wield","floor":29,"key":"SMITH"},{"data":"Evolve","floor":32,"key":"SMITH"},{"floor":41,"key":"RECALL"},{"data":"Burning Pact","floor":44,"key":"SMITH"},{"data":"Armaments","floor":49,"key":"SMITH"},{"data":"Shrug It Off","floor":53,"key":"SMITH"}],"circlet_count":0,"master_deck":["AscendersBane","Uppercut","Inflame+1","Seeing Red","Reaper","Battle Trance+1","Disarm","Evolve+1","Armaments+1","Offering+1","Carnage","Dual Wield+1","Inflame+1","Shockwave","Fiend Fire","Corruption","Armaments+1","Headbutt","Iron Wave","Evolve","Shockwave","Heavy Blade","Shrug It Off+1","Warcry+1","Burning Pact+1","Sever Soul","Shrug It Off","Exhume","Finesse","Second Wind"],"relics":["Runic Dome","Letter Opener","Du-Vu Doll","Thread and Needle","Nunchaku","Ancient Tea Set","Golden Idol","Tiny House","Red Skull","Toolbox","CeramicFish","TungstenRod","Bag of Preparation","Pandora\u0027s Box","Lizard Tail","Paper Frog","Sundial","FossilizedHelix","Orichalcum"],"acts_visited":["Exordium","TheCity","TheBeyond","TheEnding"],"potions_floor_usage":[18,30,56],"damage_taken":[{"damage":6.0,"enemies":"2 Louse","floor":1.0,"turns":2.0},{"damage":0.0,"enemies":"Cultist","floor":3.0,"turns":3.0},{"damage":4.0,"enemies":"Jaw Worm","floor":5.0,"turns":3.0},{"damage":18.0,"enemies":"3 Sentries","floor":6.0,"turns":12.0},{"damage":15.0,"enemies":"Lagavulin","floor":8.0,"turns":5.0},{"damage":8.0,"enemies":"2 Fungi Beasts","floor":10.0,"turns":3.0},{"damage":2.0,"enemies":"Gremlin Nob","floor":11.0,"turns":3.0},{"damage":2.0,"enemies":"Blue Slaver","floor":12.0,"turns":4.0},{"damage":15.0,"enemies":"3 Sentries","floor":13.0,"turns":6.0},{"damage":23.0,"enemies":"The Guardian","floor":16.0,"turns":12.0},{"damage":6,"enemies":"Spheric Guardian","floor":18,"turns":3},{"damage":29,"enemies":"3 Byrds","floor":20,"turns":5},{"damage":27,"enemies":"Gremlin Leader","floor":23,"turns":4},{"damage":16,"enemies":"Centurion and Healer","floor":24,"turns":5},{"damage":20,"enemies":"Book of Stabbing","floor":30,"turns":4},{"damage":22,"enemies":"Snake Plant","floor":31,"turns":5},{"damage":109,"enemies":"Champ","floor":33,"turns":13},{"damage":8,"enemies":"3 Darklings","floor":35,"turns":2},{"damage":1,"enemies":"3 Shapes","floor":36,"turns":4},{"damage":5,"enemies":"Sphere and 2 Shapes","floor":37,"turns":1},{"damage":33,"enemies":"Transient","floor":38,"turns":6},{"damage":8,"enemies":"Giant Head","floor":40,"turns":4},{"damage":31,"enemies":"Reptomancer","floor":42,"turns":5},{"damage":0,"enemies":"4 Shapes","floor":46,"turns":4},{"damage":108,"enemies":"Awakened One","floor":50,"turns":13},{"damage":39,"enemies":"Time Eater","floor":51,"turns":8},{"damage":0,"enemies":"Shield and Spear","floor":55,"turns":2},{"damage":78,"enemies":"The Heart","floor":56,"turns":9}],"seed_played":"-5640282814626265999","potions_obtained":[{"floor":2.0,"key":"Fruit Juice"},{"floor":2.0,"key":"PowerPotion"},{"floor":2.0,"key":"SteroidPotion"},{"floor":10.0,"key":"GamblersBrew"},{"floor":12.0,"key":"PowerPotion"},{"floor":17,"key":"Fire Potion"},{"floor":18,"key":"SpeedPotion"},{"floor":35,"key":"FearPotion"},{"floor":38,"key":"LiquidBronze"}],"is_trial":false,"path_per_floor":["M","?","M","?","M","E","?","E","T","M","E","M","E","?","R","B",null,"M","?","M","?","$","E","M","R","T","R","T","R","E","M","R","B",null,"M","M","M","M","?","E","R","E","T","R","$","M","?","$","R","B","B",null,"R","$","E","B",null],"character_chosen":"IRONCLAD","items_purchased":["Red Skull","Toolbox","FossilizedHelix","Sever Soul","Exhume","Finesse"],"campfire_rested":0,"item_purchase_floors":[22,22,45,45,48,54],"current_hp_per_floor":[62,67,67,56,52,34,54,39,39,39,47,50,49,49,49,36,68,62,62,39,39,39,41,40,40,40,40,40,40,60,41,41,12,61,77,76,77,63,63,77,77,77,77,77,77,77,77,77,77,53,33,66,66,66,77,72],"gold":94,"neow_bonus":"BOSS_RELIC","is_daily":false,"chose_seed":false,"campfire_upgraded":8,"win_rate":0.0,"timestamp":1613608679,"path_taken":["M","?","?","?","M","E","?","E","T","M","E","M","E","?","R","BOSS","M","?","M","?","$","E","?","R","T","R","?","R","E","M","R","BOSS","M","M","M","M","?","E","R","E","T","R","$","M","?","$","R","BOSS","BOSS","R","$","E","BOSS"],"items_purchased_type":["Relic","Relic","Relic","Card","Card","Card"],"build_version":"2020-12-22","purchased_purges":3,"victory":true,"max_hp_per_floor":[75,80,80,80,80,80,80,80,80,80,80,80,80,72,72,72,77,77,77,77,77,77,77,77,77,77,77,77,77,77,77,77,77,77,77,77,77,77,77,77,77,77,77,77,77,77,77,77,77,77,77,77,77,77,77,77],"relic_stats":{"Nunchaku":[19],"Lizard Tail":0,"counters":[28,150],"Golden Idol":184,"Sundial":[38],"CeramicFish":171,"Pandora\u0027s Box":["Body Slam","Corruption","Armaments","Headbutt","Iron Wave","Evolve","Shockwave","Heavy Blade"],"Bag of Preparation":[26],"Letter Opener":[604],"Orichalcum":[12],"obtain_stats":[{"Tiny House":17,"Golden Idol":14,"CeramicFish":23,"Thread and Needle":9,"Bag of Preparation":30,"Letter Opener":6,"Orichalcum":55,"Ancient Tea Set":13,"Burning Blood":0,"Du-Vu Doll":8,"Runic Dome":0,"Nunchaku":11,"Lizard Tail":40,"Sundial":43,"Toolbox":22,"Pandora\u0027s Box":34,"Red Skull":22,"TungstenRod":26,"FossilizedHelix":45,"Paper Frog":42},{"Tiny House":10,"Golden Idol":9,"CeramicFish":13,"Thread and Needle":5,"Bag of Preparation":15,"Letter Opener":4,"Orichalcum":27,"Ancient Tea Set":9,"Burning Blood":0,"Du-Vu Doll":5,"Runic Dome":0,"Nunchaku":7,"Lizard Tail":22,"Sundial":23,"Toolbox":12,"Pandora\u0027s Box":17,"Red Skull":12,"TungstenRod":14,"FossilizedHelix":23,"Paper Frog":23},{"Tiny House":53,"Golden Idol":41,"CeramicFish":65,"Thread and Needle":25,"Bag of Preparation":74,"Letter Opener":20,"Orichalcum":141,"Ancient Tea Set":41,"Burning Blood":0,"Du-Vu Doll":25,"Runic Dome":0,"Nunchaku":31,"Lizard Tail":109,"Sundial":114,"Toolbox":61,"Pandora\u0027s Box":92,"Red Skull":61,"TungstenRod":70,"FossilizedHelix":114,"Paper Frog":114}],"TungstenRod":74},"card_choices":[{"not_picked":["Clothesline","Cleave"],"picked":"Uppercut","floor":1.0},{"not_picked":["Metallicize","True Grit"],"picked":"Inflame","floor":3.0},{"not_picked":["Cleave","Warcry"],"picked":"Seeing Red","floor":6.0},{"not_picked":["Cleave","Brutality"],"picked":"Reaper","floor":8.0},{"not_picked":["Shrug It Off","Warcry"],"picked":"Battle Trance","floor":10.0},{"not_picked":["Anger","Sword Boomerang"],"picked":"Disarm","floor":11.0},{"not_picked":["Rupture","Metallicize"],"picked":"Evolve","floor":12.0},{"not_picked":["Reckless Charge","Flex"],"picked":"Armaments","floor":13.0},{"not_picked":["Barricade","Feed"],"picked":"Offering","floor":16.0},{"not_picked":["Clothesline","Anger"],"picked":"Carnage","floor":17},{"not_picked":["Pommel Strike","Iron Wave","Perfected Strike"],"picked":"SKIP","floor":18},{"not_picked":["Juggernaut","Sever Soul","Twin Strike"],"picked":"SKIP","floor":20},{"not_picked":["Havoc","Infernal Blade"],"picked":"Inflame+1","floor":23},{"not_picked":["Flex","Wild Strike","Ghostly Armor"],"picked":"SKIP","floor":24},{"not_picked":["Flex","Whirlwind","Heavy Blade"],"picked":"SKIP","floor":30},{"not_picked":["Havoc","Flex+1"],"picked":"Shockwave","floor":31},{"not_picked":["Bludgeon","Limit Break"],"picked":"Fiend Fire","floor":33},{"not_picked":["Heavy Blade+1","Cleave","Combust"],"picked":"SKIP","floor":35},{"not_picked":["Anger","Evolve"],"picked":"Shrug It Off","floor":36},{"not_picked":["Armaments","Hemokinesis"],"picked":"Warcry+1","floor":37},{"not_picked":["Intimidate","Flex"],"picked":"Burning Pact","floor":38},{"not_picked":["Pummel","Cleave","Intimidate+1"],"picked":"SKIP","floor":40},{"not_picked":["Rupture","Pommel Strike","Thunderclap"],"picked":"SKIP","floor":42},{"not_picked":["Blood for Blood+1","Carnage"],"picked":"Shrug It Off","floor":46},{"not_picked":["True Grit","Wild Strike+1"],"picked":"Second Wind","floor":55}],"player_experience":1437867,"relics_obtained":[{"floor":6.0,"key":"Letter Opener"},{"floor":8.0,"key":"Du-Vu Doll"},{"floor":9.0,"key":"Thread and Needle"},{"floor":11.0,"key":"Nunchaku"},{"floor":13.0,"key":"Ancient Tea Set"},{"floor":23,"key":"CeramicFish"},{"floor":26,"key":"TungstenRod"},{"floor":30,"key":"Bag of Preparation"},{"floor":40,"key":"Lizard Tail"},{"floor":42,"key":"Paper Frog"},{"floor":43,"key":"Sundial"},{"floor":55,"key":"Orichalcum"}],"event_choices":[{"damage_healed":0.0,"max_hp_gain":0.0,"max_hp_loss":0.0,"gold_gain":0.0,"event_name":"The Woman in Blue","player_choice":"Bought 3 Potions","floor":2.0,"gold_loss":0.0,"damage_taken":0.0},{"damage_healed":0.0,"max_hp_gain":0.0,"max_hp_loss":0.0,"gold_gain":75.0,"event_name":"World of Goop","player_choice":"Gather Gold","floor":4.0,"gold_loss":0.0,"damage_taken":11.0},{"damage_healed":20.0,"max_hp_gain":0.0,"max_hp_loss":0.0,"gold_gain":0.0,"event_name":"The Cleric","player_choice":"Healed","floor":7.0,"gold_loss":35.0,"damage_taken":0.0},{"damage_healed":0.0,"max_hp_gain":0.0,"max_hp_loss":8.0,"gold_gain":0.0,"event_name":"Golden Idol","player_choice":"Lose Max HP","floor":14.0,"gold_loss":0.0,"damage_taken":0.0,"relics_obtained":["Golden Idol"]},{"damage_healed":0,"gold_gain":0,"player_choice":"Read","damage_taken":0,"max_hp_gain":0,"max_hp_loss":0,"event_name":"The Library","floor":19,"gold_loss":0,"cards_obtained":["Dual Wield"]},{"damage_healed":0,"gold_gain":275,"player_choice":"Desecrate","damage_taken":0,"max_hp_gain":0,"max_hp_loss":0,"event_name":"Golden Shrine","floor":21,"gold_loss":0,"cards_obtained":["Regret"]},{"damage_healed":0,"gold_gain":0,"player_choice":"Ignored","damage_taken":0,"max_hp_gain":0,"max_hp_loss":0,"event_name":"Tomb of Lord Red Mask","floor":39,"gold_loss":0},{"cards_removed":["Body Slam"],"damage_healed":0,"gold_gain":0,"player_choice":"Removed Attack","damage_taken":0,"max_hp_gain":0,"max_hp_loss":0,"event_name":"Falling","floor":47,"gold_loss":0}],"is_beta":false,"boss_relics":[{"not_picked":["Snecko Eye","Velvet Choker"],"picked":"Tiny House"},{"not_picked":["Cursed Key","Runic Cube"],"picked":"Pandora\u0027s Box"}],"items_purged_floors":[22,45,48],"is_endless":false,"potions_floor_spawned":[3,5,10,12,18,20,35,37,38],"ascension_level":20}}