{"host":"wshey5htrz8rni6u","time":1613641226,"event":{"mods":["2.2 Compatiblity","BaseMod","Block Reminder","Colored Map","Colored Powertips","Current Relic Mod","Curses Come First","Dark Map","Key Reminder","Keyboard Shortcuts","Minty Spire (QoL Compilation)","Potion Indicator Mod","Quick Restart","Random Character Button","Relic Sorter","Relic Stats","StSLib","SuperFastMode","Unceasing Turn Reminder","UnlockEverythingMod","Weighted Paths"],"gold_per_floor":[115,1,13,30,30,30,60,60,60,89,89,105,134,150,150,246,246,258,258,268,268,268,295,295,25,50,50,64,94,113,113,113,218,218,236,255,173,448,462,491,491,506,506,523,555,16,16,42,42,42,42,42,15,49,49,49],"floor_reached":55,"language":"ENG","playtime":4331,"items_purged":["Strike_G","Regret"],"score":1231,"play_id":"6938af0f-2dc3-4f42-be90-a6da32b3ceeb","local_time":"20210218014026","is_ascension_mode":true,"campfire_choices":[{"data":"Neutralize","floor":6,"key":"SMITH"},{"data":"Caltrops","floor":8,"key":"SMITH"},{"data":"Catalyst","floor":15,"key":"SMITH"},{"data":"Calculated Gamble","floor":24,"key":"SMITH"},{"data":"Terror","floor":27,"key":"SMITH"},{"floor":32,"key":"REST"},{"data":"A Thousand Cuts","floor":41,"key":"SMITH"},{"floor":49,"key":"RECALL"},{"data":"After Image","floor":52,"key":"SMITH"}],"circlet_count":0,"master_deck":["Defend_G","Defend_G","Defend_G","Survivor","Neutralize+1","Masterful Stab","Backstab","Poisoned Stab","Backflip","Caltrops+1","Catalyst+1","Terror+1","Calculated Gamble+1","Bouncing Flask","Malaise","Flying Knee+1","Acrobatics+1","Dagger Throw+1","Deflect+1","Reflex","All Out Attack","Die Die Die","Blade Dance+1","Deflect","Backflip+1","Blade Dance","Blade Dance","Necronomicurse","A Thousand Cuts+1","All Out Attack+1","Cloak And Dagger","Tools of the Trade","Noxious Fumes+1","Noxious Fumes+1","Catalyst+1","Riddle With Holes+1","A Thousand Cuts","Backflip","Malaise","Deflect","After Image+1","Backflip+1","Dodge and Roll","Doppelganger"],"relics":["SlaversCollar","Thread and Needle","Mango","Lizard Tail","Kunai","Question Card","Astrolabe","Ninja Scroll","MealTicket","Gremlin Horn","Mercury Hourglass","Necronomicon","Black Star","Smiling Mask","Darkstone Periapt","StrikeDummy","Happy Flower","Ancient Tea Set","DollysMirror","Ornamental Fan","Dream Catcher","Omamori","InkBottle","Bronze Scales"],"acts_visited":["Exordium","TheCity","TheBeyond","TheEnding"],"potions_floor_usage":[7,7,13,23,33,44,50,54,55],"damage_taken":[{"damage":4,"enemies":"Small Slimes","floor":1,"turns":4},{"damage":0,"enemies":"2 Louse","floor":3,"turns":2},{"damage":0,"enemies":"Cultist","floor":4,"turns":3},{"damage":3,"enemies":"Lagavulin","floor":7,"turns":6},{"damage":11,"enemies":"3 Sentries","floor":10,"turns":8},{"damage":0,"enemies":"2 Fungi Beasts","floor":12,"turns":3},{"damage":0,"enemies":"Lagavulin","floor":13,"turns":6},{"damage":1,"enemies":"Large Slime","floor":14,"turns":6},{"damage":13,"enemies":"Hexaghost","floor":16,"turns":7},{"damage":0,"enemies":"3 Byrds","floor":18,"turns":7},{"damage":7,"enemies":"2 Thieves","floor":20,"turns":4},{"damage":4,"enemies":"Book of Stabbing","floor":23,"turns":5},{"damage":0,"enemies":"Snecko","floor":28,"turns":5},{"damage":0,"enemies":"Gremlin Leader","floor":29,"turns":2},{"damage":7,"enemies":"Centurion and Healer","floor":30,"turns":4},{"damage":42,"enemies":"Champ","floor":33,"turns":10},{"damage":0,"enemies":"3 Darklings","floor":35,"turns":4},{"damage":0,"enemies":"3 Shapes","floor":36,"turns":4},{"damage":11,"enemies":"Transient","floor":39,"turns":5},{"damage":24,"enemies":"Nemesis","floor":40,"turns":7},{"damage":0,"enemies":"4 Shapes","floor":42,"turns":4},{"damage":0,"enemies":"Jaw Worm Horde","floor":44,"turns":3},{"damage":0,"enemies":"Reptomancer","floor":45,"turns":4},{"damage":9,"enemies":"Nemesis","floor":48,"turns":7},{"damage":72,"enemies":"Time Eater","floor":50,"turns":12},{"damage":33,"enemies":"Shield and Spear","floor":54,"turns":11},{"damage":104,"enemies":"The Heart","floor":55,"turns":9}],"seed_played":"2166984317480344439","potions_obtained":[{"floor":3,"key":"SteroidPotion"},{"floor":4,"key":"ColorlessPotion"},{"floor":11,"key":"FairyPotion"},{"floor":11,"key":"SmokeBomb"},{"floor":11,"key":"LiquidMemories"},{"floor":12,"key":"EssenceOfSteel"},{"floor":13,"key":"SkillPotion"},{"floor":28,"key":"SteroidPotion"},{"floor":33,"key":"Weak Potion"},{"floor":44,"key":"PowerPotion"},{"floor":45,"key":"SteroidPotion"},{"floor":54,"key":"LiquidMemories"}],"is_trial":false,"path_per_floor":["M","$","M","M","?","R","E","R","T","E","?","M","E","M","R","B",null,"M","?","M","?","T","E","R","$","T","R","M","E","M","?","R","B",null,"M","M","$","?","M","E","R","M","T","M","E","$","?","E","R","B",null,"R","$","E","B"],"character_chosen":"THE_SILENT","items_purchased":["Backstab","Gremlin Horn","Deflect","Tools of the Trade","Backflip","DollysMirror","Deflect","Ornamental Fan","Dodge and Roll"],"campfire_rested":1,"item_purchase_floors":[2,25,25,37,46,46,46,46,53],"current_hp_per_floor":[59,59,59,59,52,52,63,63,63,52,52,52,52,51,51,38,73,73,73,66,50,50,46,46,61,61,61,61,61,54,38,64,22,72,72,72,87,87,76,52,52,52,52,52,52,67,67,58,58,26,73,73,88,55,0,0],"gold":49,"neow_bonus":"BOSS_RELIC","is_daily":false,"chose_seed":false,"campfire_upgraded":7,"win_rate":0.0,"timestamp":1613641226,"path_taken":["M","$","M","M","?","R","E","R","T","E","?","M","E","?","R","BOSS","M","?","M","?","?","E","R","$","T","R","M","E","M","?","R","BOSS","M","M","$","?","?","E","R","M","T","?","E","$","?","E","R","BOSS","R","$","E","BOSS"],"items_purchased_type":["Card","Relic","Card","Card","Card","Relic","Card","Relic","Card"],"build_version":"2020-12-13","purchased_purges":2,"victory":false,"max_hp_per_floor":[70,70,70,70,70,70,84,84,84,84,84,84,84,84,84,84,84,84,84,84,89,89,89,89,89,89,89,89,89,89,89,89,89,89,89,89,89,89,89,89,89,89,89,89,89,89,89,89,89,89,89,89,89,89,89,89],"relic_stats":{"Darkstone Periapt":0,"Gremlin Horn":[18,18],"Happy Flower":[13],"counters":[27,151],"Astrolabe":["Flying Knee","Acrobatics","Dagger Throw"],"Question Card":18,"Smiling Mask":50,"Mercury Hourglass":[269],"Lizard Tail":44,"Dream Catcher":0,"Ornamental Fan":[88],"Bronze Scales":[138],"MealTicket":60,"Necronomicon":[6],"Black Star":4,"Kunai":[88],"obtain_stats":[{"Darkstone Periapt":40,"Gremlin Horn":25,"Mango":7,"Smiling Mask":40,"Ancient Tea Set":45,"Lizard Tail":9,"Dream Catcher":48,"Ninja Scroll":22,"DollysMirror":46,"MealTicket":23,"Necronomicon":31,"Kunai":10,"InkBottle":54,"Ring of the Snake":0,"Happy Flower":45,"Astrolabe":17,"Thread and Needle":5,"Omamori":48,"Question Card":13,"Mercury Hourglass":29,"keyreminder:keyreminder":26,"SlaversCollar":0,"Ornamental Fan":46,"Bronze Scales":54,"Black Star":34,"StrikeDummy":43},{"Darkstone Periapt":20,"Gremlin Horn":12,"Mango":4,"Smiling Mask":20,"Ancient Tea Set":23,"Lizard Tail":4,"Dream Catcher":24,"Ninja Scroll":11,"DollysMirror":23,"MealTicket":12,"Necronomicon":15,"Kunai":5,"InkBottle":26,"Ring of the Snake":0,"Happy Flower":23,"Astrolabe":9,"Thread and Needle":3,"Omamori":24,"Question Card":7,"Mercury Hourglass":14,"keyreminder:keyreminder":12,"SlaversCollar":0,"Ornamental Fan":23,"Bronze Scales":26,"Black Star":16,"StrikeDummy":21},{"Darkstone Periapt":102,"Gremlin Horn":61,"Mango":15,"Smiling Mask":102,"Ancient Tea Set":113,"Lizard Tail":15,"Dream Catcher":120,"Ninja Scroll":56,"DollysMirror":113,"MealTicket":61,"Necronomicon":72,"Kunai":23,"InkBottle":142,"Ring of the Snake":0,"Happy Flower":113,"Astrolabe":45,"Thread and Needle":9,"Omamori":120,"Question Card":32,"Mercury Hourglass":68,"keyreminder:keyreminder":61,"SlaversCollar":0,"Ornamental Fan":113,"Bronze Scales":142,"Black Star":82,"StrikeDummy":106}],"InkBottle":[7]},"card_choices":[{"not_picked":["Cloak And Dagger","Blade Dance"],"picked":"Masterful Stab","floor":1},{"not_picked":["All Out Attack","Cloak And Dagger"],"picked":"Poisoned Stab","floor":3},{"not_picked":["Endless Agony","Deflect"],"picked":"Backflip","floor":4},{"not_picked":["Dodge and Roll","Outmaneuver"],"picked":"Caltrops","floor":7},{"not_picked":["Dagger Spray","Finisher"],"picked":"Catalyst","floor":10},{"not_picked":["Distraction","Riddle With Holes"],"picked":"Terror","floor":12},{"not_picked":["Accuracy","Deadly Poison"],"picked":"Calculated Gamble","floor":13},{"not_picked":["Prepared","Underhanded Strike","Skewer"],"picked":"Bouncing Flask","floor":14},{"not_picked":["Night Terror","Glass Knife","A Thousand Cuts"],"picked":"Malaise","floor":16},{"not_picked":["Slice","Flying Knee","Sucker Punch"],"picked":"Deflect+1","floor":18},{"not_picked":["Bouncing Flask+1","Distraction+1","Sucker Punch+1"],"picked":"Die Die Die","floor":20},{"not_picked":["Poisoned Stab","Tactician","Infinite Blades"],"picked":"Blade Dance+1","floor":23},{"not_picked":["Outmaneuver","Terror+1","Sucker Punch"],"picked":"Backflip+1","floor":28},{"not_picked":["Dagger Throw","Outmaneuver","Eviscerate+1"],"picked":"Blade Dance","floor":29},{"not_picked":["Cloak And Dagger","Sucker Punch","Setup"],"picked":"Blade Dance","floor":30},{"not_picked":["Adrenaline","Burst","Malaise"],"picked":"A Thousand Cuts","floor":33},{"not_picked":["Sucker Punch","Deadly Poison","Dagger Throw"],"picked":"All Out Attack+1","floor":35},{"not_picked":["Sucker Punch+1","Eviscerate+1","Endless Agony+1"],"picked":"Cloak And Dagger","floor":36},{"not_picked":["Dagger Spray","Predator+1","Heel Hook+1"],"picked":"Noxious Fumes+1","floor":39},{"not_picked":["Bullet Time","Expertise","Deadly Poison"],"picked":"Noxious Fumes+1","floor":40},{"not_picked":["Cloak And Dagger","Eviscerate","Tactician+1"],"picked":"Catalyst+1","floor":42},{"not_picked":["Dagger Throw+1","Acrobatics","Deadly Poison"],"picked":"Riddle With Holes+1","floor":44},{"not_picked":["Flying Knee+1","Cloak And Dagger","Deadly Poison"],"picked":"A Thousand Cuts","floor":45},{"not_picked":["Infinite Blades+1","Deadly Poison+1","Sucker Punch+1"],"picked":"Backflip+1","floor":48},{"not_picked":["Flying Knee+1","Slice+1","Bane"],"picked":"Doppelganger","floor":54}],"player_experience":103658,"relics_obtained":[{"floor":7,"key":"Mango"},{"floor":9,"key":"Lizard Tail"},{"floor":10,"key":"Kunai"},{"floor":13,"key":"Question Card"},{"floor":22,"key":"Ninja Scroll"},{"floor":23,"key":"MealTicket"},{"floor":29,"key":"Mercury Hourglass"},{"floor":31,"key":"Necronomicon"},{"floor":40,"key":"Smiling Mask"},{"floor":40,"key":"Darkstone Periapt"},{"floor":43,"key":"StrikeDummy"},{"floor":45,"key":"Happy Flower"},{"floor":45,"key":"Ancient Tea Set"},{"floor":48,"key":"Dream Catcher"},{"floor":48,"key":"Omamori"},{"floor":54,"key":"InkBottle"},{"floor":54,"key":"Bronze Scales"}],"event_choices":[{"damage_healed":0,"gold_gain":0,"player_choice":"Success","damage_taken":7,"relics_obtained":["Thread and Needle"],"max_hp_gain":0,"max_hp_loss":0,"event_name":"Scrap Ooze","floor":5,"gold_loss":0},{"damage_healed":0,"gold_gain":0,"player_choice":"Got Potions","damage_taken":0,"max_hp_gain":0,"max_hp_loss":0,"event_name":"Lab","floor":11,"gold_loss":0},{"damage_healed":0,"gold_gain":0,"cards_transformed":["Strike_G","Defend_G"],"player_choice":"Became Test Subject","damage_taken":0,"max_hp_gain":0,"max_hp_loss":0,"event_name":"Drug Dealer","floor":19,"gold_loss":0,"cards_obtained":["Reflex","All Out Attack"]},{"damage_healed":0,"gold_gain":0,"player_choice":"Shed Blood","damage_taken":21,"max_hp_gain":5,"max_hp_loss":0,"event_name":"Forgotten Altar","floor":21,"gold_loss":0},{"damage_healed":0,"gold_gain":0,"player_choice":"Obtained Book","damage_taken":16,"max_hp_gain":0,"max_hp_loss":0,"event_name":"Cursed Tome","floor":31,"gold_loss":0},{"damage_healed":0,"gold_gain":275,"player_choice":"Desecrate","damage_taken":0,"max_hp_gain":0,"max_hp_loss":0,"event_name":"Golden Shrine","floor":38,"gold_loss":0,"cards_obtained":["Regret"]},{"damage_healed":0,"gold_gain":0,"cards_transformed":["Defend_G"],"player_choice":"Transformed","damage_taken":0,"max_hp_gain":0,"max_hp_loss":0,"event_name":"Transmorgrifier","floor":47,"gold_loss":0,"cards_obtained":["After Image"]}],"is_beta":false,"boss_relics":[{"not_picked":["Empty Cage","Runic Pyramid"],"picked":"Astrolabe"},{"not_picked":["Pandora\u0027s Box","Runic Dome"],"picked":"Black Star"}],"items_purged_floors":[2,46],"is_endless":false,"potions_floor_spawned":[3,4,12,13,28,29,30,33,36,39,44,45,54],"killed_by":"The Heart","ascension_level":7}}