{"host":"i73ch23exsqar74a","time":1613685524,"event":{"mods":["AchievementEnabler","Act Like it!","Arknights","Aspiration","Astrologer","Bard","Bartender","BaseMod","Beaked The Cultist","Better Sensory Stone","CCEM2","CapriCore","Challenge The Spire","ChefMod","Chen","Colored Map","Colored Powertips","Conjunction","Conspire","Downfall","Fireblade Mod","FutureSeer","GifTheSpireLib","Glutton Mod","Gremlin Mod","Halation","Hermit","Highlight Path","HololiveMod","Hubris","Infinite Spire","Jedi Mod","Lobotomy","LobotomyExtend","Luminous","Marked Mod","Minty Spire (QoL Compilation)","Prisma Mod","Quarter Circle Forward PUNCH!","Quick Restart","Random Character Button","RatMod","Relic Sorter","Reliquary","Replay The Spire","Ruina","SOS???????","Shade Mod","Spicy Shops","Spikes Relics","Spire Arcade","StSLib","Stuff the Spire","The Alterego","The Animator","The Bug Knight","The Construct","The Cursed","The Druid","The Exalted","The Immortal","The Judge","The Poker Player","The Sage","The Wild Card","TheHero","TheSwordswoman","TheVacant","TheVelvet","Thieving Mod","Yuri Mod","???Mod??????Boss","???mod?????"],"gold_per_floor":[112,112,136,136,159,159,192,192,192,227,227,271,3,0,0,131,131,144,144,144,169,169,169,204,204,257,257,282,296,315,359,359,483,483,483,483,497,497,125,125,169,188,213,213,213,236,259,300,300,300,300,300,300,642,642,642],"floor_reached":55,"language":"ENG","playtime":1958,"items_purged":[],"score":683,"play_id":"90a5aec2-791c-4a77-8fa2-6008d8946308","local_time":"20210219015844","is_ascension_mode":true,"campfire_choices":[{"data":"PrismaMod:ChloeUncommonAttack","floor":6,"key":"SMITH"},{"data":"PrismaMod:ChloeExcalibur","floor":8,"key":"SMITH"},{"data":"PrismaMod:ChloeMordred","floor":11,"key":"SMITH"},{"floor":15,"key":"REST"},{"floor":23,"key":"REST"},{"data":"hubris:DuctTapeCard","floor":25,"key":"SMITH"},{"data":"PrismaMod:ChloeDiscardRecovery","floor":27,"key":"SMITH"},{"floor":32,"key":"REST"},{"data":"Discovery","floor":40,"key":"SMITH"},{"data":"theWildCard:CryOfAgony","floor":44,"key":"SMITH"},{"data":"PrismaMod:ChloeDoubleRelicSpeed","floor":49,"key":"SMITH"},{"floor":53,"key":"REST"}],"circlet_count":0,"master_deck":["PrismaMod:ChloeCommonAttack","PrismaMod:ChloeCommonAttack","PrismaMod:ChloeCommonDefend+1","PrismaMod:ChloeCommonDefend","PrismaMod:ChloeCheapDefend","PrismaMod:ChloeDiscardRecovery","PrismaMod:ChloeUncommonAttack","PrismaMod:ChloeExcalibur","PrismaMod:ChloeMordred","animator:HigakiRinne","PrismaMod:ChloeEyeOfTheEuryale","PrismaMod:ChloeCommonAOEAttack","PrismaMod:ChloeCarnivalAttack","Outmaneuver","animator:Gillette","theWildCard:CryOfAgony","Lamp+1","ats:Part Time Job","PrismaMod:ChloeDemonicTutor","PrismaMod:ChloeCheapDefend","PrismaMod:ChloeCarnivalDefend","PrismaMod:ChloeExcalibur","PrismaMod:ChloeMordred+1","PrismaMod:ChloeGreatTracePools","Discovery","PrismaMod:ChloeDoubleRelicSpeed"],"relics":["animator:TheEruzaStone","animator:AncientMedallion"],"acts_visited":["Exordium","Exordium","TheBeyond","TheEnding","EYB:TheUnnamedReign"],"potions_floor_usage":[24,28,33,50],"damage_taken":[{"damage":2,"enemies":"Jaw Worm","floor":1,"turns":4},{"damage":0,"enemies":"Small Slimes","floor":3,"turns":3},{"damage":0,"enemies":"2 Louse","floor":5,"turns":3},{"damage":12,"enemies":"3 Sentries","floor":7,"turns":8},{"damage":7,"enemies":"Lagavulin","floor":10,"turns":3},{"damage":0,"enemies":"3 Sentries","floor":12,"turns":3},{"damage":7,"enemies":"The Guardian","floor":16,"turns":6},{"damage":23,"enemies":"ruina:3_Bats","floor":18,"turns":3},{"damage":7,"enemies":"ruina:2_Scarecrows","floor":21,"turns":3},{"damage":4,"enemies":"ruina:ServantOfWrath","floor":24,"turns":3},{"damage":8,"enemies":"ruina:KingOfGreed","floor":28,"turns":3},{"damage":13,"enemies":"ruina:3_Scarecrows","floor":29,"turns":4},{"damage":7,"enemies":"ruina:Woodsman","floor":30,"turns":3},{"damage":7,"enemies":"ruina:Mountain","floor":31,"turns":5},{"damage":26,"enemies":"ruina:Ozma","floor":33,"turns":5},{"damage":21,"enemies":"3 Darklings","floor":37,"turns":4},{"damage":0,"enemies":"3 Darklings","floor":38,"turns":1},{"damage":17,"enemies":"Reptomancer","floor":41,"turns":3},{"damage":0,"enemies":"Orb Walker","floor":42,"turns":2},{"damage":0,"enemies":"Jaw Worm Horde","floor":46,"turns":2},{"damage":0,"enemies":"Transient","floor":47,"turns":5},{"damage":12,"enemies":"Nemesis","floor":48,"turns":3},{"damage":40,"enemies":"Awakened One","floor":50,"turns":9},{"damage":103,"enemies":"animator:TRIPLE_SHAPES_WEAK","floor":55,"turns":7}],"seed_played":"213756299517447693","potions_obtained":[{"floor":5,"key":"DuplicationPotion"},{"floor":10,"key":"Dexterity Potion"},{"floor":12,"key":"sagemod:Wine"},{"floor":24,"key":"PowerPotion"},{"floor":31,"key":"Toxic Potion"},{"floor":33,"key":"Elixir"},{"floor":42,"key":"LiquidMemories"}],"is_trial":false,"path_per_floor":["M","?","M","?","M","R","E","R","T","E","R","E","$","?","R","B",null,"M","?","?","M","T","R","E","R","T","R","M","M","M","E","R","B",null,"M","?","M","?","$","R","E","M","T","R","?","M","M","E","R","B",null,null,"R","??","M"],"character_chosen":"CHLOE","items_purchased":["PrismaMod:ChloeEyeOfTheEuryale","PrismaMod:ChloeCommonAOEAttack+1","Omamori","CCEMRelics:IronFruit","Guardian:PocketSentry","Discovery"],"campfire_rested":4,"item_purchase_floors":[13,13,13,39,39,39],"current_hp_per_floor":[73,55,55,55,55,55,43,43,43,36,36,36,36,36,58,51,75,52,52,52,45,45,67,63,63,63,63,55,42,40,38,60,34,75,75,75,55,37,42,80,63,63,63,80,80,80,80,68,80,40,40,80,80,100,0,0],"gold":642,"neow_bonus":"UPGRADE_CARD","is_daily":false,"chose_seed":false,"campfire_upgraded":8,"win_rate":0.0,"timestamp":1613685524,"path_taken":["M","?","M","?","M","R","E","R","T","E","R","E","$","?","R","BOSS","M","?","?","?","?","R","E","R","T","R","M","?","M","E","R","BOSS","M","?","?","?","$","R","E","M","T","R","?","M","M","E","R","BOSS","R","??","M"],"items_purchased_type":["Card","Card","Relic","Relic","Relic","Card"],"build_version":"2020-12-22","purchased_purges":0,"victory":false,"max_hp_per_floor":[75,75,75,75,75,75,75,75,75,75,75,75,75,75,75,75,75,75,75,75,75,75,75,75,75,75,75,75,75,75,75,75,75,75,75,75,75,75,80,80,80,80,80,80,80,80,80,80,80,80,80,80,80,100,100,100],"card_choices":[{"not_picked":["PrismaMod:ChloeChristmas","PrismaMod:ChloeCheapDefendTwo"],"picked":"PrismaMod:ChloeDiscardRecovery","floor":1},{"not_picked":["PrismaMod:ChloeCheapDefend","PrismaMod:ChloeExhaustOne"],"picked":"PrismaMod:ChloeCheapAttack","floor":3},{"not_picked":["PrismaMod:ChloeCheapDefend","PrismaMod:ChloeCheapAttack"],"picked":"PrismaMod:ChloeUncommonAttack","floor":5},{"not_picked":["PrismaMod:ChloeUncommonAttack","PrismaMod:ChloeCheapDefend"],"picked":"PrismaMod:ChloeExcalibur","floor":7},{"not_picked":["PrismaMod:ChloeDiscardRecovery","PrismaMod:ChloeHalloween"],"picked":"PrismaMod:ChloeMordred","floor":10},{"not_picked":["PrismaMod:ChloeBetterTracePools","PrismaMod:ChloeCheapDefend","PrismaMod:ChloeCheapAttack"],"picked":"SKIP","floor":12},{"not_picked":["PrismaMod:ChloeExhaustThree","PrismaMod:ChloeAnyPowerTrace"],"picked":"PrismaMod:ChloeCarnivalAttack","floor":16},{"not_picked":["PrismaMod:ChloeCheapAttack","PrismaMod:ChloeMordred"],"picked":"PrismaMod:ChloeDemonicTutor+1","floor":18},{"not_picked":["PrismaMod:ChloeMaid","PrismaMod:ChloeCheapDefendTwo"],"picked":"PrismaMod:ChloeCheapDefend+1","floor":21},{"not_picked":["PrismaMod:ChloeUncommonAttack","PrismaMod:ChloeDiscardRecovery","PrismaMod:ChloeCheapAttack+1"],"picked":"SKIP","floor":24},{"not_picked":["PrismaMod:ChloeExhaustTwo","PrismaMod:ChloeDiscardRecovery","PrismaMod:ChloeCheapDefendTwo"],"picked":"SKIP","floor":28},{"not_picked":["PrismaMod:ChloeCheapAttackTwo+1","PrismaMod:ChloeUncommonAOEAttack+1"],"picked":"PrismaMod:ChloeCarnivalDefend","floor":29},{"not_picked":["PrismaMod:ChloeCommonAOEAttack","PrismaMod:ChloeUncommonAOEAttack+1"],"picked":"PrismaMod:ChloeExcalibur","floor":30},{"not_picked":["PrismaMod:ChloeCheapDefend+1","PrismaMod:ChloeChristmas"],"picked":"PrismaMod:ChloeMordred+1","floor":31},{"not_picked":["PrismaMod:ChloeHalloween","PrismaMod:ChloeDoubleRelicSpeed"],"picked":"PrismaMod:ChloeGreatTracePools","floor":33},{"not_picked":["StuffTheSpire:DoubleShiv+1","PiercingWail","Expertise","Prepared+1"],"picked":"SKIP","floor":37},{"not_picked":["StuffTheSpire:Sprint+1","PrismaMod:ChloeCheapDefendTwo+1","Outmaneuver+1","StuffTheSpire:BumpUp+1"],"picked":"SKIP","floor":41},{"not_picked":["Slice+1","Heel Hook+1","Cloak And Dagger","PrismaMod:ChloeCheapAttack"],"picked":"SKIP","floor":42},{"not_picked":["Night Terror","rat:FanOfKnives","rat:Garrote","StuffTheSpire:ClusterCrunch+1"],"picked":"SKIP","floor":46},{"not_picked":["PrismaMod:ChloeCheapAttackTwo","StuffTheSpire:Python","Caltrops+1","Doppelganger"],"picked":"SKIP","floor":47},{"not_picked":["conspire:DoublingDagger","StuffTheSpire:Python+1","Underhanded Strike+1"],"picked":"PrismaMod:ChloeDoubleRelicSpeed","floor":48}],"player_experience":1484478,"relics_obtained":[{"floor":1,"key":"LetterFromLob"},{"floor":7,"key":"BicycleWheel"},{"floor":9,"key":"Rawhide"},{"floor":10,"key":"qcfpunch:Wrestler\u0027s_Cloak"},{"floor":12,"key":"hubris:DuctTape"},{"floor":22,"key":"aspiration:FetidBarrel"},{"floor":24,"key":"ats:Originium"},{"floor":24,"key":"hubris:MobiusCoin"},{"floor":26,"key":"hubris:ToyBattleship"},{"floor":31,"key":"ats:Originium"},{"floor":31,"key":"reliquary:GummyVitamins"},{"floor":41,"key":"ats:Originium"},{"floor":41,"key":"qcfpunch:Broken_Tusk"},{"floor":43,"key":"Vajra"},{"floor":48,"key":"ats:Originium"},{"floor":48,"key":"conspire:DeflatedDodgeball"},{"floor":54,"key":"animator:TheEruzaStone"},{"floor":54,"key":"animator:AncientMedallion"}],"event_choices":[{"damage_healed":0,"gold_gain":0,"player_choice":"Take Damage","damage_taken":18,"relics_obtained":["Golden Idol"],"max_hp_gain":0,"max_hp_loss":0,"event_name":"Golden Idol","floor":2,"gold_loss":0},{"damage_healed":0,"gold_gain":0,"player_choice":"Left Gold","damage_taken":0,"max_hp_gain":0,"max_hp_loss":0,"event_name":"World of Goop","floor":14,"gold_loss":3},{"damage_healed":0,"gold_gain":0,"player_choice":"Full Heal","damage_taken":0,"max_hp_gain":0,"max_hp_loss":0,"event_name":"Wheel of Change","floor":36,"gold_loss":0}],"is_beta":false,"boss_relics":[{"not_picked":["StuffTheSpire:RunicConfusion","Replay:Bronze Core"],"picked":"qcfpunch:Killian_Engine_Alpha"},{"not_picked":["StuffTheSpire:RunicHypercube","halation:Yufonium"],"picked":"aspiration:SilentSkillbook"}],"items_purged_floors":[],"is_endless":false,"potions_floor_spawned":[5,10,12,21,24,31,33,41,42,46],"killed_by":"animator:TRIPLE_SHAPES_WEAK","ascension_level":1}}