{"host":"HostiL","time":1613680522,"event":{"mods":["BaseMod","Bestiary","Colored Powertips","Highlight Path","Minty Spire (QoL Compilation)","Relic Stats","Slay the Relics Exporter"],"gold_per_floor":[111,111,111,135,210,210,234,184,256,256,106,150,166,210,210,335,335,348,158,158,181,195,234,234,249,300,300,300],"floor_reached":27,"language":"FRA","playtime":1613,"items_purged":[],"score":330,"play_id":"0826b367-f7d3-4b28-a4ab-292febbc7c5d","local_time":"20210218213522","is_ascension_mode":true,"campfire_choices":[{"floor":6,"key":"REST"},{"data":"ConjureBlade","floor":10,"key":"SMITH"},{"data":"Metamorphosis","floor":15,"key":"SMITH"},{"floor":24,"key":"REST"}],"circlet_count":0,"master_deck":["Eruption","Vigilance+1","Metamorphosis+1","Tantrum","ConjureBlade+1","Indignation","WindmillStrike","WreathOfFlame","Swivel","Judgement","EmptyFist","Wallop","Pray","Devotion","Indignation","Swivel","ReachHeaven","CrushJoints","RitualDagger","FearNoEvil+1","Protect"],"relics":["PureWater","Golden Idol","Letter Opener","War Paint","Dead Branch","Centennial Puzzle","Pandora\u0027s Box","PreservedInsect","MealTicket","Ornamental Fan","Orichalcum"],"acts_visited":["Exordium","TheCity"],"potions_floor_usage":[12,13,13,16,22,25],"damage_taken":[{"damage":1,"enemies":"2 Louse","floor":1,"turns":3},{"damage":9,"enemies":"Small Slimes","floor":4,"turns":3},{"damage":1,"enemies":"Jaw Worm","floor":7,"turns":3},{"damage":0,"enemies":"Gremlin Nob","floor":12,"turns":2},{"damage":0,"enemies":"Blue Slaver","floor":13,"turns":3},{"damage":0,"enemies":"Lagavulin","floor":14,"turns":4},{"damage":30,"enemies":"The Guardian","floor":16,"turns":9},{"damage":6,"enemies":"Shell Parasite","floor":18,"turns":4},{"damage":0,"enemies":"2 Thieves","floor":22,"turns":2},{"damage":45,"enemies":"Gremlin Leader","floor":23,"turns":4},{"damage":6,"enemies":"Centurion and Healer","floor":25,"turns":4},{"damage":24,"enemies":"Slavers","floor":27,"turns":1}],"seed_played":"2620608624833017315","potions_obtained":[{"floor":4,"key":"ColorlessPotion"},{"floor":7,"key":"EntropicBrew"},{"floor":13,"key":"BlessingOfTheForge"},{"floor":23,"key":"BlessingOfTheForge"}],"is_trial":false,"path_per_floor":["M","?","?","M","?","R","M","?","T","R","$","E","M","E","R","B",null,"M","$","?","T","M","E","R","M","T","E"],"character_chosen":"WATCHER","items_purchased":["War Paint","PreservedInsect","CrushJoints"],"campfire_rested":2,"item_purchase_floors":[11,19,19],"current_hp_per_floor":[50,50,50,41,30,50,49,49,49,49,49,49,49,49,49,19,67,61,61,55,55,55,10,30,24,24,0,0],"gold":300,"neow_bonus":"RANDOM_COLORLESS_2","is_daily":false,"chose_seed":false,"campfire_upgraded":2,"win_rate":0.0,"timestamp":1613680522,"path_taken":["M","?","?","?","?","R","M","?","T","R","$","E","?","E","R","BOSS","M","$","?","?","?","E","R","M","T","E"],"items_purchased_type":["Relic","Relic","Card"],"build_version":"2020-12-18","purchased_purges":0,"victory":false,"max_hp_per_floor":[72,72,67,67,67,67,67,67,67,67,67,67,67,67,67,67,67,67,67,67,67,67,67,67,67,67,67,67],"relic_stats":{"Centennial Puzzle":[15],"counters":[12,42],"Golden Idol":73,"Ornamental Fan":[8],"Dead Branch":[26],"Pandora\u0027s Box":["EmptyFist","Wallop","Pray","Devotion","Indignation","Swivel"],"MealTicket":0,"PreservedInsect":85,"Letter Opener":[27],"War Paint":["Vigilance","Defend_P"],"Orichalcum":[0],"obtain_stats":[{"Centennial Puzzle":14,"Golden Idol":3,"Ornamental Fan":23,"Dead Branch":12,"Pandora\u0027s Box":17,"MealTicket":21,"PreservedInsect":19,"Letter Opener":9,"PureWater":0,"War Paint":11,"Orichalcum":26},{"Centennial Puzzle":6,"Golden Idol":1,"Ornamental Fan":10,"Dead Branch":4,"Pandora\u0027s Box":7,"MealTicket":8,"PreservedInsect":8,"Letter Opener":3,"PureWater":0,"War Paint":3,"Orichalcum":11},{"Centennial Puzzle":18,"Golden Idol":3,"Ornamental Fan":37,"Dead Branch":11,"Pandora\u0027s Box":27,"MealTicket":31,"PreservedInsect":31,"Letter Opener":9,"PureWater":0,"War Paint":9,"Orichalcum":41}]},"card_choices":[{"not_picked":["Panache","Magnetism"],"picked":"Metamorphosis","floor":0},{"not_picked":["FlyingSleeves","Protect"],"picked":"Tantrum","floor":1},{"not_picked":["Worship","Pray"],"picked":"Indignation","floor":4},{"not_picked":["EmptyMind","FlyingSleeves"],"picked":"WindmillStrike","floor":7},{"not_picked":["EmptyBody","BattleHymn"],"picked":"WreathOfFlame","floor":12},{"not_picked":["DeceiveReality","EmptyBody"],"picked":"Swivel","floor":13},{"not_picked":["PathToVictory","EmptyFist","FlyingSleeves"],"picked":"SKIP","floor":14},{"not_picked":["Ragnarok","Vault"],"picked":"Judgement","floor":16},{"not_picked":["Crescendo","Nirvana"],"picked":"ReachHeaven","floor":18},{"not_picked":["Halt","ThirdEye","EmptyBody+1"],"picked":"SKIP","floor":22},{"not_picked":["Sanctity+1","PathToVictory"],"picked":"FearNoEvil+1","floor":23},{"not_picked":["Blasphemy","Halt+1"],"picked":"Protect","floor":25}],"player_experience":644022,"relics_obtained":[{"floor":9,"key":"Letter Opener"},{"floor":12,"key":"Dead Branch"},{"floor":14,"key":"Centennial Puzzle"},{"floor":21,"key":"MealTicket"},{"floor":23,"key":"Ornamental Fan"},{"floor":26,"key":"Orichalcum"}],"event_choices":[{"damage_healed":0,"gold_gain":0,"cards_transformed":["Strike_P"],"player_choice":"Change","damage_taken":0,"max_hp_gain":0,"max_hp_loss":0,"event_name":"Living Wall","floor":2,"gold_loss":0,"cards_obtained":["ConjureBlade"]},{"damage_healed":0,"gold_gain":0,"player_choice":"Lose Max HP","damage_taken":0,"relics_obtained":["Golden Idol"],"max_hp_gain":0,"max_hp_loss":5,"event_name":"Golden Idol","floor":3,"gold_loss":0},{"damage_healed":0,"gold_gain":75,"player_choice":"Gather Gold","damage_taken":11,"max_hp_gain":0,"max_hp_loss":0,"event_name":"World of Goop","floor":5,"gold_loss":0},{"cards_removed":["Strike_P"],"damage_healed":0,"gold_gain":0,"player_choice":"Card Removal","damage_taken":0,"max_hp_gain":0,"max_hp_loss":0,"event_name":"The Cleric","floor":8,"gold_loss":50},{"damage_healed":0,"gold_gain":0,"player_choice":"Joined the Cult","damage_taken":6,"max_hp_gain":0,"max_hp_loss":0,"event_name":"Nest","floor":20,"gold_loss":0,"cards_obtained":["RitualDagger"]}],"is_beta":true,"boss_relics":[{"not_picked":["Snecko Eye","VioletLotus"],"picked":"Pandora\u0027s Box"}],"items_purged_floors":[],"is_endless":false,"potions_floor_spawned":[4,7,13,14,23],"killed_by":"Slavers","ascension_level":1}}