{"host":"72n3jwtrlpjobydj","time":1613644643,"event":{"mods":["AchievementEnabler","BaseMod","CapriCore","DeckTracker","Hermit","Koishi","KomeijiMod","Lobotomy","Marisa£¨Ùöéë¡¡Øª×âÞÞ£©","Minty Spire (QoL Compilation)","Permanent Neow","StSLib","SuperFastMode","The Cursed","The Hierophant","The Immortal"],"gold_per_floor":[219,229,32,46,56,56,56,90,90],"floor_reached":8,"language":"KOR","playtime":303,"items_purged":[],"score":58,"play_id":"752680d5-0da5-498d-ad90-b865972b4698","local_time":"20210218193723","is_ascension_mode":false,"campfire_choices":[{"data":"Defend_R","floor":6,"key":"SMITH"}],"circlet_count":0,"master_deck":["Strike_R","Strike_R","Strike_R","Strike_R","Strike_R","Defend_R","Defend_R","Defend_R+1","Bash","Pommel Strike","Wild Strike"],"relics":["Burning Blood","PrismaticShard","StoneCalendar"],"acts_visited":["Exordium"],"potions_floor_usage":[],"damage_taken":[{"damage":7,"enemies":"Small Slimes","floor":1,"turns":3},{"damage":4,"enemies":"Cultist","floor":2,"turns":4},{"damage":3,"enemies":"Jaw Worm","floor":4,"turns":4},{"damage":11,"enemies":"3 Louse","floor":5,"turns":3},{"damage":53,"enemies":"Lagavulin","floor":8,"turns":7}],"seed_played":"2400220619064213665","potions_obtained":[{"floor":1,"key":"Fire Potion"},{"floor":4,"key":"FearPotion"}],"is_trial":false,"path_per_floor":["M","M","$","M","M","R","?","E"],"character_chosen":"IRONCLAD","items_purchased":["Wild Strike","PrismaticShard"],"campfire_rested":0,"item_purchase_floors":[3,3],"current_hp_per_floor":[79,80,80,80,75,75,75,28,28],"gold":90,"neow_bonus":"HUNDRED_GOLD","is_daily":false,"chose_seed":false,"campfire_upgraded":1,"win_rate":0.0,"timestamp":1613644643,"path_taken":["M","M","$","M","M","R","?","E"],"items_purchased_type":["Card","Relic"],"build_version":"2020-12-22","purchased_purges":0,"victory":false,"max_hp_per_floor":[80,80,80,80,80,80,80,80,80],"card_choices":[{"not_picked":["Whirlwind","Warcry","Anger"],"picked":"SKIP","floor":1},{"not_picked":["Clothesline","Thunderclap"],"picked":"Pommel Strike","floor":2},{"not_picked":["NingyouKasou+1","MokouMod:FlickeringFlame","SelfTokamak"],"picked":"SKIP","floor":4},{"not_picked":["Stack","Protect","TodaysExpression"],"picked":"SKIP","floor":5}],"player_experience":70823,"relics_obtained":[{"floor":8,"key":"StoneCalendar"}],"event_choices":[{"cards_removed":["Defend_R"],"damage_healed":0,"gold_gain":0,"player_choice":"Purged","damage_taken":0,"max_hp_gain":0,"max_hp_loss":0,"event_name":"Purifier","floor":7,"gold_loss":0}],"is_beta":false,"boss_relics":[],"items_purged_floors":[],"is_endless":false,"potions_floor_spawned":[1,4],"killed_by":"Lagavulin","ascension_level":0}}