{"host":"61ejhfsushs0xmcl","time":1613641333,"event":{"mods":["ATMod(°¢èªMod)","Act Like it!","BaseMod","Colored Map","Gold Saver","Minty Spire (QoL Compilation)","MostiFishMod","Ruina","Spicy Shops","StSLib","TestMod","¡¾ÒÅÎï¿¨ÅÆ¡¿REMEMod","óô»ðÖ¸ÄÏ"],"gold_per_floor":[1034,563,563,582,600,631,643,677,730,730,757,769,632,643,643,722,722,735,735,750,509,524,551,551,395,395,412,412,443,443,475,475,550,550,569,220,237,237,253,285,285,104,104,116,157,169,191,232,244,256,268,280,179,66,95,95],"floor_reached":57,"language":"ZHS","playtime":2184,"items_purged":["Defend_R","Strike_R","Pain","Writhe","Strike_R","AT_DrawKnifeCut","Strike_R+1","Strike_R+1"],"score":2456,"play_id":"e9419f96-c5f9-4c87-b992-91d5392b1c85","local_time":"20210218174213","is_ascension_mode":true,"campfire_choices":[{"data":"Whirlwind","floor":10,"key":"SMITH"},{"floor":15,"key":"RECALL"},{"data":"REME_Scribble","floor":28,"key":"SMITH"},{"data":"MostiFishMod:DarkDeal","floor":32,"key":"SMITH"},{"data":"AT_Dispersion","floor":41,"key":"SMITH"},{"data":"MostiFishMod:CullingBlade","floor":44,"key":"SMITH"},{"data":"Second Wind","floor":49,"key":"SMITH"}],"circlet_count":0,"master_deck":["AscendersBane","Defend_R","Defend_R","Bash+1","Whirlwind+1","Second Wind+1","MostiFishMod:DarkDeal+1","Evolve+1","MostiFishMod:CullingBlade+1","REME_Scribble+1","ruina:CobaltScar+1","REME_Scribble+1","MostiFishMod:DarkDeal+1","MostiFishMod:KnuckleDown+1","AT_Dispersion+1","Bloodletting+1"],"relics":["Burning Blood","AT_ATBox","REME_ComplimentaryCards","DaveBox","testmod-TestBox","testmod-Fanaticism","Chemical X","SynthV:TestCard","Membership Card","testmod-Hope","Sundial","Vajra","Shuriken","AT_ArchangelStaff","Odd Mushroom","Technique","Runic Pyramid","testmod-ConstraintPeriapt","Civilization","Strawberry","ruina:Goodbye","Orrery","Regal Pillow","AT_BladeRuinedKing","SlaversCollar","FossilizedHelix","Bag of Preparation","CaptainsWheel","Toy Ornithopter","AT_SilvercatRing","MawBank","Dream Catcher","Darkstone Periapt"],"acts_visited":["Exordium","Exordium","TheBeyond","TheEnding"],"potions_floor_usage":[2],"damage_taken":[{"damage":0,"enemies":"Small Slimes","floor":1,"turns":2},{"damage":14,"enemies":"Jaw Worm","floor":4,"turns":2},{"damage":0,"enemies":"2 Louse","floor":5,"turns":2},{"damage":0,"enemies":"Gremlin Nob","floor":6,"turns":2},{"damage":0,"enemies":"Lots of Slimes","floor":7,"turns":1},{"damage":20,"enemies":"3 Sentries","floor":8,"turns":2},{"damage":0,"enemies":"The Mushroom Lair","floor":11,"turns":1},{"damage":0,"enemies":"2 Fungi Beasts","floor":12,"turns":1},{"damage":0,"enemies":"Large Slime","floor":14,"turns":2},{"damage":5,"enemies":"Slime Boss","floor":16,"turns":3},{"damage":5,"enemies":"ruina:2_Scarecrows","floor":18,"turns":1},{"damage":33,"enemies":"ruina:Nosferatu","floor":20,"turns":2},{"damage":37,"enemies":"ruina:Woodsman","floor":22,"turns":2},{"damage":54,"enemies":"ruina:RoadHome","floor":23,"turns":2},{"damage":14,"enemies":"ruina:3_Scarecrows","floor":27,"turns":1},{"damage":16,"enemies":"ruina:Mountain","floor":29,"turns":3},{"damage":39,"enemies":"ruina:RoadHome","floor":31,"turns":2},{"damage":16,"enemies":"ruina:Ozma","floor":33,"turns":3},{"damage":3,"enemies":"Orb Walker","floor":35,"turns":1},{"damage":12,"enemies":"3 Shapes","floor":37,"turns":1},{"damage":18,"enemies":"Writhing Mass","floor":39,"turns":3},{"damage":8,"enemies":"Nemesis","floor":40,"turns":1},{"damage":0,"enemies":"Giant Head","floor":45,"turns":2},{"damage":10,"enemies":"Jaw Worm Horde","floor":47,"turns":1},{"damage":44,"enemies":"Nemesis","floor":48,"turns":3},{"damage":31,"enemies":"Donu and Deca","floor":50,"turns":3},{"damage":41,"enemies":"Time Eater","floor":51,"turns":2},{"damage":17,"enemies":"Shield and Spear","floor":55,"turns":2},{"damage":93,"enemies":"The Heart","floor":56,"turns":4}],"seed_played":"-2179110126182009139","potions_obtained":[{"floor":1,"key":"BloodPotion"},{"floor":7,"key":"Explosive Potion"},{"floor":12,"key":"BloodPotion"}],"is_trial":false,"path_per_floor":["M","$","?","M","M","E","M","E","T","R","?","M","$","M","R","B",null,"M","?","M","$","M","E","?","$","T","M","R","E","?","E","R","B",null,"M","$","M","?","M","E","R","$","T","R","E","?","M","E","R","B","B",null,"R","$","E","B",null],"character_chosen":"IRONCLAD","items_purchased":["Membership Card","testmod-Hope","Fruit Juice","Sundial","Technique","Civilization","ruina:CobaltScar","Orrery","FossilizedHelix","Bag of Preparation","Toy Ornithopter","AT_SilvercatRing"],"campfire_rested":0,"item_purchase_floors":[2,2,2,2,13,21,21,25,36,36,42,42],"current_hp_per_floor":[74,79,55,52,58,64,70,61,61,61,67,73,73,79,79,80,80,80,80,82,82,83,92,92,92,92,99,99,110,110,118,118,129,129,137,137,138,142,153,161,161,161,161,161,166,166,174,167,167,196,207,207,207,207,217,229],"gold":95,"neow_bonus":"REMOVE_CARD","is_daily":false,"chose_seed":false,"campfire_upgraded":6,"win_rate":0.0,"timestamp":1613641333,"path_taken":["M","$","?","M","M","E","M","E","T","R","?","M","$","?","R","BOSS","M","?","M","$","?","E","?","$","T","M","R","E","?","E","R","BOSS","M","$","M","?","?","E","R","$","T","R","E","?","M","E","R","BOSS","BOSS","R","$","E","BOSS"],"items_purchased_type":["Relic","Relic","Potion","Relic","Relic","Relic","Card","Relic","Relic","Relic","Relic","Relic"],"build_version":"2020-12-22","purchased_purges":8,"victory":true,"max_hp_per_floor":[75,80,80,80,80,80,80,80,80,80,80,80,80,80,80,80,80,80,80,82,82,83,92,92,92,92,99,99,110,110,118,118,129,129,137,137,142,142,153,161,161,161,161,161,166,166,174,185,185,196,207,207,207,207,218,229],"card_choices":[{"not_picked":["Seeing Red","AT_DrawKnifeCut","Heavy Blade"],"picked":"SKIP","floor":1},{"not_picked":["Sentinel","Clash","Armaments","True Grit"],"picked":"Whirlwind","floor":4},{"not_picked":["Dropkick","MostiFishMod:BrandingRite","Havoc","Whirlwind","Clothesline"],"picked":"SKIP","floor":5},{"not_picked":["Dual Wield","Clothesline","Headbutt","MostiFishMod:WingOfPhoenix","True Grit"],"picked":"SKIP","floor":6},{"not_picked":["Sword Boomerang","AT_BodySlamDance","Wild Strike","Perfected Strike","Pommel Strike"],"picked":"SKIP","floor":7},{"not_picked":["AT_BodySlamDance","AT_ShrugMaster","Pommel Strike","REME_SingleHolding"],"picked":"Second Wind","floor":8},{"not_picked":["Headbutt","Wild Strike","Cleave","Sever Soul"],"picked":"MostiFishMod:DarkDeal","floor":11},{"not_picked":["Armaments","AT_BodySlamDance","Combust","Headbutt"],"picked":"Evolve","floor":12},{"not_picked":["Havoc","Infernal Blade","AT_DrawKnifeCut","Thunderclap","REME_FearOfPain"],"picked":"SKIP","floor":14},{"not_picked":["MostiFishMod:NewArrival","Immolate","Offering","MostiFishMod:RainCloud"],"picked":"MostiFishMod:CullingBlade","floor":16},{"not_picked":["Searing Blow+1","Power Through","Perfected Strike","Burning Pact"],"picked":"REME_Scribble","floor":18},{"not_picked":["Evolve","Searing Blow","Iron Wave","Armaments","MostiFishMod:ChineseTea"],"picked":"SKIP","floor":20},{"not_picked":["Reckless Charge","Iron Wave","Flex","Shrug It Off","AT_DiedThrough"],"picked":"SKIP","floor":22},{"not_picked":["Reckless Charge","Iron Wave","Flex","Shrug It Off","AT_DiedThrough"],"picked":"SKIP","floor":22},{"not_picked":["Sword Boomerang","Second Wind","AT_IchimonjiDouble+1","Rage"],"picked":"REME_Scribble+1","floor":23},{"not_picked":["Anger","Entrench","Thunderclap","Clothesline"],"picked":"MostiFishMod:DarkDeal","floor":25},{"not_picked":["Shrug It Off","MostiFishMod:PerfectStrikeMKII","Uppercut","Sword Boomerang","Cleave"],"picked":"SKIP","floor":27},{"not_picked":["Combust","Sever Soul","Heavy Blade","Wild Strike","Blood for Blood"],"picked":"SKIP","floor":29},{"not_picked":["AT_IchimonjiDouble","Dual Wield","Shrug It Off","MostiFishMod:BrandingRite","Blood for Blood"],"picked":"SKIP","floor":31},{"not_picked":["Juggernaut","Fiend Fire","REME_Fury","Impervious"],"picked":"MostiFishMod:KnuckleDown","floor":33},{"not_picked":["Pummel+1","Heavy Blade","True Grit","Thunderclap","Iron Wave"],"picked":"SKIP","floor":35},{"not_picked":["Anger+1","Perfected Strike","Armaments","Thunderclap+1"],"picked":"AT_Dispersion","floor":37},{"not_picked":["Thunderclap+1","Headbutt","AT_ManFootWork","Clash","Twin Strike+1"],"picked":"SKIP","floor":39},{"not_picked":["Heavy Blade","Bloodletting","AT_IchimonjiDouble+1","Second Wind","MostiFishMod:404NotFound"],"picked":"SKIP","floor":40},{"not_picked":["Iron Wave","Wild Strike","AT_BodySlamDance","REME_Cut+1","Juggernaut"],"picked":"SKIP","floor":45},{"not_picked":["Iron Wave","MostiFishMod:BrandingRite","Clash","Shrug It Off+1","Havoc"],"picked":"SKIP","floor":47},{"not_picked":["Clothesline+1","AT_CaressingTears","Warcry","Armaments"],"picked":"Bloodletting+1","floor":48},{"not_picked":["Dropkick+1","Infernal Blade+1","Metallicize","AT_ShrugMaster+1","Rupture"],"picked":"SKIP","floor":55}],"player_experience":867034,"relics_obtained":[{"floor":1,"key":"SynthV:TestCard"},{"floor":6,"key":"Vajra"},{"floor":8,"key":"Shuriken"},{"floor":9,"key":"AT_ArchangelStaff"},{"floor":11,"key":"Odd Mushroom"},{"floor":23,"key":"Strawberry"},{"floor":29,"key":"Regal Pillow"},{"floor":31,"key":"AT_BladeRuinedKing"},{"floor":40,"key":"CaptainsWheel"},{"floor":43,"key":"MawBank"},{"floor":45,"key":"Dream Catcher"},{"floor":48,"key":"Darkstone Periapt"}],"event_choices":[{"damage_healed":0,"gold_gain":0,"player_choice":"Entered Light","damage_taken":24,"max_hp_gain":0,"max_hp_loss":0,"event_name":"Shining Light","floor":3,"gold_loss":0,"cards_upgraded":["Strike_R","Strike_R"]},{"damage_healed":0,"gold_gain":0,"player_choice":"Fought Mushrooms","damage_taken":0,"max_hp_gain":0,"max_hp_loss":0,"event_name":"Mushrooms","floor":11,"gold_loss":0},{"damage_healed":4,"gold_gain":0,"player_choice":"Full Heal","damage_taken":0,"max_hp_gain":0,"max_hp_loss":0,"event_name":"Wheel of Change","floor":38,"gold_loss":0},{"damage_healed":0,"gold_gain":0,"player_choice":"Upgraded","damage_taken":0,"max_hp_gain":0,"max_hp_loss":0,"event_name":"Upgrade Shrine","floor":46,"gold_loss":0,"cards_upgraded":["MostiFishMod:KnuckleDown"]}],"is_beta":false,"boss_relics":[{"not_picked":["testmod-IncinerationGenerator","Runic Cube"],"picked":"Runic Pyramid"},{"not_picked":["OneHitWonderSystem","REME_DemonsWealth"],"picked":"SlaversCollar"}],"items_purged_floors":[2,13,21,25,36,36,53,54],"is_endless":false,"potions_floor_spawned":[1,7,12,16,22,31,33,35,45,47],"ascension_level":20}}