{"host":"51qmnr9isyv85d0p","time":1613622871,"event":{"mods":["AchievementEnabler","BaseMod","Colored Map","Colored Powertips","Curses Come First","Downfall","Minty Spire (QoL Compilation)","Red Circlet Mod","Relic Stats","Replay The Spire","StSLib","TestMod"],"gold_per_floor":[99,11300,11300,11300,11320,11352,11375,9545,9545,9545,8562,8562,8603,7160,7173,7272,7272,7272,7287,7298,7315,6482,6526,6580,6684,5817,5827,5843,5859,5892,5912,5931,6040,6040,5740,5756,5784,4874,4918,4959,4959,4999,5025,5065,5065,5088,5167,4702,4725,4734,4734,4797,4131,4131,4135,4194],"floor_reached":57,"language":"ZHS","playtime":3810,"items_purged":["sneckomod:Defend","sneckomod:DiceBoulder","sneckomod:TailWhip","sneckomod:UnknownX+1","sneckomod:Unknown","sneckomod:Strike","Sickly"],"score":7290,"play_id":"83120e38-9c40-40c9-95e0-63f3deb03ee9","local_time":"20210218123431","is_ascension_mode":true,"campfire_choices":[{"data":"sneckomod:Strike","floor":1,"key":"SMITH"},{"data":"sneckomod:Strike","floor":10,"key":"SMITH"},{"data":"sneckomod:Strike","floor":12,"key":"SMITH"},{"floor":18,"key":"RECALL"},{"data":"sneckomod:Strike","floor":35,"key":"SMITH"},{"data":"sneckomod:Strike","floor":45,"key":"SMITH"},{"data":"sneckomod:Strike","floor":54,"key":"SMITH"}],"circlet_count":0,"master_deck":["sneckomod:Strike+7","sneckomod:Strike","sneckomod:Defend","sneckomod:SnekBite","sneckomod:Unknown+1","sneckomod:UnknownUncommonAttack","sneckomod:MorePower","sneckomod:UnknownStrike+1","sneckomod:UnknownStrike","sneckomod:UnknownStrength","sneckomod:UnknownUncommonPower","Panacea+1","testmod-HeadAttack+1","sneckomod:Unknown0Cost+1","sneckomod:CheapStock","sneckomod:UnknownBoss+1","sneckomod:UnknownRarePower","sneckomod:UnknownColorless+1","sneckomod:UnknownStrength+1","Pot Of Greed+1","sneckomod:UnknownRarePower+1","sneckomod:UnknownRareSkill+1","sneckomod:UnknownStrike","sneckomod:GlitteringGambit","Dramatic Entrance+1","sneckomod:SnakeSap","sneckomod:SnakeSap+1","sneckomod:Unknown0Cost+1"],"relics":["sneckomod:SneckoSoul","testmod-TestBox","testmod-HeartOfStrike","ReplayTheSpireMod:Ring of Exchange","Ring of Fury","bronze:BronzeIdol","Simple Rune","champ:DeflectingBracers","Onion Ring","testmod-BatchProcessingSystem","ReplayTheSpireMod:Ninjato","WingedGreaves","testmod-TheFather","Grinning Jar","testmod-TurbochargingSystem","Matryoshka","Astrolabe","Membership Card","bronze:DecasWashers","SacredBark","Replay:Bottled Flurry","War Paint","Regal Pillow","White Beast Statue","Potion Belt","Bag of Marbles","Cursed Key","Centennial Puzzle","champ:Barbells","downfall:HeartBlessingRed","downfall:HeartBlessingGreen","downfall:HeartBlessingBlue","Iron Hammer","Strawberry","expansioncontent:StudyCardRelic","Nunchaku","Mummified Hand","Kunai","testmod-InjuryResistance","Letter Opener","testmod-RainbowHikingShoes","Cauldron","Replay:Bandana","testmod-Antiphasic","CaptainsWheel","Tiny House"],"acts_visited":["Exordium","TheCity","TheBeyond","TheEnding"],"potions_floor_usage":[6,8,11,11,11,11,14,16,16,16,23,23,25,26,30,30,32,37,40,56,56,56,56],"damage_taken":[{"damage":7,"enemies":"Small Slimes","floor":2,"turns":2},{"damage":0,"enemies":"Jaw Worm","floor":5,"turns":1},{"damage":16,"enemies":"Lagavulin","floor":6,"turns":3},{"damage":6,"enemies":"downfall:FleeingMerchant","floor":8,"turns":4},{"damage":6,"enemies":"downfall:FleeingMerchant","floor":11,"turns":5},{"damage":10,"enemies":"3 Sentries","floor":13,"turns":3},{"damage":0,"enemies":"downfall:FleeingMerchant","floor":14,"turns":1},{"damage":0,"enemies":"2 Louse","floor":15,"turns":1},{"damage":19,"enemies":"IC_STATUS_ARCHETYPE","floor":16,"turns":3},{"damage":0,"enemies":"Chosen","floor":19,"turns":1},{"damage":7,"enemies":"Shell Parasite","floor":20,"turns":2},{"damage":0,"enemies":"Centurion and Healer","floor":21,"turns":3},{"damage":5,"enemies":"Slavers","floor":23,"turns":1},{"damage":0,"enemies":"downfall:LadyInBlue","floor":25,"turns":2},{"damage":0,"enemies":"Cultist and Chosen","floor":27,"turns":1},{"damage":0,"enemies":"Chosen and Byrds","floor":28,"turns":1},{"damage":5,"enemies":"Centurion and Healer","floor":29,"turns":1},{"damage":0,"enemies":"Gremlin Leader","floor":30,"turns":2},{"damage":0,"enemies":"Snake Plant","floor":31,"turns":1},{"damage":0,"enemies":"Shelled Parasite and Fungi","floor":32,"turns":2},{"damage":0,"enemies":"WA_ARCHETYPE_CALM","floor":33,"turns":2},{"damage":0,"enemies":"Orb Walker","floor":36,"turns":1},{"damage":0,"enemies":"3 Darklings","floor":37,"turns":3},{"damage":0,"enemies":"Jaw Worm Horde","floor":39,"turns":1},{"damage":0,"enemies":"Transient","floor":40,"turns":4},{"damage":0,"enemies":"Reptomancer","floor":42,"turns":1},{"damage":8,"enemies":"4 Shapes","floor":43,"turns":1},{"damage":4,"enemies":"Sphere and 2 Shapes","floor":44,"turns":1},{"damage":0,"enemies":"Maw","floor":46,"turns":1},{"damage":0,"enemies":"2 Orb Walkers","floor":47,"turns":1},{"damage":0,"enemies":"Writhing Mass","floor":49,"turns":1},{"damage":0,"enemies":"DF_ARCHETYPE_ORBS","floor":50,"turns":1},{"damage":0,"enemies":"downfall:CharBossMerchant","floor":52,"turns":1},{"damage":0,"enemies":"downfall:NeowBoss","floor":55,"turns":1},{"damage":30,"enemies":"downfall:NeowBossFinal","floor":56,"turns":3}],"seed_played":"-7984863422880069942","potions_obtained":[{"floor":2,"key":"Reflective Coating"},{"floor":6,"key":"sneckomod:DiceRollPotion"},{"floor":15,"key":"Regen Potion"},{"floor":16,"key":"champ:CounterPotion"},{"floor":19,"key":"Fire Potion"},{"floor":23,"key":"GamblersBrew"},{"floor":25,"key":"PowerPotion"},{"floor":25,"key":"testmod-SpacePotion"},{"floor":25,"key":"bronze:BurnAndBuffPotion"},{"floor":27,"key":"Swift Potion"},{"floor":28,"key":"sneckomod:DiceRollPotion"},{"floor":29,"key":"Adrenaline Potion"},{"floor":30,"key":"Block Potion"},{"floor":31,"key":"Fire Potion"},{"floor":32,"key":"Fire Potion"},{"floor":33,"key":"Adrenaline Potion"},{"floor":37,"key":"testmod-SpacePotion"},{"floor":39,"key":"Elixir"},{"floor":40,"key":"FairyPotion"},{"floor":48,"key":"EntropicBrew"},{"floor":48,"key":"sneckomod:CheatPotion"},{"floor":48,"key":"sneckomod:DiceRollPotion"},{"floor":49,"key":"Strength Potion"},{"floor":52,"key":"BlessingOfTheForge"}],"is_trial":false,"path_per_floor":["R","M","?","?","M","E","T","$","T","R","$","R","E","$","M","B",null,"R","M","M","M","$","E","T","?","$","M","M","M","E","M","M","B",null,"R","M","M","$","M","M","T","E","M","M","R","M","?","$","M","B",null,"E","$","R","B","B",null],"character_chosen":"THE_SNECKO","items_purchased":["champ:DeflectingBracers","Onion Ring","Flashbang","sneckomod:DiceRollPotion","Energy Potion","testmod-BatchProcessingSystem","WingedGreaves","testmod-TheFather","sneckomod:UnknownStrength","testmod-SpacePotion","Guardian:BlockOnCardUsePotion","champ:CounterPotion","testmod-TurbochargingSystem","Matryoshka","Fruit Juice","SmokeBomb","testmod-TestPotion","Astrolabe","bronze:DecasWashers","SacredBark","Adrenaline Potion","Replay:Bottled Flurry","Potion Belt","Bag of Marbles","Cursed Key","testmod-SpacePotion","Adrenaline Potion","Doom Potion","Iron Hammer","Strawberry","expansioncontent:StudyCardRelic","Dramatic Entrance","sneckomod:SnakeSap","Fire Potion","Letter Opener","testmod-RainbowHikingShoes","Cauldron","testmod-Antiphasic","CaptainsWheel","Tiny House"],"campfire_rested":0,"item_purchase_floors":[8,8,8,8,8,8,11,11,11,11,11,11,14,14,14,14,14,14,22,22,22,22,26,26,26,26,26,26,38,38,38,38,38,38,48,48,48,53,53,53],"current_hp_per_floor":[99,92,92,92,92,76,76,70,70,70,64,64,54,59,59,56,104,104,104,97,97,97,97,97,97,97,97,97,97,97,97,97,97,104,114,114,114,121,121,121,121,121,113,109,109,109,109,109,109,109,121,121,126,126,126,96],"gold":4194,"neow_bonus":"TEN_PERCENT_HP_BONUS","is_daily":false,"chose_seed":false,"campfire_upgraded":6,"win_rate":0.0,"timestamp":1613622871,"path_taken":["R","M","?","?","M","E","T","$","?","R","?","R","E","$","M","BOSS","R","M","M","M","$","E","T","?","$","M","M","?","E","M","M","BOSS","R","M","M","$","M","M","T","E","M","M","R","?","?","$","M","BOSS","E","$","R","BOSS","BOSS"],"items_purchased_type":["Relic","Relic","Potion","Potion","Potion","Relic","Relic","Relic","Card","Potion","Potion","Potion","Relic","Relic","Potion","Potion","Potion","Relic","Relic","Relic","Potion","Relic","Relic","Relic","Relic","Potion","Potion","Potion","Relic","Relic","Relic","Card","Card","Potion","Relic","Relic","Relic","Relic","Relic","Relic"],"build_version":"2020-12-22","purchased_purges":7,"victory":true,"max_hp_per_floor":[99,99,99,99,99,99,99,99,99,99,99,99,99,104,104,104,104,104,104,104,104,104,104,104,104,104,104,104,104,104,104,104,104,104,114,114,114,121,121,121,121,121,121,121,121,121,121,121,121,121,121,121,126,126,126,126],"relic_stats":{"Regal Pillow":0,"Centennial Puzzle":[8],"Nunchaku":[5],"counters":[35,63],"Mummified Hand":[57],"Astrolabe":["sneckomod:UnknownX","Panacea","testmod-HeadAttack"],"Kunai":[13],"Letter Opener":[38],"War Paint":["sneckomod:Defend","sneckomod:UnknownStrength"],"Cursed Key":1,"obtain_stats":[{"testmod-HeartOfStrike":0,"ReplayTheSpireMod:Ring of Exchange":4,"Regal Pillow":24,"Tiny House":53,"SacredBark":22,"testmod-BatchProcessingSystem":8,"downfall:HeartBlessingGreen":35,"expansioncontent:StudyCardRelic":38,"testmod-RainbowHikingShoes":48,"sneckomod:SneckoSoul":0,"Cursed Key":26,"Centennial Puzzle":30,"Nunchaku":41,"Replay:Bandana":52,"Matryoshka":14,"testmod-InjuryResistance":47,"downfall:HeartBlessingBlue":35,"Mummified Hand":41,"Strawberry":38,"testmod-TheFather":11,"WingedGreaves":11,"Iron Hammer":38,"Replay:Bottled Flurry":22,"Kunai":42,"Potion Belt":26,"champ:Barbells":34,"testmod-TestBox":0,"ReplayTheSpireMod:Ninjato":9,"downfall:HeartBlessingRed":35,"Astrolabe":14,"bronze:DecasWashers":22,"champ:DeflectingBracers":8,"testmod-TurbochargingSystem":14,"Letter Opener":48,"War Paint":23,"White Beast Statue":25,"bronze:BronzeIdol":6,"Cauldron":48,"testmod-Antiphasic":53,"CaptainsWheel":53,"Ring of Fury":4,"Simple Rune":7,"Onion Ring":8,"Bag of Marbles":26,"Membership Card":17,"Grinning Jar":13},{"testmod-HeartOfStrike":0,"ReplayTheSpireMod:Ring of Exchange":1,"Regal Pillow":13,"Tiny House":33,"SacredBark":12,"testmod-BatchProcessingSystem":4,"downfall:HeartBlessingGreen":21,"expansioncontent:StudyCardRelic":23,"testmod-RainbowHikingShoes":30,"sneckomod:SneckoSoul":0,"Cursed Key":14,"Centennial Puzzle":18,"Nunchaku":25,"Replay:Bandana":33,"Matryoshka":7,"testmod-InjuryResistance":30,"downfall:HeartBlessingBlue":21,"Mummified Hand":25,"Strawberry":23,"testmod-TheFather":5,"WingedGreaves":5,"Iron Hammer":23,"Replay:Bottled Flurry":12,"Kunai":26,"Potion Belt":14,"champ:Barbells":21,"testmod-TestBox":0,"ReplayTheSpireMod:Ninjato":4,"downfall:HeartBlessingRed":21,"Astrolabe":7,"bronze:DecasWashers":12,"champ:DeflectingBracers":4,"testmod-TurbochargingSystem":7,"Letter Opener":30,"War Paint":13,"White Beast Statue":14,"bronze:BronzeIdol":3,"Cauldron":30,"testmod-Antiphasic":33,"CaptainsWheel":33,"Ring of Fury":1,"Simple Rune":3,"Onion Ring":4,"Bag of Marbles":14,"Membership Card":9,"Grinning Jar":6},{"testmod-HeartOfStrike":0,"ReplayTheSpireMod:Ring of Exchange":2,"Regal Pillow":30,"Tiny House":59,"SacredBark":29,"testmod-BatchProcessingSystem":10,"downfall:HeartBlessingGreen":42,"expansioncontent:StudyCardRelic":46,"testmod-RainbowHikingShoes":56,"sneckomod:SneckoSoul":0,"Cursed Key":32,"Centennial Puzzle":37,"Nunchaku":51,"Replay:Bandana":59,"Matryoshka":19,"testmod-InjuryResistance":56,"downfall:HeartBlessingBlue":42,"Mummified Hand":51,"Strawberry":46,"testmod-TheFather":15,"WingedGreaves":15,"Iron Hammer":46,"Replay:Bottled Flurry":29,"Kunai":52,"Potion Belt":32,"champ:Barbells":42,"testmod-TestBox":0,"ReplayTheSpireMod:Ninjato":10,"downfall:HeartBlessingRed":42,"Astrolabe":19,"bronze:DecasWashers":29,"champ:DeflectingBracers":10,"testmod-TurbochargingSystem":19,"Letter Opener":56,"War Paint":30,"White Beast Statue":32,"bronze:BronzeIdol":6,"Cauldron":56,"testmod-Antiphasic":59,"CaptainsWheel":59,"Ring of Fury":2,"Simple Rune":6,"Onion Ring":10,"Bag of Marbles":32,"Membership Card":23,"Grinning Jar":18}]},"card_choices":[{"not_picked":["sneckomod:UnknownCommonAttack","sneckomod:DiceBlock","sneckomod:QuickMove"],"picked":"SKIP","floor":2},{"not_picked":["sneckomod:DiceBlock","sneckomod:SoulDraw"],"picked":"sneckomod:DiceBoulder","floor":5},{"not_picked":["sneckomod:ImprovisedAttack","sneckomod:UnendingSupply"],"picked":"sneckomod:UnknownUncommonAttack","floor":6},{"not_picked":["sneckomod:DiceBlock","sneckomod:UnknownDexterity"],"picked":"sneckomod:MorePower","floor":8},{"not_picked":["sneckomod:UnknownBlock+1","sneckomod:Unknown2Cost+1"],"picked":"sneckomod:UnknownStrike+1","floor":11},{"not_picked":["sneckomod:SoulRoll","sneckomod:UnknownX"],"picked":"sneckomod:UnknownStrike","floor":11},{"not_picked":["sneckomod:SoulRoll","sneckomod:UnknownUncommonAttack"],"picked":"sneckomod:UnknownUncommonPower","floor":13},{"not_picked":["sneckomod:UnknownCommonAttack","sneckomod:UnknownBlock","sneckomod:UnknownUncommonAttack"],"picked":"SKIP","floor":14},{"not_picked":["sneckomod:UnknownWeak+1","sneckomod:UnknownUncommonSkill+1"],"picked":"sneckomod:Unknown0Cost+1","floor":15},{"not_picked":["sneckomod:UnknownCommonAttack","sneckomod:MasterEye"],"picked":"sneckomod:CheapStock","floor":15},{"not_picked":["sneckomod:Unknown1Cost+1","sneckomod:UnknownUncommonSkill+1"],"picked":"sneckomod:UnknownBoss+1","floor":16},{"not_picked":["sneckomod:MorePower","sneckomod:Transmogrify"],"picked":"sneckomod:UnknownRarePower","floor":16},{"not_picked":["sneckomod:UnknownClassGUARDIAN","sneckomod:DiceCrush","sneckomod:WideSting"],"picked":"SKIP","floor":19},{"not_picked":["sneckomod:UnknownClassGUARDIAN+1","sneckomod:UnknownBoss+1"],"picked":"sneckomod:UnknownColorless+1","floor":20},{"not_picked":["sneckomod:UnknownUncommonSkill","sneckomod:SlitherStrike"],"picked":"sneckomod:UnknownStrength","floor":20},{"not_picked":["sneckomod:IronFang+1","sneckomod:WideSting","sneckomod:QuickMove"],"picked":"SKIP","floor":21},{"not_picked":["sneckomod:UnknownX","sneckomod:RainOfDice","sneckomod:SoulExchange"],"picked":"SKIP","floor":23},{"not_picked":["sneckomod:UnknownBoss+1","sneckomod:Unknown0Cost+1"],"picked":"sneckomod:UnknownRarePower+1","floor":25},{"not_picked":["sneckomod:DiceCrush","sneckomod:UnknownDraw+1","sneckomod:UnknownCommonAttack"],"picked":"SKIP","floor":27},{"not_picked":["sneckomod:UnknownColorless+1","sneckomod:UnknownBlock+1"],"picked":"sneckomod:UnknownRareSkill+1","floor":28},{"not_picked":["sneckomod:DefensiveFlair+1","sneckomod:UnknownUncommonPower+1","sneckomod:RainOfDice"],"picked":"SKIP","floor":28},{"not_picked":["sneckomod:SoulRoll","sneckomod:DiceBlock","sneckomod:WideSting"],"picked":"SKIP","floor":29},{"not_picked":["sneckomod:UnknownWeak","sneckomod:UnknownUncommonAttack+1"],"picked":"sneckomod:UnknownStrike","floor":30},{"not_picked":["sneckomod:UnknownBlock","sneckomod:UnknownUncommonAttack","sneckomod:WideSting"],"picked":"SKIP","floor":31},{"not_picked":["sneckomod:UnknownDraw","sneckomod:UnknownStrength","sneckomod:UnknownBlock"],"picked":"SKIP","floor":32},{"not_picked":["sneckomod:UnknownRareSkill","sneckomod:Transmogrify"],"picked":"sneckomod:GlitteringGambit","floor":33},{"not_picked":["sneckomod:UnknownVulnerable","sneckomod:Unknown1Cost","sneckomod:DefensiveFlair+1"],"picked":"SKIP","floor":36},{"not_picked":["sneckomod:UnknownClassGREEN","sneckomod:QuickMove","sneckomod:UnknownUncommonPower"],"picked":"SKIP","floor":37},{"not_picked":["sneckomod:DiceCrush+1","sneckomod:UnknownStrength+1","sneckomod:Nope+1"],"picked":"SKIP","floor":39},{"not_picked":["sneckomod:UnknownUncommonAttack+1","sneckomod:Nope+1","sneckomod:DiceCrush"],"picked":"SKIP","floor":40},{"not_picked":["sneckomod:DiceCrush+1","sneckomod:Unknown1Cost","sneckomod:TrashToTreasure+1"],"picked":"SKIP","floor":42},{"not_picked":["sneckomod:SlitherStrike","sneckomod:QuickBite+1","sneckomod:UnknownDraw+1"],"picked":"SKIP","floor":43},{"not_picked":["sneckomod:UnknownBlock","sneckomod:UnknownClassGREEN+1","sneckomod:DiceCrush+1"],"picked":"SKIP","floor":44},{"not_picked":["sneckomod:Nope","sneckomod:UnknownClassTHE_CHAMP_GRAY","sneckomod:UnknownCommonSkill+1"],"picked":"SKIP","floor":46},{"not_picked":["sneckomod:MixItUp","sneckomod:UnknownCommonSkill"],"picked":"sneckomod:SnakeSap+1","floor":49},{"not_picked":["sneckomod:Unknown3Cost+1","sneckomod:UnknownUncommonSkill+1"],"picked":"sneckomod:Unknown0Cost+1","floor":52},{"not_picked":["sneckomod:WideSting","sneckomod:ImprovisedGuard+1","sneckomod:DefensiveFlair+1"],"picked":"SKIP","floor":52}],"player_experience":113113,"relics_obtained":[{"floor":4,"key":"ReplayTheSpireMod:Ring of Exchange"},{"floor":4,"key":"Ring of Fury"},{"floor":6,"key":"bronze:BronzeIdol"},{"floor":7,"key":"Simple Rune"},{"floor":9,"key":"ReplayTheSpireMod:Ninjato"},{"floor":13,"key":"Grinning Jar"},{"floor":23,"key":"War Paint"},{"floor":24,"key":"Regal Pillow"},{"floor":25,"key":"White Beast Statue"},{"floor":30,"key":"Centennial Puzzle"},{"floor":41,"key":"Nunchaku"},{"floor":41,"key":"Mummified Hand"},{"floor":42,"key":"Kunai"},{"floor":47,"key":"testmod-InjuryResistance"},{"floor":52,"key":"Replay:Bandana"}],"event_choices":[{"damage_healed":0,"gold_gain":0,"player_choice":"Fight","damage_taken":0,"max_hp_gain":0,"max_hp_loss":0,"event_name":"Mysterious Sphere","floor":47,"gold_loss":0}],"is_beta":false,"boss_relics":[{"not_picked":["Snecko Eye","testmod-KeyOfTheVoid"],"picked":"Membership Card"},{"not_picked":["bronze:DonusWashers","testmod-GoldenSoul"],"picked":"champ:Barbells"}],"items_purged_floors":[8,11,14,22,26,38,48],"is_endless":false,"potions_floor_spawned":[2,6,15,16,19,23,27,28,29,30,31,32,33,36,37,39,40,42,43,44,46,47,49,52],"ascension_level":3}}