{"host":"7gewg82ormp6yt4e","time":1613653527,"event":{"mods":["BaseMod","Block Reminder","Colored Map","DeckTracker","Highlight Path","Minty Spire (QoL Compilation)","Relic Stats","StSLib","ojb\u0027s Info Mod"],"gold_per_floor":[13,33,33,58,76,76,114,114,114,147,200,240,240,253,253,349,349,373,396,194,194,213,213,39,39,39,69,69,69,69,85,85,156,156,171,188,28,28,41,41,67,67,90,90,103,3,32,44,44,44,44,44,44,44,69,69],"floor_reached":57,"language":"JPN","playtime":4005,"items_purged":["JustLucky","Consecrate"],"score":2796,"play_id":"9bf1c21d-c80e-440f-8c32-868989973267","local_time":"20210218220527","is_ascension_mode":true,"campfire_choices":[{"data":"SandsOfTime","floor":6.0,"key":"SMITH"},{"data":"BowlingBash","floor":8.0,"key":"SMITH"},{"data":"1","floor":13.0,"key":"LIFT"},{"data":"CrushJoints","floor":15.0,"key":"SMITH"},{"data":"Vault","floor":23.0,"key":"SMITH"},{"data":"Enlightenment","floor":25.0,"key":"SMITH"},{"data":"Adaptation","floor":28.0,"key":"SMITH"},{"floor":32.0,"key":"REST"},{"data":"MentalFortress","floor":40.0,"key":"SMITH"},{"floor":42.0,"key":"RECALL"},{"data":"WaveOfTheHand","floor":49.0,"key":"SMITH"},{"data":"TalkToTheHand","floor":53.0,"key":"SMITH"}],"circlet_count":0,"master_deck":["AscendersBane","Eruption","Vigilance","SandsOfTime+1","BowlingBash+1","EmptyFist","DevaForm","FearNoEvil","CrushJoints+1","Vault","Perseverance","Meditate","WaveOfTheHand","WaveOfTheHand+1","Judgement","Establishment","Protect","Vault+1","MentalFortress+1","EmptyMind","Sanctity","Enlightenment+1","Adaptation+1","TalkToTheHand+1","CutThroughFate","DeusExMachina","Crescendo","FearNoEvil+1","Vault+1","TalkToTheHand+1","TalkToTheHand","CrushJoints+1","EmptyBody","Omniscience"],"relics":["PureWater","Bloody Idol","HornCleat","CaptainsWheel","Girya","Unceasing Top","Pandora\u0027s Box","Bottled Tornado","White Beast Statue","Enchiridion","Coffee Dripper","DollysMirror","Bag of Marbles","Boot","Centennial Puzzle","Pocketwatch"],"acts_visited":["Exordium","TheCity","TheBeyond","TheEnding"],"potions_floor_usage":[56],"damage_taken":[{"damage":7.0,"enemies":"Cultist","floor":1.0,"turns":3.0},{"damage":0.0,"enemies":"Jaw Worm","floor":2.0,"turns":3.0},{"damage":3.0,"enemies":"2 Louse","floor":4.0,"turns":3.0},{"damage":1.0,"enemies":"Looter","floor":5.0,"turns":3.0},{"damage":15.0,"enemies":"Gremlin Nob","floor":7.0,"turns":3.0},{"damage":0.0,"enemies":"Lagavulin","floor":10.0,"turns":3.0},{"damage":0.0,"enemies":"Gremlin Nob","floor":12.0,"turns":3.0},{"damage":1.0,"enemies":"2 Fungi Beasts","floor":14.0,"turns":2.0},{"damage":15.0,"enemies":"Hexaghost","floor":16.0,"turns":9.0},{"damage":0.0,"enemies":"Spheric Guardian","floor":18.0,"turns":2.0},{"damage":0.0,"enemies":"Chosen","floor":19.0,"turns":4.0},{"damage":14.0,"enemies":"Shelled Parasite and Fungi","floor":22.0,"turns":7.0},{"damage":14.0,"enemies":"Gremlin Leader","floor":27.0,"turns":10.0},{"damage":10.0,"enemies":"Chosen and Byrds","floor":31.0,"turns":5.0},{"damage":11.0,"enemies":"Champ","floor":33.0,"turns":10.0},{"damage":2.0,"enemies":"Orb Walker","floor":35.0,"turns":3.0},{"damage":0.0,"enemies":"3 Shapes","floor":36.0,"turns":4.0},{"damage":0.0,"enemies":"Maw","floor":39.0,"turns":7.0},{"damage":2.0,"enemies":"Reptomancer","floor":41.0,"turns":6.0},{"damage":0.0,"enemies":"Jaw Worm Horde","floor":45.0,"turns":5.0},{"damage":0.0,"enemies":"Nemesis","floor":47.0,"turns":5.0},{"damage":6.0,"enemies":"4 Shapes","floor":48.0,"turns":8.0},{"damage":36.0,"enemies":"Time Eater","floor":50.0,"turns":13.0},{"damage":18.0,"enemies":"Donu and Deca","floor":51.0,"turns":11.0},{"damage":18.0,"enemies":"Shield and Spear","floor":55.0,"turns":11.0},{"damage":31,"enemies":"The Heart","floor":56,"turns":12}],"seed_played":"-1496840844373299712","potions_obtained":[{"floor":1.0,"key":"Weak Potion"},{"floor":4.0,"key":"StancePotion"},{"floor":7.0,"key":"BottledMiracle"},{"floor":12.0,"key":"Block Potion"},{"floor":31.0,"key":"CultistPotion"},{"floor":33.0,"key":"Swift Potion"},{"floor":35.0,"key":"SkillPotion"},{"floor":36.0,"key":"StancePotion"},{"floor":39.0,"key":"DuplicationPotion"},{"floor":45.0,"key":"Strength Potion"},{"floor":55.0,"key":"DistilledChaos"}],"is_trial":false,"path_per_floor":["M","M","?","M","M","R","E","R","T","E","T","E","R","M","R","B",null,"M","M","$","?","M","R","$","R","T","E","R","?","?","M","R","B",null,"M","M","$","?","M","R","E","R","T","?","M","$","E","M","R","B","B",null,"R","$","E","B",null],"character_chosen":"WATCHER","items_purchased":["MentalFortress","EmptyMind","Enlightenment","Adaptation","DollysMirror"],"campfire_rested":1,"item_purchase_floors":[20,20,24,24,37],"current_hp_per_floor":[66,66,66,63,62,62,47,47,47,47,47,47,47,46,46,31,62,62,62,62,62,53,53,53,53,53,44,44,23,23,18,39,33,62,65,70,70,82,82,82,82,82,82,82,82,82,82,81,81,45,27,68,68,68,55,24],"gold":69,"neow_bonus":"TWENTY_PERCENT_HP_BONUS","is_daily":false,"chose_seed":false,"campfire_upgraded":9,"win_rate":0.0,"timestamp":1613653527,"path_taken":["M","M","?","M","M","R","E","R","T","E","?","E","R","M","R","BOSS","M","M","$","?","M","R","$","R","T","E","R","?","?","M","R","BOSS","M","M","$","?","?","R","E","R","T","?","?","$","E","M","R","BOSS","BOSS","R","$","E","BOSS"],"items_purchased_type":["Card","Card","Card","Card","Relic"],"build_version":"2020-12-22","purchased_purges":2,"victory":true,"max_hp_per_floor":[80,80,72,72,72,72,72,72,72,72,72,72,72,72,72,72,72,72,72,72,72,72,72,72,72,72,72,72,72,72,72,72,72,72,72,72,72,82,82,82,82,82,82,82,82,82,82,82,82,82,82,82,82,82,82,82],"relic_stats":{"Centennial Puzzle":[15],"counters":[26,155],"Bloody Idol":42,"Pandora\u0027s Box":["Perseverance","JustLucky","Meditate","WaveOfTheHand","WaveOfTheHand","Judgement","Blasphemy","Establishment"],"Boot":[18],"obtain_stats":[{"Girya":10,"Golden Idol":3,"Enchiridion":29,"Bottled Tornado":26,"Boot":43,"White Beast Statue":27,"CaptainsWheel":9,"Centennial Puzzle":47,"HornCleat":7,"DollysMirror":37,"Bloody Idol":21,"Pandora\u0027s Box":17,"Coffee Dripper":34,"Bag of Marbles":41,"PureWater":0,"Unceasing Top":12,"Pocketwatch":55},{"Girya":6,"Golden Idol":2,"Enchiridion":13,"Bottled Tornado":12,"Boot":19,"White Beast Statue":13,"CaptainsWheel":5,"Centennial Puzzle":21,"HornCleat":5,"DollysMirror":17,"Bloody Idol":11,"Pandora\u0027s Box":9,"Coffee Dripper":15,"Bag of Marbles":19,"PureWater":0,"Unceasing Top":7,"Pocketwatch":25},{"Girya":18,"Golden Idol":6,"Enchiridion":55,"Bottled Tornado":45,"Boot":90,"White Beast Statue":55,"CaptainsWheel":15,"Centennial Puzzle":100,"HornCleat":15,"DollysMirror":77,"Bloody Idol":38,"Pandora\u0027s Box":32,"Coffee Dripper":70,"Bag of Marbles":90,"PureWater":0,"Unceasing Top":21,"Pocketwatch":143}],"Unceasing Top":[1],"Pocketwatch":[6]},"card_choices":[{"not_picked":["Sanctity","ReachHeaven"],"picked":"SandsOfTime","floor":1.0},{"not_picked":["Worship","Halt"],"picked":"BowlingBash","floor":2.0},{"not_picked":["BowlingBash","Halt"],"picked":"Consecrate","floor":4.0},{"not_picked":["Halt","Crescendo"],"picked":"EmptyFist","floor":5.0},{"not_picked":["Crescendo","Consecrate"],"picked":"DevaForm","floor":7.0},{"not_picked":["Worship","FollowUp"],"picked":"FearNoEvil","floor":10.0},{"not_picked":["Halt","Study","Consecrate"],"picked":"SKIP","floor":12.0},{"not_picked":["Consecrate","EmptyFist"],"picked":"CrushJoints","floor":14.0},{"not_picked":["Scrawl","MasterReality"],"picked":"Vault","floor":16.0},{"not_picked":["SashWhip","Evaluate"],"picked":"Protect","floor":18.0},{"not_picked":["InnerPeace","PathToVictory"],"picked":"Vault","floor":19.0},{"not_picked":["Fasting2","ThirdEye"],"picked":"Sanctity","floor":22.0},{"not_picked":["CutThroughFate","BowlingBash"],"picked":"TalkToTheHand","floor":27.0},{"not_picked":["FollowUp","Weave"],"picked":"CutThroughFate","floor":31.0},{"not_picked":["Establishment","Alpha"],"picked":"DeusExMachina","floor":33.0},{"not_picked":["PathToVictory","Swivel+1"],"picked":"Crescendo","floor":35.0},{"not_picked":["JustLucky+1","LikeWater"],"picked":"FearNoEvil+1","floor":36.0},{"not_picked":["Conclude","FlurryOfBlows+1"],"picked":"TalkToTheHand+1","floor":39.0},{"not_picked":["EmptyFist","Establishment"],"picked":"TalkToTheHand","floor":41.0},{"not_picked":["Halt","PathToVictory+1","FollowUp"],"picked":"SKIP","floor":45.0},{"not_picked":["Halt","PathToVictory+1","FollowUp"],"picked":"SKIP","floor":45.0},{"not_picked":["WreathOfFlame","ForeignInfluence"],"picked":"CrushJoints+1","floor":47.0},{"not_picked":["Pray+1","Meditate"],"picked":"EmptyBody","floor":48.0},{"not_picked":["Pray","Protect"],"picked":"Omniscience","floor":55.0}],"player_experience":2875279,"relics_obtained":[{"floor":7.0,"key":"HornCleat"},{"floor":9.0,"key":"CaptainsWheel"},{"floor":10.0,"key":"Girya"},{"floor":12.0,"key":"Unceasing Top"},{"floor":26.0,"key":"Bottled Tornado"},{"floor":27.0,"key":"White Beast Statue"},{"floor":29.0,"key":"Enchiridion"},{"floor":41.0,"key":"Bag of Marbles"},{"floor":43.0,"key":"Boot"},{"floor":47.0,"key":"Centennial Puzzle"},{"floor":55.0,"key":"Pocketwatch"}],"event_choices":[{"damage_healed":0.0,"max_hp_gain":0.0,"max_hp_loss":8.0,"gold_gain":0.0,"event_name":"Golden Idol","player_choice":"Lose Max HP","floor":3.0,"gold_loss":0.0,"damage_taken":0.0,"relics_obtained":["Golden Idol"]},{"damage_healed":0.0,"max_hp_gain":0.0,"max_hp_loss":0.0,"gold_gain":0.0,"event_name":"Forgotten Altar","player_choice":"Gave Idol","floor":21.0,"relics_lost":["Golden Idol"],"gold_loss":0.0,"damage_taken":0.0,"relics_obtained":["Bloody Idol"]},{"damage_healed":0.0,"max_hp_gain":0.0,"max_hp_loss":0.0,"gold_gain":0.0,"event_name":"Cursed Tome","player_choice":"Obtained Book","floor":29.0,"gold_loss":0.0,"damage_taken":21.0},{"damage_healed":0.0,"max_hp_gain":0.0,"max_hp_loss":0.0,"gold_gain":0.0,"event_name":"Vampires","player_choice":"Ignored","floor":30.0,"gold_loss":0.0,"damage_taken":0.0},{"cards_removed":["Blasphemy"],"damage_healed":2.0,"max_hp_gain":10.0,"max_hp_loss":0.0,"gold_gain":0.0,"event_name":"Bonfire Elementals","player_choice":"Offered Rare","floor":38.0,"gold_loss":0.0,"damage_taken":0.0},{"damage_healed":0.0,"max_hp_gain":0.0,"max_hp_loss":0.0,"gold_gain":0.0,"event_name":"Match and Keep!","player_choice":"0 cards matched","floor":44.0,"gold_loss":0.0,"damage_taken":0.0,"cards_obtained":[]}],"is_beta":false,"boss_relics":[{"not_picked":["Tiny House","SacredBark"],"picked":"Pandora\u0027s Box"},{"not_picked":["Busted Crown","Velvet Choker"],"picked":"Coffee Dripper"}],"items_purged_floors":[20,46],"is_endless":false,"potions_floor_spawned":[1,4,7,12,31,33,35,36,39,41,45,47,48,55],"ascension_level":20}}