{"host":"6e4d2nejd5141r00","time":1613688082,"event":{"mods":["Act Like it!","BaseMod","Better Synergies","Better Third Choice","BetterRewards","CapriCore","Colored Map","Colored Powertips","Elementarium","GifTheSpireLib","GungeonMod","Infinite Spire","Lobotomy","LobotomyExtend","Minty Spire (QoL Compilation)","Relic Stats","Replay The Spire","StSLib","Wandering Minibosses"],"gold_per_floor":[111,111,0,20,20,55,75,101,101,101,111,122,134,149,149,247,247,247,266,277,292,307,336,336,336],"floor_reached":24,"language":"ENG","playtime":1374,"items_purged":[],"score":307,"play_id":"03e2b1de-e718-4bc9-82eb-e1e46c07decd","local_time":"20210218234122","is_ascension_mode":false,"campfire_choices":[],"circlet_count":0,"master_deck":["SpecialBullet","SpecialBullet","SpecialBullet","SpecialBullet","SpecialBullet","SpecialBullet","SpecialBullet","SpecialBullet","InformationCode","SecurityCode","TrainingCode","Bloodbath","Enlightenment","FourthMatchFlame","PunishingBird","UniverseFragment","Justitia","BlackArmy","Scorched","BlackSwan_ego","SpiderBud","Pinks","RedEyes","WallGazer","OSAHOGD","GreenStem"],"relics":["CogitoBucket","LetterFromLob","DemoMod:BigBoy","Pondfish Scales","Gremlin Horn","LuminousBracelet","Empty Cage","Gaze_r","MagicBullet_r","AspirationHeart","DemoMod:GlassGuonStoneRelic","wanderingMiniBosses:Blackblade","Bird Faced Urn"],"acts_visited":["Exordium","Elementarium:Elementarium"],"potions_floor_usage":[11,12,13,13,16,20,21,22,24],"damage_taken":[{"damage":6,"enemies":"Cultist","floor":1,"turns":3},{"damage":7,"enemies":"2 Louse","floor":4,"turns":2},{"damage":47,"enemies":"Replay:BlueRogue","floor":6,"turns":7},{"damage":10,"enemies":"infinitespire:Voidling","floor":7,"turns":4},{"damage":0,"enemies":"3 Sentries","floor":8,"turns":1},{"damage":10,"enemies":"Exordium Wildlife","floor":11,"turns":2},{"damage":6,"enemies":"Lots of Slimes","floor":12,"turns":2},{"damage":18,"enemies":"Gremlin Gang","floor":13,"turns":6},{"damage":3,"enemies":"Large Slime","floor":14,"turns":3},{"damage":24,"enemies":"Fading Forest","floor":16,"turns":11},{"damage":19,"enemies":"Elementarium:Cyclone","floor":18,"turns":4},{"damage":43,"enemies":"Elementarium:Cyclone","floor":18,"turns":9},{"damage":0,"enemies":"Elementarium:Cyclone","floor":19,"turns":1},{"damage":0,"enemies":"Elementarium:2_ELEMENTALS","floor":20,"turns":3},{"damage":0,"enemies":"Elementarium:RubyGolem","floor":21,"turns":1},{"damage":0,"enemies":"Elementarium:3_ELEMENTALS","floor":22,"turns":4},{"damage":0,"enemies":"Elementarium:ElementalPortal","floor":23,"turns":4},{"damage":31,"enemies":"Elementarium:VOID_CORRUPTION_AND_TAR_GOLEM","floor":24,"turns":2}],"seed_played":"9029009188393195793","potions_obtained":[{"floor":0,"key":"Death Potion"},{"floor":0,"key":"Block Potion"},{"floor":11,"key":"Swift Potion"},{"floor":12,"key":"Toxic Potion"},{"floor":13,"key":"ColorlessPotion"},{"floor":14,"key":"FearPotion"},{"floor":20,"key":"FearPotion"},{"floor":21,"key":"Strength Potion"},{"floor":23,"key":"PowerPotion"}],"is_trial":false,"path_per_floor":["M","T","?","M","?","E","M","E","T","$","M","M","M","M","R","B",null,"M","M","M","M","M","E","M"],"character_chosen":"Angela","items_purchased":[],"campfire_rested":0,"item_purchase_floors":[],"current_hp_per_floor":[70,70,76,76,76,46,52,60,60,60,80,82,91,95,95,89,89,1,11,15,19,9,9,0,0],"gold":336,"neow_bonus":"THREE_SMALL_POTIONS","is_daily":false,"chose_seed":false,"campfire_upgraded":0,"win_rate":0.0,"timestamp":1613688082,"path_taken":["M","?","?","M","?","E","M","E","T","$","?","M","M","M","R","BOSS","M","M","M","M","M","E","M"],"items_purchased_type":[],"build_version":"2020-12-22","purchased_purges":0,"victory":false,"max_hp_per_floor":[70,70,76,76,76,76,76,76,76,76,91,91,91,95,95,89,89,1,11,15,19,9,9,9,9],"relic_stats":{"Gremlin Horn":[28,28],"counters":[21,72],"Bird Faced Urn":[2],"obtain_stats":[{"Gremlin Horn":9,"MagicBullet_r":18,"DemoMod:BigBoy":6,"LuminousBracelet":11,"AspirationHeart":19,"DemoMod:GlassGuonStoneRelic":8,"Empty Cage":17,"Gaze_r":18,"CogitoBucket":0,"Pondfish Scales":8,"wanderingMiniBosses:Blackblade":22,"Bird Faced Urn":23,"LetterFromLob":1},{"Gremlin Horn":5,"MagicBullet_r":13,"DemoMod:BigBoy":3,"LuminousBracelet":7,"AspirationHeart":15,"DemoMod:GlassGuonStoneRelic":5,"Empty Cage":11,"Gaze_r":12,"CogitoBucket":0,"Pondfish Scales":5,"wanderingMiniBosses:Blackblade":18,"Bird Faced Urn":19,"LetterFromLob":1},{"Gremlin Horn":17,"MagicBullet_r":55,"DemoMod:BigBoy":12,"LuminousBracelet":20,"AspirationHeart":57,"DemoMod:GlassGuonStoneRelic":17,"Empty Cage":42,"Gaze_r":46,"CogitoBucket":0,"Pondfish Scales":17,"wanderingMiniBosses:Blackblade":65,"Bird Faced Urn":69,"LetterFromLob":3}]},"card_choices":[{"not_picked":["BeautyBeast","Variant"],"picked":"Bloodbath","floor":1},{"not_picked":["TodaysExpression"],"picked":"CherryBlossom","floor":1},{"not_picked":["Loneliness"],"picked":"FourthMatchFlame","floor":4},{"not_picked":["ShyLook","LongBird"],"picked":"PunishingBird","floor":4},{"not_picked":["MHz","Scarecrow"],"picked":"UniverseFragment","floor":6},{"not_picked":["ShedSkin"],"picked":"Justitia","floor":6},{"not_picked":["SnowQueen","OldLady"],"picked":"QueenOfHatred","floor":7},{"not_picked":["FourthMatchFlame","Hypocrisy"],"picked":"SKIP","floor":7},{"not_picked":["Tough","Noise"],"picked":"SKIP","floor":8},{"not_picked":["VoidDream","MHz"],"picked":"NakedNest","floor":11},{"not_picked":["Noise","SoundOfStar"],"picked":"SKIP","floor":11},{"not_picked":["MHz","BeautyBeast"],"picked":"BlackArmy","floor":12},{"not_picked":["Beak","FourthMatchFlame"],"picked":"SKIP","floor":12},{"not_picked":["SomewhereSpear","CUTE"],"picked":"SKIP","floor":13},{"not_picked":["CrumblingArmor","WallGazer"],"picked":"Scorched","floor":14},{"not_picked":["Tough"],"picked":"BlackSwan_ego","floor":14},{"not_picked":["WhitesApple","CherryBlossoms"],"picked":"SpiderBud","floor":16},{"not_picked":["TheSmile"],"picked":"Pinks","floor":16},{"not_picked":["Lantern"],"picked":"RedEyes","floor":19},{"not_picked":["CherryBlossoms","Murderer"],"picked":"WallGazer","floor":20},{"not_picked":["Lantern+1","MagicBullet+1"],"picked":"SKIP","floor":20},{"not_picked":["Porccubus","BlackSwan"],"picked":"OSAHOGD","floor":21},{"not_picked":["Hornet+1"],"picked":"GreenStem","floor":21},{"not_picked":["wanderingMiniBosses:FinaleOfPromise"],"picked":"SKIP","floor":22},{"not_picked":["Galaxy","Penitence"],"picked":"SKIP","floor":22},{"not_picked":["FrostShard","Soda"],"picked":"SKIP","floor":23}],"player_experience":193926,"relics_obtained":[{"floor":1,"key":"LetterFromLob"},{"floor":6,"key":"DemoMod:BigBoy"},{"floor":8,"key":"Pondfish Scales"},{"floor":9,"key":"Gremlin Horn"},{"floor":22,"key":"wanderingMiniBosses:Blackblade"},{"floor":23,"key":"Bird Faced Urn"}],"event_choices":[{"damage_healed":0,"gold_gain":0,"player_choice":"RENOUNCE","damage_taken":111,"max_hp_gain":0,"max_hp_loss":0,"event_name":"betterThird:BetterSerpent","floor":3,"gold_loss":111,"cards_obtained":["Enlightenment"]},{"damage_healed":0,"gold_gain":0,"player_choice":"Ignored","damage_taken":0,"max_hp_gain":0,"max_hp_loss":0,"event_name":"Transmorgrifier","floor":5,"gold_loss":0}],"is_beta":false,"boss_relics":[{"not_picked":["Runic Pyramid","Tiny House"],"picked":"Empty Cage"}],"items_purged_floors":[],"is_endless":false,"potions_floor_spawned":[11,12,13,14,18,20,21,23],"killed_by":"Elementarium:VOID_CORRUPTION_AND_TAR_GOLEM","ascension_level":0}}