{"host":"s3jdrsvh3xoy435f","time":1613680883,"event":{"mods":["2.2 Compatiblity","AchievementEnabler","BaseMod","Better Note","Better Sensory Stone","BetterRewards","Hubris","Minty Spire (QoL Compilation)","Permanent Neow","Rare Cards Sparkle","SacredBarkPlus","Shop Mod","StSLib","The Accelerator","The Bug Knight","The Wild Card","Transform Curses"],"gold_per_floor":[109,12,31,42,42,69,69,69,69,96,108,3,3,3,3,126,126,146,146,162,262,281,281,312,312,312],"floor_reached":25,"language":"ENG","playtime":1968,"items_purged":[],"score":345,"play_id":"fbc9115c-27f5-43f9-aad4-e676bd347142","local_time":"20210218154123","is_ascension_mode":true,"campfire_choices":[{"floor":8,"key":"RECALL"},{"floor":15,"key":"REST"},{"data":"Whirlwind","floor":23,"key":"SMITH"}],"circlet_count":0,"master_deck":["Strike_R","Strike_R","Strike_R","Strike_R","Strike_R","Defend_R","Defend_R","Defend_R","Defend_R","Bash","Thunderclap","hubris:SharpeningStone","Reckless Charge","Warcry","Cleave","Twin Strike","Perfected Strike","Parasite","Fire Breathing","Dual Wield","Anger","Power Through","Injury","Feed","Evolve","RitualDagger","Sentinel+1","Whirlwind+1","Anger"],"relics":["Black Blood","Du-Vu Doll","Nunchaku","Strange Spoon","hubris:Towel","hubris:OldNail","Ice Cream","Singing Bowl","Golden Idol","hubris:Zylophone"],"acts_visited":["Exordium","TheCity"],"potions_floor_usage":[6,22,25],"damage_taken":[{"damage":5,"enemies":"Cultist","floor":1,"turns":4},{"damage":0,"enemies":"Small Slimes","floor":3,"turns":2},{"damage":0,"enemies":"2 Louse","floor":4,"turns":2},{"damage":49,"enemies":"Lagavulin","floor":6,"turns":5},{"damage":14,"enemies":"Gremlin Nob","floor":10,"turns":3},{"damage":19,"enemies":"Large Slime","floor":11,"turns":5},{"damage":16,"enemies":"Slime Boss","floor":16,"turns":7},{"damage":30,"enemies":"3 Byrds","floor":18,"turns":4},{"damage":20,"enemies":"2 Thieves","floor":20,"turns":4},{"damage":0,"enemies":"Centurion and Healer","floor":22,"turns":5},{"damage":57,"enemies":"Gremlin Leader","floor":24,"turns":8},{"damage":17,"enemies":"Snake Plant","floor":25,"turns":2}],"seed_played":"-8264410636041761637","potions_obtained":[{"floor":1,"key":"BlessingOfTheForge"},{"floor":3,"key":"PowerPotion"},{"floor":11,"key":"Block Potion"},{"floor":20,"key":"AttackPotion"}],"is_trial":false,"path_per_floor":["M","$","M","M","?","E","?","R","T","E","M","$","?","T","R","B",null,"M","?","M","?","M","R","E","M"],"character_chosen":"IRONCLAD","items_purchased":["Nunchaku","Strange Spoon","Thunderclap","Reckless Charge","Warcry","Anger","Power Through"],"campfire_rested":1,"item_purchase_floors":[0,0,0,2,2,12,12],"current_hp_per_floor":[80,80,80,80,80,37,57,57,57,49,36,36,36,36,60,50,80,62,56,48,48,60,60,15,0,0],"gold":312,"neow_bonus":"","is_daily":false,"chose_seed":false,"campfire_upgraded":1,"win_rate":0.0,"timestamp":1613680883,"path_taken":["M","?","?","?","?","E","?","R","T","E","M","$","?","?","R","BOSS","M","?","M","?","M","R","E","M"],"items_purchased_type":["Relic","Relic","Card","Card","Card","Card","Card"],"build_version":"2020-12-22","purchased_purges":0,"victory":false,"max_hp_per_floor":[80,80,80,80,80,80,80,80,80,80,80,80,80,80,80,80,80,80,80,80,80,80,80,80,80,80],"card_choices":[{"not_picked":["Shrug It Off","Pommel Strike"],"picked":"hubris:SharpeningStone","floor":1},{"not_picked":["Disarm","Iron Wave"],"picked":"Cleave","floor":3},{"not_picked":["Flame Barrier","Thunderclap"],"picked":"Twin Strike","floor":4},{"not_picked":["Thunderclap","Iron Wave"],"picked":"Perfected Strike","floor":6},{"not_picked":["Clash","Offering"],"picked":"Fire Breathing","floor":10},{"not_picked":["Clothesline","Rupture"],"picked":"Dual Wield","floor":11},{"not_picked":["Exhume","Juggernaut"],"picked":"Feed","floor":16},{"not_picked":["Seeing Red","Havoc"],"picked":"Evolve","floor":18},{"not_picked":["Warcry","Pommel Strike"],"picked":"Sentinel+1","floor":20},{"not_picked":["Flex+1","Rampage"],"picked":"Whirlwind","floor":22},{"not_picked":["Sever Soul","Flex+1"],"picked":"Anger","floor":24}],"player_experience":162469,"relics_obtained":[{"floor":6,"key":"hubris:OldNail"},{"floor":9,"key":"Ice Cream"},{"floor":10,"key":"Singing Bowl"},{"floor":24,"key":"hubris:Zylophone"}],"event_choices":[{"damage_healed":20,"gold_gain":0,"player_choice":"Healed and dodged fight","damage_taken":0,"max_hp_gain":0,"max_hp_loss":0,"event_name":"Mushrooms","floor":7,"gold_loss":0,"cards_obtained":["Parasite"]},{"damage_healed":0,"gold_gain":0,"player_choice":"Take Wound","damage_taken":0,"relics_obtained":["Golden Idol"],"max_hp_gain":0,"max_hp_loss":0,"event_name":"Golden Idol","floor":13,"gold_loss":0,"cards_obtained":["Injury"]},{"damage_healed":0,"gold_gain":0,"player_choice":"Joined the Cult","damage_taken":6,"max_hp_gain":0,"max_hp_loss":0,"event_name":"Nest","floor":19,"gold_loss":0,"cards_obtained":["RitualDagger"]},{"damage_healed":0,"gold_gain":100,"player_choice":"Pray","damage_taken":0,"max_hp_gain":0,"max_hp_loss":0,"event_name":"Golden Shrine","floor":21,"gold_loss":0}],"is_beta":false,"boss_relics":[{"not_picked":["hubris:ScarierMask","Busted Crown"],"picked":"Black Blood"}],"items_purged_floors":[],"is_endless":false,"potions_floor_spawned":[1,3,11,20],"killed_by":"Snake Plant","ascension_level":1}}