{"host":"tzwikg9s6mkzv6w0","time":1613656930,"event":{"mods":["BaseMod","Good Game Mod","Minty Spire (QoL Compilation)","Spicy Shops","StSLib"],"gold_per_floor":[118,193,193,49,61,61,77,111,111,137,147,147,173,273,273,273,273],"floor_reached":16,"language":"ZHS","playtime":588,"items_purged":["Strike_R"],"score":153,"play_id":"4c704d46-f55c-48a3-966c-57319d27fcf4","local_time":"20210218220210","is_ascension_mode":true,"campfire_choices":[{"data":"Armaments","floor":6.0,"key":"SMITH"},{"data":"Rupture","floor":15,"key":"SMITH"}],"circlet_count":0,"master_deck":["Strike_R","Strike_R","Strike_R","Defend_R","Defend_R","Defend_R","Defend_R","Bash","Reboot","Shrug It Off","Sword Boomerang","Armaments+1","Pommel Strike","Rupture+1","Offering","Barricade+1","Flex"],"relics":["Burning Blood","REME:ComplimentaryCards","Champion Belt","FaceOfCleric","Prayer Wheel","Singing Bowl","Frozen Egg 2","Blood Vial","Darkstone Periapt"],"acts_visited":["Exordium"],"potions_floor_usage":[],"damage_taken":[{"damage":3.0,"enemies":"Small Slimes","floor":1.0,"turns":5.0},{"damage":3.0,"enemies":"2 Louse","floor":5.0,"turns":4.0},{"damage":0.0,"enemies":"Cultist","floor":7.0,"turns":3.0},{"damage":28.0,"enemies":"3 Sentries","floor":8.0,"turns":8.0},{"damage":17.0,"enemies":"Lagavulin","floor":10.0,"turns":7.0},{"damage":14.0,"enemies":"Large Slime","floor":11.0,"turns":7.0},{"damage":14.0,"enemies":"3 Sentries","floor":13.0,"turns":9.0},{"damage":26,"enemies":"Slime Boss","floor":16,"turns":10}],"seed_played":"-8141675738145761671","potions_obtained":[{"floor":5.0,"key":"PowerPotion"},{"floor":10.0,"key":"AttackPotion"}],"is_trial":false,"path_per_floor":["M","?","?","$","M","R","M","E","T","E","M","?","E","?","R","B"],"character_chosen":"IRONCLAD","items_purchased":["Prayer Wheel"],"campfire_rested":0,"item_purchase_floors":[4],"current_hp_per_floor":[54,43,43,43,47,47,54,33,33,23,20,20,17,17,17,0,0],"gold":273,"neow_bonus":"ONE_RARE_RELIC","is_daily":false,"chose_seed":false,"campfire_upgraded":2,"win_rate":0.0,"timestamp":1613656930,"path_taken":["M","?","?","$","?","R","M","E","T","E","M","?","E","?","R","BOSS"],"items_purchased_type":["Relic"],"build_version":"2020-12-22","purchased_purges":1,"victory":false,"max_hp_per_floor":[80,80,80,80,81,81,82,83,83,84,87,87,90,90,90,90,90],"card_choices":[{"not_picked":["Perfected Strike","Cleave"],"picked":"Shrug It Off","floor":1.0},{"not_picked":["Ghostly Armor","Clothesline"],"picked":"Sword Boomerang","floor":5.0},{"not_picked":["True Grit","Clash"],"picked":"Armaments","floor":5.0},{"not_picked":["Body Slam","Impervious"],"picked":"Pommel Strike","floor":7.0},{"not_picked":["Anger","Perfected Strike"],"picked":"Rupture","floor":7.0},{"not_picked":["Body Slam","Cleave"],"picked":"Offering","floor":8.0},{"not_picked":["Combust+1","Evolve+1"],"picked":"Barricade+1","floor":10.0},{"not_picked":["Warcry","Perfected Strike"],"picked":"Flex","floor":11.0},{"not_picked":["Dropkick","Ghostly Armor","Iron Wave"],"picked":"Singing Bowl","floor":11.0},{"not_picked":["Shrug It Off","Perfected Strike","Infernal Blade"],"picked":"Singing Bowl","floor":13.0}],"player_experience":154334,"relics_obtained":[{"floor":8.0,"key":"Singing Bowl"},{"floor":9.0,"key":"Frozen Egg 2"},{"floor":10.0,"key":"Blood Vial"},{"floor":13.0,"key":"Darkstone Periapt"}],"event_choices":[{"damage_healed":0.0,"max_hp_gain":0.0,"max_hp_loss":0.0,"gold_gain":75.0,"event_name":"World of Goop","player_choice":"Gather Gold","floor":2.0,"gold_loss":0.0,"damage_taken":11.0},{"damage_healed":0.0,"max_hp_gain":0.0,"max_hp_loss":0.0,"gold_gain":0.0,"event_name":"FaceTrader","player_choice":"Trade","floor":3.0,"gold_loss":0.0,"damage_taken":0.0,"relics_obtained":["FaceOfCleric"]},{"cards_removed":["Strike_R"],"damage_healed":0.0,"max_hp_gain":0.0,"max_hp_loss":0.0,"gold_gain":0.0,"event_name":"Living Wall","player_choice":"Forget","floor":12.0,"gold_loss":0.0,"damage_taken":0.0},{"damage_healed":0.0,"max_hp_gain":0.0,"max_hp_loss":0.0,"gold_gain":100.0,"event_name":"Golden Shrine","player_choice":"Pray","floor":14.0,"gold_loss":0.0,"damage_taken":0.0}],"is_beta":false,"boss_relics":[],"items_purged_floors":[4],"is_endless":false,"potions_floor_spawned":[5,10],"killed_by":"Slime Boss","ascension_level":6}}