{"host":"fl6c84p0pqwjbhud","time":1613677147,"event":{"mods":["AchievementEnabler","BaseMod","Better Altar","Better Match","Better Note","Better Sensory Stone","Better Skull","Better Third Choice","Better Vampires","Better-Laid Plans","BetterRewards","Colored Map","Defuse TimeMaze Blight","Displayed Cursed Tome","Energized Spire","Highlight Path","Minty Spire (QoL Compilation)","Permanent Neow","Quick Restart","Relic Sorter","StSLib","Synergy Search","Transform Curses"],"gold_per_floor":[110,31,48,58,58,58,58,58,108,108,118,136,136,150,150,250,250,264,264,264,59,78,78,278,56,56,5,5,21,33,50,50,145,145,158,158,0,0,11,11,24,41,41,41,41],"floor_reached":44,"language":"ENG","playtime":2283,"items_purged":[],"score":450,"play_id":"15fce1dc-c4ce-4a85-b981-083f69d3108b","local_time":"20210218203907","is_ascension_mode":false,"campfire_choices":[{"data":"White Noise","floor":6,"key":"SMITH"},{"data":"Zap","floor":8,"key":"SMITH"},{"floor":13,"key":"REST"},{"data":"Capacitor","floor":15,"key":"SMITH"},{"floor":23,"key":"REST"},{"floor":28,"key":"REST"},{"floor":32,"key":"REST"},{"floor":40,"key":"REST"}],"circlet_count":0,"master_deck":["Zap+1","Capacitor","Capacitor+1","Conserve Battery","White Noise+1","Scrape","Sweeping Beam","Ball Lightning","Echo Form","Melter","Compile Driver","Amplify","Doom and Gloom","Echo Form","All For One","Ball Lightning","Beam Cell","Gash","Loop","Ball Lightning","Jack Of All Trades","Ball Lightning","Go for the Eyes+1","Capacitor","Buffer","Go for the Eyes+1","Beam Cell+1","Compile Driver+1","FTL"],"relics":["Cracked Core","War Paint","Darkstone Periapt","HornCleat","Lantern","Pandora\u0027s Box","Incense Burner","Art of War","Cables","energizedSpire:NeverEndingSparkler","Red Mask","Du-Vu Doll"],"acts_visited":["Exordium","TheCity","TheBeyond"],"potions_floor_usage":[11,18,22,29,31],"damage_taken":[{"damage":3,"enemies":"Small Slimes","floor":1,"turns":3},{"damage":0,"enemies":"Cultist","floor":3,"turns":3},{"damage":2,"enemies":"Jaw Worm","floor":4,"turns":3},{"damage":8,"enemies":"Large Slime","floor":11,"turns":7},{"damage":8,"enemies":"Exordium Thugs","floor":12,"turns":3},{"damage":0,"enemies":"Looter","floor":14,"turns":3},{"damage":30,"enemies":"Hexaghost","floor":16,"turns":9},{"damage":47,"enemies":"3 Byrds","floor":18,"turns":4},{"damage":10,"enemies":"Chosen","floor":22,"turns":3},{"damage":18,"enemies":"3 Cultists","floor":29,"turns":5},{"damage":15,"enemies":"Snecko","floor":30,"turns":4},{"damage":22,"enemies":"Snake Plant","floor":31,"turns":4},{"damage":26,"enemies":"Automaton","floor":33,"turns":6},{"damage":20,"enemies":"3 Shapes","floor":35,"turns":3},{"damage":0,"enemies":"Orb Walker","floor":39,"turns":3},{"damage":42,"enemies":"Spire Growth","floor":41,"turns":5},{"damage":36,"enemies":"3 Darklings","floor":42,"turns":6},{"damage":25,"enemies":"4 Shapes","floor":44,"turns":5}],"seed_played":"977194320534811205","potions_obtained":[{"floor":4,"key":"DuplicationPotion"},{"floor":12,"key":"LiquidMemories"},{"floor":18,"key":"Weak Potion"},{"floor":30,"key":"FairyPotion"},{"floor":33,"key":"Strength Potion"},{"floor":35,"key":"Strength Potion"},{"floor":41,"key":"LiquidBronze"},{"floor":42,"key":"LiquidBronze"}],"is_trial":false,"path_per_floor":["M","?","M","M","?","R","T","R","T","?","M","M","R","M","R","B",null,"M","?","T","$","M","R","?","$","T","$","R","M","M","M","R","B",null,"M","?","?","?","M","R","M","M","T","M"],"character_chosen":"DEFECT","items_purchased":["Art of War","PowerPotion","Loop","Ball Lightning","Jack Of All Trades","PowerPotion"],"campfire_rested":5,"item_purchase_floors":[21,21,25,25,25,27],"current_hp_per_floor":[72,72,72,70,70,70,70,70,70,70,62,54,75,75,75,45,75,28,28,28,28,18,40,40,40,40,40,62,44,29,7,29,3,75,55,55,55,55,55,71,29,21,21,0,0],"gold":41,"neow_bonus":"RANDOM_COMMON_RELIC","is_daily":false,"chose_seed":false,"campfire_upgraded":3,"win_rate":0.0,"timestamp":1613677147,"path_taken":["M","?","?","M","?","R","?","R","T","?","M","?","R","M","R","BOSS","M","?","?","?","M","R","?","?","T","$","R","M","?","M","R","BOSS","M","?","?","?","M","R","M","M","T","?"],"items_purchased_type":["Relic","Potion","Card","Card","Card","Potion"],"build_version":"2020-12-22","purchased_purges":0,"victory":false,"max_hp_per_floor":[75,75,75,75,75,75,75,75,75,75,75,75,75,75,75,75,75,75,75,75,75,75,75,75,75,75,75,75,75,75,75,75,75,75,75,75,75,71,71,71,71,71,71,71,71],"card_choices":[{"not_picked":["Turbo","Gash"],"picked":"Capacitor","floor":1},{"not_picked":["Compile Driver","Rebound"],"picked":"Capacitor","floor":3},{"not_picked":["Steam Power","BootSequence"],"picked":"Conserve Battery","floor":4},{"not_picked":["Conserve Battery","Reprogram"],"picked":"Scrape","floor":11},{"not_picked":["Skim","Leap"],"picked":"Sweeping Beam","floor":12},{"not_picked":["Blizzard","Darkness"],"picked":"Ball Lightning","floor":14},{"not_picked":["Reboot","Meteor Strike"],"picked":"Echo Form","floor":16},{"not_picked":["Reinforced Body","Chaos+1"],"picked":"Ball Lightning","floor":18},{"not_picked":["Go for the Eyes","Leap"],"picked":"Gash","floor":22},{"not_picked":["Tempest","Turbo"],"picked":"Ball Lightning","floor":29},{"not_picked":["Auto Shields","Glacier"],"picked":"Go for the Eyes+1","floor":30},{"not_picked":["Redo","Undo+1"],"picked":"Capacitor","floor":31},{"not_picked":["Core Surge","All For One"],"picked":"Buffer","floor":33},{"not_picked":["Aggregate","Melter+1"],"picked":"Go for the Eyes+1","floor":35},{"not_picked":["Hologram","Conserve Battery+1"],"picked":"Beam Cell+1","floor":39},{"not_picked":["Stack+1","Fusion"],"picked":"Compile Driver+1","floor":41},{"not_picked":["Leap+1","Multi-Cast"],"picked":"FTL","floor":42}],"player_experience":511995,"relics_obtained":[{"floor":7,"key":"HornCleat"},{"floor":9,"key":"Lantern"},{"floor":20,"key":"Incense Burner"},{"floor":26,"key":"Cables"},{"floor":43,"key":"Du-Vu Doll"}],"event_choices":[{"damage_healed":0,"gold_gain":0,"player_choice":"Paid Gold","damage_taken":0,"relics_obtained":["Darkstone Periapt"],"max_hp_gain":0,"max_hp_loss":0,"event_name":"WeMeetAgain","floor":2,"gold_loss":79},{"damage_healed":0,"gold_gain":0,"cards_transformed":["Dualcast"],"player_choice":"Change","damage_taken":0,"max_hp_gain":0,"max_hp_loss":0,"event_name":"Living Wall","floor":5,"gold_loss":0,"cards_obtained":["White Noise"]},{"damage_healed":0,"gold_gain":0,"player_choice":"Ignored","damage_taken":0,"max_hp_gain":0,"max_hp_loss":0,"event_name":"Golden Wing","floor":10,"gold_loss":0},{"damage_healed":0,"gold_gain":0,"cards_transformed":["Hyperbeam"],"player_choice":"Transformed","damage_taken":0,"max_hp_gain":0,"max_hp_loss":0,"event_name":"Transmorgrifier","floor":19,"gold_loss":0,"cards_obtained":["Beam Cell"]},{"damage_healed":0,"gold_gain":250,"player_choice":"Bet on Owner","damage_taken":0,"max_hp_gain":0,"max_hp_loss":0,"event_name":"The Joust","floor":24,"gold_loss":50},{"cards_removed":["Echo Form"],"damage_healed":0,"gold_gain":0,"player_choice":"Removed Power","damage_taken":0,"max_hp_gain":0,"max_hp_loss":0,"event_name":"Falling","floor":36,"gold_loss":0},{"damage_healed":0,"gold_gain":0,"player_choice":"Paid","damage_taken":0,"relics_obtained":["Red Mask"],"max_hp_gain":0,"max_hp_loss":0,"event_name":"Tomb of Lord Red Mask","floor":37,"gold_loss":158},{"damage_healed":0,"gold_gain":0,"player_choice":"Max HP","damage_taken":0,"max_hp_gain":0,"max_hp_loss":4,"event_name":"Winding Halls","floor":38,"gold_loss":0}],"is_beta":false,"boss_relics":[{"not_picked":["Calling Bell","Empty Cage"],"picked":"Pandora\u0027s Box"},{"not_picked":["Black Star","Runic Pyramid"],"picked":"energizedSpire:NeverEndingSparkler"}],"items_purged_floors":[],"is_endless":false,"potions_floor_spawned":[4,12,18,30,33,35,41,42],"killed_by":"4 Shapes","ascension_level":0}}