{"host":"p0hktren06injwdf","time":1613632879,"event":{"mods":["AchievementEnabler","BaseMod","Colored Map","DeckTracker","Minty Spire (QoL Compilation)","Permanent Neow","StSLib","SuperFastMode"],"gold_per_floor":[113,113,133,146,71,107,107,147,171,171,43,43,97,121,121,121,121],"floor_reached":16,"language":"KOR","playtime":179,"items_purged":["Strike_P"],"score":216,"play_id":"820ed2e6-be22-4a99-82da-726742a7c3cc","local_time":"20210218162119","is_ascension_mode":true,"campfire_choices":[{"data":"Brilliance","floor":7,"key":"SMITH"},{"data":"SandsOfTime","floor":10,"key":"SMITH"},{"floor":15,"key":"REST"}],"circlet_count":0,"master_deck":["AscendersBane","Strike_P","Strike_P","Strike_P","Defend_P","Defend_P","Defend_P","Eruption+1","Vigilance","BowlingBash","SandsOfTime+1","Brilliance+1","Evaluate","Halt","Adaptation"],"relics":["PureWater","Golden Idol","Smiling Mask","Bag of Marbles","Orichalcum","Akabeko"],"acts_visited":["Exordium"],"potions_floor_usage":[8,16],"damage_taken":[{"damage":0,"enemies":"Small Slimes","floor":1,"turns":2},{"damage":0,"enemies":"Jaw Worm","floor":3,"turns":3},{"damage":0,"enemies":"2 Louse","floor":4,"turns":2},{"damage":8,"enemies":"Gremlin Nob","floor":6,"turns":3},{"damage":20,"enemies":"3 Sentries","floor":8,"turns":5},{"damage":3,"enemies":"Exordium Thugs","floor":14,"turns":4},{"damage":28,"enemies":"Hexaghost","floor":16,"turns":7}],"seed_played":"10722395334480015","potions_obtained":[{"floor":4,"key":"Dexterity Potion"},{"floor":8,"key":"Block Potion"}],"is_trial":false,"path_per_floor":["M","?","M","M","?","E","R","E","T","R","$","?","T","M","R","B"],"character_chosen":"WATCHER","items_purchased":["Adaptation"],"campfire_rested":1,"item_purchase_floors":[11],"current_hp_per_floor":[61,38,38,38,38,30,30,10,10,10,10,10,10,7,27,0,0],"gold":121,"neow_bonus":"UPGRADE_CARD","is_daily":false,"chose_seed":false,"campfire_upgraded":2,"win_rate":0.0,"timestamp":1613632879,"path_taken":["M","?","M","M","?","E","R","E","T","R","$","?","?","M","R","BOSS"],"items_purchased_type":["Card"],"build_version":"2020-12-22","purchased_purges":1,"victory":false,"max_hp_per_floor":[68,68,68,68,68,68,68,68,68,68,68,68,68,68,68,68,68],"card_choices":[{"not_picked":["Halt","EmptyMind"],"picked":"BowlingBash","floor":1},{"not_picked":["WindmillStrike","EmptyFist"],"picked":"SandsOfTime","floor":3},{"not_picked":["PathToVictory","Halt"],"picked":"Brilliance","floor":4},{"not_picked":["Prostrate","FlurryOfBlows"],"picked":"Evaluate","floor":6},{"not_picked":["DeceiveReality","ThirdEye"],"picked":"Halt","floor":8},{"not_picked":["Halt","EmptyBody","Fasting2"],"picked":"SKIP","floor":14}],"player_experience":1084161,"relics_obtained":[{"floor":6,"key":"Smiling Mask"},{"floor":8,"key":"Bag of Marbles"},{"floor":9,"key":"Orichalcum"},{"floor":13,"key":"Akabeko"}],"event_choices":[{"damage_healed":0,"gold_gain":0,"player_choice":"Take Damage","damage_taken":23,"relics_obtained":["Golden Idol"],"max_hp_gain":0,"max_hp_loss":0,"event_name":"Golden Idol","floor":2,"gold_loss":0},{"cards_removed":["Defend_P"],"damage_healed":0,"gold_gain":0,"player_choice":"Card Removal","damage_taken":0,"max_hp_gain":0,"max_hp_loss":0,"event_name":"The Cleric","floor":5,"gold_loss":75},{"damage_healed":0,"gold_gain":0,"player_choice":"Ignored","damage_taken":0,"max_hp_gain":0,"max_hp_loss":0,"event_name":"Shining Light","floor":12,"gold_loss":0}],"is_beta":false,"boss_relics":[],"items_purged_floors":[11],"is_endless":false,"potions_floor_spawned":[4,8],"killed_by":"Hexaghost","ascension_level":20}}