{"host":"kb6kd92pmlm29812","time":1613614639,"event":{"mods":["AchievementEnabler","BaseMod","Colored Map","Highlight Path","Minty Spire (QoL Compilation)","Permanent Neow","Quick Restart","StSLib"],"gold_per_floor":[112,12,12,31,42,42,68,68,118,134,18,18,18,18,18,144,144,169,169,187,202,223,256,256,287,287,109,149,149,184,202,202,328,328,352,372,97,116,139,139,139,164,164,195,195,229,254,294,294,294],"floor_reached":51,"language":"ENG","playtime":4425,"items_purged":["Strike_G","Strike_G","Strike_G"],"score":1011,"play_id":"c79b94ed-4b7a-4217-a2a9-9163e8a336a9","local_time":"20210217211719","is_ascension_mode":true,"campfire_choices":[{"data":"Neutralize","floor":6,"key":"SMITH"},{"data":"Backflip","floor":8,"key":"SMITH"},{"floor":15,"key":"REST"},{"data":"After Image","floor":24,"key":"SMITH"},{"data":"Corpse Explosion","floor":29,"key":"SMITH"},{"data":"Calculated Gamble","floor":32,"key":"SMITH"},{"data":"Tools of the Trade","floor":40,"key":"SMITH"},{"data":"Blade Dance","floor":49,"key":"SMITH"}],"circlet_count":0,"master_deck":["Defend_G","Defend_G","Defend_G","Defend_G","Defend_G","Survivor","Neutralize+1","Finisher","Corpse Explosion+1","Dagger Spray+1","Backflip+1","Blade Dance+1","Backstab","Noxious Fumes","Catalyst+1","Blade Dance+1","After Image+1","Malaise","Footwork","Terror+1","Noxious Fumes","Backflip+1","Calculated Gamble+1","Tools of the Trade+1","Caltrops+1","Well Laid Plans+1","Blade Dance+1"],"relics":["Ring of the Snake","Regal Pillow","Oddly Smooth Stone","Ancient Tea Set","Golden Idol","Black Star","Nunchaku","White Beast Statue","Centennial Puzzle","Pocketwatch","Paper Crane","Mango","Bag of Marbles","Pear","Ninja Scroll","Sozu","Vajra","Bottled Lightning","Meat on the Bone","Pantograph","Strawberry","Anchor","Omamori","Pen Nib"],"acts_visited":["Exordium","TheCity","TheBeyond"],"potions_floor_usage":[23,28,28,31,33,33,44,50],"damage_taken":[{"damage":0,"enemies":"Cultist","floor":1,"turns":4},{"damage":11,"enemies":"2 Louse","floor":4,"turns":2},{"damage":0,"enemies":"Small Slimes","floor":5,"turns":2},{"damage":9,"enemies":"3 Sentries","floor":7,"turns":2},{"damage":1,"enemies":"Looter","floor":10,"turns":2},{"damage":11,"enemies":"Hexaghost","floor":16,"turns":9},{"damage":0,"enemies":"Spheric Guardian","floor":18,"turns":1},{"damage":1,"enemies":"Shell Parasite","floor":20,"turns":5},{"damage":22,"enemies":"Snake Plant","floor":21,"turns":7},{"damage":12,"enemies":"Cultist and Chosen","floor":22,"turns":3},{"damage":7,"enemies":"Gremlin Leader","floor":23,"turns":8},{"damage":1,"enemies":"Book of Stabbing","floor":25,"turns":8},{"damage":5,"enemies":"Gremlin Leader","floor":28,"turns":6},{"damage":0,"enemies":"Slavers","floor":30,"turns":1},{"damage":0,"enemies":"Snecko","floor":31,"turns":4},{"damage":0,"enemies":"Champ","floor":33,"turns":8},{"damage":12,"enemies":"3 Shapes","floor":35,"turns":2},{"damage":4,"enemies":"Orb Walker","floor":36,"turns":3},{"damage":0,"enemies":"3 Darklings","floor":38,"turns":4},{"damage":0,"enemies":"Maw","floor":39,"turns":6},{"damage":6,"enemies":"Transient","floor":42,"turns":5},{"damage":0,"enemies":"Reptomancer","floor":44,"turns":5},{"damage":15,"enemies":"Nemesis","floor":46,"turns":5},{"damage":0,"enemies":"Jaw Worm Horde","floor":47,"turns":1},{"damage":0,"enemies":"Reptomancer","floor":48,"turns":5},{"damage":29,"enemies":"Awakened One","floor":50,"turns":9}],"seed_played":"1022837943200587433","potions_obtained":[{"floor":4,"key":"Strength Potion"},{"floor":16,"key":"Regen Potion"},{"floor":20,"key":"PowerPotion"},{"floor":22,"key":"AttackPotion"},{"floor":25,"key":"LiquidMemories"},{"floor":28,"key":"EssenceOfSteel"},{"floor":30,"key":"Fruit Juice"},{"floor":31,"key":"AttackPotion"},{"floor":33,"key":"Swift Potion"}],"is_trial":false,"path_per_floor":["M","$","$","M","M","R","E","R","T","M","$","?","?","?","R","B",null,"M","?","M","M","M","E","R","E","T","$","E","R","E","M","R","B",null,"M","M","$","M","M","R","$","M","T","E","?","E","M","E","R","B",null],"character_chosen":"THE_SILENT","items_purchased":["Backflip","Catalyst","Blade Dance","Noxious Fumes","Vajra"],"campfire_rested":1,"item_purchase_floors":[2,11,11,27,37],"current_hp_per_floor":[49,49,49,38,38,38,29,29,29,28,28,14,11,11,45,34,65,65,65,64,42,30,38,38,37,37,37,46,46,56,61,61,61,94,82,78,78,78,78,78,78,72,72,72,72,64,64,64,64,60],"gold":294,"neow_bonus":"TRANSFORM_TWO_CARDS","is_daily":false,"chose_seed":false,"campfire_upgraded":7,"win_rate":0.0,"timestamp":1613614639,"path_taken":["M","?","$","?","M","R","E","R","T","M","?","?","?","?","R","BOSS","M","?","?","M","M","E","R","E","T","$","E","R","E","M","R","BOSS","M","M","$","M","M","R","$","M","T","E","?","E","?","E","R","BOSS"],"items_purchased_type":["Card","Card","Card","Card","Relic"],"build_version":"2020-12-22","purchased_purges":3,"victory":true,"max_hp_per_floor":[70,70,70,70,70,70,70,70,70,70,70,70,70,65,65,65,65,65,65,65,65,65,65,65,65,65,65,79,79,89,94,94,94,94,94,94,94,94,94,94,94,94,94,94,94,101,101,101,101,101],"card_choices":[{"not_picked":["Prepared","Sucker Punch"],"picked":"Dagger Spray","floor":1},{"not_picked":["Masterful Stab","Deadly Poison"],"picked":"Blade Dance","floor":4},{"not_picked":["Expertise","Flying Knee"],"picked":"Backstab","floor":5},{"not_picked":["Underhanded Strike","Slice","Eviscerate"],"picked":"SKIP","floor":7},{"not_picked":["Poisoned Stab","Crippling Poison"],"picked":"Noxious Fumes","floor":10},{"not_picked":["Unload","Tools of the Trade"],"picked":"After Image","floor":16},{"not_picked":["Deadly Poison","Underhanded Strike","Distraction"],"picked":"SKIP","floor":18},{"not_picked":["Sucker Punch","Dagger Throw"],"picked":"Malaise","floor":20},{"not_picked":["Dagger Spray+1","Quick Slash"],"picked":"Footwork","floor":21},{"not_picked":["Dagger Throw","Bane","Distraction"],"picked":"SKIP","floor":22},{"not_picked":["All Out Attack+1","PiercingWail"],"picked":"Terror+1","floor":23},{"not_picked":["Bane","Predator","Dagger Throw+1"],"picked":"SKIP","floor":25},{"not_picked":["All Out Attack","Bane","Flying Knee+1"],"picked":"SKIP","floor":28},{"not_picked":["Malaise","Deflect"],"picked":"Backflip+1","floor":30},{"not_picked":["Expertise","Backstab"],"picked":"Calculated Gamble","floor":31},{"not_picked":["Corpse Explosion","Doppelganger"],"picked":"Tools of the Trade","floor":33},{"not_picked":["Flying Knee","PiercingWail"],"picked":"Caltrops+1","floor":35},{"not_picked":["Bouncing Flask+1","Eviscerate"],"picked":"Well Laid Plans+1","floor":36},{"not_picked":["Flechettes","Endless Agony+1","Leg Sweep"],"picked":"SKIP","floor":38},{"not_picked":["Caltrops+1","Underhanded Strike"],"picked":"Blade Dance+1","floor":39},{"not_picked":["Deflect","Endless Agony+1","Venomology"],"picked":"SKIP","floor":42},{"not_picked":["Calculated Gamble+1","Eviscerate+1","Flying Knee+1"],"picked":"SKIP","floor":44},{"not_picked":["Calculated Gamble+1","Die Die Die","Distraction+1"],"picked":"SKIP","floor":46},{"not_picked":["Dagger Throw+1","Backflip","Outmaneuver+1"],"picked":"SKIP","floor":47},{"not_picked":["Underhanded Strike","Backflip","Skewer"],"picked":"SKIP","floor":48}],"player_experience":48850,"relics_obtained":[{"floor":7,"key":"Regal Pillow"},{"floor":9,"key":"Oddly Smooth Stone"},{"floor":23,"key":"Nunchaku"},{"floor":23,"key":"White Beast Statue"},{"floor":25,"key":"Centennial Puzzle"},{"floor":25,"key":"Pocketwatch"},{"floor":26,"key":"Paper Crane"},{"floor":28,"key":"Mango"},{"floor":28,"key":"Bag of Marbles"},{"floor":30,"key":"Pear"},{"floor":30,"key":"Ninja Scroll"},{"floor":43,"key":"Bottled Lightning"},{"floor":44,"key":"Meat on the Bone"},{"floor":44,"key":"Pantograph"},{"floor":46,"key":"Strawberry"},{"floor":46,"key":"Anchor"},{"floor":48,"key":"Omamori"},{"floor":48,"key":"Pen Nib"}],"event_choices":[{"damage_healed":0,"gold_gain":0,"player_choice":"Entered Light","damage_taken":14,"max_hp_gain":0,"max_hp_loss":0,"event_name":"Shining Light","floor":12,"gold_loss":0,"cards_upgraded":["Dagger Spray","Blade Dance"]},{"damage_healed":0,"gold_gain":0,"player_choice":"Success","damage_taken":3,"relics_obtained":["Ancient Tea Set"],"max_hp_gain":0,"max_hp_loss":0,"event_name":"Scrap Ooze","floor":13,"gold_loss":0},{"damage_healed":0,"gold_gain":0,"player_choice":"Lose Max HP","damage_taken":0,"relics_obtained":["Golden Idol"],"max_hp_gain":0,"max_hp_loss":5,"event_name":"Golden Idol","floor":14,"gold_loss":0},{"damage_healed":0,"gold_gain":0,"player_choice":"Full Heal","damage_taken":0,"max_hp_gain":0,"max_hp_loss":0,"event_name":"Wheel of Change","floor":19,"gold_loss":0},{"damage_healed":0,"gold_gain":0,"player_choice":"Forge","damage_taken":0,"max_hp_gain":0,"max_hp_loss":0,"event_name":"Accursed Blacksmith","floor":45,"gold_loss":0,"cards_upgraded":["Catalyst"]}],"is_beta":false,"boss_relics":[{"not_picked":["Cursed Key","Velvet Choker"],"picked":"Black Star"},{"not_picked":["Calling Bell","Coffee Dripper"],"picked":"Sozu"}],"items_purged_floors":[2,27,37],"is_endless":false,"potions_floor_spawned":[4,16,20,21,22,25,28,30,31,33,35,36,38,39,42,44,46,47,48],"ascension_level":1}}