{"host":"2d926qfvvz477zl6","time":1613624780,"event":{"mods":["Aspiration","BaseMod","Conspire","Downfall","GifTheSpireLib","Halation","Hermit","Hubris","Infinite Spire","Minty Spire (QoL Compilation)","Morshu Shopkeeper","Permanent Neow","Quick Restart","Rare Cards Sparkle","Reliquary","Replay The Spire","Shedinja","Somnambulant","Spicy Shops","StSLib","Stuff the Spire","Td1madao Mod","The Blue Laboratory","The Bug Knight","The Construct","The Cursed","The Disciple","The Forsaken","The Hierophant","TheFirefly","Wandering Minibosses","Wide Potions","everything is the same but u backflip on backflip","slay the spire mod where everything is the same but ironclad has a cowboy hat"],"gold_per_floor":[114,14,14,14,32,67,67,67,67,67,115,148,148,148,148,163,163,267,267,284,232,232,232,232,232,232,232,232,152,179,179,278,308,308,424,424,462,20,20,20,36,36,49,49,49,103,103,103,136,158,158,271,271,296,296,321,332,358,275,275,275,299,299,326,326,326,16,16,130,130,158,158,172,172,199,234,234,234,261,261,286,107,132,51,51,164,164,189,189,208,2,28,28,45,45,45,80,39,185,185,185],"floor_reached":100,"language":"ENG","playtime":3327,"items_purged":["downfall:Bewildered","hermit:Defend_Hermit+1","Decay","Languid","hermit:HeroicBravado+1","hermit:HeroicBravado+1"],"score":2974,"play_id":"40068a35-a143-4881-afa2-2f4479763d79","local_time":"20210218000620","is_ascension_mode":true,"campfire_choices":[{"floor":7.0,"key":"REST"},{"data":"hermit:Maintenance","floor":10.0,"key":"SMITH"},{"data":"Ghostly","floor":14.0,"key":"SMITH"},{"data":"hermit:Horror","floor":17.0,"key":"SMITH"},{"floor":25.0,"key":"REST"},{"data":"StuffTheSpire:CopiaOfFamine","floor":25.0,"key":"SMITH"},{"data":"hermit:Covet","floor":27.0,"key":"SMITH"},{"floor":31.0,"key":"REST"},{"floor":31.0,"key":"RECALL"},{"data":"hermit:HighNoon","floor":34.0,"key":"SMITH"},{"data":"hermit:ShadowCloak","floor":42.0,"key":"SMITH"},{"floor":44.0,"key":"REST"},{"data":"hermit:Shortfuse","floor":44.0,"key":"SMITH"},{"floor":47.0,"key":"REST"},{"floor":51.0,"key":"REST"},{"data":"hermit:CursedWeapon","floor":60.0,"key":"SMITH"},{"data":"hermit:HighCaliber","floor":65.0,"key":"SMITH"},{"floor":68.0,"key":"REST"},{"data":"hermit:HoleUp","floor":68.0,"key":"SMITH"},{"data":"hermit:Strike_Hermit","floor":77.0,"key":"SMITH"},{"data":"infinitespire:TheBestDefense","floor":85.0,"key":"SMITH"},{"floor":93.0,"key":"REST"},{"data":"hermit:Gambit","floor":93.0,"key":"SMITH"}],"circlet_count":0,"master_deck":["hermit:Strike_Hermit+2","hermit:Strike_Hermit+3","hermit:Strike_Hermit+4","hermit:Strike_Hermit+3","hermit:Defend_Hermit+4","hermit:Defend_Hermit+5","hermit:Snapshot+1","hermit:Covet+1","hermit:HighCaliber+1","Ghostly+1","hermit:Maintenance+1","hermit:EyeOfTheStorm+1","hermit:Magnum+1","hermit:Horror+1","hermit:Horror+1","ReplayTheSpireMod:IOU","ReplayTheSpireMod:IOU","StuffTheSpire:CopiaOfFamine+1","hermit:Showdown+1","hermit:HighNoon+1","hermit:FromBeyond+1","ReplayTheSpireMod:IOU","ReplayTheSpireMod:IOU","ReplayTheSpireMod:IOU","ReplayTheSpireMod:IOU","hermit:Determination+1","Ghostly+1","hermit:ShadowCloak+1","hermit:Shortfuse+1","Ghostly+1","hermit:Showdown+1","hermit:HoleUp+1","hermit:CursedWeapon+1","hermit:HighCaliber+1","hermit:PistolWhip+1","hermit:HoleUp+1","hermit:Dive+1","infinitespire:Starlight+1","hermit:Desperado+1","ReplayTheSpireMod:IOU","ReplayTheSpireMod:IOU","hermit:Gestalt+1","infinitespire:TheBestDefense+1","ReplayTheSpireMod:IOU","hermit:Gambit+1","hermit:Desperado","hermit:SprayPray+1","StuffTheSpire:BrainWave","hermit:TakeCover","ReplayTheSpireMod:IOU","ReplayTheSpireMod:IOU","hermit:Vantage+1","ReplayTheSpireMod:IOU","ReplayTheSpireMod:IOU","hubris:InfiniteBlow"],"relics":["hermit:Momento","Du-Vu Doll","theForsaken:ScaryMask","Pear","hubris:Backtick","halation:PromiseList","Replay:Wax Seal","infinitespire:Magic Flask","Guide Book","halation:EternalFortune","sneckomod:BabySnecko","halation:WeightlessCrab","halation:BottledLove","infinitespire:Joker Card","infinitespire:EvilPickle","halation:HeavySnake","reliquary:Spinner","StuffTheSpire:Expresso","Replay:Lucky Slots","Bag of Marbles","conspire:DeflatedDodgeball","conspire:GlowingRock","StuffTheSpire:Gunfinga","hubris:EvacipatedBox","StuffTheSpire:PointBlank","halation:Toothbrush","construct:FoamFinger","aspiration:RunicSpoon","Blood Vial","hubris:BundleOfHerbs","reliquary:FerryPass","hubris:Towel","Simple Rune","Golden Idol","Regal Pillow","Dream Catcher","hermit:DentedPlate","Ring of Searing","Ring of Fury","WarpedTongs","Mango","Enchiridion","Art of War","hubris:BottledHeart","conspire:TopHat","Membership Card","hubris:ToyBattleship","War Paint","reliquary:PartyBalloon","halation:Thesaurus","reliquary:Bookmark","Pen Nib","StuffTheSpire:NeowsTribute","Strawberry","StuffTheSpire:Kangaroo","hubris:EmptyBottle","Omamori","Torii","infinitespire:Beetle Shell","conspire:BottledYoYo","theForsaken:HumbleEgg","InkBottle","Replay:Arrowhead","halation:IllGainedPizza","infinitespire:EmpoweringShard","hubris:Teleporter"],"acts_visited":["Exordium","TheCity","TheBeyond","Exordium","TheCity","TheBeyond"],"potions_floor_usage":[],"damage_taken":[{"damage":7.0,"enemies":"Small Slimes","floor":1.0,"turns":3.0},{"damage":4.0,"enemies":"Jaw Worm","floor":5.0,"turns":4.0},{"damage":13.0,"enemies":"Lagavulin","floor":6.0,"turns":9.0},{"damage":20.0,"enemies":"Gremlin Nob","floor":12.0,"turns":3.0},{"damage":0.0,"enemies":"Cultist","floor":16.0,"turns":2.0},{"damage":29.0,"enemies":"Hexaghost","floor":18.0,"turns":9.0},{"damage":12.0,"enemies":"2 Thieves","floor":20.0,"turns":4.0},{"damage":16.0,"enemies":"3 Byrds","floor":29.0,"turns":6.0},{"damage":19.0,"enemies":"Slavers","floor":30.0,"turns":6.0},{"damage":0.0,"enemies":"Nightmare","floor":33.0,"turns":6.0},{"damage":6.0,"enemies":"Pondfish","floor":35.0,"turns":11.0},{"damage":19.0,"enemies":"3 Darklings","floor":37.0,"turns":4.0},{"damage":2.0,"enemies":"3 Shapes","floor":41.0,"turns":3.0},{"damage":21.0,"enemies":"Spire Growth","floor":43.0,"turns":3.0},{"damage":5.0,"enemies":"2 Orb Walkers","floor":46.0,"turns":2.0},{"damage":2.0,"enemies":"Reptomancer","floor":49.0,"turns":5.0},{"damage":4.0,"enemies":"3 Darklings","floor":50.0,"turns":4.0},{"damage":3.0,"enemies":"Time Eater","floor":52.0,"turns":9.0},{"damage":0.0,"enemies":"Jaw Worm","floor":54.0,"turns":2.0},{"damage":1.0,"enemies":"Small Slimes","floor":56.0,"turns":3.0},{"damage":3.0,"enemies":"conspire:MimicChest","floor":57.0,"turns":5.0},{"damage":1.0,"enemies":"Cultist","floor":58.0,"turns":2.0},{"damage":21.0,"enemies":"3 Sentries","floor":59.0,"turns":5.0},{"damage":2.0,"enemies":"Lots of Slimes","floor":64.0,"turns":3.0},{"damage":6.0,"enemies":"Slime Boss","floor":69.0,"turns":6.0},{"damage":0.0,"enemies":"Spheric Guardian","floor":71.0,"turns":1.0},{"damage":16.0,"enemies":"3 Byrds","floor":73.0,"turns":3.0},{"damage":6.0,"enemies":"Sentry and Sphere","floor":75.0,"turns":2.0},{"damage":7.0,"enemies":"Book of Stabbing","floor":76.0,"turns":3.0},{"damage":0.0,"enemies":"Nightmare","floor":83.0,"turns":5.0},{"damage":0.0,"enemies":"Collector","floor":86.0,"turns":4.0},{"damage":0.0,"enemies":"3 Darklings","floor":88.0,"turns":3.0},{"damage":0.0,"enemies":"3 Shapes","floor":90.0,"turns":2.0},{"damage":0.0,"enemies":"3 Darklings","floor":92.0,"turns":2.0},{"damage":0.0,"enemies":"Nightmare","floor":94.0,"turns":4.0},{"damage":0.0,"enemies":"Reptomancer","floor":97.0,"turns":1.0},{"damage":0.0,"enemies":"infinitespire:Three Voidlings","floor":99.0,"turns":2.0},{"damage":0.0,"enemies":"Nightmare_Alpha","floor":99.0,"turns":5.0}],"seed_played":"3268068296714768901","potions_obtained":[{"floor":12.0,"key":"blueLaboratory:HorrorPotion"},{"floor":16.0,"key":"blueLaboratory:FruitPreserves"},{"floor":35.0,"key":"Explosive Potion"},{"floor":41.0,"key":"blueLaboratory:BottledHope"},{"floor":56.0,"key":"Swift Potion"},{"floor":75.0,"key":"Elixir"},{"floor":97.0,"key":"blueLaboratory:BottledHope"}],"is_trial":false,"path_per_floor":["M","?","?","$","M","E","R","PTL","PTL","R","T","E","?","R","?","M","R","B",null,"M","$","?","?","?","R","?","R","T","M","E","R","?","NM","R","B",null,"M","$","?","?","M","R","M","R","T","?","R","$","E","M","R","B",null,"M","?","M","?","M","E","R","?","T","?","M","R","?","$","R","B",null,"M","?","M","?","M","E","R","?","T","?","T","$","NM","$","R","B",null,"M","?","M","$","M","R","NM","?","T","E","$","?","?"],"character_chosen":"HERMIT","items_purchased":["Replay:Wax Seal","infinitespire:Magic Flask","Guide Book","reliquary:Spinner","StuffTheSpire:Expresso","Replay:Lucky Slots","Bag of Marbles","hermit:Determination","DollysMirror","StuffTheSpire:Gunfinga","hubris:EvacipatedBox","StuffTheSpire:PointBlank","halation:Toothbrush","Regal Pillow","Dream Catcher","Membership Card","hubris:ToyBattleship","War Paint","hermit:Gestalt","halation:Thesaurus","Pen Nib","StuffTheSpire:NeowsTribute","Strawberry","hubris:EmptyBottle","Omamori","Torii","infinitespire:Beetle Shell","blueLaboratory:FruitPunch","Replay:Arrowhead","halation:IllGainedPizza","infinitespire:EmpoweringShard","hermit:Vantage+1"],"campfire_rested":8,"item_purchase_floors":[21,21,21,38,38,38,38,38,48,48,48,48,48,67,67,82,82,82,82,84,84,84,84,91,91,91,91,91,98,98,98,98],"current_hp_per_floor":[43,43,51,51,47,34,56,56,56,56,56,46,46,46,46,46,46,17,68,56,56,36,36,39,65,65,65,65,49,30,56,56,56,56,53,82,63,63,63,63,61,61,40,67,67,62,89,13,11,44,71,71,88,88,88,89,88,89,73,73,73,73,73,73,73,73,76,100,94,126,131,131,117,117,116,140,140,124,124,1,1,1,1,1,1,1,1,1,1,1,1,1,1,1,1,1,1,1,1,0,0],"gold":185,"neow_bonus":"ONE_RARE_RELIC","is_daily":false,"chose_seed":false,"campfire_upgraded":14,"win_rate":0.0,"timestamp":1613624780,"path_taken":["M","?","?","$","?","E","R","PTL","PTL","R","T","E","?","R","?","M","R","BOSS","M","$","?","?","?","R","?","R","T","M","E","R","?","NM","R","BOSS","M","$","?","?","?","R","?","R","T","?","R","?","E","M","R","BOSS","M","?","M","?","M","E","R","?","T","?","?","R","?","?","R","BOSS","M","?","M","?","?","E","R","?","T","?","?","$","NM","$","R","BOSS","M","?","M","$","?","R","NM","?","T","E","$","?","?"],"items_purchased_type":["Relic","Relic","Relic","Relic","Relic","Relic","Relic","Card","Relic","Relic","Relic","Relic","Relic","Relic","Relic","Relic","Relic","Relic","Card","Relic","Relic","Relic","Relic","Relic","Relic","Relic","Relic","Potion","Relic","Relic","Relic","Card"],"build_version":"2020-12-22","purchased_purges":6,"victory":false,"max_hp_per_floor":[75,75,75,75,75,75,75,75,75,75,75,85,85,85,85,85,85,85,85,85,85,85,85,88,88,88,88,88,88,88,88,88,88,88,91,91,91,91,91,91,91,91,91,91,91,91,91,91,91,91,91,94,94,94,94,94,94,94,97,97,97,97,97,97,97,97,100,100,100,132,135,135,135,135,138,152,152,152,152,1,1,1,1,1,1,1,1,1,1,1,1,1,1,1,1,1,1,1,1,1,1],"card_choices":[{"not_picked":["hermit:HoleUp","hermit:BodyArmor"],"picked":"hermit:HighCaliber","floor":1.0},{"not_picked":["hermit:Glare","hermit:Headshot"],"picked":"hermit:Maintenance","floor":5.0},{"not_picked":["hermit:Virtue","hermit:Manifest"],"picked":"hermit:EyeOfTheStorm","floor":6.0},{"not_picked":["hermit:Vantage","hermit:Feint"],"picked":"hermit:Magnum","floor":12.0},{"not_picked":["hermit:Deadeye","hermit:ItchyTrigger"],"picked":"hermit:Horror","floor":16.0},{"not_picked":["hermit:Roughhouse","hermit:Dissolve"],"picked":"hermit:HeroicBravado","floor":18.0},{"not_picked":["hermit:Misfire","hermit:LuckOfTheDraw"],"picked":"hermit:Horror","floor":20.0},{"not_picked":["hermit:Headshot+1","hermit:LowProfile","hermit:Cheat"],"picked":"SKIP","floor":29.0},{"not_picked":["hermit:Glare","hermit:Quickdraw"],"picked":"hermit:Showdown+1","floor":30.0},{"not_picked":["hermit:Combo","hermit:Snipe+1"],"picked":"hermit:HighNoon","floor":33.0},{"not_picked":["hermit:FinalCanter","hermit:RoundhouseKick"],"picked":"hermit:FromBeyond","floor":35.0},{"not_picked":["hermit:Feint","hermit:ItchyTrigger","hermit:HoleUp+1"],"picked":"SKIP","floor":37.0},{"not_picked":["hermit:BodyArmor+1","hermit:SprayPray+1"],"picked":"hermit:ShadowCloak","floor":41.0},{"not_picked":["hermit:Roulette+1","hermit:BodyArmor"],"picked":"hermit:Shortfuse","floor":43.0},{"not_picked":["hermit:Roulette+1","hermit:BigShot"],"picked":"hermit:Showdown+1","floor":49.0},{"not_picked":["hermit:Showdown+1","hermit:Vantage"],"picked":"hermit:HoleUp+1","floor":50.0},{"not_picked":["hermit:Roughhouse","hermit:BlackWind"],"picked":"hermit:HeroicBravado","floor":52.0},{"not_picked":["hermit:Midnight","hermit:Feint"],"picked":"hermit:CursedWeapon","floor":54.0},{"not_picked":["hermit:LoneWolf","hermit:Glare"],"picked":"hermit:HighCaliber","floor":56.0},{"not_picked":["hermit:Scavenge","hermit:ItchyTrigger"],"picked":"hermit:PistolWhip","floor":57.0},{"not_picked":["hermit:Coalescence","hermit:Ricochet"],"picked":"hermit:HoleUp","floor":58.0},{"not_picked":["hermit:Vantage","hermit:Showdown"],"picked":"hermit:Dive","floor":59.0},{"not_picked":["hermit:TrackingShot","hermit:Midnight","hermit:LowProfile"],"picked":"SKIP","floor":64.0},{"not_picked":["hermit:Shortfuse","hermit:WideOpen","hermit:Coalescence"],"picked":"SKIP","floor":71.0},{"not_picked":["hermit:Vantage","hermit:EyeOfTheStorm","hermit:BigShot"],"picked":"SKIP","floor":73.0},{"not_picked":["infinitespire:Menacing","infinitespire:SevenWalls"],"picked":"infinitespire:Starlight","floor":75.0},{"not_picked":["hermit:Vantage","hermit:EternalForm"],"picked":"hermit:Desperado","floor":75.0},{"not_picked":["hermit:Misfire","hermit:NoHoldsBarred+1","hermit:Midnight"],"picked":"SKIP","floor":76.0},{"not_picked":["hubris:Rewind","ReplayTheSpireMod:Book of Names"],"picked":"infinitespire:TheBestDefense","floor":83.0},{"not_picked":["hermit:EyeOfTheStorm+1","hermit:CalledShot","hermit:DeadMansHand"],"picked":"SKIP","floor":83.0},{"not_picked":["hermit:OverwhelmingPower","hermit:Adapt"],"picked":"hermit:Gambit","floor":86.0},{"not_picked":["hermit:GhostlyPresence","hermit:PistolWhip","hermit:Coalescence"],"picked":"SKIP","floor":88.0},{"not_picked":["hermit:Manifest+1","hermit:Scavenge"],"picked":"hermit:Desperado","floor":90.0},{"not_picked":["hermit:ItchyTrigger+1","hermit:BlackWind","hermit:Glare"],"picked":"SKIP","floor":92.0},{"not_picked":["hermit:SprayPray+1","hermit:ItchyTrigger+1","hermit:Coalescence+1"],"picked":"SKIP","floor":94.0},{"not_picked":["hermit:ItchyTrigger+1","hermit:Coalescence+1"],"picked":"hermit:SprayPray+1","floor":94.0},{"not_picked":["hermit:ItchyTrigger+1","hermit:Snipe+1"],"picked":"hermit:TakeCover","floor":97.0},{"not_picked":["infinitespire:TheBestDefense","infinitespire:DeathsTouch"],"picked":"hubris:InfiniteBlow","floor":99}],"player_experience":479877,"relics_obtained":[{"floor":6.0,"key":"theForsaken:ScaryMask"},{"floor":11.0,"key":"reliquary:PorcupineQuills"},{"floor":12.0,"key":"Pear"},{"floor":28.0,"key":"halation:WeightlessCrab"},{"floor":30.0,"key":"halation:BottledLove"},{"floor":33.0,"key":"infinitespire:Joker Card"},{"floor":35.0,"key":"halation:EternalFortune"},{"floor":45.0,"key":"conspire:DeflatedDodgeball"},{"floor":46.0,"key":"conspire:GlowingRock"},{"floor":49.0,"key":"construct:FoamFinger"},{"floor":52.0,"key":"halation:EternalFortune"},{"floor":55.0,"key":"Blood Vial"},{"floor":57.0,"key":"hubris:BundleOfHerbs"},{"floor":59.0,"key":"reliquary:FerryPass"},{"floor":62.0,"key":"Simple Rune"},{"floor":71.0,"key":"halation:EternalFortune"},{"floor":72.0,"key":"Ring of Searing"},{"floor":72.0,"key":"Ring of Fury"},{"floor":75.0,"key":"halation:EternalFortune"},{"floor":76.0,"key":"Mango"},{"floor":78.0,"key":"Enchiridion"},{"floor":79.0,"key":"Art of War"},{"floor":81.0,"key":"conspire:TopHat"},{"floor":83.0,"key":"reliquary:PartyBalloon"},{"floor":86.0,"key":"halation:EternalFortune"},{"floor":94.0,"key":"conspire:BottledYoYo"},{"floor":96.0,"key":"theForsaken:HumbleEgg"},{"floor":97.0,"key":"InkBottle"},{"floor":99,"key":"hubris:Teleporter"}],"event_choices":[{"damage_healed":0.0,"max_hp_gain":0.0,"max_hp_loss":0.0,"gold_gain":0.0,"event_name":"conspire:LoneGhost","player_choice":"Argue","floor":2.0,"gold_loss":0.0,"damage_taken":0.0},{"damage_healed":0.0,"max_hp_gain":0.0,"max_hp_loss":0.0,"gold_gain":0.0,"event_name":"Living Wall","player_choice":"Grow","floor":15.0,"gold_loss":0.0,"damage_taken":0.0,"cards_upgraded":["hermit:EyeOfTheStorm"]},{"cards_removed":["hermit:Defend_Hermit"],"damage_healed":0.0,"max_hp_gain":0.0,"max_hp_loss":0.0,"gold_gain":0.0,"event_name":"Back to Basics","player_choice":"Elegance","floor":23.0,"gold_loss":0.0,"damage_taken":0.0},{"damage_healed":0.0,"max_hp_gain":0.0,"max_hp_loss":0.0,"gold_gain":99.0,"event_name":"Nest","player_choice":"Stole From Cult","floor":32.0,"gold_loss":0.0,"damage_taken":0.0},{"damage_healed":0.0,"max_hp_gain":0.0,"max_hp_loss":0.0,"gold_gain":0.0,"event_name":"Duplicator","player_choice":"Copied","floor":40.0,"gold_loss":0.0,"damage_taken":0.0,"cards_obtained":["Ghostly"]},{"damage_healed":0.0,"max_hp_gain":0.0,"max_hp_loss":0.0,"gold_gain":0.0,"event_name":"Mysterious Sphere","player_choice":"Fight","floor":46.0,"gold_loss":0.0,"damage_taken":0.0},{"damage_healed":0.0,"max_hp_gain":0.0,"max_hp_loss":0.0,"gold_gain":0.0,"event_name":"Golden Idol","player_choice":"Take Wound","floor":66.0,"gold_loss":0.0,"damage_taken":0.0,"relics_obtained":["Golden Idol"],"cards_obtained":["Injury"]},{"damage_healed":0.0,"max_hp_gain":0.0,"max_hp_loss":0.0,"gold_gain":0.0,"event_name":"Accursed Blacksmith","player_choice":"Rummage","floor":74.0,"gold_loss":0.0,"damage_taken":0.0,"relics_obtained":["WarpedTongs"],"cards_obtained":["Pain"]},{"damage_healed":0.0,"max_hp_gain":0.0,"max_hp_loss":0.0,"gold_gain":0.0,"event_name":"Cursed Tome","player_choice":"Obtained Book","floor":78.0,"gold_loss":0.0,"damage_taken":16.0},{"cards_removed":["ReplayTheSpireMod:IOU","Shame","ReplayTheSpireMod:IOU","ReplayTheSpireMod:IOU","Pain","Injury","ReplayTheSpireMod:IOU","ReplayTheSpireMod:IOU","ReplayTheSpireMod:IOU","ReplayTheSpireMod:IOU","ReplayTheSpireMod:IOU","ReplayTheSpireMod:IOU"],"damage_healed":0.0,"max_hp_gain":0.0,"max_hp_loss":0.0,"gold_gain":0.0,"event_name":"Fountain of Cleansing","player_choice":"Removed Curses","floor":89.0,"gold_loss":0.0,"damage_taken":0.0},{"cards_removed":["ReplayTheSpireMod:IOU","ReplayTheSpireMod:IOU","ReplayTheSpireMod:IOU","ReplayTheSpireMod:IOU","Decay","ReplayTheSpireMod:IOU","ReplayTheSpireMod:IOU","ReplayTheSpireMod:IOU","ReplayTheSpireMod:IOU","ReplayTheSpireMod:IOU","ReplayTheSpireMod:IOU","ReplayTheSpireMod:IOU","ReplayTheSpireMod:IOU","ReplayTheSpireMod:IOU"],"damage_healed":0,"gold_gain":0,"player_choice":"Removed Curses","damage_taken":0,"max_hp_gain":0,"max_hp_loss":0,"event_name":"Fountain of Cleansing","floor":99,"gold_loss":0},{"damage_healed":0,"gold_gain":0,"player_choice":"Memory 3","damage_taken":10,"max_hp_gain":0,"max_hp_loss":0,"event_name":"SensoryStone","floor":100,"gold_loss":0}],"is_beta":false,"boss_relics":[{"not_picked":["reliquary:Craggleroot","StuffTheSpire:Kangaroo"],"picked":"hubris:Backtick"},{"not_picked":["hubris:ScarierMask","halation:PinkAlligatorPlush"],"picked":"halation:HeavySnake"},{"not_picked":["StuffTheSpire:ModemDavis","Astrolabe","halation:Prosthetics"],"picked":"aspiration:RunicSpoon"},{"not_picked":["Snecko Eye","halation:Prosthetics","reliquary:RedPaperclip"],"picked":"hermit:DentedPlate"},{"not_picked":["Replay:Ancient Bell","SacredBark","halation:PinkAlligatorPlush"],"picked":"StuffTheSpire:Kangaroo"}],"items_purged_floors":[38,48,67,82,98,98],"is_endless":true,"potions_floor_spawned":[12,16,33,35,41,43,46,56,59,69,75,90,92,97],"ascension_level":6}}