{"host":"o6j8h35axmoodbwy","time":1613649997,"event":{"mods":["2.2 Compatiblity","Act Like it!","BaseMod","Colored Map","Colored Powertips","Faster Ascension Climbing","MarisaÅiñ∂âJÅ@ñÇóùçπÅj","Minty Spire (QoL Compilation)","Prisma Mod","Quick Restart","Shop Mod","StSLib","SuperFastMode","Td1madao Mod"],"gold_per_floor":[112,58,58,78,88,88,115,115,115,149,149,149,165,175,175,253,253,270,270,220,234,245,245,272,272,295,307,307,307,361,376,376,376,376],"floor_reached":33,"language":"JPN","playtime":1311,"items_purged":[],"score":523,"play_id":"6158020b-3648-4587-8b7a-b5f39434c098","local_time":"20210218210637","is_ascension_mode":true,"campfire_choices":[{"data":"Body Slam","floor":6,"key":"SMITH"},{"floor":8,"key":"REST"},{"data":"Carnage","floor":12,"key":"SMITH"},{"data":"True Grit","floor":15,"key":"SMITH"},{"data":"Clothesline","floor":23,"key":"SMITH"},{"data":"Demon Form","floor":25,"key":"SMITH"},{"data":"Ghostly","floor":29,"key":"SMITH"},{"data":"Ghostly","floor":32,"key":"SMITH"}],"circlet_count":0,"master_deck":["AscendersBane","Strike_R","Strike_R","Strike_R","Strike_R","Defend_R","Defend_R","Defend_R","Defend_R","Bash","Sword Boomerang","Shrug It Off","Battle Trance","Body Slam+1","Ghostly Armor","Carnage+1","Rage","Evolve","True Grit+1","Demon Form+1","Necronomicurse","Dark Embrace+1","Clothesline+1","Ghostly","Ghostly+1","Ghostly+1","Limit Break"],"relics":["Burning Blood","NeowsBlessing","HornCleat","Meat on the Bone","Art of War","Busted Crown","Necronomicon","Molten Egg 2","Red Skull","Nunchaku"],"acts_visited":["Exordium","TheCity"],"potions_floor_usage":[16,24],"damage_taken":[{"damage":0,"enemies":"Jaw Worm","floor":1,"turns":1},{"damage":0,"enemies":"Cultist","floor":4,"turns":1},{"damage":0,"enemies":"2 Louse","floor":5,"turns":1},{"damage":59,"enemies":"Gremlin Nob","floor":7,"turns":5},{"damage":14,"enemies":"3 Sentries","floor":10,"turns":9},{"damage":0,"enemies":"Exordium Wildlife","floor":13,"turns":3},{"damage":0,"enemies":"2 Fungi Beasts","floor":14,"turns":3},{"damage":28,"enemies":"The Guardian","floor":16,"turns":12},{"damage":12,"enemies":"3 Byrds","floor":18,"turns":7},{"damage":8,"enemies":"Shell Parasite","floor":21,"turns":4},{"damage":2,"enemies":"3 Cultists","floor":22,"turns":5},{"damage":35,"enemies":"Book of Stabbing","floor":24,"turns":6},{"damage":14,"enemies":"Snake Plant","floor":27,"turns":4},{"damage":0,"enemies":"Snecko","floor":31,"turns":5},{"damage":44,"enemies":"Collector","floor":33,"turns":5}],"seed_played":"-4431842599265480554","potions_obtained":[{"floor":7,"key":"Weak Potion"},{"floor":13,"key":"BloodPotion"},{"floor":16,"key":"SmokeBomb"}],"is_trial":false,"path_per_floor":["M","$","?","M","M","R","E","R","T","E","?","R","M","M","R","B",null,"M","?","?","M","M","R","E","R","T","M","?","R","T","M","R","B"],"character_chosen":"IRONCLAD","items_purchased":["Shrug It Off"],"campfire_rested":1,"item_purchase_floors":[2],"current_hp_per_floor":[74,74,74,75,75,75,22,44,44,48,48,48,54,60,60,50,69,63,42,42,52,56,56,54,54,54,46,37,37,37,37,37,0,0],"gold":376,"neow_bonus":"THREE_ENEMY_KILL","is_daily":false,"chose_seed":false,"campfire_upgraded":7,"win_rate":0.0,"timestamp":1613649997,"path_taken":["M","$","?","?","M","R","E","R","T","E","?","R","M","M","R","BOSS","M","?","?","?","M","R","E","R","T","M","?","R","?","M","R","BOSS"],"items_purchased_type":["Card"],"build_version":"2020-12-22","purchased_purges":0,"victory":false,"max_hp_per_floor":[75,75,75,75,75,75,75,75,75,75,75,75,75,75,75,75,75,75,75,75,75,75,75,75,75,75,75,37,37,37,37,37,37,37],"card_choices":[{"not_picked":["True Grit","Heavy Blade"],"picked":"Sword Boomerang","floor":1},{"not_picked":["Exhume","Dark Embrace"],"picked":"Body Slam","floor":4},{"not_picked":["Cleave","Clash"],"picked":"Ghostly Armor","floor":5},{"not_picked":["Clothesline","Thunderclap"],"picked":"Carnage","floor":7},{"not_picked":["Perfected Strike","Iron Wave"],"picked":"Rage","floor":10},{"not_picked":["True Grit","Clash"],"picked":"Evolve","floor":13},{"not_picked":["Offering","Heavy Blade"],"picked":"True Grit","floor":14},{"not_picked":["Corruption","Fiend Fire"],"picked":"Demon Form","floor":16},{"not_picked":["True Grit"],"picked":"SKIP","floor":18},{"not_picked":[],"picked":"Dark Embrace+1","floor":21},{"not_picked":[],"picked":"Clothesline","floor":22},{"not_picked":["Second Wind"],"picked":"SKIP","floor":24},{"not_picked":["Havoc"],"picked":"SKIP","floor":27},{"not_picked":[],"picked":"Limit Break","floor":31}],"player_experience":444451,"relics_obtained":[{"floor":7,"key":"HornCleat"},{"floor":9,"key":"Meat on the Bone"},{"floor":10,"key":"Art of War"},{"floor":19,"key":"Necronomicon"},{"floor":24,"key":"Molten Egg 2"},{"floor":26,"key":"Red Skull"},{"floor":30,"key":"Nunchaku"}],"event_choices":[{"damage_healed":0,"gold_gain":0,"cards_transformed":["Strike_R"],"player_choice":"Transformed","damage_taken":0,"max_hp_gain":0,"max_hp_loss":0,"event_name":"Transmorgrifier","floor":3,"gold_loss":0,"cards_obtained":["Battle Trance"]},{"damage_healed":0,"gold_gain":0,"player_choice":"Ignored","damage_taken":0,"max_hp_gain":0,"max_hp_loss":0,"event_name":"Liars Game","floor":11,"gold_loss":0},{"damage_healed":0,"gold_gain":0,"player_choice":"Obtained Book","damage_taken":21,"max_hp_gain":0,"max_hp_loss":0,"event_name":"Cursed Tome","floor":19,"gold_loss":0},{"damage_healed":0,"gold_gain":0,"player_choice":"Bet on Owner","damage_taken":0,"max_hp_gain":0,"max_hp_loss":0,"event_name":"The Joust","floor":20,"gold_loss":50},{"damage_healed":0,"gold_gain":0,"player_choice":"Became a Ghost","damage_taken":0,"max_hp_gain":0,"max_hp_loss":38,"event_name":"Ghosts","floor":28,"gold_loss":0,"cards_obtained":["Ghostly","Ghostly","Ghostly"]}],"is_beta":false,"boss_relics":[{"not_picked":["Fusion Hammer","Empty Cage"],"picked":"Busted Crown"}],"items_purged_floors":[],"is_endless":false,"potions_floor_spawned":[7,13,16,18,21],"killed_by":"Collector","ascension_level":18}}