{"host":"ymmeoa1x24ihslbm","time":1613611626,"event":{"mods":["AchievementEnabler","BaseMod","Colored Map","Colored Powertips","Defuse TimeMaze Blight","Highlight Path","Marisa????????","Minty Spire (QoL Compilation)","Permanent Neow","Quick Restart","StSLib","The Senshi","Unceasing Turn Reminder"],"gold_per_floor":[119,139,139,155,155,155,196,196,268,282,282,307,307,332,332,453,453,468,322,347,370,370,370,409,409,409,409,440,458,481,43,43,43,43],"floor_reached":33,"language":"ENG","playtime":2710,"items_purged":[],"score":373,"play_id":"8b4c0e79-509e-4e12-99b5-ca6453bb5d1d","local_time":"20210218022706","is_ascension_mode":true,"campfire_choices":[{"data":"theSenshi:MoonCrisisMakeUp","floor":6,"key":"SMITH"},{"data":"theSenshi:CrisisMakeUp","floor":8,"key":"SMITH"},{"data":"theSenshi:MoonHealingEscalation","floor":11,"key":"SMITH"},{"data":"theSenshi:SailorJupiterAssists","floor":15,"key":"SMITH"},{"data":"theSenshi:IWillPunishYou","floor":23,"key":"SMITH"},{"data":"theSenshi:MoonTiaraMagic","floor":25,"key":"SMITH"},{"data":"theSenshi:SchoolBag","floor":27,"key":"SMITH"},{"data":"theSenshi:VenusGlamour","floor":32,"key":"SMITH"}],"circlet_count":0,"master_deck":["theSenshi:SailorKick","theSenshi:SailorKick","theSenshi:SailorKick","theSenshi:SailorKick","theSenshi:SailorBlock","theSenshi:SailorBlock","theSenshi:SailorBlock","theSenshi:RoseThrow+1","theSenshi:MoonPrismPowerMakeUp","theSenshi:SchoolBag+1","theSenshi:MoonCrisisMakeUp+1","theSenshi:Sidestep","theSenshi:MoonTiaraMagic+1","theSenshi:CrisisMakeUp+1","theSenshi:MoonHealingEscalation+1","theSenshi:VenusGlamour+1","theSenshi:SailorJupiterAssists+1","theSenshi:IWillPunishYou+1","Decay","theSenshi:MoonPunch+1","theSenshi:SailorVenusAssists+1"],"relics":["theSenshi:TransformationBroochRelic","Golden Idol","Art of War","StrikeDummy","theSenshi:MoonKaleidoScopeRelic","Strawberry","Orichalcum","Molten Egg 2","Ornamental Fan","Ginger","HandDrill"],"acts_visited":["Exordium","TheCity"],"potions_floor_usage":[14,16,21,24],"damage_taken":[{"damage":0,"enemies":"Small Slimes","floor":1,"turns":3},{"damage":0,"enemies":"Jaw Worm","floor":2,"turns":5},{"damage":0,"enemies":"Cultist","floor":4,"turns":5},{"damage":30,"enemies":"Lagavulin","floor":7,"turns":9},{"damage":8,"enemies":"Blue Slaver","floor":10,"turns":4},{"damage":2,"enemies":"2 Fungi Beasts","floor":12,"turns":6},{"damage":19,"enemies":"Exordium Thugs","floor":14,"turns":4},{"damage":10,"enemies":"Slime Boss","floor":16,"turns":13},{"damage":12,"enemies":"Shell Parasite","floor":18,"turns":7},{"damage":11,"enemies":"Chosen","floor":20,"turns":6},{"damage":64,"enemies":"Centurion and Healer","floor":21,"turns":21},{"damage":51,"enemies":"Gremlin Leader","floor":24,"turns":16},{"damage":37,"enemies":"Slavers","floor":28,"turns":7},{"damage":19,"enemies":"Snake Plant","floor":29,"turns":7},{"damage":16,"enemies":"Snecko","floor":30,"turns":9},{"damage":59,"enemies":"Automaton","floor":33,"turns":12}],"seed_played":"5934446458443269711","potions_obtained":[{"floor":1,"key":"Ancient Potion"},{"floor":7,"key":"FearPotion"},{"floor":12,"key":"Fire Potion"},{"floor":14,"key":"Strength Potion"},{"floor":20,"key":"Weak Potion"},{"floor":21,"key":"GamblersBrew"},{"floor":30,"key":"LiquidBronze"}],"is_trial":false,"path_per_floor":["M","M","?","M","?","R","E","R","T","M","R","M","?","M","R","B",null,"M","$","M","M","?","R","E","R","T","R","E","M","M","$","R","B"],"character_chosen":"THE_SENSHI","items_purchased":["Strawberry","Ginger","HandDrill"],"campfire_rested":0,"item_purchase_floors":[19,31,31],"current_hp_per_floor":[68,68,50,50,50,50,20,20,20,12,12,40,40,31,31,51,69,63,70,59,65,65,65,54,54,54,54,27,18,32,32,32,0,0],"gold":43,"neow_bonus":"THREE_CARDS","is_daily":false,"chose_seed":false,"campfire_upgraded":8,"win_rate":0.0,"timestamp":1613611626,"path_taken":["M","M","?","M","?","R","E","R","T","M","R","?","?","M","R","BOSS","M","$","M","M","?","R","E","R","T","R","E","M","M","?","R","BOSS"],"items_purchased_type":["Relic","Relic","Relic"],"build_version":"2020-12-22","purchased_purges":0,"victory":false,"max_hp_per_floor":[75,75,75,75,75,75,75,75,75,75,75,75,75,75,75,75,75,75,82,82,82,82,82,82,82,82,82,82,82,82,82,82,82,82],"card_choices":[{"not_picked":["theSenshi:LunaWiseMentor","theSenshi:InTheNickOfTime"],"picked":"theSenshi:SchoolBag","floor":0},{"not_picked":["theSenshi:MoonTiaraMagic","theSenshi:SailorMarsAssists"],"picked":"theSenshi:MoonCrisisMakeUp","floor":1},{"not_picked":["theSenshi:SupersonicWaves","theSenshi:SchoolBag"],"picked":"theSenshi:Sidestep","floor":2},{"not_picked":["theSenshi:SchoolBag","theSenshi:Overload"],"picked":"theSenshi:MoonTiaraMagic","floor":4},{"not_picked":["theSenshi:KlutzyLuck","theSenshi:CrisisMakeUp"],"picked":"theSenshi:MoonHealingEscalation","floor":7},{"not_picked":["theSenshi:TallSilhouette","theSenshi:SailorMarsAssists"],"picked":"theSenshi:VenusGlamour","floor":10},{"not_picked":["theSenshi:MoonPunch","theSenshi:SailorMarsAssists"],"picked":"theSenshi:SailorJupiterAssists","floor":12},{"not_picked":["theSenshi:MoonKick","theSenshi:SailorUranusAssists","theSenshi:CrisisMakeUp"],"picked":"SKIP","floor":14},{"not_picked":["theSenshi:InTheNameOfTheMoon","theSenshi:WarriorOfTheMoon"],"picked":"theSenshi:IWillPunishYou","floor":16},{"not_picked":["theSenshi:SailorPlanetPower","theSenshi:SailorJupiterAssists","theSenshi:TuxedoSmokingBomber"],"picked":"SKIP","floor":18},{"not_picked":["theSenshi:MoonPrincessHalation","theSenshi:MoonCosmicPowerMakeUp","theSenshi:EncouragingSpeech"],"picked":"SKIP","floor":20},{"not_picked":["theSenshi:SailorJupiterAssists","theSenshi:Sidestep+1","theSenshi:MercurysCunning"],"picked":"SKIP","floor":21},{"not_picked":["theSenshi:SailorMarsAssists","theSenshi:Sidestep","theSenshi:SailorPlutoAssists"],"picked":"SKIP","floor":24},{"not_picked":["theSenshi:MoonsReflection","theSenshi:TuxedoSmokingBomber+1"],"picked":"theSenshi:MoonPunch+1","floor":28},{"not_picked":["theSenshi:MoonPunch+1","theSenshi:LunasBite+1"],"picked":"theSenshi:SailorVenusAssists+1","floor":29},{"not_picked":["theSenshi:LateForSchool","theSenshi:GatheringStrength","theSenshi:SchoolBag"],"picked":"SKIP","floor":30}],"player_experience":784808,"relics_obtained":[{"floor":7,"key":"Art of War"},{"floor":9,"key":"StrikeDummy"},{"floor":24,"key":"Orichalcum"},{"floor":26,"key":"Molten Egg 2"},{"floor":28,"key":"Ornamental Fan"}],"event_choices":[{"damage_healed":0,"gold_gain":0,"player_choice":"Take Damage","damage_taken":18,"relics_obtained":["Golden Idol"],"max_hp_gain":0,"max_hp_loss":0,"event_name":"Golden Idol","floor":3,"gold_loss":0},{"damage_healed":0,"gold_gain":0,"cards_transformed":["theSenshi:SailorBlock"],"player_choice":"Transformed","damage_taken":0,"max_hp_gain":0,"max_hp_loss":0,"event_name":"Transmorgrifier","floor":5,"gold_loss":0,"cards_obtained":["theSenshi:CrisisMakeUp"]},{"damage_healed":0,"gold_gain":0,"player_choice":"Grow","damage_taken":0,"max_hp_gain":0,"max_hp_loss":0,"event_name":"Living Wall","floor":13,"gold_loss":0,"cards_upgraded":["theSenshi:RoseThrow"]},{"damage_healed":0,"gold_gain":0,"player_choice":"Cursed","damage_taken":0,"max_hp_gain":0,"max_hp_loss":0,"event_name":"Wheel of Change","floor":22,"gold_loss":0,"cards_obtained":["Decay"]}],"is_beta":false,"boss_relics":[{"not_picked":["Ectoplasm","Runic Pyramid"],"picked":"theSenshi:MoonKaleidoScopeRelic"}],"items_purged_floors":[],"is_endless":false,"potions_floor_spawned":[1,7,12,14,20,21,30],"killed_by":"Automaton","ascension_level":6}}