{"host":"tzwikg9s6mkzv6w0","time":1613628436,"event":{"mods":["BaseMod","Good Game Mod","Minty Spire (QoL Compilation)","Spicy Shops","StSLib"],"gold_per_floor":[117,117,130,55,67,102,102,130,130,130,158,83,109,123,123,196,196,214,234,250,300,315,343,343,378,378,389,402,402,60,60,60,131,131,150,150,168,185,185,215,234,262,262,288,288,334,43,63,63,63,63,63,8,40,40],"floor_reached":56,"language":"ZHS","playtime":1651,"items_purged":["Strike_G","Strike_G","Defend_G"],"score":2559,"play_id":"c00ec793-74ad-4823-9c35-213b49e7743d","local_time":"20210218140716","is_ascension_mode":true,"campfire_choices":[{"data":"SignatureMove","floor":7.0,"key":"SMITH"},{"data":"Calculated Gamble","floor":10.0,"key":"SMITH"},{"data":"Neutralize","floor":15.0,"key":"SMITH"},{"data":"Eviscerate","floor":24.0,"key":"SMITH"},{"data":"Prepared","floor":29.0,"key":"SMITH"},{"floor":32.0,"key":"RECALL"},{"data":"Tools of the Trade","floor":49,"key":"SMITH"},{"data":"Adrenaline","floor":52,"key":"SMITH"}],"circlet_count":0,"master_deck":["AscendersBane","Defend_G","Defend_G","Defend_G","Defend_G","Survivor","Neutralize+1","SignatureMove+1","Calculated Gamble+1","Adrenaline+1","Eviscerate+1","Concentrate+1","Prepared+1","Reflex+1","Venomology+1","Expertise+1","Blade Dance+1","Madness+1","Madness+1","Tools of the Trade+1","Escape Plan+1","Acrobatics+1","Acrobatics+1","Doppelganger+1"],"relics":["Ring of the Snake","REME:ComplimentaryCards","Tingsha","Torii","Gambling Chip","Bag of Marbles","Pen Nib","WristBlade","FossilizedHelix","Lantern","Toxic Egg 2","TheAbacus","SlaversCollar","HornCleat","Ancient Tea Set","Centennial Puzzle","The Specimen","Medical Kit","Blood Vial"],"acts_visited":["Exordium","TheCity","TheBeyond","TheEnding"],"potions_floor_usage":[50,54,55,55,55,55,55],"damage_taken":[{"damage":0.0,"enemies":"2 Louse","floor":1.0,"turns":2.0},{"damage":0.0,"enemies":"Jaw Worm","floor":3.0,"turns":3.0},{"damage":0.0,"enemies":"Small Slimes","floor":5.0,"turns":3.0},{"damage":26.0,"enemies":"Gremlin Nob","floor":6.0,"turns":5.0},{"damage":2.0,"enemies":"3 Sentries","floor":8.0,"turns":7.0},{"damage":7.0,"enemies":"Lagavulin","floor":11.0,"turns":3.0},{"damage":1.0,"enemies":"3 Sentries","floor":13.0,"turns":7.0},{"damage":0.0,"enemies":"Red Slaver","floor":14.0,"turns":1.0},{"damage":8.0,"enemies":"Hexaghost","floor":16.0,"turns":7.0},{"damage":0.0,"enemies":"2 Thieves","floor":18.0,"turns":1.0},{"damage":6.0,"enemies":"3 Byrds","floor":19.0,"turns":3.0},{"damage":0.0,"enemies":"Snake Plant","floor":20.0,"turns":1.0},{"damage":0.0,"enemies":"Snecko","floor":22.0,"turns":1.0},{"damage":13.0,"enemies":"Book of Stabbing","floor":23.0,"turns":3.0},{"damage":0.0,"enemies":"Slavers","floor":25.0,"turns":3.0},{"damage":0.0,"enemies":"Chosen and Byrds","floor":27.0,"turns":2.0},{"damage":0.0,"enemies":"Shelled Parasite and Fungi","floor":28.0,"turns":1.0},{"damage":0.0,"enemies":"Champ","floor":33.0,"turns":4.0},{"damage":0.0,"enemies":"Orb Walker","floor":35.0,"turns":1.0},{"damage":0.0,"enemies":"3 Darklings","floor":37.0,"turns":1.0},{"damage":0.0,"enemies":"Transient","floor":38.0,"turns":5.0},{"damage":0.0,"enemies":"Giant Head","floor":40.0,"turns":1.0},{"damage":0.0,"enemies":"4 Shapes","floor":41.0,"turns":3.0},{"damage":0.0,"enemies":"Reptomancer","floor":42.0,"turns":1.0},{"damage":0.0,"enemies":"Nemesis","floor":44.0,"turns":1.0},{"damage":0.0,"enemies":"2 Orb Walkers","floor":46.0,"turns":1.0},{"damage":0,"enemies":"Sphere and 2 Shapes","floor":48,"turns":1},{"damage":0,"enemies":"Time Eater","floor":50,"turns":3},{"damage":0,"enemies":"Shield and Spear","floor":54,"turns":1},{"damage":3,"enemies":"The Heart","floor":55,"turns":3}],"seed_played":"2545179657014107267","potions_obtained":[{"floor":1.0,"key":"DistilledChaos"},{"floor":5.0,"key":"GamblersBrew"},{"floor":11.0,"key":"Energy Potion"},{"floor":37.0,"key":"EntropicBrew"},{"floor":38.0,"key":"PowerPotion"}],"is_trial":false,"path_per_floor":["M","?","M","$","M","E","R","E","T","R","E","?","E","M","R","B",null,"M","M","M","?","M","E","R","E","T","M","M","R","$","?","R","B",null,"M","?","M","M","?","E","M","E","T","E","?","?","$","M","R","B",null,"R","$","E","B",null],"character_chosen":"THE_SILENT","items_purchased":["TheAbacus","Reflex+1","Medical Kit","Acrobatics+1"],"campfire_rested":0,"item_purchase_floors":[30,30,47,53],"current_hp_per_floor":[59,59,59,59,59,33,33,31,31,31,24,24,23,23,23,15,49,49,43,43,43,43,30,30,30,30,30,30,30,30,30,30,30,53,53,53,53,53,42,42,51,51,51,51,51,51,51,51,51,51,58,58,58,58,57],"gold":40,"neow_bonus":"REMOVE_TWO","is_daily":false,"chose_seed":false,"campfire_upgraded":7,"win_rate":0.0,"timestamp":1613628436,"path_taken":["M","?","M","$","M","E","R","E","T","R","E","?","E","M","R","BOSS","M","M","M","?","M","E","R","E","T","M","?","R","$","?","R","BOSS","M","?","M","?","?","E","M","E","T","E","?","?","$","?","R","BOSS","R","$","E","BOSS"],"items_purchased_type":["Relic","Card","Relic","Card"],"build_version":"2020-12-22","purchased_purges":3,"victory":true,"max_hp_per_floor":[60,60,60,60,60,60,60,60,60,60,60,60,60,60,60,60,60,60,60,60,60,60,60,60,60,60,60,60,60,60,60,60,60,60,60,60,60,60,60,60,60,60,60,60,60,60,60,60,60,60,60,60,60,60,60],"card_choices":[{"not_picked":["Predator","Masterful Stab","Riddle With Holes"],"picked":"SKIP","floor":1.0},{"not_picked":["Deadly Poison","PiercingWail","Quick Slash"],"picked":"SKIP","floor":3.0},{"not_picked":["Catalyst","Underhanded Strike","Slice"],"picked":"SKIP","floor":5.0},{"not_picked":["Distraction","Skewer"],"picked":"Calculated Gamble","floor":6.0},{"not_picked":["Outmaneuver","Finisher","Dagger Spray"],"picked":"SKIP","floor":8.0},{"not_picked":["Bane","Dagger Throw","Backflip"],"picked":"SKIP","floor":11.0},{"not_picked":["Dodge and Roll","Underhanded Strike","Night Terror"],"picked":"SKIP","floor":13.0},{"not_picked":["Blur","Finisher","Quick Slash"],"picked":"SKIP","floor":14.0},{"not_picked":["Wraith Form v2","Storm of Steel"],"picked":"Adrenaline","floor":16.0},{"not_picked":["Endless Agony","Predator","Underhanded Strike"],"picked":"SKIP","floor":18.0},{"not_picked":["Eviscerate","Dagger Throw","Dagger Spray"],"picked":"SKIP","floor":19.0},{"not_picked":["Dagger Throw","Dagger Spray"],"picked":"Eviscerate","floor":19.0},{"not_picked":["Finisher","Flying Knee","Distraction"],"picked":"SKIP","floor":20.0},{"not_picked":["Bane","Backstab","Infinite Blades"],"picked":"SKIP","floor":22.0},{"not_picked":["Deflect","Flying Knee"],"picked":"Concentrate+1","floor":23.0},{"not_picked":["PiercingWail","Endless Agony"],"picked":"Prepared","floor":25.0},{"not_picked":["Poisoned Stab+1","Heel Hook","Flying Knee"],"picked":"SKIP","floor":27.0},{"not_picked":["Cloak And Dagger+1","Prepared+1","Slice"],"picked":"SKIP","floor":28.0},{"not_picked":["Corpse Explosion+1","Burst+1"],"picked":"Venomology+1","floor":33.0},{"not_picked":["Noxious Fumes+1","Dash+1"],"picked":"Expertise+1","floor":35.0},{"not_picked":["Deflect+1","Deadly Poison+1"],"picked":"Blade Dance+1","floor":37.0},{"not_picked":["Reflex+1","Backflip+1","Poisoned Stab+1"],"picked":"SKIP","floor":38.0},{"not_picked":["Prepared+1","Flying Knee"],"picked":"Tools of the Trade","floor":40.0},{"not_picked":["Poisoned Stab","Dagger Spray"],"picked":"Escape Plan+1","floor":41.0},{"not_picked":["Slice","Concentrate+1","Wraith Form v2"],"picked":"SKIP","floor":42.0},{"not_picked":["Dagger Throw","Sucker Punch"],"picked":"Acrobatics+1","floor":44.0},{"not_picked":["Blade Dance+1","Wraith Form v2","Poisoned Stab"],"picked":"SKIP","floor":48},{"not_picked":["Die Die Die","PiercingWail+1"],"picked":"Doppelganger+1","floor":54}],"player_experience":134056,"relics_obtained":[{"floor":6.0,"key":"Tingsha"},{"floor":8.0,"key":"Torii"},{"floor":9.0,"key":"Gambling Chip"},{"floor":11.0,"key":"Bag of Marbles"},{"floor":13.0,"key":"Pen Nib"},{"floor":23.0,"key":"FossilizedHelix"},{"floor":25.0,"key":"Lantern"},{"floor":26.0,"key":"Toxic Egg 2"},{"floor":40.0,"key":"HornCleat"},{"floor":42.0,"key":"Ancient Tea Set"},{"floor":44.0,"key":"Centennial Puzzle"},{"floor":46.0,"key":"The Specimen"},{"floor":54,"key":"Blood Vial"}],"event_choices":[{"damage_healed":0.0,"max_hp_gain":0.0,"max_hp_loss":0.0,"gold_gain":0.0,"event_name":"Liars Game","player_choice":"Ignored","floor":2.0,"gold_loss":0.0,"damage_taken":0.0},{"cards_removed":["Strike_G"],"damage_healed":0.0,"max_hp_gain":0.0,"max_hp_loss":0.0,"gold_gain":0.0,"event_name":"The Cleric","player_choice":"Card Removal","floor":12.0,"gold_loss":75.0,"damage_taken":0.0},{"damage_healed":0.0,"max_hp_gain":0.0,"max_hp_loss":0.0,"gold_gain":100.0,"event_name":"The Joust","player_choice":"Bet on Murderer","floor":21.0,"gold_loss":50.0,"damage_taken":0.0},{"damage_healed":0.0,"max_hp_gain":0.0,"max_hp_loss":0.0,"gold_gain":0.0,"event_name":"Vampires","player_choice":"Ignored","floor":31.0,"gold_loss":0.0,"damage_taken":0.0},{"damage_healed":0.0,"max_hp_gain":0.0,"max_hp_loss":0.0,"gold_gain":0.0,"event_name":"SecretPortal","player_choice":"Ignored","floor":36.0,"gold_loss":0.0,"damage_taken":0.0},{"damage_healed":0.0,"max_hp_gain":0.0,"max_hp_loss":0.0,"gold_gain":0.0,"event_name":"Winding Halls","player_choice":"Embrace Madness","floor":39.0,"gold_loss":0.0,"damage_taken":11.0,"cards_obtained":["Madness","Madness"]},{"damage_healed":0.0,"max_hp_gain":0.0,"max_hp_loss":0.0,"gold_gain":0.0,"event_name":"Tomb of Lord Red Mask","player_choice":"Ignored","floor":45.0,"gold_loss":0.0,"damage_taken":0.0},{"damage_healed":0.0,"max_hp_gain":0.0,"max_hp_loss":0.0,"gold_gain":0.0,"event_name":"Mysterious Sphere","player_choice":"Fight","floor":46.0,"gold_loss":0.0,"damage_taken":0.0}],"is_beta":false,"boss_relics":[{"not_picked":["Ectoplasm","SacredBark"],"picked":"WristBlade"},{"not_picked":["Snecko Eye","Calling Bell"],"picked":"SlaversCollar"}],"items_purged_floors":[4,30,47],"is_endless":false,"potions_floor_spawned":[1,5,11,20,23,27,28,37,38,46,54],"ascension_level":16}}