{"host":"3n5xmnb54n2y5mb4","time":1613620578,"event":{"mods":["BaseMod","Colored Map","Colored Powertips","Downfall","Minty Spire (QoL Compilation)","Permanent Neow","StSLib","Unceasing Turn Reminder","everything is the same but u backflip on backflip"],"gold_per_floor":[16,27,27,27,41,41,65,101,125,148,5,13,13,13,13,137,137,160,75,87,118,55,67,67],"floor_reached":23,"language":"ENG","playtime":723,"items_purged":[],"score":296,"play_id":"e7baa08c-02f5-488d-bccb-ddacf003e4e5","local_time":"20210217225618","is_ascension_mode":true,"campfire_choices":[{"floor":6,"key":"REST"},{"floor":13,"key":"REST"},{"floor":15,"key":"REST"}],"circlet_count":0,"master_deck":["AscendersBane","Strike_G","Strike_G","Defend_G","Defend_G","Defend_G","Defend_G+1","Survivor","Neutralize","Metamorphosis","Finisher","Backflip","Flying Knee","Well Laid Plans","Deflect","Terror","Slice","Flash of Steel","Dodge and Roll+1","A Thousand Cuts","Skewer+1","Flechettes+1","Acrobatics+1","Blade Dance","Necronomicurse","Escape Plan"],"relics":["Ring of the Snake","Golden Idol","Regal Pillow","Ancient Tea Set","Astrolabe","MawBank","Necronomicon"],"acts_visited":["Exordium","TheCity"],"potions_floor_usage":[21,23],"damage_taken":[{"damage":0,"enemies":"Small Slimes","floor":1,"turns":3},{"damage":9,"enemies":"Jaw Worm","floor":2,"turns":2},{"damage":6,"enemies":"2 Louse","floor":5,"turns":3},{"damage":11,"enemies":"2 Fungi Beasts","floor":7,"turns":5},{"damage":20,"enemies":"Lagavulin","floor":8,"turns":6},{"damage":8,"enemies":"Blue Slaver","floor":10,"turns":4},{"damage":3,"enemies":"Exordium Thugs","floor":12,"turns":4},{"damage":38,"enemies":"Hexaghost","floor":16,"turns":9},{"damage":23,"enemies":"3 Byrds","floor":18,"turns":5},{"damage":10,"enemies":"2 Thieves","floor":21,"turns":4},{"damage":29,"enemies":"Snecko","floor":23,"turns":5}],"seed_played":"-1811507764845489275","potions_obtained":[{"floor":1,"key":"FearPotion"},{"floor":5,"key":"Dexterity Potion"},{"floor":21,"key":"SpeedPotion"}],"is_trial":false,"path_per_floor":["M","M","$","?","M","R","M","E","T","M","$","M","R","?","R","B",null,"M","?","?","M","?","M"],"character_chosen":"THE_SILENT","items_purchased":["Slice","Flash of Steel"],"campfire_rested":3,"item_purchase_floors":[11,11],"current_hp_per_floor":[63,54,54,37,31,52,41,21,21,13,13,10,46,32,68,30,60,37,37,21,11,11,0,0],"gold":67,"neow_bonus":"RANDOM_COLORLESS_2","is_daily":false,"chose_seed":false,"campfire_upgraded":0,"win_rate":0.0,"timestamp":1613620578,"path_taken":["M","M","$","?","M","R","M","E","T","M","$","M","R","?","R","BOSS","M","?","?","M","?","M"],"items_purchased_type":["Card","Card"],"build_version":"2020-12-22","purchased_purges":0,"victory":false,"max_hp_per_floor":[70,70,70,70,70,70,70,70,70,70,70,70,70,70,70,70,70,70,70,70,70,70,70,70],"card_choices":[{"not_picked":["Mayhem","Magnetism"],"picked":"Metamorphosis","floor":0},{"not_picked":["Masterful Stab","PiercingWail"],"picked":"Finisher","floor":1},{"not_picked":["Deadly Poison","Underhanded Strike"],"picked":"Backflip","floor":2},{"not_picked":["Dagger Spray","PiercingWail"],"picked":"Flying Knee","floor":5},{"not_picked":["All Out Attack","Choke"],"picked":"Well Laid Plans","floor":7},{"not_picked":["Expertise","Crippling Poison"],"picked":"Deflect","floor":8},{"not_picked":["Wraith Form v2","Poisoned Stab"],"picked":"Terror","floor":10},{"not_picked":["Cloak And Dagger","Blade Dance"],"picked":"Dodge and Roll","floor":12},{"not_picked":["Die Die Die","Corpse Explosion"],"picked":"A Thousand Cuts","floor":16},{"not_picked":["Cloak And Dagger","Deadly Poison"],"picked":"Blade Dance","floor":18},{"not_picked":["Quick Slash","Poisoned Stab+1"],"picked":"Escape Plan","floor":21}],"player_experience":1112260,"relics_obtained":[{"floor":8,"key":"Regal Pillow"},{"floor":9,"key":"Ancient Tea Set"},{"floor":20,"key":"Necronomicon"}],"event_choices":[{"damage_healed":0,"gold_gain":0,"player_choice":"Take Damage","damage_taken":17,"relics_obtained":["Golden Idol"],"max_hp_gain":0,"max_hp_loss":0,"event_name":"Golden Idol","floor":4,"gold_loss":0},{"damage_healed":0,"gold_gain":0,"player_choice":"Entered Light","damage_taken":14,"max_hp_gain":0,"max_hp_loss":0,"event_name":"Shining Light","floor":14,"gold_loss":0,"cards_upgraded":["Dodge and Roll","Defend_G"]},{"damage_healed":0,"gold_gain":0,"player_choice":"Obtained Relic","damage_taken":0,"relics_obtained":["MawBank"],"max_hp_gain":0,"max_hp_loss":0,"event_name":"Addict","floor":19,"gold_loss":85},{"damage_healed":0,"gold_gain":0,"player_choice":"Obtained Book","damage_taken":16,"max_hp_gain":0,"max_hp_loss":0,"event_name":"Cursed Tome","floor":20,"gold_loss":0},{"cards_removed":["Strike_G"],"damage_healed":0,"gold_gain":0,"player_choice":"Gave Gold","damage_taken":0,"max_hp_gain":0,"max_hp_loss":0,"event_name":"Beggar","floor":22,"gold_loss":75}],"is_beta":false,"boss_relics":[{"not_picked":["Busted Crown","Snecko Eye"],"picked":"Astrolabe"}],"items_purged_floors":[],"is_endless":false,"potions_floor_spawned":[1,5,7,16,21],"killed_by":"Snecko","ascension_level":11}}