{"host":"7hgb9mjb8q1kiawz","time":1613671198,"event":{"mods":["BaseMod","Better Third Choice","Colored Map","Marisa????????","Minty Spire (QoL Compilation)","Replay The Spire","StSLib","The Cursed","The Disciple","The Servant 0.9.4"],"gold_per_floor":[110,110,128,98,114,114,446,466,466,483,25,25,25,68,68,68,68],"floor_reached":16,"language":"ENG","playtime":763,"items_purged":["Defend_R"],"score":209,"play_id":"154e69ea-b25c-4048-83d2-04228ffc153e","local_time":"20210218185958","is_ascension_mode":true,"campfire_choices":[{"data":"Sword Boomerang","floor":6,"key":"SMITH"},{"data":"Flex","floor":13,"key":"SMITH"},{"data":"ReplayTheSpireMod:Limb From Limb","floor":15,"key":"SMITH"}],"circlet_count":0,"master_deck":["AscendersBane","Strike_R","Strike_R","Strike_R","Strike_R","Defend_R","Defend_R","Defend_R","Bash","Headbutt","ReplayTheSpireMod:Stacked","Sword Boomerang+1","ReplayTheSpireMod:Limb From Limb+1","Flex+1","Flame Barrier","Infernal Blade+1","Twin Strike"],"relics":["Burning Blood","NeowsBlessing","Old Coin","Ice Cream","Blue Doll","Replay:Mystery Machine","Golden Idol","Replay:Kaleidoscope"],"acts_visited":["Exordium"],"potions_floor_usage":[7,7,14,16],"damage_taken":[{"damage":0,"enemies":"Jaw Worm","floor":1,"turns":1},{"damage":0,"enemies":"Cultist","floor":3,"turns":1},{"damage":0,"enemies":"Small Slimes","floor":5,"turns":1},{"damage":36,"enemies":"Replay:BlueRogue","floor":7,"turns":4},{"damage":9,"enemies":"Exordium Wildlife","floor":8,"turns":4},{"damage":6,"enemies":"Large Slime","floor":10,"turns":6},{"damage":2,"enemies":"Lagavulin","floor":14,"turns":3},{"damage":63,"enemies":"Slime Boss","floor":16,"turns":7}],"seed_played":"7430780425070611599","potions_obtained":[{"floor":4,"key":"Weak Potion"},{"floor":4,"key":"AttackPotion"},{"floor":5,"key":"Cursed Concoction"},{"floor":8,"key":"HeartOfIron"},{"floor":14,"key":"BloodPotion"}],"is_trial":false,"path_per_floor":["M","?","M","?","M","R","E","M","T","M","$","?","R","E","R","B"],"character_chosen":"IRONCLAD","items_purchased":["Infernal Blade+1","Blue Doll","Replay:Mystery Machine"],"campfire_rested":0,"item_purchase_floors":[11,11,11],"current_hp_per_floor":[74,74,75,75,75,75,45,42,42,42,42,42,42,46,46,0,0],"gold":68,"neow_bonus":"THREE_ENEMY_KILL","is_daily":false,"chose_seed":false,"campfire_upgraded":3,"win_rate":0.0,"timestamp":1613671198,"path_taken":["M","?","?","?","M","R","E","M","T","M","?","?","R","E","R","BOSS"],"items_purchased_type":["Card","Relic","Relic"],"build_version":"2020-12-22","purchased_purges":1,"victory":false,"max_hp_per_floor":[75,75,75,75,75,75,75,75,75,75,75,68,68,68,68,68,68],"card_choices":[{"not_picked":["ReplayTheSpireMod:Corrosion Curse","Dual Wield"],"picked":"Headbutt","floor":1},{"not_picked":["Sword Boomerang","Warcry"],"picked":"ReplayTheSpireMod:Stacked","floor":3},{"not_picked":["Rampage","Replay:Undeath\u0027s Touch"],"picked":"Sword Boomerang","floor":5},{"not_picked":["Hemogenesis","Thunderclap"],"picked":"ReplayTheSpireMod:Limb From Limb","floor":7},{"not_picked":["Pommel Strike","Wild Strike"],"picked":"Flex","floor":8},{"not_picked":["Headbutt","Wild Strike"],"picked":"Flame Barrier","floor":10},{"not_picked":["Burning Pact","Rupture"],"picked":"Twin Strike","floor":14}],"player_experience":840087,"relics_obtained":[{"floor":7,"key":"Old Coin"},{"floor":9,"key":"Ice Cream"},{"floor":14,"key":"Replay:Kaleidoscope"}],"event_choices":[{"cards_removed":["Strike_R"],"damage_healed":0,"gold_gain":0,"player_choice":"Offered Basic","damage_taken":0,"max_hp_gain":0,"max_hp_loss":0,"event_name":"Bonfire Elementals","floor":2,"gold_loss":0},{"damage_healed":0,"gold_gain":0,"player_choice":"Bought 2 Potions","damage_taken":0,"max_hp_gain":0,"max_hp_loss":0,"event_name":"The Woman in Blue","floor":4,"gold_loss":0},{"damage_healed":0,"gold_gain":0,"player_choice":"Lose Max HP","damage_taken":0,"relics_obtained":["Golden Idol"],"max_hp_gain":0,"max_hp_loss":7,"event_name":"Golden Idol","floor":12,"gold_loss":0}],"is_beta":false,"boss_relics":[],"items_purged_floors":[11],"is_endless":false,"potions_floor_spawned":[5,8,14],"killed_by":"Slime Boss","ascension_level":18}}