{"host":"fxrgx7wt2cpkbhka","time":1613629614,"event":{"mods":["AchievementEnabler","BaseMod","Colored Powertips","Dark Map","Minty Spire (QoL Compilation)","Permanent Neow","Quick Restart","Slay-I","StSLib","Waifu the Spire"],"gold_per_floor":[114,114,44,44,44,75,75,100,150,150,180,200,200,216,216,293,293,308,327,292,305,315,315,315,315],"floor_reached":24,"language":"ENG","playtime":719,"items_purged":[],"score":347,"play_id":"b890d361-5d5a-46f8-b5aa-d7653e18fe70","local_time":"20210217222654","is_ascension_mode":true,"campfire_choices":[{"data":"Storm","floor":7,"key":"SMITH"},{"floor":10,"key":"REST"},{"floor":13,"key":"REST"},{"data":"Defragment","floor":15,"key":"SMITH"},{"data":"Fission","floor":23,"key":"SMITH"}],"circlet_count":0,"master_deck":["AscendersBane","Strike_B","Strike_B","Strike_B+1","Strike_B+1","Defend_B","Defend_B","Defend_B","Defend_B","Zap","Dualcast","Conserve Battery","Storm+1","Defragment+1","Ball Lightning","Ball Lightning","Auto Shields","Go for the Eyes","Self Repair","Fission+1","Leap","FTL"],"relics":["Cracked Core","CaptainsWheel","Potion Belt","Whetstone","Odd Mushroom","SlaversCollar"],"acts_visited":["Exordium","TheCity"],"potions_floor_usage":[16,22,22,24,24],"damage_taken":[{"damage":0,"enemies":"Cultist","floor":1,"turns":4},{"damage":40,"enemies":"Gremlin Nob","floor":6,"turns":5},{"damage":15,"enemies":"Lagavulin","floor":8,"turns":5},{"damage":19,"enemies":"The Mushroom Lair","floor":11,"turns":4},{"damage":2,"enemies":"Jaw Worm","floor":12,"turns":3},{"damage":0,"enemies":"Small Slimes","floor":14,"turns":2},{"damage":27,"enemies":"Hexaghost","floor":16,"turns":9},{"damage":21,"enemies":"Shell Parasite","floor":18,"turns":5},{"damage":1,"enemies":"Spheric Guardian","floor":19,"turns":4},{"damage":10,"enemies":"Snake Plant","floor":21,"turns":3},{"damage":11,"enemies":"Shelled Parasite and Fungi","floor":22,"turns":6},{"damage":46,"enemies":"Centurion and Healer","floor":24,"turns":11}],"seed_played":"-6349296980918680531","potions_obtained":[{"floor":1,"key":"FocusPotion"},{"floor":6,"key":"EssenceOfSteel"},{"floor":11,"key":"Fire Potion"},{"floor":19,"key":"SkillPotion"},{"floor":21,"key":"AttackPotion"}],"is_trial":false,"path_per_floor":["M","?","$","?","$","E","R","E","T","R","?","M","R","M","R","B",null,"M","M","$","M","M","R","M"],"character_chosen":"DEFECT","items_purchased":["Defragment","FTL"],"campfire_rested":2,"item_purchase_floors":[3,20],"current_hp_per_floor":[64,64,64,69,69,29,29,14,14,36,17,15,37,37,37,17,61,47,53,53,50,46,46,0,0],"gold":315,"neow_bonus":"THREE_CARDS","is_daily":false,"chose_seed":false,"campfire_upgraded":3,"win_rate":0.0,"timestamp":1613629614,"path_taken":["M","?","$","?","$","E","R","E","T","R","?","M","R","M","R","BOSS","M","M","$","M","M","R","M"],"items_purchased_type":["Card","Card"],"build_version":"2020-12-22","purchased_purges":0,"victory":false,"max_hp_per_floor":[71,71,71,76,76,76,76,76,76,76,76,76,76,76,76,76,76,76,76,76,76,76,76,76,76],"card_choices":[{"not_picked":["Sweeping Beam","Hello World"],"picked":"Conserve Battery","floor":0},{"not_picked":["White Noise","Reprogram"],"picked":"Storm","floor":1},{"not_picked":["Coolheaded","Sunder"],"picked":"Ball Lightning","floor":6},{"not_picked":["Rebound","Multi-Cast"],"picked":"Ball Lightning","floor":8},{"not_picked":["Tempest","Rebound"],"picked":"Auto Shields","floor":11},{"not_picked":["Aggregate","Turbo"],"picked":"Go for the Eyes","floor":12},{"not_picked":["Redo","Rebound"],"picked":"Self Repair","floor":14},{"not_picked":["Amplify","Seek"],"picked":"Fission","floor":16},{"not_picked":["Sweeping Beam","Auto Shields"],"picked":"Leap","floor":18},{"not_picked":["Stack","Sweeping Beam","Gash"],"picked":"SKIP","floor":19},{"not_picked":["Sweeping Beam","Scrape","Steam"],"picked":"SKIP","floor":21},{"not_picked":["Sweeping Beam","Turbo","Chaos"],"picked":"SKIP","floor":22}],"player_experience":792241,"relics_obtained":[{"floor":6,"key":"CaptainsWheel"},{"floor":8,"key":"Potion Belt"},{"floor":9,"key":"Whetstone"},{"floor":11,"key":"Odd Mushroom"}],"event_choices":[{"damage_healed":0,"gold_gain":0,"player_choice":"Leave","damage_taken":0,"max_hp_gain":0,"max_hp_loss":0,"event_name":"The Cleric","floor":2,"gold_loss":0},{"damage_healed":0,"gold_gain":0,"player_choice":"Donut","damage_taken":0,"max_hp_gain":5,"max_hp_loss":0,"event_name":"Big Fish","floor":4,"gold_loss":0},{"damage_healed":0,"gold_gain":0,"player_choice":"Fought Mushrooms","damage_taken":0,"max_hp_gain":0,"max_hp_loss":0,"event_name":"Mushrooms","floor":11,"gold_loss":0}],"is_beta":false,"boss_relics":[{"not_picked":["Velvet Choker","Fusion Hammer"],"picked":"SlaversCollar"}],"items_purged_floors":[],"is_endless":false,"potions_floor_spawned":[1,6,11,19,21],"killed_by":"Centurion and Healer","ascension_level":14}}