{"host":"ffqn1azj9urswy62","time":1613658952,"event":{"mods":["BaseMod","Better Third Choice","Conspire","Googly Eyes","Hubris","Minty Spire (QoL Compilation)","Replay The Spire","StSLib","Wandering Minibosses","slay the spire mod where everything is the same but ironclad has a cowboy hat"],"gold_per_floor":[117,117,8,8,8,39,52,52,52,52,70,70,33,50,50,150,150,164,70,70,70,85,85,116,116,116,116,131,131,164,178,178,281,281,300,314,138,153,173,203,203,231,231,231,231,231],"floor_reached":45,"language":"ENG","playtime":2538,"items_purged":["Defend_B","Strike_B"],"score":700,"play_id":"0699cc9c-5c1d-42a9-b65b-528cef3debe6","local_time":"20210218093552","is_ascension_mode":true,"campfire_choices":[{"data":"Defragment","floor":8,"key":"SMITH"},{"data":"Glacier","floor":10,"key":"SMITH"},{"data":"Zap","floor":15,"key":"SMITH"},{"data":"Mirror Shield","floor":23,"key":"SMITH"},{"data":"ReplayTheSpireMod:Calculation Training","floor":25,"key":"SMITH"},{"floor":32,"key":"DIG"}],"circlet_count":0,"master_deck":["Strike_B","Defend_B","Defend_B","Zap+1","Dualcast","Coolheaded","Defragment+1","Reboot+1","Conserve Battery","Glacier+1","hubris:PowerSurge","Mirror Shield+1","Hologram","Flash of Steel","ReplayTheSpireMod:Calculation Training+1","BootSequence+1","BasicCrystalCard","Consume+1","ReplayTheSpireMod:Repulse","Echo Form","Self Repair+1","hubris:PowerSurge","Parasite"],"relics":["FrozenCore","NeowsBlessing","Anchor","InkBottle","Orichalcum","conspire:Flyswatter","conspire:DeflatedDodgeball","Unceasing Top","Counterbalance","Nuclear Battery","Toy Ornithopter","Replay:WaspNest","Bronze Scales","hubris:Icosahedron"],"acts_visited":["Exordium","TheCity","TheBeyond"],"potions_floor_usage":[16,24,40,40],"damage_taken":[{"damage":0,"enemies":"Small Slimes","floor":1,"turns":1},{"damage":0,"enemies":"Gremlin Nob","floor":6,"turns":1},{"damage":0,"enemies":"conspire:RoseBush","floor":7,"turns":1},{"damage":1,"enemies":"Cultist","floor":11,"turns":3},{"damage":0,"enemies":"Looter","floor":14,"turns":4},{"damage":17,"enemies":"The Guardian","floor":16,"turns":16},{"damage":0,"enemies":"2 Thieves","floor":18,"turns":4},{"damage":0,"enemies":"3 Byrds","floor":22,"turns":5},{"damage":75,"enemies":"Slavers","floor":24,"turns":8},{"damage":0,"enemies":"conspire:HollyBat","floor":28,"turns":9},{"damage":0,"enemies":"conspire:Head Lice","floor":30,"turns":11},{"damage":0,"enemies":"Snecko","floor":31,"turns":8},{"damage":0,"enemies":"Champ","floor":33,"turns":12},{"damage":2,"enemies":"3 Darklings","floor":35,"turns":6},{"damage":18,"enemies":"3 Shapes","floor":36,"turns":6},{"damage":0,"enemies":"Writhing Mass","floor":38,"turns":6},{"damage":12,"enemies":"Sphere and 2 Shapes","floor":39,"turns":9},{"damage":11,"enemies":"Nemesis","floor":40,"turns":11},{"damage":3,"enemies":"R_Hoarder","floor":42,"turns":12},{"damage":76,"enemies":"Transient","floor":45,"turns":5}],"seed_played":"8799317204048361318","potions_obtained":[{"floor":7,"key":"Explosive Potion"},{"floor":16,"key":"LifebloodPotion"},{"floor":18,"key":"FairyPotion"},{"floor":28,"key":"Regen Potion"},{"floor":36,"key":"Block Potion"},{"floor":39,"key":"Energy Potion"}],"is_trial":false,"path_per_floor":["M","?","$","?","?","E","M","R","T","R","M","?","$","M","R","B",null,"M","$","?","?","M","R","E","R","T","?","M","T","E","M","R","B",null,"M","M","$","M","M","E","?","E","T","?","M"],"character_chosen":"DEFECT","items_purchased":["Defragment","hubris:PowerSurge","Flash of Steel","hubris:PowerSurge"],"campfire_rested":0,"item_purchase_floors":[3,13,19,37],"current_hp_per_floor":[75,75,75,75,75,75,75,75,75,75,74,74,74,74,74,57,75,75,75,75,75,75,75,22,22,22,22,22,22,22,22,22,22,75,73,65,65,75,73,72,72,75,75,75,0,0],"gold":231,"neow_bonus":"THREE_ENEMY_KILL","is_daily":false,"chose_seed":false,"campfire_upgraded":5,"win_rate":0.0,"timestamp":1613658952,"path_taken":["M","?","$","?","?","E","M","R","T","R","M","?","$","?","R","BOSS","M","$","?","?","M","R","E","R","T","?","M","?","E","M","R","BOSS","M","?","$","M","M","E","?","E","T","?","M"],"items_purchased_type":["Card","Card","Card","Card"],"build_version":"2020-12-22","purchased_purges":2,"victory":false,"max_hp_per_floor":[75,75,75,75,75,75,75,75,75,75,75,75,75,75,75,75,75,75,75,75,75,75,75,75,75,75,75,75,75,75,75,75,75,75,75,75,75,75,75,75,75,75,75,75,75,75],"card_choices":[{"not_picked":["Cold Snap","Leap"],"picked":"Coolheaded","floor":1},{"not_picked":["Time Bomb","Compile Driver"],"picked":"Conserve Battery","floor":6},{"not_picked":["BasicCrystalCard","Darkness"],"picked":"Glacier","floor":7},{"not_picked":["Conserve Battery","Glacier","Rebound"],"picked":"SKIP","floor":11},{"not_picked":["Panic Button","Fusion","Steam Power"],"picked":"SKIP","floor":14},{"not_picked":["Amplify","hubris:DoWhile"],"picked":"Mirror Shield","floor":16},{"not_picked":["Stack","Beam Cell"],"picked":"Hologram","floor":18},{"not_picked":["Fusion","Rebound","Turbo"],"picked":"SKIP","floor":22},{"not_picked":["ReplaySort","Compile Driver"],"picked":"BootSequence+1","floor":24},{"not_picked":["Rebound+1","Panic Button"],"picked":"BasicCrystalCard","floor":28},{"not_picked":["FIFO Queue","Turbo"],"picked":"Consume+1","floor":30},{"not_picked":["Leap+1","Doom and Gloom"],"picked":"ReplayTheSpireMod:Repulse","floor":31},{"not_picked":["Mirror Shield","Buffer"],"picked":"Echo Form","floor":33},{"not_picked":["Sweeping Beam","Hologram+1"],"picked":"Self Repair+1","floor":35},{"not_picked":["Panic Button+1","Cold Snap","FIFO Queue+1"],"picked":"SKIP","floor":36},{"not_picked":["Sunder","Conserve Battery","Time Bomb"],"picked":"SKIP","floor":38},{"not_picked":["Sunder","Conserve Battery","Time Bomb"],"picked":"SKIP","floor":38},{"not_picked":["Cold Snap","Consume+1","BasicCrystalCard+1"],"picked":"SKIP","floor":39},{"not_picked":["Doom and Gloom+1","Redo","Rainbow"],"picked":"SKIP","floor":40},{"not_picked":["Rebound","Chill+1","Conserve Battery+1"],"picked":"SKIP","floor":42}],"player_experience":690286,"relics_obtained":[{"floor":6,"key":"Anchor"},{"floor":24,"key":"Orichalcum"},{"floor":26,"key":"conspire:Flyswatter"},{"floor":29,"key":"conspire:DeflatedDodgeball"},{"floor":30,"key":"Unceasing Top"},{"floor":32,"key":"Counterbalance"},{"floor":40,"key":"Toy Ornithopter"},{"floor":42,"key":"Replay:WaspNest"},{"floor":43,"key":"Bronze Scales"}],"event_choices":[{"cards_removed":["Strike_B"],"damage_healed":0,"gold_gain":0,"player_choice":"Forget","damage_taken":0,"max_hp_gain":0,"max_hp_loss":0,"event_name":"Living Wall","floor":2,"gold_loss":0},{"damage_healed":0,"gold_gain":0,"player_choice":"Leave","damage_taken":0,"max_hp_gain":0,"max_hp_loss":0,"event_name":"conspire:Investor","floor":5,"gold_loss":0},{"damage_healed":0,"gold_gain":0,"player_choice":"Bought 0 Potions","damage_taken":0,"max_hp_gain":0,"max_hp_loss":0,"event_name":"The Woman in Blue","floor":12,"gold_loss":0},{"damage_healed":0,"gold_gain":0,"player_choice":"Opened","damage_taken":0,"relics_obtained":["InkBottle"],"max_hp_gain":0,"max_hp_loss":0,"event_name":"The Mausoleum","floor":20,"gold_loss":0},{"cards_removed":["Defend_B"],"damage_healed":0,"gold_gain":0,"player_choice":"Elegance","damage_taken":0,"max_hp_gain":0,"max_hp_loss":0,"event_name":"betterThird:BetterWriting","floor":27,"gold_loss":0},{"damage_healed":0,"gold_gain":0,"player_choice":"Ignored","damage_taken":0,"max_hp_gain":0,"max_hp_loss":0,"event_name":"Tomb of Lord Red Mask","floor":41,"gold_loss":0}],"is_beta":false,"boss_relics":[{"not_picked":["ChewingGum","Tiny House"],"picked":"FrozenCore"},{"not_picked":["Runic Dome","Calling Bell"],"picked":"Nuclear Battery"}],"items_purged_floors":[3,37],"is_endless":false,"potions_floor_spawned":[7,16,18,28,36,39],"killed_by":"Transient","ascension_level":3}}