{"host":"0ueeacaatm8t6jyh","time":1613627545,"event":{"mods":["AchievementEnabler","BaseMod","Colored Powertips","Minty Spire (QoL Compilation)","Quick Restart","Rare Cards Sparkle","Shop Mod","StSLib"],"gold_per_floor":[112,262,262,278,341,370,370,370,370],"floor_reached":8,"language":"ZHS","playtime":309,"items_purged":[],"score":98,"play_id":"e2f5b825-b0dc-45a3-b22a-24bb057e77e2","local_time":"20210218135225","is_ascension_mode":true,"campfire_choices":[{"floor":7.0,"key":"REST"}],"circlet_count":0,"master_deck":["AscendersBane","Strike_B","Strike_B","Strike_B","Strike_B","Defend_B","Defend_B","Defend_B","Defend_B","Zap","Dualcast","Hologram","Doubt","Ball Lightning","Coolheaded"],"relics":["Nuclear Battery","SsserpentHead","Omamori"],"acts_visited":["Exordium"],"potions_floor_usage":[8],"damage_taken":[{"damage":7.0,"enemies":"Small Slimes","floor":1.0,"turns":4.0},{"damage":20.0,"enemies":"Jaw Worm","floor":4.0,"turns":6.0},{"damage":6.0,"enemies":"Cultist","floor":5.0,"turns":4.0},{"damage":25.0,"enemies":"3 Sentries","floor":6.0,"turns":7.0},{"damage":30,"enemies":"Lagavulin","floor":8,"turns":6}],"seed_played":"7381219313491805748","potions_obtained":[{"floor":5.0,"key":"Block Potion"},{"floor":6.0,"key":"PotionOfCapacity"}],"is_trial":false,"path_per_floor":["M","?","?","M","M","E","R","E"],"character_chosen":"DEFECT","items_purchased":[],"campfire_rested":1,"item_purchase_floors":[],"current_hp_per_floor":[57,57,57,37,31,6,27,0,0],"gold":370,"neow_bonus":"BOSS_RELIC","is_daily":false,"chose_seed":false,"campfire_upgraded":0,"win_rate":0.0,"timestamp":1613627545,"path_taken":["M","?","?","M","?","E","R","E"],"items_purchased_type":[],"build_version":"2020-12-22","purchased_purges":0,"victory":false,"max_hp_per_floor":[71,71,71,71,71,71,71,71,71],"card_choices":[{"not_picked":["Gash","Force Field"],"picked":"Hologram","floor":1.0},{"not_picked":["Genetic Algorithm","Loop"],"picked":"Ball Lightning","floor":4.0},{"not_picked":["Gash","Rip and Tear","Fusion"],"picked":"SKIP","floor":5.0},{"not_picked":["Chaos","Rebound"],"picked":"Coolheaded","floor":6.0}],"player_experience":552395,"relics_obtained":[{"floor":6.0,"key":"Omamori"}],"event_choices":[{"damage_healed":0.0,"max_hp_gain":0.0,"max_hp_loss":0.0,"gold_gain":150.0,"event_name":"Liars Game","player_choice":"AGREE","floor":2.0,"gold_loss":0.0,"damage_taken":0.0,"cards_obtained":["Doubt"]},{"damage_healed":0.0,"max_hp_gain":0.0,"max_hp_loss":0.0,"gold_gain":0.0,"event_name":"FaceTrader","player_choice":"Trade","floor":3.0,"gold_loss":0.0,"damage_taken":0.0,"relics_obtained":["SsserpentHead"]}],"is_beta":false,"boss_relics":[],"items_purged_floors":[],"is_endless":false,"potions_floor_spawned":[5,6],"killed_by":"Lagavulin","ascension_level":15}}