{"host":"67lwyhkmsxpels8b","time":1613630349,"event":{"mods":["AchievementEnabler","Act Like it!","AlwaysNeverKeys","Aspiration","BaseMod","Better Altar","Better Third Choice","Better Vampires","BetterRewards","Colored Map","Colored Powertips","Decade(王小明)","Dota2Spire","Friendly Minions","Gensokyo","GifTheSpireLib","Hallownest","Hermit","Highlight Path","KinomotoSakuraMod(木之本樱)","Koishi","Lobotomy","LobotomyExtend","Marisa（F雨　魔理沙）","Minty Spire (QoL Compilation)","Quick Restart","Rare Cards Sparkle","Relic Stats","Remilia（蕾米莉亚）","Replay The Spire","RumiaBox-露米娅的神秘盒子","Spicy Shops","StSLib","The Administrix","The Animator","The Blackbeard","The Bug Knight","The Cursed","The Hierophant","Yakumo Yukari mod","【功能Mod】混沌之环修复补丁","【功能Mod】聪明的最终Boss"],"gold_per_floor":[117,128,128,141,158,158,176,193,241,253,264,344,373,399,399,509,568,594,594,604,56,91,126,126,153,153,153,153,188,188,225,225,364,364,397,406,88,167,212,275,321,378,403,455,30,30,80,129,129,154,154,154],"floor_reached":50,"language":"ZHS","playtime":5292,"items_purged":["blackbeard:BlackbeardStrike","Doubt","blackbeard:BlackbeardStrike"],"score":704,"play_id":"420e54b0-5510-416e-a81e-3f6a7c83ca66","local_time":"20210218143909","is_ascension_mode":true,"campfire_choices":[{"data":"blackbeard:SmithingHammer","floor":6.0,"key":"SMITH"},{"data":"blackbeard:HumongousCannonball","floor":15.0,"key":"SMITH"},{"data":"blackbeard:CaptainsCabin","floor":24.0,"key":"SMITH"},{"data":"blackbeard:DoubleCannonball","floor":27.0,"key":"SMITH"},{"data":"blackbeard:SwordDance","floor":30.0,"key":"SMITH"},{"data":"blackbeard:GoldenCannonball","floor":32.0,"key":"SMITH"},{"floor":46,"key":"REST"},{"floor":49,"key":"REST"}],"circlet_count":0,"master_deck":["blackbeard:BlackbeardStrike","blackbeard:BlackbeardStrike","blackbeard:IntimidatingStrike","blackbeard:BlackbeardDefend","blackbeard:BlackbeardDefend+1","blackbeard:BlackbeardDefend","blackbeard:Cutlass+1","blackbeard:RemoveScurvy+1","blackbeard:PirateEarring+1","blackbeard:HumongousCannonball+1","blackbeard:CaptainsCabin+1","blackbeard:SmithingHammer+1","blackbeard:ChaoticDefense","blackbeard:DeadlyArsenal","blackbeard:GhostInTheRum","blackbeard:GoldenCannonball+1","blackbeard:Sword","blackbeard:PowerHungry+1","blackbeard:Toast","blackbeard:CannonballSupply+1","blackbeard:Spear","blackbeard:WeaponProficiency+1","blackbeard:GoldenStrike","blackbeard:DoubleCannonball+1","blackbeard:BrownPants+1","blackbeard:SwordDance+1","blackbeard:GoldenCannonball+1","blackbeard:Bandana","blackbeard:Halberd","Endless Agony+1","Outmaneuver","blackbeard:CloakAndCannonball","Prepared+1","blackbeard:Scrap+1","blackbeard:SwordDance","Adrenaline","blackbeard:GoldenCannonball","blackbeard:Dagger+1","blackbeard:PirateHook+1"],"relics":["blackbeard:LoadTheCannons","LetterFromLob","Anchor","Snack Pack","Replay:Baseball","CeramicFish","Tiny House","Guide Book","Prayer Wheel","Oddly Smooth Stone","ReplayTheSpireMod:Lightbulb","Pen Nib","Dota2Spire:DivineRapier","aspiration:SilentSkillbook","ReplayTheSpireMod:Ring of Collecting","Dota2Spire:ArcaneBoots","Incense Burner","Boot","Dota2Spire:ArmletOfMordiggian","Orichalcum","Gremlin Food","Bag of Preparation"],"acts_visited":["Exordium","TheCity","TheBeyond"],"potions_floor_usage":[50,50],"damage_taken":[{"damage":3.0,"enemies":"Jaw Worm","floor":1.0,"turns":3.0},{"damage":0.0,"enemies":"Cultist","floor":2.0,"turns":3.0},{"damage":3.0,"enemies":"Small Slimes","floor":4.0,"turns":2.0},{"damage":0.0,"enemies":"2 Fungi Beasts","floor":5.0,"turns":3.0},{"damage":11.0,"enemies":"Exordium Wildlife","floor":7.0,"turns":5.0},{"damage":0.0,"enemies":"Large Slime","floor":8.0,"turns":5.0},{"damage":0.0,"enemies":"Exordium Thugs","floor":10.0,"turns":2.0},{"damage":0.0,"enemies":"2 Fungi Beasts","floor":11.0,"turns":3.0},{"damage":6.0,"enemies":"Replay:BlueRogue","floor":13.0,"turns":5.0},{"damage":0.0,"enemies":"Slime Boss","floor":16.0,"turns":5.0},{"damage":0.0,"enemies":"3 Byrds","floor":18.0,"turns":5.0},{"damage":0.0,"enemies":"Spheric Guardian","floor":20.0,"turns":3.0},{"damage":12.0,"enemies":"Snake Plant","floor":22.0,"turns":3.0},{"damage":8.0,"enemies":"Book of Stabbing","floor":23.0,"turns":5.0},{"damage":12.0,"enemies":"Sentry and Sphere","floor":25.0,"turns":4.0},{"damage":24.0,"enemies":"Gremlin Leader","floor":29.0,"turns":6.0},{"damage":0.0,"enemies":"Snecko","floor":31.0,"turns":2.0},{"damage":23.0,"enemies":"Automaton","floor":33.0,"turns":9.0},{"damage":0.0,"enemies":"3 Shapes","floor":35.0,"turns":3.0},{"damage":19.0,"enemies":"2 Orb Walkers","floor":38.0,"turns":4.0},{"damage":3.0,"enemies":"3 Darklings","floor":39.0,"turns":5.0},{"damage":4.0,"enemies":"HollowMod:StalkingDevout","floor":40.0,"turns":3.0},{"damage":0.0,"enemies":"Maw","floor":41.0,"turns":4.0},{"damage":64,"enemies":"Nemesis","floor":42,"turns":5},{"damage":0,"enemies":"Spire Growth","floor":44,"turns":4},{"damage":0,"enemies":"Sphere and 2 Shapes","floor":47,"turns":3},{"damage":0,"enemies":"Writhing Mass","floor":48,"turns":2},{"damage":103,"enemies":"Time Eater","floor":50,"turns":9}],"seed_played":"-4761318920414044303","potions_obtained":[{"floor":1.0,"key":"blackbeard:RumPotion"},{"floor":4.0,"key":"Explosive Potion"},{"floor":7.0,"key":"ColorlessPotion"},{"floor":17.0,"key":"Dota2Spire:HealingSalve"},{"floor":29.0,"key":"ColorlessPotion"},{"floor":35.0,"key":"Weak Potion"},{"floor":40.0,"key":"Energy Potion"},{"floor":42,"key":"SpeedPotion"}],"is_trial":false,"path_per_floor":["M","M","?","M","M","R","M","M","T","M","M","T","E","T","R","B",null,"M","?","M","$","M","E","R","M","T","R","M","E","R","M","R","B",null,"M","?","$","?","M","E","M","E","T","M","$","R","M","M","R","B"],"character_chosen":"BLACKBEARD_CLASS","items_purchased":["blackbeard:Spear","Guide Book","Prayer Wheel","Oddly Smooth Stone","blackbeard:CloakAndCannonball","Dota2Spire:ArcaneBoots","Gremlin Food","Bag of Preparation"],"campfire_rested":2,"item_purchase_floors":[21,21,21,21,37,37,45,45],"current_hp_per_floor":[72,75,75,75,75,75,69,74,74,74,75,75,69,69,69,71,80,80,80,80,80,70,74,74,72,72,72,72,64,64,64,64,49,80,80,80,80,61,70,70,80,26,26,36,36,60,64,70,80,0,0,0],"gold":154,"neow_bonus":"UPGRADE_CARD","is_daily":false,"chose_seed":false,"campfire_upgraded":6,"win_rate":0.0,"timestamp":1613630349,"path_taken":["M","M","?","M","M","R","M","M","T","M","?","?","E","?","R","BOSS","M","?","M","$","M","E","R","?","T","R","M","E","R","M","R","BOSS","M","?","$","?","M","E","M","E","T","M","?","R","M","M","R","BOSS"],"items_purchased_type":["Card","Relic","Relic","Relic","Card","Relic","Relic","Relic"],"build_version":"2020-12-22","purchased_purges":3,"victory":false,"max_hp_per_floor":[75,75,75,75,75,75,75,75,75,75,75,75,75,75,75,75,80,80,80,80,80,80,80,80,80,80,80,80,80,80,80,80,80,80,80,80,80,80,80,80,80,80,80,80,80,80,80,80,80,80,80,80],"relic_stats":{"counters":[28,115],"CeramicFish":207,"Prayer Wheel":9,"Pen Nib":[14],"Bag of Preparation":[6],"Orichalcum":[30],"Boot":[2],"obtain_stats":[{"Gremlin Food":45,"Tiny House":17,"blackbeard:LoadTheCannons":0,"CeramicFish":14,"Guide Book":21,"Dota2Spire:ArmletOfMordiggian":42,"Oddly Smooth Stone":21,"Pen Nib":26,"Incense Burner":38,"Bag of Preparation":45,"Orichalcum":43,"Boot":40,"Anchor":9,"Replay:Baseball":13,"ReplayTheSpireMod:Ring of Collecting":36,"Prayer Wheel":21,"aspiration:SilentSkillbook":34,"Dota2Spire:DivineRapier":29,"LetterFromLob":2,"Snack Pack":12,"Dota2Spire:ArcaneBoots":37,"ReplayTheSpireMod:Lightbulb":23},{"Gremlin Food":25,"Tiny House":10,"blackbeard:LoadTheCannons":0,"CeramicFish":9,"Guide Book":12,"Dota2Spire:ArmletOfMordiggian":24,"Oddly Smooth Stone":12,"Pen Nib":15,"Incense Burner":20,"Bag of Preparation":25,"Orichalcum":24,"Boot":22,"Anchor":6,"Replay:Baseball":9,"ReplayTheSpireMod:Ring of Collecting":19,"Prayer Wheel":12,"aspiration:SilentSkillbook":18,"Dota2Spire:DivineRapier":16,"LetterFromLob":2,"Snack Pack":8,"Dota2Spire:ArcaneBoots":19,"ReplayTheSpireMod:Lightbulb":14},{"Gremlin Food":101,"Tiny House":36,"blackbeard:LoadTheCannons":0,"CeramicFish":31,"Guide Book":44,"Dota2Spire:ArmletOfMordiggian":97,"Oddly Smooth Stone":44,"Pen Nib":56,"Incense Burner":80,"Bag of Preparation":101,"Orichalcum":97,"Boot":88,"Anchor":21,"Replay:Baseball":31,"ReplayTheSpireMod:Ring of Collecting":76,"Prayer Wheel":44,"aspiration:SilentSkillbook":73,"Dota2Spire:DivineRapier":62,"LetterFromLob":6,"Snack Pack":26,"Dota2Spire:ArcaneBoots":76,"ReplayTheSpireMod:Lightbulb":52}]},"card_choices":[{"not_picked":["blackbeard:BlindAttacks","blackbeard:Dagger"],"picked":"blackbeard:RemoveScurvy","floor":1.0},{"not_picked":["blackbeard:BeatUp","blackbeard:Recklessness"],"picked":"blackbeard:PirateEarring","floor":2.0},{"not_picked":["blackbeard:RearmingStrike","blackbeard:Eyepatch"],"picked":"blackbeard:CaptainsCabin","floor":4.0},{"not_picked":["blackbeard:Dagger","blackbeard:WeaponProficiency"],"picked":"blackbeard:SmithingHammer","floor":5.0},{"not_picked":["blackbeard:Rum","blackbeard:Spear"],"picked":"blackbeard:ChaoticDefense","floor":7.0},{"not_picked":["blackbeard:Revenge","blackbeard:BlindAttacks"],"picked":"blackbeard:DeadlyArsenal","floor":8.0},{"not_picked":["blackbeard:SmithingHammer","blackbeard:Sharpening"],"picked":"blackbeard:GhostInTheRum","floor":10.0},{"not_picked":["blackbeard:Boarding","blackbeard:GoldenStrike"],"picked":"blackbeard:GoldenCannonball","floor":11.0},{"not_picked":["blackbeard:Parrot","blackbeard:DangerousBlow"],"picked":"blackbeard:Sword","floor":13.0},{"not_picked":["blackbeard:TheDrunkenSailor","blackbeard:MegaUpgrade"],"picked":"blackbeard:PowerHungry","floor":16.0},{"not_picked":["blackbeard:Anchor","blackbeard:ChaoticDefense"],"picked":"blackbeard:Toast","floor":17.0},{"not_picked":["blackbeard:Toast","blackbeard:DangerousBlow+1"],"picked":"blackbeard:CannonballSupply+1","floor":18.0},{"not_picked":["blackbeard:PiratesWill","blackbeard:Toast","blackbeard:BeatUp"],"picked":"SKIP","floor":20.0},{"not_picked":["blackbeard:Scrap","blackbeard:BlindAttacks"],"picked":"blackbeard:WeaponProficiency+1","floor":22.0},{"not_picked":["blackbeard:JollyRoger","blackbeard:Spear"],"picked":"blackbeard:GoldenStrike","floor":22.0},{"not_picked":["blackbeard:WiseDefense+1","blackbeard:PiratesWill"],"picked":"blackbeard:DoubleCannonball","floor":23.0},{"not_picked":["blackbeard:GoldenRain","blackbeard:SwordDance"],"picked":"blackbeard:BrownPants+1","floor":25.0},{"not_picked":["blackbeard:BeatUp","blackbeard:FieryDefense","blackbeard:WiseDefense"],"picked":"SKIP","floor":25.0},{"not_picked":["blackbeard:TerrorOfTheSeas","blackbeard:CaptainsHat"],"picked":"blackbeard:SwordDance","floor":29.0},{"not_picked":["blackbeard:RearmingStrike","blackbeard:BeatUp"],"picked":"blackbeard:GoldenCannonball","floor":31.0},{"not_picked":["blackbeard:VengefulSpirit+1","blackbeard:BeatUp"],"picked":"blackbeard:Bandana","floor":31.0},{"not_picked":["blackbeard:Parrot","blackbeard:HumongousCannonball"],"picked":"blackbeard:Halberd","floor":33.0},{"not_picked":["Cloak And Dagger+1","blackbeard:Sword","Bane"],"picked":"Endless Agony+1","floor":35.0},{"not_picked":["blackbeard:PiratesWill+1","blackbeard:TerrorOfTheSeas+1","Prepared+1"],"picked":"Outmaneuver","floor":35.0},{"not_picked":["Dagger Throw","Reflex+1","ReplayTheSpireMod:Tripwire"],"picked":"Prepared+1","floor":39.0},{"not_picked":["Dagger Spray+1","blackbeard:Toast","blackbeard:TacticalRetreat","blackbeard:GhostInTheRum+1"],"picked":"SKIP","floor":39.0},{"not_picked":["Dagger Throw+1","Hidden Blade","Leg Sweep+1"],"picked":"blackbeard:Scrap+1","floor":40.0},{"not_picked":["Cloak And Dagger","blackbeard:PowderKeg+1","Eviscerate+1"],"picked":"blackbeard:SwordDance","floor":41.0},{"not_picked":["blackbeard:WiseDefense","blackbeard:DeadlyArsenal","Deflect","blackbeard:Boarding"],"picked":"SKIP","floor":41.0},{"not_picked":["Setup","blackbeard:Eyepatch+1","Backflip+1"],"picked":"Adrenaline","floor":42},{"not_picked":["Quick Slash","Riddle With Holes","Dagger Spray+1"],"picked":"blackbeard:GoldenCannonball","floor":44},{"not_picked":["blackbeard:BeatUp+1","blackbeard:GoldenStrike+1","blackbeard:Sword+1","blackbeard:CannonballSupply"],"picked":"SKIP","floor":44},{"not_picked":["blackbeard:GoldenDefense","Prepared+1","blackbeard:Anchor+1"],"picked":"blackbeard:Dagger+1","floor":47},{"not_picked":["Crippling Poison+1","Acrobatics","blackbeard:Shrapnel","Deflect"],"picked":"SKIP","floor":47},{"not_picked":["Hidden Blade","blackbeard:Provisioning+1","Escape Plan"],"picked":"blackbeard:PirateHook+1","floor":48},{"not_picked":["Dagger Spray","Calculated Gamble+1","Backflip","Cloak And Dagger+1"],"picked":"SKIP","floor":48}],"player_experience":43353,"relics_obtained":[{"floor":2.0,"key":"LetterFromLob"},{"floor":9.0,"key":"Anchor"},{"floor":12.0,"key":"Snack Pack"},{"floor":13.0,"key":"Replay:Baseball"},{"floor":14.0,"key":"CeramicFish"},{"floor":23.0,"key":"ReplayTheSpireMod:Lightbulb"},{"floor":26.0,"key":"Pen Nib"},{"floor":29.0,"key":"Dota2Spire:DivineRapier"},{"floor":36.0,"key":"ReplayTheSpireMod:Ring of Collecting"},{"floor":38.0,"key":"Incense Burner"},{"floor":40.0,"key":"Boot"},{"floor":42,"key":"Dota2Spire:ArmletOfMordiggian"},{"floor":43,"key":"Orichalcum"}],"event_choices":[{"damage_healed":0.0,"max_hp_gain":0.0,"max_hp_loss":0.0,"gold_gain":0.0,"cards_transformed":["blackbeard:BlackbeardDefend"],"event_name":"Transmorgrifier","player_choice":"Transformed","floor":3.0,"gold_loss":0.0,"damage_taken":0.0,"cards_obtained":["blackbeard:HumongousCannonball"]},{"damage_healed":0.0,"max_hp_gain":0.0,"max_hp_loss":0.0,"gold_gain":0.0,"event_name":"The Woman in Blue","player_choice":"Bought 0 Potions","floor":19.0,"gold_loss":0.0,"damage_taken":0.0},{"damage_healed":0.0,"max_hp_gain":0.0,"max_hp_loss":0.0,"gold_gain":0.0,"event_name":"Mysterious Sphere","player_choice":"Fight","floor":38.0,"gold_loss":0.0,"damage_taken":0.0}],"is_beta":false,"boss_relics":[{"not_picked":["aspiration:FutureDiary","Runic Dome"],"picked":"Tiny House"},{"not_picked":["Replay:Ancient Bell","AddBug"],"picked":"aspiration:SilentSkillbook"}],"items_purged_floors":[21,37,45],"is_endless":false,"potions_floor_spawned":[1,4,7,13,16,23,25,29,35,40,42,47,48],"killed_by":"Time Eater","ascension_level":1}}