{"host":"8d3fefv2347kqkpz","time":1613659320,"event":{"mods":["AchievementEnabler","BaseMod","Better Vampires","BetterRewards","Colored Map","Colored Powertips","Downfall","Emptier Cage","Highlight Path","Marked Mod","Minty Spire (QoL Compilation)","Permanent Neow","Quick Restart","Rare Cards Sparkle","Relic Stats","Say the Spire","Spicy Shops","StSLib","Waifu the Spire"],"gold_per_floor":[349,361,372,392,411,439,487,487,487,500,500,512,526,142,156,256,256,156,156,41,41,41,61,61,71,91,91,102,102,130,149,160,264,264,64,83,93,109,91,109,109,109,109,122,136,148,148,176,190,190,190,225,75,75,75,75,75,75],"floor_reached":56,"language":"ZHS","playtime":3541,"items_purged":["bronze:Strike","bronze:InfiniteBeams","bronze:Overheat","bronze:Optimize"],"score":759,"play_id":"b28dc0bf-fc01-4dc9-9ee4-a17ad19e2a04","local_time":"20210218224200","is_ascension_mode":false,"campfire_choices":[{"floor":1.0,"key":"REST"},{"floor":8.0,"key":"REST"},{"floor":11.0,"key":"REST"},{"data":"bronze:RecursiveStrike","floor":18.0,"key":"SMITH"},{"floor":27.0,"key":"RECALL"},{"floor":35.0,"key":"REST"},{"floor":42.0,"key":"REST"},{"floor":47,"key":"REST"},{"floor":54,"key":"REST"}],"circlet_count":0,"master_deck":["bronze:Replicate","bronze:Goto","bronze:WildBeam","bronze:SpaghettiCode+1","bronze:FineTuning","bronze:TinkerersToolbox+1","bronze:Repair","bronze:Philosophize","bronze:RecursiveStrike+1","bronze:FunctionCard","bronze:SpaghettiCode+1","bronze:FunctionCard","bronze:Frontload"],"relics":["bronze:BronzeCore","StrikeDummy","Tiny Chest","Oddly Smooth Stone","Pandora\u0027s Box","downfall:HeartBlessingGreen","Pantograph","War Paint","Fusion Hammer","downfall:HeartBlessingRed","downfall:HeartBlessingBlue","DollysMirror","Lizard Tail","Ornamental Fan","Lantern","Bird Faced Urn"],"acts_visited":["Exordium","TheCity","TheBeyond","TheEnding"],"potions_floor_usage":[44,56,56,56],"damage_taken":[{"damage":5.0,"enemies":"Small Slimes","floor":2.0,"turns":4.0},{"damage":4.0,"enemies":"2 Louse","floor":3.0,"turns":3.0},{"damage":1.0,"enemies":"Cultist","floor":4.0,"turns":3.0},{"damage":19.0,"enemies":"Exordium Thugs","floor":5.0,"turns":6.0},{"damage":30.0,"enemies":"Lagavulin","floor":6.0,"turns":7.0},{"damage":6.0,"enemies":"Red Slaver","floor":10.0,"turns":3.0},{"damage":13.0,"enemies":"Exordium Wildlife","floor":12.0,"turns":6.0},{"damage":7.0,"enemies":"Exordium Thugs","floor":13.0,"turns":4.0},{"damage":0.0,"enemies":"downfall:FleeingMerchant","floor":14.0,"turns":4.0},{"damage":7.0,"enemies":"Lots of Slimes","floor":15.0,"turns":3.0},{"damage":12.0,"enemies":"WA_ARCHETYPE_RETAIN","floor":16.0,"turns":10.0},{"damage":0.0,"enemies":"downfall:FleeingMerchant","floor":20.0,"turns":4.0},{"damage":24.0,"enemies":"3 Byrds","floor":23.0,"turns":5.0},{"damage":0.0,"enemies":"Spheric Guardian","floor":25.0,"turns":2.0},{"damage":0.0,"enemies":"Centurion and Healer","floor":26.0,"turns":3.0},{"damage":15.0,"enemies":"Snecko","floor":28.0,"turns":3.0},{"damage":22.0,"enemies":"Gremlin Leader","floor":30.0,"turns":5.0},{"damage":0.0,"enemies":"3 Cultists","floor":31.0,"turns":3.0},{"damage":6.0,"enemies":"Shelled Parasite and Fungi","floor":32.0,"turns":3.0},{"damage":69.0,"enemies":"IC_MUSHROOM_ARCHETYPE","floor":33.0,"turns":5.0},{"damage":10.0,"enemies":"Orb Walker","floor":36.0,"turns":2.0},{"damage":1.0,"enemies":"3 Darklings","floor":37.0,"turns":3.0},{"damage":0.0,"enemies":"Transient","floor":38.0,"turns":5.0},{"damage":11.0,"enemies":"downfall:FleeingMerchant","floor":39.0,"turns":4.0},{"damage":21.0,"enemies":"Writhing Mass","floor":40.0,"turns":4.0},{"damage":8,"enemies":"4 Shapes","floor":44,"turns":9},{"damage":5,"enemies":"Maw","floor":45,"turns":4},{"damage":0,"enemies":"Sphere and 2 Shapes","floor":46,"turns":1},{"damage":73,"enemies":"Nemesis","floor":48,"turns":7},{"damage":4,"enemies":"Transient","floor":49,"turns":5},{"damage":21,"enemies":"SI_POISON_ARCHETYPE","floor":50,"turns":7},{"damage":120,"enemies":"downfall:CharBossMerchant","floor":52,"turns":7},{"damage":17,"enemies":"downfall:NeowBoss","floor":55,"turns":10},{"damage":95,"enemies":"downfall:NeowBossFinal","floor":56,"turns":11}],"seed_played":"-1248684671728171258","potions_obtained":[{"floor":3.0,"key":"PowerPotion"},{"floor":4.0,"key":"champ:CounterPotion"},{"floor":10.0,"key":"Ancient Potion"},{"floor":12.0,"key":"Slimebound:ThreeZeroPotion"},{"floor":30.0,"key":"Block Potion"},{"floor":32.0,"key":"Guardian:BlockOnCardUsePotion"},{"floor":45,"key":"Energy Potion"}],"is_trial":false,"path_per_floor":["R","M","M","M","M","E","T","R","?","M","R","M","M","$","M","B",null,"R","?","$","?","T","M","T","M","M","R","M","T","E","M","M","B",null,"R","M","M","M","$","M","T","R","T","M","M","M","R","E","M","B",null,"E","$","R","B","B"],"character_chosen":"THE_AUTOMATON","items_purchased":["Oddly Smooth Stone","bronze:FineTuning","DollysMirror","bronze:Hardcode"],"campfire_rested":7,"item_purchase_floors":[14,14,39,39],"current_hp_per_floor":[70,65,61,60,41,11,11,32,32,26,47,34,27,27,20,8,70,70,70,70,70,70,51,51,61,68,68,63,63,48,55,56,1,70,80,70,78,80,80,69,69,80,80,72,67,67,80,17,23,34,80,2,2,26,41,0,0,0],"gold":75,"neow_bonus":"TWO_FIFTY_GOLD","is_daily":false,"chose_seed":false,"campfire_upgraded":1,"win_rate":0.0,"timestamp":1613659320,"path_taken":["R","M","M","M","M","E","T","R","?","M","R","M","M","$","M","BOSS","R","?","$","?","?","M","T","M","M","R","?","?","E","M","M","BOSS","R","M","M","M","?","M","T","R","?","M","M","M","R","E","M","BOSS","E","$","R","BOSS","BOSS"],"items_purchased_type":["Relic","Card","Relic","Card"],"build_version":"2020-12-22","purchased_purges":4,"victory":false,"max_hp_per_floor":[70,70,70,70,70,70,70,70,70,70,70,70,70,70,70,70,70,70,70,70,70,70,70,70,70,70,70,70,70,70,70,70,70,70,80,80,80,80,80,80,80,80,80,80,80,80,80,80,80,80,80,80,80,80,80,80,80,80],"relic_stats":{"Lizard Tail":40,"counters":[34,165],"Ornamental Fan":[100],"Pantograph":89,"Bird Faced Urn":[0],"Tiny Chest":2,"Pandora\u0027s Box":["bronze:Repair","bronze:ThunderWave","bronze:InfiniteBeams","bronze:Philosophize","bronze:Optimize","bronze:Hardcode","bronze:RecursiveStrike"],"War Paint":["bronze:TinkerersToolbox","bronze:SpaghettiCode"],"obtain_stats":[{"Lantern":48,"bronze:BronzeCore":0,"downfall:HeartBlessingRed":35,"Oddly Smooth Stone":14,"downfall:HeartBlessingGreen":18,"War Paint":30,"Lizard Tail":41,"downfall:HeartBlessingBlue":35,"DollysMirror":39,"Ornamental Fan":43,"Pantograph":29,"Bird Faced Urn":52,"Tiny Chest":7,"Pandora\u0027s Box":17,"Fusion Hammer":34,"StrikeDummy":6},{"Lantern":29,"bronze:BronzeCore":0,"downfall:HeartBlessingRed":20,"Oddly Smooth Stone":9,"downfall:HeartBlessingGreen":11,"War Paint":17,"Lizard Tail":25,"downfall:HeartBlessingBlue":20,"DollysMirror":24,"Ornamental Fan":25,"Pantograph":16,"Bird Faced Urn":32,"Tiny Chest":5,"Pandora\u0027s Box":11,"Fusion Hammer":20,"StrikeDummy":5},{"Lantern":125,"bronze:BronzeCore":0,"downfall:HeartBlessingRed":86,"Oddly Smooth Stone":40,"downfall:HeartBlessingGreen":53,"War Paint":75,"Lizard Tail":104,"downfall:HeartBlessingBlue":86,"DollysMirror":100,"Ornamental Fan":104,"Pantograph":70,"Bird Faced Urn":144,"Tiny Chest":23,"Pandora\u0027s Box":53,"Fusion Hammer":86,"StrikeDummy":23}]},"card_choices":[{"not_picked":["bronze:Return","bronze:DelayedSlice"],"picked":"bronze:Overheat","floor":2.0},{"not_picked":["bronze:CloningBeam","bronze:Constructor","bronze:Frontload"],"picked":"SKIP","floor":3.0},{"not_picked":["bronze:Shield","bronze:ChosenStrike","bronze:CutThrough"],"picked":"SKIP","floor":4.0},{"not_picked":["bronze:BugBarrage","bronze:Deprecate","bronze:GetLatest"],"picked":"SKIP","floor":5.0},{"not_picked":["bronze:Flail","bronze:Iterate","bronze:Separator"],"picked":"SKIP","floor":6.0},{"not_picked":["bronze:Overload","bronze:Turbo","bronze:Constructor"],"picked":"SKIP","floor":10.0},{"not_picked":["bronze:DelayedGuard","bronze:BuggyMess"],"picked":"bronze:WildBeam","floor":12.0},{"not_picked":["bronze:Shield","bronze:Philosophize","bronze:ChildClass"],"picked":"SKIP","floor":13.0},{"not_picked":["bronze:DelayedSlice","bronze:OilSpill"],"picked":"bronze:SpaghettiCode","floor":14.0},{"not_picked":["bronze:ChosenStrike","bronze:BitShift","bronze:Shield"],"picked":"SKIP","floor":15.0},{"not_picked":["bronze:Mutator","bronze:Assembly"],"picked":"bronze:TinkerersToolbox","floor":16.0},{"not_picked":["bronze:BuggyMess","bronze:DelayedGuard+1","bronze:ChildClass"],"picked":"SKIP","floor":20.0},{"not_picked":["bronze:DigitalCarnage","bronze:DelayedSlice","bronze:MaxOutput"],"picked":"SKIP","floor":23.0},{"not_picked":["bronze:DelayedSlice","bronze:Backtrace","bronze:ChosenStrike"],"picked":"SKIP","floor":25.0},{"not_picked":["bronze:FollowUp","bronze:Overload+1","bronze:OilSpill+1"],"picked":"SKIP","floor":26.0},{"not_picked":["bronze:Invalidate","bronze:Backtrace","bronze:Constructor+1"],"picked":"SKIP","floor":28.0},{"not_picked":["bronze:Refactor","bronze:Overheat","bronze:Break"],"picked":"SKIP","floor":30.0},{"not_picked":["bronze:Shell","bronze:GetLatest","bronze:WildBeam"],"picked":"SKIP","floor":31.0},{"not_picked":["bronze:Invalidate","bronze:Shield","bronze:Branch"],"picked":"SKIP","floor":32.0},{"not_picked":["bronze:Overheat","bronze:ClassDefault","bronze:WildBeam+1"],"picked":"SKIP","floor":36.0},{"not_picked":["bronze:Shield","bronze:BitShift+1","bronze:WhirlingStrike+1"],"picked":"SKIP","floor":37.0},{"not_picked":["bronze:Repair+1","bronze:Overheat+1","bronze:Constructor+1"],"picked":"SKIP","floor":38.0},{"not_picked":["bronze:Overload+1","bronze:ChosenStrike+1","bronze:WhirlingStrike"],"picked":"SKIP","floor":39.0},{"not_picked":["bronze:Frontload","bronze:NullPointer+1","bronze:Shield"],"picked":"SKIP","floor":40.0},{"not_picked":["bronze:DelayedSlice","bronze:MaxOutput+1","bronze:BitShift"],"picked":"SKIP","floor":44},{"not_picked":["bronze:NullPointer+1","bronze:Invalidate"],"picked":"bronze:Frontload","floor":45},{"not_picked":["bronze:BuggyMess+1","bronze:Separator","bronze:Philosophize"],"picked":"SKIP","floor":46},{"not_picked":["bronze:BuggyMess+1","bronze:FineTuning","bronze:WhirlingStrike"],"picked":"SKIP","floor":48},{"not_picked":["bronze:HardenedForm","bronze:Allocate+1","bronze:Safeguard+1"],"picked":"SKIP","floor":49},{"not_picked":["bronze:BronzeArmor","bronze:ChosenStrike+1","bronze:Constructor"],"picked":"SKIP","floor":52}],"player_experience":460029,"relics_obtained":[{"floor":6.0,"key":"StrikeDummy"},{"floor":7.0,"key":"Tiny Chest"},{"floor":29.0,"key":"Pantograph"},{"floor":30.0,"key":"War Paint"},{"floor":41.0,"key":"Lizard Tail"},{"floor":43.0,"key":"Ornamental Fan"},{"floor":48,"key":"Lantern"},{"floor":52,"key":"Bird Faced Urn"}],"event_choices":[{"damage_healed":0.0,"max_hp_gain":0.0,"max_hp_loss":0.0,"gold_gain":0.0,"event_name":"Scrap Ooze","player_choice":"Fled","floor":9.0,"gold_loss":0.0,"damage_taken":0.0}],"is_beta":false,"boss_relics":[{"not_picked":["Tiny House","Runic Dome"],"picked":"Pandora\u0027s Box"},{"not_picked":["Snecko Eye","Black Star"],"picked":"Fusion Hammer"}],"items_purged_floors":[14,20,39,53],"is_endless":false,"potions_floor_spawned":[3,4,10,12,16,26,28,30,32,33,37,45,48,49,52],"killed_by":"downfall:NeowBossFinal","ascension_level":0}}