{"host":"wshh0nphwn6jv7vj","time":1613614743,"event":{"mods":["BaseMod","Bestiary","Minty Spire (QoL Compilation)","Relic Stats"],"gold_per_floor":[113,129,147,165,39,39,74,93,93,93,120,120,120,20,20,96,96,96,96,96,96,21,21,21,21,21,21,21,21,21,21,21,21,21,21,21,21,21,21,21,21],"floor_reached":40,"language":"ENG","playtime":3080,"items_purged":["Alpha","Eruption"],"score":833,"play_id":"8042d818-a376-4397-b192-df5e1194a6b5","local_time":"20210217211903","is_ascension_mode":true,"campfire_choices":[{"floor":6.0,"key":"REST"},{"data":"ConjureBlade","floor":10.0,"key":"SMITH"},{"floor":12.0,"key":"REST"},{"data":"TalkToTheHand","floor":15.0,"key":"SMITH"},{"data":"Vault","floor":23.0,"key":"SMITH"},{"data":"Scrawl","floor":27,"key":"SMITH"},{"data":"Ghostly","floor":32,"key":"SMITH"}],"circlet_count":0,"master_deck":["AscendersBane","Vigilance","ClearTheMind","Wallop","ConjureBlade+1","Vault+1","TalkToTheHand+1","Scrawl+1","Halt","Prostrate","Consecrate","Prostrate","Consecrate","Evaluate","DeusExMachina+1","Fasting2","EmptyMind","Perseverance","ThirdEye","Study+1","Evaluate+1","Ghostly+1","Ghostly","Ghostly","Collect","Brilliance","Pray","CutThroughFate","Madness","Madness"],"relics":["Pandora\u0027s Box","Pear","Pantograph","Incense Burner","Bottled Flame","Ectoplasm","MutagenicStrength","Mummified Hand","Du-Vu Doll","Juzu Bracelet","Tiny House","Girya","Sundial"],"acts_visited":["Exordium","TheCity","TheBeyond"],"potions_floor_usage":[28],"damage_taken":[{"damage":0.0,"enemies":"Cultist","floor":1.0,"turns":5.0},{"damage":18.0,"enemies":"Jaw Worm","floor":2.0,"turns":4.0},{"damage":0.0,"enemies":"Small Slimes","floor":3.0,"turns":5.0},{"damage":14.0,"enemies":"3 Louse","floor":4.0,"turns":7.0},{"damage":22.0,"enemies":"Gremlin Nob","floor":7.0,"turns":4.0},{"damage":6.0,"enemies":"Large Slime","floor":8.0,"turns":3.0},{"damage":15.0,"enemies":"Lagavulin","floor":11.0,"turns":7.0},{"damage":26.0,"enemies":"The Guardian","floor":16.0,"turns":6.0},{"damage":2.0,"enemies":"Chosen","floor":18.0,"turns":6.0},{"damage":3.0,"enemies":"Shell Parasite","floor":19.0,"turns":4.0},{"damage":15.0,"enemies":"Shelled Parasite and Fungi","floor":21.0,"turns":6.0},{"damage":1.0,"enemies":"Chosen and Byrds","floor":24.0,"turns":9.0},{"damage":8.0,"enemies":"Book of Stabbing","floor":25.0,"turns":7.0},{"damage":35,"enemies":"Slavers","floor":28,"turns":6},{"damage":1,"enemies":"Book of Stabbing","floor":31,"turns":7},{"damage":16,"enemies":"Automaton","floor":33,"turns":7},{"damage":1,"enemies":"3 Darklings","floor":35,"turns":7},{"damage":36,"enemies":"2 Orb Walkers","floor":37,"turns":9},{"damage":27,"enemies":"Nemesis","floor":40,"turns":2}],"seed_played":"6085441225318244237","potions_obtained":[{"floor":4.0,"key":"BlessingOfTheForge"},{"floor":7.0,"key":"EssenceOfSteel"},{"floor":11.0,"key":"Fruit Juice"},{"floor":16.0,"key":"Weak Potion"},{"floor":19.0,"key":"LiquidBronze"},{"floor":21.0,"key":"Regen Potion"},{"floor":28,"key":"FairyPotion"},{"floor":34,"key":"StancePotion"}],"is_trial":false,"path_per_floor":["M","M","M","M","$","R","E","M","T","R","E","R","T","$","R","B",null,"M","M","?","M","?","R","M","E","T","R","E","?","?","E","R","B",null,"M","?","?","T","$","E"],"character_chosen":"WATCHER","items_purchased":["Consecrate"],"campfire_rested":2,"item_purchase_floors":[5],"current_hp_per_floor":[61,43,43,29,29,49,37,31,31,31,16,39,39,39,44,43,73,71,68,68,53,53,53,52,59,59,59,24,24,24,23,23,25,42,41,33,12,12,12,0,0],"gold":21,"neow_bonus":"BOSS_RELIC","is_daily":false,"chose_seed":false,"campfire_upgraded":5,"win_rate":0.0,"timestamp":1613614743,"path_taken":["M","M","?","M","?","R","E","?","T","R","E","R","?","?","R","BOSS","M","M","?","M","?","R","M","E","T","R","E","?","?","E","R","BOSS","M","?","?","?","$","E"],"items_purchased_type":["Card"],"build_version":"2020-12-22","purchased_purges":2,"victory":false,"max_hp_per_floor":[68,68,68,68,68,68,78,78,78,78,78,78,78,78,83,83,83,83,83,83,83,83,83,83,83,83,83,83,41,41,41,41,41,46,46,46,46,46,46,46,46],"relic_stats":{"counters":[19,111],"Mummified Hand":[12],"Sundial":[0],"Pantograph":43,"Pandora\u0027s Box":["ClearTheMind","Wallop","ConjureBlade","BattleHymn","Vault","TalkToTheHand","Scrawl","Alpha"],"Ectoplasm":421,"Juzu Bracelet":0,"obtain_stats":[{"Girya":37,"Pear":7,"Tiny House":34,"Incense Burner":11,"Juzu Bracelet":31,"Du-Vu Doll":28,"Bottled Flame":13,"Mummified Hand":25,"Sundial":38,"Pantograph":9,"MutagenicStrength":20,"Pandora\u0027s Box":0,"Ectoplasm":17,"PureWater":0},{"Girya":18,"Pear":5,"Tiny House":16,"Incense Burner":7,"Juzu Bracelet":15,"Du-Vu Doll":14,"Bottled Flame":7,"Mummified Hand":13,"Sundial":18,"Pantograph":6,"MutagenicStrength":10,"Pandora\u0027s Box":0,"Ectoplasm":8,"PureWater":0},{"Girya":109,"Pear":25,"Tiny House":93,"Incense Burner":35,"Juzu Bracelet":86,"Du-Vu Doll":79,"Bottled Flame":35,"Mummified Hand":73,"Sundial":109,"Pantograph":28,"MutagenicStrength":51,"Pandora\u0027s Box":0,"Ectoplasm":41,"PureWater":0}]},"card_choices":[{"not_picked":["FlurryOfBlows","FlyingSleeves"],"picked":"Halt","floor":1.0},{"not_picked":["Crescendo","Protect"],"picked":"Prostrate","floor":2.0},{"not_picked":["SashWhip","WindmillStrike"],"picked":"Consecrate","floor":3.0},{"not_picked":["SandsOfTime","Collect"],"picked":"Prostrate","floor":4.0},{"not_picked":["Fasting2","Evaluate","EmptyMind"],"picked":"SKIP","floor":7.0},{"not_picked":["Conclude","SignatureMove","Consecrate"],"picked":"SKIP","floor":8.0},{"not_picked":["EmptyBody","BowlingBash"],"picked":"Evaluate","floor":11.0},{"not_picked":["Judgement","Blasphemy"],"picked":"DeusExMachina","floor":16.0},{"not_picked":["WheelKick","Collect+1"],"picked":"Fasting2","floor":18.0},{"not_picked":["SashWhip","FlurryOfBlows"],"picked":"EmptyMind","floor":19.0},{"not_picked":["SandsOfTime","BowlingBash"],"picked":"Perseverance","floor":21.0},{"not_picked":["CutThroughFate","Halt"],"picked":"ThirdEye","floor":24.0},{"not_picked":["Pray","Halt+1"],"picked":"Study+1","floor":25.0},{"not_picked":["PathToVictory","SpiritShield"],"picked":"Evaluate+1","floor":28},{"not_picked":["EmptyBody","CarveReality","Consecrate"],"picked":"SKIP","floor":31},{"not_picked":["SpiritShield","DevaForm"],"picked":"Brilliance","floor":33},{"not_picked":["ReachHeaven","Crescendo"],"picked":"Pray","floor":34},{"not_picked":["WheelKick+1","Indignation"],"picked":"CutThroughFate","floor":35}],"player_experience":1665848,"relics_obtained":[{"floor":7.0,"key":"Pear"},{"floor":9.0,"key":"Pantograph"},{"floor":11.0,"key":"Incense Burner"},{"floor":13.0,"key":"Bottled Flame"},{"floor":25.0,"key":"Mummified Hand"},{"floor":28,"key":"Du-Vu Doll"},{"floor":31,"key":"Juzu Bracelet"},{"floor":37,"key":"Girya"},{"floor":38,"key":"Sundial"}],"event_choices":[{"damage_healed":0.0,"max_hp_gain":0.0,"max_hp_loss":0.0,"gold_gain":0.0,"event_name":"Drug Dealer","player_choice":"Inject Mutagens","floor":20.0,"gold_loss":0.0,"damage_taken":0.0,"relics_obtained":["MutagenicStrength"]},{"cards_removed":["BattleHymn"],"damage_healed":0.0,"max_hp_gain":0.0,"max_hp_loss":0.0,"gold_gain":0.0,"event_name":"Beggar","player_choice":"Gave Gold","floor":22.0,"gold_loss":75.0,"damage_taken":0.0},{"damage_healed":0,"gold_gain":0,"player_choice":"Became a Ghost","damage_taken":0,"max_hp_gain":0,"max_hp_loss":42,"event_name":"Ghosts","floor":29,"gold_loss":0,"cards_obtained":["Ghostly","Ghostly","Ghostly"]},{"damage_healed":0,"gold_gain":0,"player_choice":"Read","damage_taken":0,"max_hp_gain":0,"max_hp_loss":0,"event_name":"The Library","floor":30,"gold_loss":0,"cards_obtained":["Collect"]},{"damage_healed":0,"gold_gain":0,"player_choice":"Embrace Madness","damage_taken":8,"max_hp_gain":0,"max_hp_loss":0,"event_name":"Winding Halls","floor":36,"gold_loss":0,"cards_obtained":["Madness","Madness"]},{"damage_healed":0,"gold_gain":0,"player_choice":"Fight","damage_taken":0,"max_hp_gain":0,"max_hp_loss":0,"event_name":"Mysterious Sphere","floor":37,"gold_loss":0}],"is_beta":false,"boss_relics":[{"not_picked":["Calling Bell","Snecko Eye"],"picked":"Ectoplasm"},{"not_picked":["Fusion Hammer","SlaversCollar"],"picked":"Tiny House"}],"items_purged_floors":[5,14],"is_endless":false,"potions_floor_spawned":[4,7,11,16,19,21,28],"killed_by":"Nemesis","ascension_level":17}}