{"host":"1dkd4flhdqbv9eyg","time":1613692699,"event":{"mods":["AchievementEnabler","Aspiration","BaseMod","Better Note","DeckTracker","Energized Spire","Evolution","Gold Saver","Minty Spire (QoL Compilation)","Spicy Shops","StSLib"],"gold_per_floor":[986,271,280,304,304,324,324,353,353,387,421,421,449,476,476,616,616,638,87,87,111,135,180,180,232,283,318,21,39,39,63,63,174,174,202,258,258,283,308,308,349,381,416,136,152,152,75,91,91,91,91,91,14,45,45],"floor_reached":56,"language":"ENG","playtime":3907,"items_purged":["Regret"],"score":1238,"play_id":"b3d0bce0-87eb-44cf-a99d-34e80fe2d75a","local_time":"20210218155819","is_ascension_mode":false,"campfire_choices":[{"data":"Eruption","floor":7,"key":"SMITH"},{"floor":15,"key":"REST"},{"floor":24,"key":"REST"},{"floor":32,"key":"RECALL"},{"data":"Devotion","floor":40,"key":"SMITH"},{"data":"DevaForm","floor":46,"key":"SMITH"},{"data":"MentalFortress","floor":49,"key":"SMITH"},{"data":"Metamorphosis","floor":52,"key":"SMITH"}],"circlet_count":0,"master_deck":["CrushJoints+1","FollowUp+1","FlyingSleeves","BowlingBash","EmptyBody","Evaluate","ThirdEye","EmptyBody","Eruption+1","Vigilance","MentalFortress+1","Deep Breath","Metamorphosis+1","FearNoEvil","ReachHeaven","FlurryOfBlows","JustLucky","Prostrate","CrushJoints","Devotion+1","SandsOfTime","Consecrate","Swivel+1","FlurryOfBlows","Pray","DevaForm+1","Prostrate+1","Sanctity+1","ForeignInfluence+1","WheelKick","Pray+1","Brilliance"],"relics":["HolyWater","EVO:Axolotl","Strawberry","aspiration:Nostalgia","Burning Blood","Whetstone","Bag of Marbles","CeramicFish","Bloody Idol","Bronze Scales","Centennial Puzzle","Mercury Hourglass","Bag of Preparation","Happy Flower","Oddly Smooth Stone","Vajra","Lizard Tail","aspiration:SecretTechniqueScroll","Dead Branch","MawBank","Lantern","Nunchaku","Orichalcum","Akabeko","Yang"],"acts_visited":["Exordium","TheCity","TheBeyond","TheEnding"],"potions_floor_usage":[16,16,18,33,54,54,55],"damage_taken":[{"damage":3,"enemies":"Jaw Worm","floor":1,"turns":2},{"damage":3,"enemies":"Small Slimes","floor":4,"turns":2},{"damage":3,"enemies":"Cultist","floor":6,"turns":3},{"damage":2,"enemies":"Lots of Slimes","floor":8,"turns":3},{"damage":13,"enemies":"Exordium Thugs","floor":10,"turns":3},{"damage":6,"enemies":"Large Slime","floor":11,"turns":4},{"damage":13,"enemies":"Exordium Wildlife","floor":13,"turns":3},{"damage":1,"enemies":"Blue Slaver","floor":14,"turns":4},{"damage":28,"enemies":"Hexaghost","floor":16,"turns":7},{"damage":8,"enemies":"Chosen","floor":18,"turns":2},{"damage":0,"enemies":"Spheric Guardian","floor":21,"turns":3},{"damage":19,"enemies":"Snecko","floor":22,"turns":4},{"damage":30,"enemies":"Gremlin Leader","floor":23,"turns":3},{"damage":11,"enemies":"Slavers","floor":27,"turns":3},{"damage":12,"enemies":"Cultist and Chosen","floor":29,"turns":3},{"damage":8,"enemies":"Snake Plant","floor":31,"turns":2},{"damage":7,"enemies":"Champ","floor":33,"turns":5},{"damage":9,"enemies":"3 Shapes","floor":35,"turns":2},{"damage":26,"enemies":"2 Orb Walkers","floor":36,"turns":3},{"damage":9,"enemies":"Orb Walker","floor":38,"turns":3},{"damage":11,"enemies":"Jaw Worm Horde","floor":39,"turns":3},{"damage":31,"enemies":"Reptomancer","floor":41,"turns":3},{"damage":24,"enemies":"Spire Growth","floor":42,"turns":5},{"damage":19,"enemies":"Sphere and 2 Shapes","floor":45,"turns":3},{"damage":10,"enemies":"4 Shapes","floor":48,"turns":3},{"damage":22,"enemies":"Donu and Deca","floor":50,"turns":5},{"damage":21,"enemies":"Shield and Spear","floor":54,"turns":4},{"damage":113,"enemies":"The Heart","floor":55,"turns":8}],"seed_played":"100677899651412455","potions_obtained":[{"floor":6,"key":"Block Potion"},{"floor":8,"key":"Swift Potion"},{"floor":10,"key":"Fire Potion"},{"floor":21,"key":"DuplicationPotion"},{"floor":29,"key":"GamblersBrew"},{"floor":39,"key":"LiquidMemories"},{"floor":41,"key":"SkillPotion"},{"floor":42,"key":"Block Potion"}],"is_trial":false,"path_per_floor":["M","$","?","M","?","M","R","M","T","M","M","?","M","M","R","B",null,"M","$","?","M","M","E","R","T","T","E","$","M","?","M","R","B",null,"M","?","?","M","M","R","E","M","T","$","M","R","$","M","R","B",null,"R","$","E","B",null],"character_chosen":"WATCHER","items_purchased":["MentalFortress","Halt","aspiration:Nostalgia","Whetstone","Bag of Marbles","Deep Breath","Metamorphosis","Bronze Scales","Centennial Puzzle","Mercury Hourglass","Lizard Tail","Nunchaku","Brilliance","Orichalcum","Akabeko"],"campfire_rested":2,"item_purchase_floors":[2,2,2,2,2,2,2,19,19,19,28,44,44,47,53],"current_hp_per_floor":[78,78,78,81,61,64,64,68,68,61,61,61,54,59,81,59,81,79,79,79,81,68,44,68,68,68,63,63,57,57,65,65,74,81,81,71,71,78,81,81,66,58,68,78,70,70,70,71,71,55,81,81,81,71,10],"gold":45,"neow_bonus":"RANDOM_COMMON_RELIC","is_daily":false,"chose_seed":false,"campfire_upgraded":5,"win_rate":0.0,"timestamp":1613692699,"path_taken":["M","$","?","M","?","M","R","M","T","M","M","?","M","M","R","BOSS","M","$","?","M","?","E","R","?","T","E","$","M","?","M","R","BOSS","M","?","?","M","M","R","E","M","T","$","M","R","$","M","R","BOSS","R","$","E","BOSS"],"items_purchased_type":["Card","Card","Relic","Relic","Relic","Card","Card","Relic","Relic","Relic","Relic","Relic","Card","Relic","Relic"],"build_version":"2020-12-22","purchased_purges":1,"victory":true,"max_hp_per_floor":[81,81,81,81,81,81,81,81,81,81,81,81,81,81,81,81,81,81,81,81,81,81,81,81,81,81,81,81,81,81,81,81,81,81,81,81,81,81,81,81,81,81,81,81,81,81,81,81,81,81,81,81,81,81,81],"card_choices":[{"not_picked":["PathToVictory","Conclude","Fasting2"],"picked":"SKIP","floor":1},{"not_picked":["Evaluate","Tantrum"],"picked":"FearNoEvil","floor":4},{"not_picked":["PathToVictory","EmptyFist","EmptyBody"],"picked":"SKIP","floor":6},{"not_picked":["FlyingSleeves","BowlingBash"],"picked":"ReachHeaven","floor":8},{"not_picked":["ThirdEye","Crescendo"],"picked":"FlurryOfBlows","floor":10},{"not_picked":["MasterReality","Wireheading"],"picked":"JustLucky","floor":11},{"not_picked":["FearNoEvil","FollowUp"],"picked":"Prostrate","floor":13},{"not_picked":["BowlingBash","ReachHeaven"],"picked":"CrushJoints","floor":14},{"not_picked":["Ragnarok","Establishment"],"picked":"Devotion","floor":16},{"not_picked":["PathToVictory+1","Halt"],"picked":"SandsOfTime","floor":18},{"not_picked":["EmptyFist+1","Collect"],"picked":"Consecrate","floor":21},{"not_picked":["Halt","DeceiveReality"],"picked":"Swivel+1","floor":22},{"not_picked":["Evaluate+1","EmptyBody+1"],"picked":"FlurryOfBlows","floor":23},{"not_picked":["JustLucky","Protect","BattleHymn+1"],"picked":"SKIP","floor":27},{"not_picked":["Judgement","CrushJoints","ClearTheMind"],"picked":"SKIP","floor":29},{"not_picked":["Swivel","Indignation"],"picked":"Pray","floor":31},{"not_picked":["Judgement","Ragnarok"],"picked":"DevaForm","floor":33},{"not_picked":["Evaluate","BattleHymn"],"picked":"Prostrate+1","floor":35},{"not_picked":["Meditate+1","BattleHymn+1"],"picked":"Sanctity+1","floor":36},{"not_picked":["JustLucky","FollowUp"],"picked":"ForeignInfluence+1","floor":38},{"not_picked":["InnerPeace+1","FollowUp"],"picked":"WheelKick","floor":39},{"not_picked":["Swivel","Blasphemy"],"picked":"Pray+1","floor":41},{"not_picked":["Consecrate","CrushJoints","ThirdEye+1"],"picked":"SKIP","floor":42},{"not_picked":["Vengeance+1","BowlingBash","MentalFortress"],"picked":"SKIP","floor":45},{"not_picked":["SignatureMove+1","JustLucky+1","CutThroughFate+1"],"picked":"SKIP","floor":48},{"not_picked":["CrushJoints","FlyingSleeves+1","SashWhip+1"],"picked":"SKIP","floor":54}],"player_experience":128477,"relics_obtained":[{"floor":23,"key":"Bag of Preparation"},{"floor":25,"key":"Happy Flower"},{"floor":26,"key":"Oddly Smooth Stone"},{"floor":27,"key":"Vajra"},{"floor":36,"key":"Dead Branch"},{"floor":41,"key":"MawBank"},{"floor":43,"key":"Lantern"},{"floor":54,"key":"Yang"}],"event_choices":[{"damage_healed":0,"gold_gain":0,"player_choice":"Box","damage_taken":0,"relics_obtained":["CeramicFish"],"max_hp_gain":0,"max_hp_loss":0,"event_name":"Big Fish","floor":3,"gold_loss":0,"cards_obtained":["Regret"]},{"damage_healed":0,"gold_gain":0,"player_choice":"Take Damage","damage_taken":20,"relics_obtained":["Golden Idol"],"max_hp_gain":0,"max_hp_loss":0,"event_name":"Golden Idol","floor":5,"gold_loss":0},{"damage_healed":0,"gold_gain":0,"player_choice":"Ignored","damage_taken":0,"max_hp_gain":0,"max_hp_loss":0,"event_name":"Liars Game","floor":12,"gold_loss":0},{"cards_removed":["SandsOfTime"],"damage_healed":0,"gold_gain":0,"player_choice":"Give","damage_taken":0,"max_hp_gain":0,"max_hp_loss":0,"event_name":"betterNote:BetterNote","floor":20,"gold_loss":0,"cards_obtained":["Injury"]},{"damage_healed":0,"gold_gain":0,"player_choice":"Gave Idol","damage_taken":0,"relics_obtained":["Bloody Idol"],"max_hp_gain":0,"max_hp_loss":0,"event_name":"Forgotten Altar","floor":30,"relics_lost":["Golden Idol"],"gold_loss":0},{"damage_healed":0,"gold_gain":0,"player_choice":"Fight","damage_taken":0,"max_hp_gain":0,"max_hp_loss":0,"event_name":"Mysterious Sphere","floor":36,"gold_loss":0},{"cards_removed":["Halt"],"damage_healed":0,"gold_gain":0,"player_choice":"Removed Skill","damage_taken":0,"max_hp_gain":0,"max_hp_loss":0,"event_name":"Falling","floor":37,"gold_loss":0}],"is_beta":false,"boss_relics":[{"not_picked":["energizedSpire:CrystalSphere","energizedSpire:BlackCloud"],"picked":"HolyWater"},{"not_picked":["Runic Pyramid","energizedSpire:HugeHouse"],"picked":"aspiration:SecretTechniqueScroll"}],"items_purged_floors":[19],"is_endless":false,"potions_floor_spawned":[6,8,10,11,21,29,39,41,42,48],"ascension_level":0}}