{"host":"hnrafgucdht3qvsp","time":1613665260,"event":{"mods":["BaseMod","Colored Map","Downfall","Minty Spire (QoL Compilation)","Relic Stats","StSLib"],"gold_per_floor":[99,118,130,141,141,141,221,253,253,282,282,132,132,145,155,255,255,155,167,178,192,192,192,219,47,62,62,62,91,111,137,149,252,252,152,165,165,175,415,440,440,453,490,490,390,403,403,412,440,440,440,440],"floor_reached":50,"language":"ENG","playtime":3055,"items_purged":["downfall:Bewildered"],"score":712,"play_id":"30679d19-e573-4111-abf5-5e69d56d05ce","local_time":"20210218112100","is_ascension_mode":true,"campfire_choices":[{"data":"champ:Taunt","floor":1.0,"key":"SMITH"},{"floor":9.0,"key":"REST"},{"data":"champ:FaceSlap","floor":11.0,"key":"SMITH"},{"floor":13.0,"key":"RECALL"},{"data":"champ:FanOfKnives","floor":18.0,"key":"SMITH"},{"data":"champ:Execute","floor":28.0,"key":"SMITH"},{"data":"champ:ShieldWall","floor":35.0,"key":"SMITH"},{"data":"champ:SteelEdge","floor":45.0,"key":"SMITH"},{"data":"champ:AdrenalArmor","floor":47,"key":"SMITH"}],"circlet_count":0,"master_deck":["champ:Strike","champ:Strike","champ:Strike","champ:Strike","champ:Defend","champ:Defend","champ:Defend","champ:Defend","champ:Execute+1","champ:Taunt+1","champ:FanOfKnives+1","champ:AdrenalArmor+1","champ:BringItOn","champ:EnGarde+1","champ:ArenaPreparation+1","champ:AdrenalArmor+1","champ:EnchantCrown+1","champ:BerserkerStyle","champ:ShieldSigil+1","champ:ArenaPreparation+1","champ:Lariat+1","champ:EnchantCrown+1","champ:HeartStrike+1","champ:ShieldWall+1","champ:SteelEdge+1","champ:DefensiveShout+1","champ:StanceDance+1","Pain","champ:GladiatorForm"],"relics":["champ:ChampionCrown","champ:LiftRelic","downfall:ShatteredFragment","Toxic Egg 2","Bottled Lightning","champ:FightingForDummies","sneckomod:SneckoTalon","downfall:HeartBlessingRed","sneckomod:BabySnecko","DollysMirror","champ:GladiatorsBookOfMartialProwess","Ornamental Fan","Toy Ornithopter","Philosopher\u0027s Stone","downfall:HeartBlessingBlue","Centennial Puzzle","PreservedInsect","CeramicFish","downfall:HeartBlessingGreen","WarpedTongs"],"acts_visited":["Exordium","TheCity","TheBeyond"],"potions_floor_usage":[],"damage_taken":[{"damage":17.0,"enemies":"Small Slimes","floor":2.0,"turns":3.0},{"damage":13.0,"enemies":"Cultist","floor":3.0,"turns":4.0},{"damage":27.0,"enemies":"Jaw Worm","floor":4.0,"turns":6.0},{"damage":42.0,"enemies":"Gremlin Nob","floor":8.0,"turns":5.0},{"damage":20.0,"enemies":"3 Sentries","floor":10.0,"turns":6.0},{"damage":0.0,"enemies":"3 Louse","floor":14.0,"turns":2.0},{"damage":0.0,"enemies":"Blue Slaver","floor":15.0,"turns":2.0},{"damage":68.0,"enemies":"IC_STATUS_ARCHETYPE","floor":16.0,"turns":10.0},{"damage":35.0,"enemies":"3 Byrds","floor":19.0,"turns":4.0},{"damage":20.0,"enemies":"Chosen","floor":20.0,"turns":3.0},{"damage":95.0,"enemies":"3 Cultists","floor":21.0,"turns":5.0},{"damage":139.0,"enemies":"downfall:FleeingMerchant","floor":25.0,"turns":4.0},{"damage":80.0,"enemies":"Snake Plant","floor":26.0,"turns":3.0},{"damage":104.0,"enemies":"Gremlin Leader","floor":29.0,"turns":6.0},{"damage":92.0,"enemies":"Shelled Parasite and Fungi","floor":30.0,"turns":2.0},{"damage":59.0,"enemies":"Book of Stabbing","floor":31.0,"turns":3.0},{"damage":100.0,"enemies":"Snecko","floor":32.0,"turns":3.0},{"damage":111.0,"enemies":"DF_ARCHETYPE_CLAW","floor":33.0,"turns":6.0},{"damage":68.0,"enemies":"3 Shapes","floor":36.0,"turns":4.0},{"damage":50.0,"enemies":"Orb Walker","floor":38.0,"turns":3.0},{"damage":99.0,"enemies":"downfall:FleeingMerchant","floor":39.0,"turns":4.0},{"damage":77.0,"enemies":"Giant Head","floor":40.0,"turns":6.0},{"damage":55.0,"enemies":"4 Shapes","floor":42.0,"turns":2.0},{"damage":106.0,"enemies":"Nemesis","floor":43.0,"turns":5.0},{"damage":112,"enemies":"Transient","floor":46,"turns":5},{"damage":52,"enemies":"Jaw Worm Horde","floor":49,"turns":3},{"damage":137,"enemies":"WA_ARCHETYPE_DIVINITY","floor":50,"turns":5}],"seed_played":"3677659938703568859","potions_obtained":[{"floor":3.0,"key":"Dexterity Potion"},{"floor":4.0,"key":"hexamod:SoulburnPotion"},{"floor":14.0,"key":"SteroidPotion"},{"floor":19.0,"key":"LiquidMemories"},{"floor":21.0,"key":"DuplicationPotion"},{"floor":36.0,"key":"LiquidMemories"},{"floor":42.0,"key":"champ:TechniquePotion"}],"is_trial":false,"path_per_floor":["R","M","M","M","?","?","T","E","R","E","R","?","R","M","M","B",null,"R","M","M","M","?","?","T","$","M","?","R","E","M","E","M","B",null,"R","M","?","M","$","E","T","M","E","?","R","M","R","?","M","B"],"character_chosen":"THE_CHAMP","items_purchased":["DollysMirror"],"campfire_rested":1,"item_purchase_floors":[25],"current_hp_per_floor":[99,92,89,87,87,60,60,28,57,57,57,109,109,109,109,86,109,109,109,109,102,102,102,102,102,97,97,97,93,85,76,76,47,109,119,116,116,116,116,116,116,116,100,100,100,98,98,98,91,0,0,0],"gold":440,"neow_bonus":"TEN_PERCENT_HP_BONUS","is_daily":false,"chose_seed":false,"campfire_upgraded":7,"win_rate":0.0,"timestamp":1613665260,"path_taken":["R","M","M","M","?","?","T","E","R","E","R","?","R","M","M","BOSS","R","M","?","M","?","?","T","$","M","?","R","E","M","E","M","BOSS","R","M","?","M","$","E","T","M","E","?","R","?","R","?","M","BOSS"],"items_purchased_type":["Relic"],"build_version":"2020-12-22","purchased_purges":1,"victory":false,"max_hp_per_floor":[99,99,99,99,99,99,99,99,99,99,99,109,109,109,109,109,109,109,109,109,109,109,109,109,109,109,109,109,109,109,109,109,109,109,119,119,119,119,119,119,119,119,119,119,119,119,119,119,119,119,119,119],"relic_stats":{"Centennial Puzzle":[15],"counters":[27,114],"Ornamental Fan":[100],"CeramicFish":27,"PreservedInsect":47,"obtain_stats":[{"downfall:ShatteredFragment":6,"downfall:HeartBlessingRed":18,"CeramicFish":43,"champ:ChampionCrown":0,"downfall:HeartBlessingGreen":45,"PreservedInsect":41,"sneckomod:SneckoTalon":17,"champ:GladiatorsBookOfMartialProwess":27,"WarpedTongs":48,"sneckomod:BabySnecko":22,"Centennial Puzzle":40,"DollysMirror":25,"Ornamental Fan":29,"downfall:HeartBlessingBlue":35,"champ:LiftRelic":5,"Philosopher\u0027s Stone":34,"Bottled Lightning":8,"Toxic Egg 2":7,"champ:FightingForDummies":10,"Toy Ornithopter":31},{"downfall:ShatteredFragment":3,"downfall:HeartBlessingRed":8,"CeramicFish":24,"champ:ChampionCrown":0,"downfall:HeartBlessingGreen":24,"PreservedInsect":22,"sneckomod:SneckoTalon":8,"champ:GladiatorsBookOfMartialProwess":13,"WarpedTongs":25,"sneckomod:BabySnecko":11,"Centennial Puzzle":22,"DollysMirror":12,"Ornamental Fan":14,"downfall:HeartBlessingBlue":18,"champ:LiftRelic":3,"Philosopher\u0027s Stone":18,"Bottled Lightning":4,"Toxic Egg 2":3,"champ:FightingForDummies":5,"Toy Ornithopter":16},{"downfall:ShatteredFragment":13,"downfall:HeartBlessingRed":38,"CeramicFish":101,"champ:ChampionCrown":0,"downfall:HeartBlessingGreen":101,"PreservedInsect":94,"sneckomod:SneckoTalon":38,"champ:GladiatorsBookOfMartialProwess":57,"WarpedTongs":106,"sneckomod:BabySnecko":50,"Centennial Puzzle":94,"DollysMirror":54,"Ornamental Fan":63,"downfall:HeartBlessingBlue":77,"champ:LiftRelic":13,"Philosopher\u0027s Stone":77,"Bottled Lightning":18,"Toxic Egg 2":13,"champ:FightingForDummies":24,"Toy Ornithopter":68}],"Toy Ornithopter":0,"WarpedTongs":[8]},"card_choices":[{"not_picked":["champ:DeathBlow","champ:CrownThrow"],"picked":"champ:FanOfKnives","floor":2.0},{"not_picked":["champ:ShieldSlam","champ:IronFortress"],"picked":"champ:AdrenalArmor","floor":3.0},{"not_picked":["champ:TornadoPunch","champ:Encircle"],"picked":"champ:BringItOn","floor":4.0},{"not_picked":["champ:EndlessRage","champ:FanOfKnives"],"picked":"champ:EnGarde+1","floor":8.0},{"not_picked":["champ:SetATrap+1","champ:DefensiveShout+1"],"picked":"champ:FaceSlap","floor":10.0},{"not_picked":["champ:IronFortress","champ:Duel"],"picked":"champ:ArenaPreparation+1","floor":14.0},{"not_picked":["champ:RapidStrikes","champ:FanOfKnives"],"picked":"champ:AdrenalArmor+1","floor":15.0},{"not_picked":["champ:EnchantShield+1","champ:SteelEdge"],"picked":"champ:EnchantCrown+1","floor":16.0},{"not_picked":["champ:CalledShot+1","champ:FalseCounter+1"],"picked":"champ:BerserkerStyle","floor":19.0},{"not_picked":["champ:ViciousMockery+1","champ:AdrenalArmor+1"],"picked":"champ:ShieldSigil+1","floor":20.0},{"not_picked":["champ:FocusedDefense+1","champ:EnGarde+1"],"picked":"champ:ArenaPreparation+1","floor":21.0},{"not_picked":["champ:DeathBlow+1","champ:CrownThrow"],"picked":"champ:Lariat+1","floor":25.0},{"not_picked":["champ:FlashCut","champ:BladeFlurry"],"picked":"champ:HeartStrike+1","floor":26.0},{"not_picked":["champ:ShieldSlam+1","champ:AdrenalArmor+1","champ:CrookedStrike"],"picked":"SKIP","floor":29.0},{"not_picked":["champ:CrownThrow","champ:SkillfulDodge+1","champ:PreemptiveStrike"],"picked":"SKIP","floor":30.0},{"not_picked":["champ:PreciseThrust","champ:Circumvent+1","champ:BladeFlurry"],"picked":"SKIP","floor":31.0},{"not_picked":["champ:PreciseThrust","champ:Circumvent+1","champ:BladeFlurry"],"picked":"SKIP","floor":31.0},{"not_picked":["champ:CrookedStrike","champ:DeathBlow"],"picked":"champ:ShieldWall","floor":32.0},{"not_picked":["champ:Shatter+1","champ:DeathBlow+1","champ:EnragedBash"],"picked":"SKIP","floor":36.0},{"not_picked":["champ:HeartStrike","champ:Haymaker+1"],"picked":"champ:RecklessLeap+1","floor":38.0},{"not_picked":["champ:ShieldSigil+1","champ:BringItOn+1"],"picked":"champ:SteelEdge","floor":39.0},{"not_picked":["champ:FlashCut","champ:Parry+1","champ:FalseCounter+1"],"picked":"SKIP","floor":40.0},{"not_picked":["champ:PerfectedStrike+1","champ:FanOfKnives+1"],"picked":"champ:DefensiveShout+1","floor":42.0},{"not_picked":["champ:CrownThrow","champ:PreciseThrust+1"],"picked":"champ:StanceDance+1","floor":43.0},{"not_picked":["champ:GutPunch","champ:DefensiveShout+1","champ:FancyFootwork+1"],"picked":"SKIP","floor":46},{"not_picked":["champ:Endure+1","champ:SkillfulDodge+1"],"picked":"champ:GladiatorForm","floor":49}],"player_experience":650793,"relics_obtained":[{"floor":7.0,"key":"Toxic Egg 2"},{"floor":8.0,"key":"Bottled Lightning"},{"floor":10.0,"key":"champ:FightingForDummies"},{"floor":29.0,"key":"Ornamental Fan"},{"floor":31.0,"key":"Toy Ornithopter"},{"floor":40.0,"key":"Centennial Puzzle"},{"floor":41.0,"key":"PreservedInsect"},{"floor":43.0,"key":"CeramicFish"}],"event_choices":[{"cards_removed":["champ:FaceSlap"],"damage_healed":0.0,"max_hp_gain":0.0,"max_hp_loss":0.0,"gold_gain":0.0,"event_name":"Falling","player_choice":"Removed Attack","floor":37.0,"gold_loss":0.0,"damage_taken":0.0},{"damage_healed":0,"gold_gain":0,"player_choice":"Rummage","damage_taken":0,"relics_obtained":["WarpedTongs"],"max_hp_gain":0,"max_hp_loss":0,"event_name":"Accursed Blacksmith","floor":48,"gold_loss":0,"cards_obtained":["Pain"]}],"is_beta":false,"boss_relics":[{"not_picked":["SacredBark","Fusion Hammer"],"picked":"sneckomod:SneckoTalon"},{"not_picked":["Cursed Key","Black Star"],"picked":"Philosopher\u0027s Stone"}],"items_purged_floors":[39],"is_endless":false,"potions_floor_spawned":[3,4,14,16,19,21,26,30,36,40,42],"killed_by":"WA_ARCHETYPE_DIVINITY","ascension_level":2}}