{"host":"sc0o2qwpf9j16a4i","time":1613657664,"event":{"mods":["AchievementEnabler","BaseMod","BetterRewards","Block Reminder","Colored Map","Colored Powertips","Custom Start","Highlight Path","Minty Spire (QoL Compilation)","Relic Stats"],"gold_per_floor":[116,116,116,291,304,304,162,197,276,291,291,324,37,37,37,37,37],"floor_reached":16,"language":"ENG","playtime":282,"items_purged":[],"score":106,"play_id":"595375fc-b073-4a8a-9058-b3ec14d5b258","local_time":"20210218161424","daily_mods":["Heirloom","Vintage","DeadlyEvents"],"is_ascension_mode":false,"campfire_choices":[{"data":"Bash","floor":6,"key":"SMITH"},{"data":"Blood for Blood","floor":11,"key":"SMITH"},{"data":"Fire Breathing","floor":15,"key":"SMITH"}],"circlet_count":0,"master_deck":["Strike_R","Strike_R","Strike_R","Strike_R","Strike_R","Defend_R+1","Defend_R","Defend_R+1","Defend_R","Bash+1","Regret","Doubt","Blood for Blood+1","Fire Breathing+1","Heavy Blade","Burning Pact","Immolate","Burning Pact"],"relics":["Burning Blood","StoneCalendar","Gambling Chip","Toy Ornithopter","Vajra","Mercury Hourglass","Matryoshka","Anchor","Frozen Egg 2","Paper Frog","Centennial Puzzle","Pen Nib","War Paint","InkBottle"],"acts_visited":["Exordium"],"potions_floor_usage":[8],"damage_taken":[{"damage":0,"enemies":"Small Slimes","floor":1,"turns":3},{"damage":8,"enemies":"Cultist","floor":5,"turns":5},{"damage":28,"enemies":"Gremlin Nob","floor":8,"turns":4},{"damage":1,"enemies":"Jaw Worm","floor":10,"turns":2},{"damage":37,"enemies":"Lagavulin","floor":12,"turns":5},{"damage":30,"enemies":"Hexaghost","floor":16,"turns":7}],"seed_played":"-6684280338503237588","potions_obtained":[{"floor":5,"key":"GamblersBrew"}],"is_trial":true,"path_per_floor":["M","?","?","?","M","R","$","E","T","M","R","E","$","T","R","B"],"character_chosen":"IRONCLAD","items_purchased":["Blood for Blood","Fire Breathing","Pen Nib","Immolate","Burning Pact"],"campfire_rested":0,"item_purchase_floors":[7,7,13,13,13],"current_hp_per_floor":[80,73,73,73,71,71,71,54,54,59,59,28,28,28,28,0,0],"gold":37,"neow_bonus":"","is_daily":false,"chose_seed":false,"campfire_upgraded":3,"win_rate":0.0,"timestamp":1613657664,"path_taken":["M","?","?","?","M","R","$","E","T","?","R","?","?","?","R","BOSS"],"items_purchased_type":["Card","Card","Relic","Card","Card"],"build_version":"2020-12-22","purchased_purges":0,"victory":false,"max_hp_per_floor":[80,80,80,80,80,80,80,80,80,80,80,80,80,80,80,80,80],"relic_stats":{"Centennial Puzzle":[3],"counters":[6,26],"Gambling Chip":[24],"StoneCalendar":[52],"Pen Nib":[0],"War Paint":["Defend_R","Defend_R"],"obtain_stats":[{"Vajra":3,"StoneCalendar":0,"Pen Nib":13,"Frozen Egg 2":9,"War Paint":14,"Burning Blood":0,"Mercury Hourglass":5,"Anchor":9,"Centennial Puzzle":12,"Matryoshka":8,"Gambling Chip":1,"Toy Ornithopter":2,"InkBottle":14,"Paper Frog":10},{"Vajra":1,"StoneCalendar":0,"Pen Nib":5,"Frozen Egg 2":3,"War Paint":5,"Burning Blood":0,"Mercury Hourglass":2,"Anchor":3,"Centennial Puzzle":5,"Matryoshka":3,"Gambling Chip":1,"Toy Ornithopter":1,"InkBottle":5,"Paper Frog":4},{"Vajra":3,"StoneCalendar":0,"Pen Nib":19,"Frozen Egg 2":12,"War Paint":19,"Burning Blood":0,"Mercury Hourglass":8,"Anchor":12,"Centennial Puzzle":19,"Matryoshka":12,"Gambling Chip":3,"Toy Ornithopter":3,"InkBottle":19,"Paper Frog":14}],"Burning Blood":24,"Toy Ornithopter":5,"InkBottle":[1],"Mercury Hourglass":[45]},"card_choices":[{"not_picked":["Warcry","Cleave"],"picked":"Heavy Blade","floor":8},{"not_picked":["Thunderclap","Havoc"],"picked":"Burning Pact","floor":12}],"player_experience":1460925,"relics_obtained":[{"floor":1,"key":"Gambling Chip"},{"floor":5,"key":"Mercury Hourglass"},{"floor":8,"key":"Matryoshka"},{"floor":9,"key":"Anchor"},{"floor":9,"key":"Frozen Egg 2"},{"floor":10,"key":"Paper Frog"},{"floor":12,"key":"Centennial Puzzle"},{"floor":14,"key":"War Paint"},{"floor":14,"key":"InkBottle"}],"event_choices":[{"damage_healed":0,"gold_gain":0,"player_choice":"Success","damage_taken":7,"relics_obtained":["Toy Ornithopter"],"max_hp_gain":0,"max_hp_loss":0,"event_name":"Scrap Ooze","floor":2,"gold_loss":0},{"damage_healed":0,"gold_gain":0,"player_choice":"Box","damage_taken":0,"relics_obtained":["Vajra"],"max_hp_gain":0,"max_hp_loss":0,"event_name":"Big Fish","floor":3,"gold_loss":0,"cards_obtained":["Regret"]},{"damage_healed":0,"gold_gain":175,"player_choice":"AGREE","damage_taken":0,"max_hp_gain":0,"max_hp_loss":0,"event_name":"Liars Game","floor":4,"gold_loss":0,"cards_obtained":["Doubt"]}],"is_beta":false,"boss_relics":[],"items_purged_floors":[],"is_endless":false,"potions_floor_spawned":[5],"killed_by":"Hexaghost","ascension_level":0}}