{"host":"mlnzvkzmbpuy135q","time":1613608519,"event":{"mods":["BaseMod","Downfall","Minty Spire (QoL Compilation)","StSLib"],"gold_per_floor":[99,115,135,148,64,164,189,222,236,247,247,263,263,54,74,170,170,170,180,91,111,129,129,177,177,193,32,32,66,79,79,79,79],"floor_reached":31,"language":"ENG","playtime":3160,"items_purged":[],"score":259,"play_id":"d6b8eacd-7b5a-4746-bc53-afaf029839cb","local_time":"20210217193519","is_ascension_mode":false,"campfire_choices":[{"data":"champ:Execute","floor":1,"key":"SMITH"},{"floor":11,"key":"REST"},{"floor":13,"key":"REST"},{"data":"champ:Taunt","floor":18,"key":"SMITH"},{"floor":23,"key":"REST"},{"data":"champ:ShieldWall","floor":25,"key":"SMITH"},{"floor":28,"key":"REST"}],"circlet_count":0,"master_deck":["champ:Strike","champ:Strike","champ:Strike","champ:Strike","champ:Defend","champ:Defend","champ:Defend","champ:Defend","champ:Execute+1","champ:Taunt+1","champ:SetATrap","champ:FlashCut","champ:IronFortress","champ:VampiricStrike","champ:ShieldWall+1","champ:VampiricStrike","champ:TornadoPunch","champ:GutPunch","champ:BringItOn","champ:ArenaPreparation","champ:FaceSlap","champ:CalledShot","champ:TripleStrike","champ:BladeFlurry","champ:GladiatorStyle","champ:Parry","champ:StanceDance+1","champ:ShieldWall","downfall:Haunted","champ:ShieldThrow","champ:HeartStrike","champ:FancyFootwork","champ:PerfectedStrike"],"relics":["champ:ChampionCrown","Ancient Tea Set","Smiling Mask","Happy Flower","Cursed Key","Boot","Membership Card","champ:DefensiveTrainingManual"],"acts_visited":["Exordium","TheCity"],"potions_floor_usage":[8,15,16,22],"damage_taken":[{"damage":18,"enemies":"2 Louse","floor":2,"turns":3},{"damage":20,"enemies":"Cultist","floor":3,"turns":3},{"damage":16,"enemies":"Jaw Worm","floor":4,"turns":3},{"damage":13,"enemies":"downfall:FleeingMerchant","floor":5,"turns":4},{"damage":28,"enemies":"Gremlin Nob","floor":8,"turns":5},{"damage":18,"enemies":"Lots of Slimes","floor":9,"turns":4},{"damage":12,"enemies":"Blue Slaver","floor":10,"turns":3},{"damage":11,"enemies":"Red Slaver","floor":12,"turns":3},{"damage":10,"enemies":"downfall:FleeingMerchant","floor":14,"turns":4},{"damage":8,"enemies":"3 Louse","floor":15,"turns":2},{"damage":43,"enemies":"IC_STATUS_ARCHETYPE","floor":16,"turns":8},{"damage":37,"enemies":"downfall:LooterAlt2","floor":19,"turns":4},{"damage":5,"enemies":"downfall:FleeingMerchant","floor":20,"turns":4},{"damage":36,"enemies":"Shell Parasite","floor":21,"turns":5},{"damage":51,"enemies":"Centurion and Healer","floor":22,"turns":6},{"damage":17,"enemies":"Shelled Parasite and Fungi","floor":26,"turns":3},{"damage":20,"enemies":"downfall:FleeingMerchant","floor":27,"turns":4},{"damage":29,"enemies":"Book of Stabbing","floor":29,"turns":5},{"damage":33,"enemies":"Sentry and Sphere","floor":30,"turns":4},{"damage":24,"enemies":"downfall:FleeingMerchant","floor":31,"turns":2}],"seed_played":"-5978860781922406494","potions_obtained":[{"floor":2,"key":"hexamod:SoulburnPotion"},{"floor":4,"key":"champ:OpenerPotion"},{"floor":8,"key":"DuplicationPotion"},{"floor":10,"key":"Explosive Potion"},{"floor":21,"key":"champ:OpenerPotion"},{"floor":29,"key":"DuplicationPotion"},{"floor":30,"key":"CultistPotion"}],"is_trial":false,"path_per_floor":["R","M","M","M","$","?","T","E","M","M","R","M","R","$","M","B",null,"R","M","$","M","M","R","T","R","M","$","R","E","M","$"],"character_chosen":"THE_CHAMP","items_purchased":["champ:ShieldWall","Happy Flower","champ:FaceSlap","champ:Parry","Membership Card"],"campfire_rested":4,"item_purchase_floors":[5,14,14,20,27],"current_hp_per_floor":[99,91,81,75,72,72,72,49,31,19,48,37,66,66,58,40,99,99,72,72,56,30,59,59,59,42,42,71,42,24,0,0,0],"gold":79,"neow_bonus":"TEN_PERCENT_HP_BONUS","is_daily":false,"chose_seed":false,"campfire_upgraded":3,"win_rate":0.0,"timestamp":1613608519,"path_taken":["R","M","M","M","$","?","T","E","M","M","R","M","R","$","M","BOSS","R","M","$","M","M","R","T","R","M","$","R","E","M","?"],"items_purchased_type":["Card","Relic","Card","Card","Relic"],"build_version":"2020-12-22","purchased_purges":0,"victory":false,"max_hp_per_floor":[99,99,99,99,99,99,99,99,99,99,99,99,99,99,99,99,99,99,99,99,99,99,99,99,99,99,99,99,99,99,99,99,99],"card_choices":[{"not_picked":["champ:FocusedDefense","champ:EnragedBash"],"picked":"champ:SetATrap","floor":2},{"not_picked":["champ:Circumvent","champ:DefensiveShout"],"picked":"champ:FlashCut","floor":3},{"not_picked":["champ:GladiatorStyle","champ:Circumvent"],"picked":"champ:IronFortress","floor":4},{"not_picked":["champ:FancyFootwork","champ:ArenaPreparation"],"picked":"champ:VampiricStrike","floor":5},{"not_picked":["champ:RecklessLeap","champ:CrookedStrike"],"picked":"champ:VampiricStrike","floor":8},{"not_picked":["champ:RisingSlash","champ:CrownThrow"],"picked":"champ:TornadoPunch","floor":9},{"not_picked":["champ:BladeFlurry","champ:EnGarde"],"picked":"champ:GutPunch","floor":10},{"not_picked":["champ:GutPunch","champ:Haymaker"],"picked":"champ:BringItOn","floor":12},{"not_picked":["champ:Endure","champ:BerserkersShout"],"picked":"champ:ArenaPreparation","floor":14},{"not_picked":["champ:EnGarde","champ:BladeFlurry"],"picked":"champ:CalledShot","floor":15},{"not_picked":["champ:IgnorePain","champ:ShieldThrow"],"picked":"champ:TripleStrike","floor":16},{"not_picked":["champ:Endure","champ:CrownThrow"],"picked":"champ:BladeFlurry","floor":19},{"not_picked":["champ:EnGarde+1","champ:TornadoPunch"],"picked":"champ:GladiatorStyle","floor":20},{"not_picked":["champ:Backstep","champ:BladeFlurry+1"],"picked":"champ:StanceDance+1","floor":21},{"not_picked":["champ:EnGarde","champ:RecklessLeap"],"picked":"champ:ShieldWall","floor":22},{"not_picked":["champ:BerserkersShout+1","champ:EnragedBash"],"picked":"champ:ShieldThrow","floor":26},{"not_picked":["champ:BladeFlurry","champ:BerserkersShout"],"picked":"champ:HeartStrike","floor":27},{"not_picked":["champ:PreemptiveStrike","champ:BerserkersShout+1"],"picked":"champ:FancyFootwork","floor":29},{"not_picked":["champ:RapidStrikes","champ:FancyFootwork"],"picked":"champ:PerfectedStrike","floor":30}],"player_experience":104708,"relics_obtained":[{"floor":7,"key":"Ancient Tea Set"},{"floor":8,"key":"Smiling Mask"},{"floor":24,"key":"Boot"},{"floor":29,"key":"champ:DefensiveTrainingManual"}],"event_choices":[],"is_beta":false,"boss_relics":[{"not_picked":["Astrolabe","Runic Dome"],"picked":"Cursed Key"}],"items_purged_floors":[],"is_endless":false,"potions_floor_spawned":[2,4,8,10,21,29,30],"killed_by":"downfall:FleeingMerchant","ascension_level":0}}