{"host":"04hh9gplt9wkfmr1","time":1613670014,"event":{"mods":["AchievementEnabler","BaseMod","Colored Map","KOR Keyword Fix","Minty Spire (QoL Compilation)","Rare Cards Sparkle","SuperFastMode"],"gold_per_floor":[109,128,148,148,73,99,110,110,135,135,135,164,164,184,184,262,262,282,282,207,51,51,76,76,109,133,148,148,159,179,208,208,284,284,295,49,69,9,9,39,39,39,39,39,50,80,91,111,111,111],"floor_reached":51,"language":"KOR","playtime":1688,"items_purged":["Strike_G"],"score":1413,"play_id":"f551fbcb-ab73-4586-9a93-1cb22c6120b4","local_time":"20210219024014","is_ascension_mode":true,"campfire_choices":[{"data":"A Thousand Cuts","floor":8.0,"key":"SMITH"},{"data":"Blade Dance","floor":10.0,"key":"SMITH"},{"floor":13.0,"key":"REST"},{"data":"Blade Dance","floor":15.0,"key":"SMITH"},{"floor":24.0,"key":"REST"},{"floor":28.0,"key":"REST"},{"floor":32.0,"key":"REST"},{"data":"Sadistic Nature","floor":42.0,"key":"SMITH"},{"data":"Accuracy","floor":44.0,"key":"SMITH"},{"data":"Accuracy","floor":49,"key":"SMITH"}],"circlet_count":0,"master_deck":["AscendersBane","Strike_G","Defend_G","Defend_G","Defend_G","Defend_G","Defend_G","Survivor","Neutralize","Backstab","A Thousand Cuts+1","Die Die Die","Dagger Spray","Blade Dance+1","Night Terror","Blade Dance+1","After Image","Footwork","Bullet Time","Blade Dance","Accuracy+1","Well Laid Plans","Noxious Fumes","Envenom","After Image","PiercingWail","Sadistic Nature+1","Infinite Blades","Finisher+1","Escape Plan","Blind","Bandage Up","Dark Shackles","Escape Plan","Clumsy","Parasite","Accuracy+1"],"relics":["Ring of the Snake","Regal Pillow","Art of War","Oddly Smooth Stone","SlaversCollar","Enchiridion","The Courier","Centennial Puzzle","Bag of Preparation","Happy Flower","Lantern","Cursed Key","Meat on the Bone","Toy Ornithopter","Pear"],"acts_visited":["Exordium","TheCity","TheBeyond"],"potions_floor_usage":[47,50,50],"damage_taken":[{"damage":3.0,"enemies":"Jaw Worm","floor":1.0,"turns":5.0},{"damage":1.0,"enemies":"Cultist","floor":2.0,"turns":4.0},{"damage":0.0,"enemies":"2 Louse","floor":3.0,"turns":4.0},{"damage":12.0,"enemies":"3 Sentries","floor":6.0,"turns":6.0},{"damage":11.0,"enemies":"Blue Slaver","floor":7.0,"turns":5.0},{"damage":12.0,"enemies":"Lagavulin","floor":12.0,"turns":6.0},{"damage":0.0,"enemies":"Exordium Wildlife","floor":14.0,"turns":4.0},{"damage":56.0,"enemies":"The Guardian","floor":16.0,"turns":14.0},{"damage":15.0,"enemies":"Spheric Guardian","floor":18.0,"turns":4.0},{"damage":13.0,"enemies":"Slavers","floor":23.0,"turns":6.0},{"damage":20.0,"enemies":"Book of Stabbing","floor":25.0,"turns":7.0},{"damage":0.0,"enemies":"3 Byrds","floor":27.0,"turns":3.0},{"damage":0.0,"enemies":"Snecko","floor":29.0,"turns":3.0},{"damage":6.0,"enemies":"Cultist and Chosen","floor":30.0,"turns":4.0},{"damage":23.0,"enemies":"Slavers","floor":31.0,"turns":3.0},{"damage":12.0,"enemies":"Collector","floor":33.0,"turns":6.0},{"damage":1.0,"enemies":"Orb Walker","floor":35.0,"turns":2.0},{"damage":12.0,"enemies":"3 Darklings","floor":37.0,"turns":2.0},{"damage":4.0,"enemies":"Giant Head","floor":40.0,"turns":7.0},{"damage":6.0,"enemies":"4 Shapes","floor":45.0,"turns":5.0},{"damage":12,"enemies":"Nemesis","floor":46,"turns":7},{"damage":39,"enemies":"Writhing Mass","floor":47,"turns":5},{"damage":0,"enemies":"Sphere and 2 Shapes","floor":48,"turns":4},{"damage":49,"enemies":"Time Eater","floor":50,"turns":11}],"seed_played":"-8474705887416764949","potions_obtained":[{"floor":1.0,"key":"LiquidBronze"},{"floor":2.0,"key":"CultistPotion"},{"floor":7.0,"key":"LiquidBronze"},{"floor":23.0,"key":"CunningPotion"},{"floor":29.0,"key":"SteroidPotion"},{"floor":31.0,"key":"Strength Potion"},{"floor":41.0,"key":"Fire Potion"},{"floor":46,"key":"PowerPotion"},{"floor":47,"key":"EssenceOfSteel"}],"is_trial":false,"path_per_floor":["M","M","M","?","?","E","M","R","T","R","?","E","R","M","R","B",null,"M","?","?","$","T","E","R","E","T","M","R","M","M","E","R","B",null,"M","$","M","$","?","E","?","R","T","R","M","E","M","M","R","B",null],"character_chosen":"THE_SILENT","items_purchased":["Bullet Time","Sadistic Nature","Infinite Blades","Escape Plan"],"campfire_rested":4,"item_purchase_floors":[21,36,36,38],"current_hp_per_floor":[62,61,61,61,61,49,38,38,38,38,34,22,58,58,58,2,55,40,19,19,19,19,6,42,22,22,22,58,58,52,29,65,53,67,66,66,54,54,44,44,44,44,44,44,54,56,38,50,50,27],"gold":111,"neow_bonus":"TEN_PERCENT_HP_BONUS","is_daily":false,"chose_seed":false,"campfire_upgraded":6,"win_rate":0.0,"timestamp":1613670014,"path_taken":["M","M","M","?","?","E","M","R","T","R","?","E","R","?","R","BOSS","M","?","?","?","?","E","R","E","T","?","R","M","M","E","R","BOSS","M","$","M","$","?","E","?","R","T","R","M","E","?","M","R","BOSS"],"items_purchased_type":["Card","Card","Card","Card"],"build_version":"2020-12-22","purchased_purges":1,"victory":true,"max_hp_per_floor":[72,72,72,72,72,72,72,72,72,72,72,72,72,72,72,72,72,72,72,72,72,72,72,72,72,72,72,72,72,72,72,72,72,72,72,72,72,72,72,72,72,72,72,72,72,82,82,82,82,82],"card_choices":[{"not_picked":["Reflex","Sucker Punch"],"picked":"Backstab","floor":1.0},{"not_picked":["Predator","Bane","Outmaneuver"],"picked":"SKIP","floor":2.0},{"not_picked":["PiercingWail","Bane"],"picked":"A Thousand Cuts","floor":3.0},{"not_picked":["Flying Knee","Heel Hook"],"picked":"Dagger Spray","floor":6.0},{"not_picked":["Eviscerate","Backflip"],"picked":"Blade Dance","floor":7.0},{"not_picked":["Bane","Reflex"],"picked":"Night Terror","floor":12.0},{"not_picked":["Underhanded Strike","Cloak And Dagger"],"picked":"Blade Dance","floor":14.0},{"not_picked":["Adrenaline","Bullet Time"],"picked":"After Image","floor":16.0},{"not_picked":["Deflect","Poisoned Stab"],"picked":"Footwork","floor":18.0},{"not_picked":["Slice+1","Prepared"],"picked":"Blade Dance","floor":23.0},{"not_picked":["Quick Slash","Dodge and Roll"],"picked":"Accuracy","floor":25.0},{"not_picked":["Slice","Underhanded Strike"],"picked":"Well Laid Plans","floor":27.0},{"not_picked":["Caltrops","Slice"],"picked":"Noxious Fumes","floor":29.0},{"not_picked":["Noxious Fumes","Reflex","Quick Slash"],"picked":"SKIP","floor":30.0},{"not_picked":["Caltrops","Choke+1"],"picked":"Envenom","floor":31.0},{"not_picked":["Phantasmal Killer","Night Terror"],"picked":"After Image","floor":33.0},{"not_picked":["Setup","Dash"],"picked":"PiercingWail","floor":35.0},{"not_picked":["Acrobatics","Dodge and Roll"],"picked":"Finisher+1","floor":37.0},{"not_picked":["Deep Breath","Metamorphosis"],"picked":"Blind","floor":39.0},{"not_picked":["Trip","Mayhem"],"picked":"Bandage Up","floor":39.0},{"not_picked":["Swift Strike","Mind Blast"],"picked":"Dark Shackles","floor":39.0},{"not_picked":["Caltrops","Setup+1"],"picked":"Escape Plan","floor":40.0},{"not_picked":["Deflect","Quick Slash","Caltrops"],"picked":"SKIP","floor":45.0},{"not_picked":["Bane","Expertise+1","Deadly Poison"],"picked":"SKIP","floor":46},{"not_picked":["Dash","Caltrops+1","Leg Sweep"],"picked":"SKIP","floor":47},{"not_picked":["Skewer","Sucker Punch+1"],"picked":"Accuracy","floor":48}],"player_experience":164156,"relics_obtained":[{"floor":6.0,"key":"Regal Pillow"},{"floor":9.0,"key":"Art of War"},{"floor":12.0,"key":"Oddly Smooth Stone"},{"floor":19.0,"key":"Enchiridion"},{"floor":22.0,"key":"The Courier"},{"floor":23.0,"key":"Centennial Puzzle"},{"floor":25.0,"key":"Bag of Preparation"},{"floor":26.0,"key":"Happy Flower"},{"floor":31.0,"key":"Lantern"},{"floor":40.0,"key":"Meat on the Bone"},{"floor":43.0,"key":"Toy Ornithopter"},{"floor":46,"key":"Pear"}],"event_choices":[{"damage_healed":0.0,"max_hp_gain":0.0,"max_hp_loss":0.0,"gold_gain":0.0,"cards_transformed":["Strike_G"],"event_name":"Living Wall","player_choice":"Change","floor":4.0,"gold_loss":0.0,"damage_taken":0.0,"cards_obtained":["Die Die Die"]},{"cards_removed":["Strike_G"],"damage_healed":0.0,"max_hp_gain":0.0,"max_hp_loss":0.0,"gold_gain":0.0,"event_name":"The Cleric","player_choice":"Card Removal","floor":5.0,"gold_loss":75.0,"damage_taken":0.0},{"damage_healed":0.0,"max_hp_gain":0.0,"max_hp_loss":0.0,"gold_gain":0.0,"event_name":"The Woman in Blue","player_choice":"Bought 0 Potions","floor":11.0,"gold_loss":0.0,"damage_taken":0.0},{"damage_healed":0.0,"max_hp_gain":0.0,"max_hp_loss":0.0,"gold_gain":0.0,"event_name":"Cursed Tome","player_choice":"Obtained Book","floor":19.0,"gold_loss":0.0,"damage_taken":21.0},{"cards_removed":["Strike_G"],"damage_healed":0.0,"max_hp_gain":0.0,"max_hp_loss":0.0,"gold_gain":0.0,"event_name":"Beggar","player_choice":"Gave Gold","floor":20.0,"gold_loss":75.0,"damage_taken":0.0},{"damage_healed":0.0,"max_hp_gain":0.0,"max_hp_loss":0.0,"gold_gain":0.0,"event_name":"SensoryStone","player_choice":"Memory 3","floor":39.0,"gold_loss":0.0,"damage_taken":10.0},{"damage_healed":0.0,"max_hp_gain":0.0,"max_hp_loss":0.0,"gold_gain":0.0,"event_name":"Lab","player_choice":"Got Potions","floor":41.0,"gold_loss":0.0,"damage_taken":0.0}],"is_beta":false,"boss_relics":[{"not_picked":["Ectoplasm","Black Star"],"picked":"SlaversCollar"},{"not_picked":["Velvet Choker","Runic Pyramid"],"picked":"Cursed Key"}],"items_purged_floors":[21],"is_endless":false,"potions_floor_spawned":[1,2,7,23,29,31,46,47,48],"ascension_level":17}}