{"host":"j5shy70asow5koz5","time":1613680613,"event":{"mods":["2.2 Compatiblity","Act Like it!","Arknights","BaseMod","Colored Map","Marisa£¨Ùöéë¡¡Øª×âÞÞ£©","Minty Spire (QoL Compilation)","Prisma Mod","StSLib","SuperFastMode","Td1madao Mod","The Disciple","The Gatherer","The Servant 0.9.4","Waifu the Spire"],"gold_per_floor":[109,109,109,166,8,36,50,65,142,142,155,168,196,226,238,323,335,361,391,416,77,2,2,36,36,36,136,136,153,153,170,170,258,258,278,51,68,68,97,131,131,151,177,177,187,218,231,246,246,246],"floor_reached":51,"language":"KOR","playtime":1391,"items_purged":["Strike_MRS","Strike_MRS","Strike_MRS"],"score":1474,"play_id":"a80d6532-597d-49ba-a346-5a27b617c694","local_time":"20210219053653","is_ascension_mode":true,"campfire_choices":[{"floor":15,"key":"REST"},{"data":"BlazeAway","floor":23,"key":"SMITH"},{"data":"DeepEcoloBomb","floor":25,"key":"SMITH"},{"data":"AsteroidBelt","floor":30,"key":"SMITH"},{"data":"UpSweep","floor":32,"key":"SMITH"},{"data":"CollectingQuirk","floor":41,"key":"SMITH"},{"data":"MysteriousBeam","floor":44,"key":"SMITH"},{"floor":49,"key":"REST"}],"circlet_count":0,"master_deck":["AscendersBane","Defend_MRS","Defend_MRS","Defend_MRS","Defend_MRS","MasterSpark+1","UpSweep+1","TreasureHunter","BlazeAway+1","MysteriousBeam+1","GrandCross","DeepEcoloBomb+1","AsteroidBelt+1","UltimateShortwave","Acceleration+1","GrandCross","Orbital","CollectingQuirk+1","SuperPerseids","Orbital"],"relics":["MiniHakkero","NeowsBlessing","Juzu Bracelet","Eternal Feather","Letter Opener","MealTicket","MawBank","Busted Crown","Membership Card","White Beast Statue","CeramicFish","HornCleat","Shuriken","CaptainsWheel","Meat on the Bone","MutagenicStrength","Sozu","Sling","Lantern","Potion Belt","Toy Ornithopter","Pen Nib"],"acts_visited":["Exordium","TheCity","TheBeyond"],"potions_floor_usage":[12,13,13,16,19,24,24,27,33,33,50],"damage_taken":[{"damage":0.0,"enemies":"Small Slimes","floor":1.0,"turns":2.0},{"damage":0.0,"enemies":"Lagavulin","floor":6.0,"turns":1.0},{"damage":0.0,"enemies":"ats:Genji","floor":7.0,"turns":1.0},{"damage":0.0,"enemies":"Cultist","floor":8.0,"turns":2.0},{"damage":18,"enemies":"Exordium Thugs","floor":11,"turns":3},{"damage":13,"enemies":"Large Slime","floor":12,"turns":4},{"damage":0,"enemies":"Gremlin Nob","floor":13,"turns":3},{"damage":5,"enemies":"Blue Slaver","floor":14,"turns":2},{"damage":35,"enemies":"Slime Boss","floor":16,"turns":8},{"damage":4,"enemies":"Chosen","floor":18,"turns":4},{"damage":9,"enemies":"2 Thieves","floor":19,"turns":2},{"damage":2,"enemies":"Snecko","floor":20,"turns":4},{"damage":2,"enemies":"Slavers","floor":24,"turns":4},{"damage":17,"enemies":"Colosseum Slavers","floor":27,"turns":2},{"damage":0,"enemies":"Colosseum Nobs","floor":27,"turns":3},{"damage":4,"enemies":"Snake Plant","floor":29,"turns":3},{"damage":0,"enemies":"Sentry and Sphere","floor":31,"turns":3},{"damage":2,"enemies":"Champ","floor":33,"turns":6},{"damage":15,"enemies":"3 Shapes","floor":35,"turns":3},{"damage":0,"enemies":"Orb Walker","floor":37,"turns":2},{"damage":0,"enemies":"Sphere and 2 Shapes","floor":39,"turns":1},{"damage":10,"enemies":"Reptomancer","floor":40,"turns":4},{"damage":22,"enemies":"Spire Growth","floor":42,"turns":4},{"damage":25,"enemies":"Transient","floor":45,"turns":5},{"damage":15,"enemies":"Nemesis","floor":46,"turns":3},{"damage":0,"enemies":"4 Shapes","floor":47,"turns":2},{"damage":0,"enemies":"3 Darklings","floor":48,"turns":2},{"damage":0,"enemies":"Time Eater","floor":50,"turns":3}],"seed_played":"1197089835690874000","potions_obtained":[{"floor":6.0,"key":"SpeedPotion"},{"floor":8.0,"key":"Regen Potion"},{"floor":12,"key":"LiquidMemories"},{"floor":14,"key":"SkillPotion"},{"floor":16,"key":"Explosive Potion"},{"floor":19,"key":"DistilledChaos"},{"floor":20,"key":"SkillPotion"},{"floor":24,"key":"Energy Potion"},{"floor":27,"key":"BottledSpark"},{"floor":29,"key":"SpeedPotion"},{"floor":31,"key":"SteroidPotion"},{"floor":33,"key":"Ancient Potion"}],"is_trial":false,"path_per_floor":["M","?","?","?","$","E","M","M","T","?","M","M","E","M","R","B",null,"M","M","M","$","?","R","E","R","T","?","?","M","R","M","R","B",null,"M","$","M","$","M","E","R","M","T","R","M","E","M","M","R","B",null],"character_chosen":"MARISA","items_purchased":["TreasureHunter","Membership Card","White Beast Statue","Sling","Lantern"],"campfire_rested":2,"item_purchase_floors":[5,21,21,36,36],"current_hp_per_floor":[63,63,63,63,63,63,63,63,63,37,19,18,18,13,43,8,55,51,42,40,55,55,64,62,70,70,53,53,49,58,58,67,65,69,54,69,69,70,70,60,70,48,48,60,47,44,44,44,70,70],"gold":246,"neow_bonus":"THREE_ENEMY_KILL","is_daily":false,"chose_seed":false,"campfire_upgraded":6,"win_rate":0.0,"timestamp":1613680613,"path_taken":["M","?","?","?","$","E","M","M","T","?","M","M","E","M","R","BOSS","M","M","M","$","?","R","E","R","T","?","?","M","R","M","R","BOSS","M","$","M","$","M","E","R","M","T","R","M","E","M","M","R","BOSS"],"items_purchased_type":["Card","Relic","Relic","Relic","Relic"],"build_version":"2020-12-22","purchased_purges":3,"victory":true,"max_hp_per_floor":[70,70,70,70,70,70,70,70,70,70,70,70,70,70,70,70,70,70,70,70,70,70,70,70,70,70,70,70,70,70,70,70,70,70,70,70,70,70,70,70,70,70,70,70,70,70,70,70,70,70],"card_choices":[{"not_picked":["DoubleSpark","PulseMagic","WitchOfGreed"],"picked":"SKIP","floor":1.0},{"not_picked":["EnergyFlow","PowerUp"],"picked":"BlazeAway","floor":6.0},{"not_picked":["Acceleration","Singularity"],"picked":"MysteriousBeam","floor":7.0},{"not_picked":["MagicChant","RefractionSpark","DC"],"picked":"SKIP","floor":8.0},{"not_picked":["MilkyWay","SuperNova"],"picked":"GrandCross","floor":11},{"not_picked":["Singularity","SuperPerseids","GravityBeat"],"picked":"SKIP","floor":12},{"not_picked":["StarlightTyphoon","MachineGunSpark"],"picked":"DeepEcoloBomb","floor":13},{"not_picked":["Acceleration","WitchOfGreed"],"picked":"AsteroidBelt","floor":14},{"not_picked":["MaximisePower","SatelliteIllusion"],"picked":"UltimateShortwave","floor":16},{"not_picked":[],"picked":"Acceleration+1","floor":18},{"not_picked":["LuminesStrike"],"picked":"SKIP","floor":19},{"not_picked":[],"picked":"GrandCross","floor":20},{"not_picked":[],"picked":"Orbital","floor":24},{"not_picked":["SporeBomb"],"picked":"SKIP","floor":29},{"not_picked":["LuminesStrike"],"picked":"SKIP","floor":31},{"not_picked":[],"picked":"CollectingQuirk","floor":33},{"not_picked":[],"picked":"SuperPerseids","floor":35},{"not_picked":["Acceleration"],"picked":"SKIP","floor":37},{"not_picked":[],"picked":"Orbital","floor":39},{"not_picked":["NonDirectionalLaser"],"picked":"SKIP","floor":40},{"not_picked":["OpenUniverse"],"picked":"SKIP","floor":42},{"not_picked":["MachineGunSpark"],"picked":"SKIP","floor":45},{"not_picked":["GravityBeat+1"],"picked":"SKIP","floor":46},{"not_picked":["NonDirectionalLaser"],"picked":"SKIP","floor":47},{"not_picked":["OrrerysSun+1"],"picked":"SKIP","floor":48}],"player_experience":117376,"relics_obtained":[{"floor":6.0,"key":"Juzu Bracelet"},{"floor":6.0,"key":"Eternal Feather"},{"floor":9.0,"key":"Letter Opener"},{"floor":13,"key":"MawBank"},{"floor":24,"key":"CeramicFish"},{"floor":24,"key":"HornCleat"},{"floor":26,"key":"Shuriken"},{"floor":27,"key":"CaptainsWheel"},{"floor":27,"key":"Meat on the Bone"},{"floor":40,"key":"Potion Belt"},{"floor":43,"key":"Toy Ornithopter"},{"floor":46,"key":"Pen Nib"}],"event_choices":[{"damage_healed":0.0,"max_hp_gain":0.0,"max_hp_loss":0.0,"gold_gain":0.0,"event_name":"Liars Game","player_choice":"Ignored","floor":2.0,"gold_loss":0.0,"damage_taken":0.0},{"damage_healed":0.0,"max_hp_gain":0.0,"max_hp_loss":0.0,"gold_gain":0.0,"event_name":"Living Wall","player_choice":"Grow","floor":3.0,"gold_loss":0.0,"damage_taken":0.0,"cards_upgraded":["MasterSpark"]},{"damage_healed":0.0,"max_hp_gain":0.0,"max_hp_loss":0.0,"gold_gain":57.0,"event_name":"Golden Wing","player_choice":"Gained Gold","floor":4.0,"gold_loss":0.0,"damage_taken":0.0},{"damage_healed":0.0,"max_hp_gain":0.0,"max_hp_loss":0.0,"gold_gain":0.0,"event_name":"Scrap Ooze","player_choice":"Success","floor":10.0,"gold_loss":0.0,"damage_taken":26.0,"relics_obtained":["MealTicket"]},{"cards_removed":["Strike_MRS"],"damage_healed":0,"gold_gain":0,"player_choice":"Gave Gold","damage_taken":0,"max_hp_gain":0,"max_hp_loss":0,"event_name":"Beggar","floor":22,"gold_loss":75},{"damage_healed":0,"gold_gain":0,"player_choice":"Fight","damage_taken":0,"max_hp_gain":0,"max_hp_loss":0,"event_name":"Colosseum","floor":27,"gold_loss":0},{"damage_healed":0,"gold_gain":0,"player_choice":"Fought Nobs","damage_taken":0,"max_hp_gain":0,"max_hp_loss":0,"event_name":"Colosseum","floor":27,"gold_loss":0},{"damage_healed":0,"gold_gain":0,"player_choice":"Inject Mutagens","damage_taken":0,"relics_obtained":["MutagenicStrength"],"max_hp_gain":0,"max_hp_loss":0,"event_name":"Drug Dealer","floor":28,"gold_loss":0}],"is_beta":false,"boss_relics":[{"not_picked":["Fusion Hammer","Runic Dome"],"picked":"Busted Crown"},{"not_picked":["Cursed Key","RampagingMagicTools"],"picked":"Sozu"}],"items_purged_floors":[5,21,36],"is_endless":false,"potions_floor_spawned":[6,8,12,14,16,19,20,24,27,27,29,31,33,35,37,39,40,42,45,46,47,48],"ascension_level":16}}