{"host":"2d926qfvvz477zl6","time":1613689152,"event":{"mods":["Aspiration","BaseMod","Challenge The Spire","Conspire","Downfall","GifTheSpireLib","Halation","Hermit","Hubris","Infinite Spire","Minty Spire (QoL Compilation)","Morshu Shopkeeper","Permanent Neow","Quick Restart","Rare Cards Sparkle","Reliquary","Replay The Spire","Shedinja","Somnambulant","Spicy Shops","StSLib","Stuff the Spire","Td1madao Mod","The Blue Laboratory","The Bug Knight","The Construct","The Cursed","The Disciple","The Forsaken","The Hierophant","TheFirefly","Wandering Minibosses","Wide Potions","everything is the same but u backflip on backflip","slay the spire mod where everything is the same but ironclad has a cowboy hat"],"gold_per_floor":[99,99,119,134,134,167,242,269,35,65,65,85,85,85,105,204,204,4,13,22,45,39,48,48,69,79,79,99,108,135,176,199,314,314,214,241,261,284,284,284,307,335,335,335,335,335],"floor_reached":44,"language":"ENG","playtime":1716,"items_purged":["ReplayTheSpireMod:Restless Dread","Amnesia"],"score":512,"play_id":"28172142-5541-4369-ba04-0b9257f1078b","local_time":"20210218175912","is_ascension_mode":true,"campfire_choices":[{"floor":1.0,"key":"RECALL"},{"floor":11.0,"key":"REST"},{"data":"bronze:OilSpill","floor":13.0,"key":"SMITH"},{"floor":18.0,"key":"DIG"},{"data":"bronze:AlphaBuild","floor":27.0,"key":"SMITH"},{"data":"bronze:Virus","floor":35,"key":"SMITH"},{"data":"bronze:Format","floor":43,"key":"SMITH"}],"circlet_count":0,"master_deck":["bronze:Defend","bronze:Defend","bronze:Defend","bronze:Replicate+1","bronze:Goto+1","bronze:Overheat","bronze:Flail","bronze:NullPointer","bronze:Iterate","bronze:Verify","bronze:DelayedSlice","bronze:OilSpill+1","bronze:AlphaBuild+1","bronze:Break","bronze:Frontload+1","bronze:ClassDefault","bronze:Boost","bronze:OilSpill+1","bronze:Format+1","bronze:Optimize+1","bronze:Turbo","bronze:Safeguard","bronze:WhirlingStrike","bronze:Branch+1","bronze:Virus+1","bronze:WhirlingStrike+1","bronze:BuggyMess+1","bronze:Flail"],"relics":["bronze:BronzeCore","Art of War","TungstenRod","Garlic","StuffTheSpire:Tea","ChewingGum","downfall:HeartBlessingRed","downfall:HeartBlessingGreen","CeramicFish","Ring of Misfortune","Ring of Fangs","aspiration:SeaSaltIceCream","Apod","Painkiller Herb","downfall:HeartBlessingBlue","ReplayTheSpireMod:EnergyBall","Empty Cage","bronze:BottledCode","ReplayFunnel"],"acts_visited":["Exordium","TheCity","TheBeyond"],"potions_floor_usage":[36,37,38,44],"damage_taken":[{"damage":5.0,"enemies":"Small Slimes","floor":3.0,"turns":2.0},{"damage":0.0,"enemies":"Cultist","floor":4.0,"turns":1.0},{"damage":16.0,"enemies":"Gremlin Nob","floor":6.0,"turns":3.0},{"damage":18.0,"enemies":"3 Sentries","floor":8.0,"turns":3.0},{"damage":2.0,"enemies":"downfall:FleeingMerchant","floor":9.0,"turns":4.0},{"damage":6.0,"enemies":"conspire:MimicChest","floor":10.0,"turns":5.0},{"damage":0.0,"enemies":"2 Louse","floor":12.0,"turns":2.0},{"damage":0.0,"enemies":"Large Slime","floor":15.0,"turns":1.0},{"damage":0.0,"enemies":"SI_SHIV_ARCHETYPE","floor":16.0,"turns":4.0},{"damage":0.0,"enemies":"Chosen","floor":19.0,"turns":1.0},{"damage":2.0,"enemies":"Centurion and Healer","floor":21.0,"turns":2.0},{"damage":2.0,"enemies":"downfall:FleeingMerchant","floor":22.0,"turns":4.0},{"damage":4.0,"enemies":"Snake Plant","floor":25.0,"turns":2.0},{"damage":14.0,"enemies":"Sentry and Sphere","floor":26.0,"turns":4.0},{"damage":0.0,"enemies":"Snecko","floor":28.0,"turns":3.0},{"damage":0.0,"enemies":"Snake Plant","floor":30.0,"turns":3.0},{"damage":20.0,"enemies":"Slavers","floor":31.0,"turns":4.0},{"damage":0.0,"enemies":"Centurion and Healer","floor":32.0,"turns":5.0},{"damage":10,"enemies":"WA_ARCHETYPE_CALM","floor":33,"turns":8},{"damage":16,"enemies":"3 Darklings","floor":36,"turns":6},{"damage":0,"enemies":"3 Shapes","floor":37,"turns":4},{"damage":0,"enemies":"Writhing Mass","floor":38,"turns":5},{"damage":0,"enemies":"4 Shapes","floor":42,"turns":2},{"damage":10,"enemies":"infinitespire:Three Voidlings","floor":44,"turns":2},{"damage":48,"enemies":"Nightmare_Alpha","floor":44,"turns":4}],"seed_played":"-5394950031984134807","potions_obtained":[{"floor":3.0,"key":"AttackPotion"},{"floor":10.0,"key":"LifebloodPotion"},{"floor":12.0,"key":"Fire Potion"},{"floor":25.0,"key":"Ancient Potion"},{"floor":26.0,"key":"infinitespire:BlackPotion"},{"floor":31.0,"key":"Block Potion"},{"floor":32.0,"key":"Milkshake"},{"floor":33,"key":"FearPotion"},{"floor":36,"key":"Reflective Coating"},{"floor":42,"key":"champ:CounterPotion"}],"is_trial":false,"path_per_floor":["R","?","M","M","?","E","T","E","$","?","R","M","R","T","M","B",null,"R","M","?","M","$","?","T","M","M","R","M","?","M","E","M","B",null,"T","?","?","?","AVR","?","T","?","T","?"],"character_chosen":"THE_AUTOMATON","items_purchased":["bronze:Verify"],"campfire_rested":1,"item_purchase_floors":[9],"current_hp_per_floor":[63,63,58,58,58,42,42,24,22,16,34,34,34,34,34,34,63,63,63,63,61,59,59,59,55,41,41,41,41,41,21,21,11,63,73,57,57,57,57,57,57,57,57,0,0,0],"gold":335,"neow_bonus":"REMOVE_TWO","is_daily":false,"chose_seed":false,"campfire_upgraded":4,"win_rate":0.0,"timestamp":1613689152,"path_taken":["R","?","?","M","?","E","T","E","$","?","R","M","R","?","M","BOSS","R","M","?","?","?","?","T","M","M","R","?","?","M","E","M","BOSS","T","?","?","?","AVR","?","T","?","T","?"],"items_purchased_type":["Card"],"build_version":"2020-12-22","purchased_purges":2,"victory":false,"max_hp_per_floor":[63,63,63,63,63,63,63,63,63,63,63,63,63,63,63,63,63,63,63,63,63,63,63,63,63,63,63,63,63,63,63,63,63,63,73,73,73,73,73,63,63,63,63,63,63,63],"card_choices":[{"not_picked":["bronze:Shell","bronze:BitShift","bronze:DelayedGuard"],"picked":"SKIP","floor":3.0},{"not_picked":["bronze:Turbo","bronze:BitShift"],"picked":"bronze:Overheat","floor":4.0},{"not_picked":["bronze:Repair","bronze:Deprecate"],"picked":"bronze:Flail","floor":6.0},{"not_picked":["bronze:ItsAFeature","bronze:CloningBeam"],"picked":"bronze:NullPointer","floor":8.0},{"not_picked":["bronze:ClassDefault","bronze:Shield"],"picked":"bronze:Iterate","floor":9.0},{"not_picked":["bronze:Shield","bronze:BugBarrage"],"picked":"bronze:DelayedSlice","floor":10.0},{"not_picked":["bronze:Deprecate","bronze:BronzeArmor"],"picked":"bronze:OilSpill","floor":12.0},{"not_picked":["bronze:DarkDash","bronze:WildBeam"],"picked":"bronze:AlphaBuild","floor":15.0},{"not_picked":["bronze:Mutator","bronze:ShipIt"],"picked":"bronze:Break","floor":16.0},{"not_picked":["bronze:Overheat","bronze:BugBarrage"],"picked":"bronze:Frontload+1","floor":19.0},{"not_picked":["bronze:DelayedGuard","bronze:Flail"],"picked":"bronze:Boost","floor":21.0},{"not_picked":["bronze:DigitalCarnage","bronze:Shield"],"picked":"bronze:OilSpill+1","floor":22.0},{"not_picked":["bronze:BitShift","bronze:Frontload"],"picked":"bronze:Optimize+1","floor":25.0},{"not_picked":["bronze:Overheat","bronze:BugBarrage","bronze:Allocate"],"picked":"SKIP","floor":26.0},{"not_picked":["bronze:ForceShield","bronze:Overheat"],"picked":"bronze:Turbo","floor":28.0},{"not_picked":["bronze:Return","bronze:WildBeam"],"picked":"bronze:Safeguard","floor":30.0},{"not_picked":["bronze:Turbo+1","bronze:ItsAFeature"],"picked":"bronze:WhirlingStrike","floor":31.0},{"not_picked":["bronze:Safeguard","bronze:DelayedSlice"],"picked":"bronze:Branch+1","floor":32.0},{"not_picked":["bronze:FindAndReplace","bronze:AlphaBuild"],"picked":"bronze:Virus","floor":33},{"not_picked":["bronze:Turbo+1","bronze:Optimize"],"picked":"bronze:WhirlingStrike+1","floor":36},{"not_picked":["bronze:Frontload","bronze:BitShift","bronze:Overheat"],"picked":"SKIP","floor":37},{"not_picked":["bronze:Branch+1","bronze:Boost"],"picked":"bronze:BuggyMess+1","floor":38},{"not_picked":["bronze:Overload+1","bronze:DelayedSlice"],"picked":"bronze:Flail","floor":42}],"player_experience":484533,"relics_obtained":[{"floor":6.0,"key":"Art of War"},{"floor":7.0,"key":"halation:SelfBoilingWater"},{"floor":8.0,"key":"TungstenRod"},{"floor":10.0,"key":"Garlic"},{"floor":14.0,"key":"StuffTheSpire:Tea"},{"floor":18.0,"key":"CeramicFish"},{"floor":29.0,"key":"Ring of Misfortune"},{"floor":29.0,"key":"Ring of Fangs"},{"floor":31.0,"key":"aspiration:SeaSaltIceCream"},{"floor":41,"key":"ReplayFunnel"}],"event_choices":[],"is_beta":false,"boss_relics":[{"not_picked":["Cursed Key","SacredBark"],"picked":"ChewingGum"},{"not_picked":["Pandora\u0027s Box","halation:Prosthetics"],"picked":"Painkiller Herb"}],"items_purged_floors":[9,39],"is_endless":false,"potions_floor_spawned":[3,10,12,25,26,31,32,33,36,42,44],"killed_by":"Nightmare_Alpha","ascension_level":1}}