{"host":"7s0ipaqx8m4pdduf","time":1613665921,"event":{"mods":["BaseMod","BetterRewards","Colored Map","Infinite Spire","Minty Spire (QoL Compilation)","StSLib","SuperFastMode","The Animator"],"gold_per_floor":[115,115,75,75,94,94,119,139,139,139,139,150,150,160,160,237,237,257,257,257,257,257,257,275,275,275,292,302,337,24,50,50,127,127,143,143,189,206,206,206,206,226,273,273,273,289,19,0,0,0],"floor_reached":51,"language":"ENG","playtime":2343,"items_purged":["Strike_G","Strike_G","Strike_G"],"score":1510,"play_id":"c7644396-c69d-46fb-bb15-3adf6d3d7388","local_time":"20210218173201","is_ascension_mode":true,"campfire_choices":[{"floor":6,"key":"REST"},{"data":"Footwork","floor":11,"key":"SMITH"},{"data":"Noxious Fumes","floor":13,"key":"SMITH"},{"data":"Strike_G","floor":15,"key":"PURGE"},{"data":"Infinite Blades","floor":23,"key":"SMITH"},{"data":"Strike_G","floor":25,"key":"PURGE"},{"data":"Footwork","floor":32,"key":"SMITH"},{"data":"Writhe","floor":40,"key":"PURGE"},{"data":"Defend_G","floor":45,"key":"PURGE"},{"floor":49,"key":"REST"}],"circlet_count":0,"master_deck":["AscendersBane","Defend_G","Defend_G","Defend_G","Survivor","Neutralize+1","Footwork+1","Footwork+1","Poisoned Stab","Caltrops","Noxious Fumes+1","Dash","PiercingWail","Noxious Fumes+1","Bane+1","Adrenaline","Poisoned Stab+1","Infinite Blades+1","Footwork","Tools of the Trade","Panache","Envenom","Master of Strategy","Dodge and Roll+1","Flying Knee+1"],"relics":["Ring of the Serpent","TwistedFunnel","Mummified Hand","infinitespire:Satchel","Peace Pipe","Ornamental Fan","Matryoshka","MutagenicStrength","Dead Branch","Anchor","Sundial","infinitespire:Lucky Rock","Paper Crane","Regal Pillow","Fusion Hammer","Turnip","infinitespire:CheckeredPen","Whetstone","Omamori","Red Mask"],"acts_visited":["Exordium","TheCity","TheBeyond"],"potions_floor_usage":[16,37,50],"damage_taken":[{"damage":2,"enemies":"2 Louse","floor":1,"turns":2},{"damage":5,"enemies":"Jaw Worm","floor":5,"turns":4},{"damage":12,"enemies":"Lagavulin","floor":7,"turns":6},{"damage":0,"enemies":"Cultist","floor":8,"turns":3},{"damage":1,"enemies":"3 Louse","floor":12,"turns":2},{"damage":0,"enemies":"Exordium Thugs","floor":14,"turns":3},{"damage":8,"enemies":"The Guardian","floor":16,"turns":8},{"damage":5,"enemies":"Shell Parasite","floor":18,"turns":5},{"damage":0,"enemies":"3 Byrds","floor":24,"turns":3},{"damage":10,"enemies":"Snecko","floor":27,"turns":4},{"damage":0,"enemies":"Snake Plant","floor":28,"turns":3},{"damage":1,"enemies":"Slavers","floor":29,"turns":5},{"damage":3,"enemies":"Automaton","floor":33,"turns":8},{"damage":1,"enemies":"3 Darklings","floor":35,"turns":3},{"damage":19,"enemies":"2 Orb Walkers","floor":37,"turns":4},{"damage":0,"enemies":"Orb Walker","floor":38,"turns":3},{"damage":0,"enemies":"4 Shapes","floor":42,"turns":3},{"damage":5,"enemies":"Transient","floor":46,"turns":5},{"damage":9,"enemies":"Time Eater","floor":50,"turns":9}],"seed_played":"-8569683952755303041","potions_obtained":[{"floor":1,"key":"FearPotion"},{"floor":8,"key":"LiquidBronze"},{"floor":12,"key":"Poison Potion"},{"floor":18,"key":"Ancient Potion"},{"floor":37,"key":"Dexterity Potion"}],"is_trial":false,"path_per_floor":["M","?","$","?","M","R","E","M","T","?","R","M","R","M","R","B",null,"M","?","?","AVR","?","R","M","R","T","M","M","E","$","T","R","B",null,"M","?","?","M","?","R","AVR","M","T","?","R","M","$","?","R","B",null],"character_chosen":"THE_SILENT","items_purchased":["TwistedFunnel","Mummified Hand","infinitespire:Satchel","Footwork","Footwork","Poisoned Stab","Noxious Fumes","Panache","CultistPotion","Omamori"],"campfire_rested":2,"item_purchase_floors":[0,0,0,0,0,0,3,30,47,47],"current_hp_per_floor":[20,20,20,20,15,34,22,22,22,66,66,65,65,65,65,57,64,59,59,59,59,59,59,59,59,59,49,49,48,48,48,48,45,61,60,60,41,41,54,54,54,54,54,54,54,49,49,49,66,57],"gold":0,"neow_bonus":"","is_daily":false,"chose_seed":false,"campfire_upgraded":4,"win_rate":0.0,"timestamp":1613665921,"path_taken":["M","?","$","?","M","R","E","?","T","?","R","?","R","M","R","BOSS","M","?","?","AVR","?","R","M","R","T","M","M","E","$","?","R","BOSS","M","?","?","M","?","R","AVR","M","T","?","R","M","$","?","R","BOSS"],"items_purchased_type":["Relic","Relic","Relic","Card","Card","Card","Card","Card","Potion","Relic"],"build_version":"2020-12-22","purchased_purges":3,"victory":true,"max_hp_per_floor":[66,66,66,66,66,66,66,66,66,66,66,66,66,66,66,66,66,66,66,66,66,66,66,66,66,66,66,66,66,66,66,66,66,66,66,66,66,66,66,66,66,66,66,66,66,66,66,66,66,66],"card_choices":[{"not_picked":["Riddle With Holes","Prepared"],"picked":"Caltrops","floor":1},{"not_picked":["Catalyst","Underhanded Strike"],"picked":"Dash","floor":5},{"not_picked":["Outmaneuver","Predator"],"picked":"PiercingWail","floor":7},{"not_picked":["Cloak And Dagger","Poisoned Stab"],"picked":"Accuracy","floor":8},{"not_picked":["Sucker Punch","Deadly Poison"],"picked":"Noxious Fumes","floor":12},{"not_picked":["Distraction","Sucker Punch"],"picked":"Bane","floor":14},{"not_picked":["Bullet Time","Storm of Steel"],"picked":"Adrenaline","floor":16},{"not_picked":["Choke+1","Dagger Spray"],"picked":"Poisoned Stab+1","floor":18},{"not_picked":["Outmaneuver","Predator","Reflex+1"],"picked":"SKIP","floor":24},{"not_picked":["Dagger Spray","Deflect","Bane"],"picked":"SKIP","floor":27},{"not_picked":["Flying Knee","Caltrops"],"picked":"Footwork","floor":28},{"not_picked":["Flying Knee+1","Reflex"],"picked":"Tools of the Trade","floor":29},{"not_picked":["Adrenaline","Bullet Time"],"picked":"Envenom","floor":33},{"not_picked":["Setup","Dagger Throw","Deflect"],"picked":"SKIP","floor":35},{"not_picked":["Jack Of All Trades","Mind Blast"],"picked":"Master of Strategy","floor":36},{"not_picked":["Eviscerate","Flechettes","Outmaneuver"],"picked":"SKIP","floor":38},{"not_picked":["Eviscerate","Flechettes","Outmaneuver"],"picked":"SKIP","floor":38},{"not_picked":["Cloak And Dagger","Slice"],"picked":"Dodge and Roll+1","floor":42},{"not_picked":["Acrobatics","Endless Agony"],"picked":"Flying Knee+1","floor":46}],"player_experience":2417853,"relics_obtained":[{"floor":7,"key":"Ornamental Fan"},{"floor":9,"key":"Matryoshka"},{"floor":26,"key":"Anchor"},{"floor":26,"key":"Sundial"},{"floor":29,"key":"infinitespire:Lucky Rock"},{"floor":31,"key":"Paper Crane"},{"floor":31,"key":"Regal Pillow"},{"floor":37,"key":"Turnip"},{"floor":43,"key":"Whetstone"}],"event_choices":[{"damage_healed":0,"gold_gain":0,"player_choice":"Upgraded","damage_taken":0,"max_hp_gain":0,"max_hp_loss":0,"event_name":"Upgrade Shrine","floor":4,"gold_loss":0,"cards_upgraded":["Noxious Fumes"]},{"cards_removed":["Accuracy"],"damage_healed":44,"gold_gain":0,"player_choice":"Offered Uncommon","damage_taken":0,"max_hp_gain":0,"max_hp_loss":0,"event_name":"Bonfire Elementals","floor":10,"gold_loss":0},{"damage_healed":0,"gold_gain":0,"player_choice":"Inject Mutagens","damage_taken":0,"relics_obtained":["MutagenicStrength"],"max_hp_gain":0,"max_hp_loss":0,"event_name":"Drug Dealer","floor":19,"gold_loss":0},{"damage_healed":0,"gold_gain":0,"player_choice":"Ignored","damage_taken":0,"max_hp_gain":0,"max_hp_loss":0,"event_name":"The Mausoleum","floor":20,"gold_loss":0},{"damage_healed":0,"gold_gain":0,"player_choice":"Read","damage_taken":0,"max_hp_gain":0,"max_hp_loss":0,"event_name":"The Library","floor":22,"gold_loss":0,"cards_obtained":["Infinite Blades"]},{"damage_healed":0,"gold_gain":0,"player_choice":"Memory 1","damage_taken":0,"max_hp_gain":0,"max_hp_loss":0,"event_name":"SensoryStone","floor":36,"gold_loss":0},{"damage_healed":0,"gold_gain":0,"player_choice":"Fight","damage_taken":0,"max_hp_gain":0,"max_hp_loss":0,"event_name":"Mysterious Sphere","floor":37,"gold_loss":0},{"damage_healed":13,"gold_gain":0,"player_choice":"Writhe","damage_taken":0,"max_hp_gain":0,"max_hp_loss":0,"event_name":"Winding Halls","floor":39,"gold_loss":0,"cards_obtained":["Writhe"]},{"cards_removed":["Defend_G"],"damage_healed":0,"gold_gain":0,"player_choice":"Removed Skill","damage_taken":0,"max_hp_gain":0,"max_hp_loss":0,"event_name":"Falling","floor":44,"gold_loss":0},{"damage_healed":0,"gold_gain":0,"player_choice":"Paid","damage_taken":0,"relics_obtained":["Red Mask"],"max_hp_gain":0,"max_hp_loss":0,"event_name":"Tomb of Lord Red Mask","floor":48,"gold_loss":19}],"is_beta":false,"boss_relics":[{"not_picked":["Calling Bell","Tiny House"],"picked":"Ring of the Serpent"},{"not_picked":["Velvet Choker","Snecko Eye"],"picked":"Fusion Hammer"}],"items_purged_floors":[0,21,30],"is_endless":false,"potions_floor_spawned":[1,8,12,18,35,37,38],"ascension_level":16}}