{"host":"ffqn1azj9urswy62","time":1613668175,"event":{"mods":["BaseMod","Better Third Choice","Googly Eyes","Minty Spire (QoL Compilation)","StSLib","The Disciple","Wandering Minibosses","slay the spire mod where everything is the same but ironclad has a cowboy hat"],"gold_per_floor":[19,94,112,112,125,0,14,14,14],"floor_reached":8,"language":"ENG","playtime":377,"items_purged":["Strike_Br"],"score":48,"play_id":"1a2154d8-a813-40a2-8f3f-24e84c36df91","local_time":"20210218120935","is_ascension_mode":false,"campfire_choices":[],"circlet_count":0,"master_deck":["Strike_Br","Strike_Br","Defend_Br","Defend_Br","SecondHand","PatternShift","WatchCommand","LockedBell","CrunchTime","LockedScales","WindUp","Engulf","ReapSow"],"relics":["Chronometer"],"acts_visited":["Exordium"],"potions_floor_usage":[8],"damage_taken":[{"damage":9,"enemies":"2 Louse","floor":1,"turns":8},{"damage":6,"enemies":"Cultist","floor":3,"turns":6},{"damage":0,"enemies":"Small Slimes","floor":5,"turns":3},{"damage":25,"enemies":"Red Slaver","floor":7,"turns":4},{"damage":14,"enemies":"Gremlin Nob","floor":8,"turns":1}],"seed_played":"5122958395506291125","potions_obtained":[{"floor":1,"key":"Block Potion"},{"floor":7,"key":"Swift Potion"}],"is_trial":false,"path_per_floor":["M","?","M","?","M","$","M","E"],"character_chosen":"CHRONO_CLASS","items_purchased":["Engulf"],"campfire_rested":0,"item_purchase_floors":[6],"current_hp_per_floor":[56,45,39,39,39,39,14,0,0],"gold":14,"neow_bonus":"TRANSFORM_TWO_CARDS","is_daily":false,"chose_seed":false,"campfire_upgraded":0,"win_rate":0.0,"timestamp":1613668175,"path_taken":["M","?","M","?","?","$","?","E"],"items_purchased_type":["Card"],"build_version":"2020-12-22","purchased_purges":1,"victory":false,"max_hp_per_floor":[65,65,65,65,65,65,65,65,65],"card_choices":[{"not_picked":["WindUp","LockedAnchor"],"picked":"CrunchTime","floor":1},{"not_picked":["HandsUpC","Echoward"],"picked":"LockedScales","floor":3},{"not_picked":["BlueShift","HandsUpC"],"picked":"WindUp","floor":5},{"not_picked":["EscortCommand","HandsUpB"],"picked":"ReapSow","floor":7}],"player_experience":699003,"relics_obtained":[],"event_choices":[{"damage_healed":0,"gold_gain":75,"player_choice":"Gold","damage_taken":11,"max_hp_gain":0,"max_hp_loss":0,"event_name":"betterThird:BetterGoop","floor":2,"gold_loss":0},{"cards_removed":["Defend_Br"],"damage_healed":0,"gold_gain":0,"player_choice":"Purged","damage_taken":0,"max_hp_gain":0,"max_hp_loss":0,"event_name":"Purifier","floor":4,"gold_loss":0}],"is_beta":false,"boss_relics":[],"items_purged_floors":[6],"is_endless":false,"potions_floor_spawned":[1,7],"killed_by":"Gremlin Nob","ascension_level":0}}