{"host":"00f1p9ihhzi7hxfk","time":1613659108,"event":{"mods":["AchievementEnabler","BaseMod","Colored Map","Colored Powertips","Minty Spire (QoL Compilation)","Rare Cards Sparkle","Relic Stats"],"gold_per_floor":[111,130,130,143,243,243,256,11,62,76,94,94,94,110,110,211,261,275,290,307,307,307,307,320,320,346,235,88,107,124,139,139,139,139],"floor_reached":33,"language":"DEU","playtime":1880,"items_purged":[],"score":243,"play_id":"52d96c62-33b4-413e-960d-e811393debd0","local_time":"20210218153828","is_ascension_mode":false,"campfire_choices":[{"data":"Footwork","floor":6.0,"key":"SMITH"},{"floor":12.0,"key":"REST"},{"floor":15.0,"key":"REST"},{"floor":23.0,"key":"REST"},{"floor":25.0,"key":"REST"},{"floor":32.0,"key":"REST"}],"circlet_count":0,"master_deck":["Strike_G","Defend_G","Defend_G","Defend_G","Defend_G","Defend_G","Survivor","Neutralize","Cloak And Dagger","Footwork+1","Slice","PiercingWail","Poisoned Stab","Deadly Poison","Doppelganger","Dagger Spray","Deadly Poison","Slice","Deadly Poison","Crippling Poison","A Thousand Cuts","Choke","Bouncing Flask","Backflip","Dash+1"],"relics":["Ring of the Snake","Regal Pillow","Pen Nib","Tiny House","Bag of Marbles","Tiny Chest","Snake Skull"],"acts_visited":["Exordium","TheCity"],"potions_floor_usage":[],"damage_taken":[{"damage":3.0,"enemies":"Jaw Worm","floor":1.0,"turns":5.0},{"damage":4.0,"enemies":"Cultist","floor":2.0,"turns":5.0},{"damage":0.0,"enemies":"Small Slimes","floor":4.0,"turns":6.0},{"damage":10.0,"enemies":"Gremlin Gang","floor":7.0,"turns":10.0},{"damage":0.0,"enemies":"2 Fungi Beasts","floor":10.0,"turns":5.0},{"damage":0.0,"enemies":"3 Louse","floor":11.0,"turns":4.0},{"damage":6.0,"enemies":"Lots of Slimes","floor":14.0,"turns":6.0},{"damage":24.0,"enemies":"The Guardian","floor":16.0,"turns":11.0},{"damage":23.0,"enemies":"Chosen","floor":18.0,"turns":7.0},{"damage":25.0,"enemies":"Spheric Guardian","floor":19.0,"turns":7.0},{"damage":13.0,"enemies":"Centurion and Healer","floor":20.0,"turns":11.0},{"damage":36.0,"enemies":"Cultist and Chosen","floor":24.0,"turns":8.0},{"damage":39.0,"enemies":"Shelled Parasite and Fungi","floor":29.0,"turns":5.0},{"damage":20.0,"enemies":"Sentry and Sphere","floor":30.0,"turns":6.0},{"damage":19.0,"enemies":"Snecko","floor":31.0,"turns":5.0},{"damage":65,"enemies":"Collector","floor":33,"turns":5}],"seed_played":"4966029306136387505","potions_obtained":[{"floor":2.0,"key":"FairyPotion"},{"floor":4.0,"key":"Strength Potion"},{"floor":14.0,"key":"EssenceOfSteel"},{"floor":17.0,"key":"Poison Potion"}],"is_trial":false,"path_per_floor":["M","M","?","M","?","R","M","$","T","M","M","R","?","M","R","B",null,"M","M","M","?","?","R","M","R","T","?","$","M","M","M","R","B"],"character_chosen":"THE_SILENT","items_purchased":["Poisoned Stab","Regal Pillow","SteroidPotion","Snake Skull"],"campfire_rested":5,"item_purchase_floors":[8,8,8,28],"current_hp_per_floor":[74,70,70,70,70,70,60,60,60,60,60,77,77,71,77,53,82,59,34,21,21,21,60,24,63,63,63,63,24,4,22,61,0,0],"gold":139,"neow_bonus":"TEN_PERCENT_HP_BONUS","is_daily":false,"chose_seed":false,"campfire_upgraded":1,"win_rate":0.0,"timestamp":1613659108,"path_taken":["M","M","?","M","?","R","?","$","T","M","M","R","?","M","R","BOSS","M","M","M","?","?","R","M","R","T","?","$","?","M","M","R","BOSS"],"items_purchased_type":["Card","Relic","Potion","Relic"],"build_version":"2020-12-22","purchased_purges":0,"victory":false,"max_hp_per_floor":[77,77,77,77,77,77,77,77,77,77,77,77,77,77,77,77,82,82,82,82,82,82,82,82,82,82,82,82,82,82,82,82,82,82],"relic_stats":{"Regal Pillow":45,"counters":[16,106],"Tiny Chest":0,"Pen Nib":[12],"Snake Skull":[27],"obtain_stats":[{"Regal Pillow":8,"Tiny House":17,"Tiny Chest":27,"Pen Nib":9,"Snake Skull":28,"Bag of Marbles":26,"Ring of the Snake":0},{"Regal Pillow":4,"Tiny House":8,"Tiny Chest":12,"Pen Nib":4,"Snake Skull":12,"Bag of Marbles":12,"Ring of the Snake":0},{"Regal Pillow":26,"Tiny House":52,"Tiny Chest":85,"Pen Nib":26,"Snake Skull":85,"Bag of Marbles":85,"Ring of the Snake":0}],"Ring of the Snake":[32]},"card_choices":[{"not_picked":["Quick Slash","Acrobatics"],"picked":"Cloak And Dagger","floor":1.0},{"not_picked":["Backflip","Sucker Punch"],"picked":"Footwork","floor":2.0},{"not_picked":["Blade Dance","Backflip"],"picked":"Slice","floor":4.0},{"not_picked":["Acrobatics","Underhanded Strike"],"picked":"PiercingWail","floor":7.0},{"not_picked":["Night Terror","Masterful Stab"],"picked":"Deadly Poison","floor":10.0},{"not_picked":["Heel Hook","PiercingWail","Eviscerate"],"picked":"SKIP","floor":11.0},{"not_picked":["Dodge and Roll","Outmaneuver","Heel Hook"],"picked":"SKIP","floor":14.0},{"not_picked":["Burst","A Thousand Cuts"],"picked":"Doppelganger","floor":16.0},{"not_picked":["Endless Agony","Backflip"],"picked":"Dagger Spray","floor":17.0},{"not_picked":["Bane","Dagger Spray"],"picked":"Deadly Poison","floor":18.0},{"not_picked":["Night Terror","Acrobatics+1"],"picked":"Slice","floor":19.0},{"not_picked":["Backstab","Riddle With Holes"],"picked":"Deadly Poison","floor":20.0},{"not_picked":["Blade Dance","PiercingWail"],"picked":"Choke","floor":24.0},{"not_picked":["Backstab+1","Expertise"],"picked":"Bouncing Flask","floor":29.0},{"not_picked":["PiercingWail","Quick Slash"],"picked":"Backflip","floor":30.0},{"not_picked":["Footwork+1","Sucker Punch"],"picked":"Dash+1","floor":31.0}],"player_experience":112262,"relics_obtained":[{"floor":9.0,"key":"Pen Nib"},{"floor":26.0,"key":"Bag of Marbles"}],"event_choices":[{"cards_removed":["Strike_G"],"damage_healed":0.0,"max_hp_gain":0.0,"max_hp_loss":0.0,"gold_gain":0.0,"event_name":"Living Wall","player_choice":"Forget","floor":3.0,"gold_loss":0.0,"damage_taken":0.0},{"damage_healed":0.0,"max_hp_gain":0.0,"max_hp_loss":0.0,"gold_gain":100.0,"event_name":"Golden Shrine","player_choice":"Pray","floor":5.0,"gold_loss":0.0,"damage_taken":0.0},{"cards_removed":["Strike_G"],"damage_healed":0.0,"max_hp_gain":0.0,"max_hp_loss":0.0,"gold_gain":0.0,"event_name":"Bonfire Elementals","player_choice":"Offered Basic","floor":13.0,"gold_loss":0.0,"damage_taken":0.0},{"damage_healed":0.0,"max_hp_gain":0.0,"max_hp_loss":0.0,"gold_gain":0.0,"event_name":"The Mausoleum","player_choice":"Ignored","floor":21.0,"gold_loss":0.0,"damage_taken":0.0},{"damage_healed":0.0,"max_hp_gain":0.0,"max_hp_loss":0.0,"gold_gain":0.0,"cards_transformed":["Strike_G","Strike_G"],"event_name":"Drug Dealer","player_choice":"Became Test Subject","floor":22.0,"gold_loss":0.0,"damage_taken":0.0,"cards_obtained":["Crippling Poison","A Thousand Cuts"]},{"damage_healed":0.0,"max_hp_gain":0.0,"max_hp_loss":0.0,"gold_gain":0.0,"event_name":"WeMeetAgain","player_choice":"Paid Gold","floor":27.0,"gold_loss":111.0,"damage_taken":0.0,"relics_obtained":["Tiny Chest"]}],"is_beta":false,"boss_relics":[{"not_picked":["Ring of the Serpent","Velvet Choker"],"picked":"Tiny House"}],"items_purged_floors":[],"is_endless":false,"potions_floor_spawned":[2,4,10,14,20,24,30],"killed_by":"Collector","ascension_level":0}}