{"host":"l017gercouzhorma","time":1613621073,"event":{"mods":["AchievementEnabler","Aspiration","BaseMod","Challenge The Spire","Conspire","Downfall","Halation","Hermit","Hubris","Infinite Spire","Jorbs\u0027s Wanderer Trilogy","Mad Scientist","Marisa????????","Mimic Mod","Minty Spire (QoL Compilation)","Random Character Button","Rare Cards Sparkle","Relic Stats","Replay The Spire","Shade Mod","StSLib","The Cursed","The Disciple","The Hierophant","The Jungle","The Runesmith","The Servant 0.9.4"],"gold_per_floor":[113,127,127,127,127,162,172,172,172,172,188,223,237,251,251,346,346,359,372,69,69,69,69,97,114,140,159,159,159],"floor_reached":28,"language":"ENG","playtime":3532,"items_purged":[],"score":275,"play_id":"967eb972-c34c-4deb-ba17-94fcb38d13dc","local_time":"20210217210433","is_ascension_mode":false,"campfire_choices":[{"data":"Runesmith:HammerAndChisel","floor":10.0,"key":"SMITH"},{"data":"Runesmith:Fortify","floor":15.0,"key":"SMITH"},{"data":"Runesmith:Reinforce","floor":23.0,"key":"SMITH"}],"circlet_count":0,"master_deck":["Runesmith:Strike_RS","Runesmith:Strike_RS","Runesmith:Strike_RS","Runesmith:Defend_RS","Runesmith:Defend_RS","Runesmith:Defend_RS","Runesmith:Defend_RS","Runesmith:CraftFirestone","Runesmith:Fortify+1","Runesmith:ChiselStab","Runesmith:FieryHammer","Runesmith:OneForEveryone","Injury","Runesmith:HammerAndChisel+1","Runesmith:EnergizedChisel+1","Runesmith:Reinforce+1","Runesmith:HammerThrow+1","Runesmith:HeatedChisel+1","Runesmith:StaticCage","Runesmith:FissionHammer+1","Runesmith:GrandSlam+1","Runesmith:Retool","Runesmith:CraftMagma","Runesmith:Discharge+1"],"relics":["Runesmith:BrokenRuby","NeowsBlessing","Molten Egg 2","hubris:OldNail","halation:EternalFortune","Mummified Hand","Bronze Scales","conspire:SlowCooker","PreservedInsect","Vajra","aspiration:TomeofQuesting"],"acts_visited":["Exordium","TheCity"],"potions_floor_usage":[],"damage_taken":[{"damage":0.0,"enemies":"Small Slimes","floor":1.0,"turns":1.0},{"damage":0.0,"enemies":"Cultist","floor":2.0,"turns":1.0},{"damage":0.0,"enemies":"Lagavulin","floor":6.0,"turns":1.0},{"damage":2.0,"enemies":"conspire:RoseBush","floor":7.0,"turns":2.0},{"damage":0.0,"enemies":"3 Louse","floor":11.0,"turns":1.0},{"damage":13.0,"enemies":"Replay:BlueRogue","floor":12.0,"turns":5.0},{"damage":11.0,"enemies":"Exordium Wildlife","floor":13.0,"turns":3.0},{"damage":3.0,"enemies":"Exordium Thugs","floor":14.0,"turns":3.0},{"damage":44.0,"enemies":"The Guardian","floor":16.0,"turns":11.0},{"damage":41.0,"enemies":"2 Thieves","floor":18.0,"turns":4.0},{"damage":5.0,"enemies":"3 Byrds","floor":19.0,"turns":3.0},{"damage":5.0,"enemies":"conspire:Head Lice","floor":24.0,"turns":5.0},{"damage":0.0,"enemies":"Cultist and Chosen","floor":25.0,"turns":4.0},{"damage":10,"enemies":"Snake Plant","floor":27,"turns":4},{"damage":0,"enemies":"Chosen and Byrds","floor":28,"turns":1}],"seed_played":"-7631141080545489824","potions_obtained":[{"floor":6.0,"key":"Toxic Potion"},{"floor":7.0,"key":"Swift Potion"},{"floor":12.0,"key":"ColorlessPotion"},{"floor":13.0,"key":"Fire Potion"},{"floor":19.0,"key":"hexamod:SoulburnPotion"},{"floor":24.0,"key":"Energy Potion"}],"is_trial":false,"path_per_floor":["M","M","?","$","?","E","M","?","T","R","M","E","M","M","R","B",null,"M","M","$","?","AVR","R","E","M","T","M","M"],"character_chosen":"RUNESMITH_CLASS","items_purchased":["Runesmith:GrandSlam+1","PreservedInsect"],"campfire_rested":0,"item_purchase_floors":[20,20],"current_hp_per_floor":[70,70,70,70,70,70,68,71,71,71,71,58,47,47,47,3,76,38,33,33,21,21,21,16,16,16,6,6,6],"gold":159,"neow_bonus":"THREE_ENEMY_KILL","is_daily":false,"chose_seed":false,"campfire_upgraded":3,"win_rate":0.0,"timestamp":1613621073,"path_taken":["M","M","?","?","?","E","M","?","T","R","M","E","?","M","R","BOSS","M","M","$","?","AVR","R","E","M","T","M","M"],"items_purchased_type":["Card","Relic"],"build_version":"2020-12-22","purchased_purges":0,"victory":false,"max_hp_per_floor":[70,70,70,70,70,70,70,73,73,73,73,73,73,76,76,76,76,79,79,79,79,79,79,79,79,79,79,79,79],"relic_stats":{"counters":[15,49],"Mummified Hand":[0],"Bronze Scales":[166],"PreservedInsect":42,"obtain_stats":[{"Runesmith:BrokenRuby":0,"NeowsBlessing":0,"Mummified Hand":9,"Bronze Scales":12,"halation:EternalFortune":8,"Vajra":24,"Molten Egg 2":5,"aspiration:TomeofQuesting":26,"conspire:SlowCooker":17,"PreservedInsect":20,"hubris:OldNail":6},{"Runesmith:BrokenRuby":0,"NeowsBlessing":0,"Mummified Hand":4,"Bronze Scales":6,"halation:EternalFortune":4,"Vajra":12,"Molten Egg 2":2,"aspiration:TomeofQuesting":13,"conspire:SlowCooker":9,"PreservedInsect":11,"hubris:OldNail":3},{"Runesmith:BrokenRuby":0,"NeowsBlessing":0,"Mummified Hand":5,"Bronze Scales":11,"halation:EternalFortune":5,"Vajra":40,"Molten Egg 2":2,"aspiration:TomeofQuesting":44,"conspire:SlowCooker":28,"PreservedInsect":35,"hubris:OldNail":3}]},"card_choices":[{"not_picked":["Runesmith:EnergizedChisel","Runesmith:BackupBattery"],"picked":"Runesmith:ChiselStab","floor":1.0},{"not_picked":["Runesmith:StaticCage","Runesmith:Overpower"],"picked":"Runesmith:FieryHammer","floor":2.0},{"not_picked":["Runesmith:MakeshiftArmor","Runesmith:CraftIncendium"],"picked":"Runesmith:HammerAndChisel","floor":6.0},{"not_picked":["Runesmith:CraftIncendium","Runesmith:UnstableHammer+1"],"picked":"Runesmith:EnergizedChisel+1","floor":7.0},{"not_picked":["Runesmith:Overpower+1","Runesmith:CraftSpiculum"],"picked":"Runesmith:Reinforce","floor":11.0},{"not_picked":["Runesmith:HeatExchange+1","Runesmith:OneForEveryone+1"],"picked":"Runesmith:HammerThrow+1","floor":12.0},{"not_picked":["Runesmith:CraftMagma","Runesmith:UnstableHammer+1"],"picked":"Runesmith:HeatedChisel+1","floor":13.0},{"not_picked":["Runesmith:BackupBattery","Runesmith:Terraform"],"picked":"Runesmith:StaticCage","floor":14.0},{"not_picked":["Runesmith:GenerateForcefield","Runesmith:Duplicate"],"picked":"Runesmith:FissionHammer+1","floor":16.0},{"not_picked":["Runesmith:ShiftingStrike+1","Runesmith:Repurpose","Runesmith:FieryHammer+1"],"picked":"SKIP","floor":18.0},{"not_picked":["Runesmith:ChiselStab+1","Runesmith:UnstableHammer+1","Runesmith:Malloc"],"picked":"SKIP","floor":19.0},{"not_picked":["Runesmith:OneForEveryone+1","Runesmith:CraftSpiculum"],"picked":"Runesmith:Retool","floor":24.0},{"not_picked":["Runesmith:Refine","Runesmith:Electrocute+1"],"picked":"Runesmith:CraftMagma","floor":25},{"not_picked":["Runesmith:HeatExchange+1","Runesmith:ShiftingStrike+1"],"picked":"Runesmith:Discharge+1","floor":27}],"player_experience":843002,"relics_obtained":[{"floor":6.0,"key":"hubris:OldNail"},{"floor":9.0,"key":"Mummified Hand"},{"floor":12.0,"key":"Bronze Scales"},{"floor":14.0,"key":"halation:EternalFortune"},{"floor":18.0,"key":"halation:EternalFortune"},{"floor":24.0,"key":"Vajra"},{"floor":26,"key":"aspiration:TomeofQuesting"}],"event_choices":[{"damage_healed":0.0,"max_hp_gain":0.0,"max_hp_loss":0.0,"gold_gain":0.0,"cards_transformed":["Runesmith:Strike_RS"],"event_name":"Transmorgrifier","player_choice":"Transformed","floor":3.0,"gold_loss":0.0,"damage_taken":0.0,"cards_obtained":["Runesmith:OneForEveryone"]},{"damage_healed":0.0,"max_hp_gain":0.0,"max_hp_loss":0.0,"gold_gain":0.0,"event_name":"Knowing Skull","player_choice":"POTION ","floor":21.0,"potions_obtained":["GamblersBrew"],"gold_loss":0.0,"damage_taken":12.0,"cards_obtained":[]}],"is_beta":false,"boss_relics":[{"not_picked":["hubris:GrandSneckoEye","Tiny House"],"picked":"conspire:SlowCooker"}],"items_purged_floors":[],"is_endless":false,"potions_floor_spawned":[6,7,12,13,19,24],"killed_by":"Chosen and Byrds","ascension_level":0}}