{"host":"7wi4qgm5yw4j7oz0","time":1613668271,"event":{"mods":["AchievementEnabler","BaseMod","Block Reminder","Colored Map","Colored Powertips","Highlight Path","Minty Spire (QoL Compilation)","Permanent Neow","Random Character Button","StSLib","everything is the same but u backflip on backflip"],"gold_per_floor":[118,136,149,161,175,175,187,187,187,187,187,220,238,266,266,345,345,355,375,224,235,235,261,261,287,311,311,311,336,46,58,58,58,58],"floor_reached":33,"language":"KOR","playtime":1503,"items_purged":["Corruption+1","Armaments"],"score":523,"play_id":"1c8f27be-12a9-40fa-933b-2ba2ccffc8b5","local_time":"20210219021111","is_ascension_mode":true,"campfire_choices":[{"data":"Body Slam","floor":6,"key":"SMITH"},{"data":"Pommel Strike","floor":8,"key":"SMITH"},{"data":"Perfected Strike","floor":10,"key":"SMITH"},{"floor":15,"key":"REST"},{"floor":24,"key":"REST"},{"data":"Offering","floor":27,"key":"SMITH"},{"floor":32,"key":"REST"}],"circlet_count":0,"master_deck":["AscendersBane","Strike_R+1","Strike_R+1","Strike_R+1","Strike_R+1","Strike_R+1","Defend_R+1","Defend_R+1","Defend_R+1","Defend_R+1","Dark Shackles","Perfected Strike+1","Body Slam+1","Pommel Strike+1","Perfected Strike","Power Through","Offering","Fire Breathing+1","Anger+1","Headbutt","Battle Trance","Bloodletting","Offering+1","Pommel Strike","Shrug It Off","Perfected Strike"],"relics":["Burning Blood","Question Card","Centennial Puzzle","Pen Nib","Astrolabe","Letter Opener","Eternal Feather","Lantern","Darkstone Periapt","Orichalcum"],"acts_visited":["Exordium","TheCity"],"potions_floor_usage":[5,12,21,21,25],"damage_taken":[{"damage":10,"enemies":"Small Slimes","floor":1,"turns":6},{"damage":6,"enemies":"Cultist","floor":2,"turns":3},{"damage":0,"enemies":"2 Louse","floor":3,"turns":2},{"damage":5,"enemies":"2 Fungi Beasts","floor":4,"turns":4},{"damage":8,"enemies":"Exordium Wildlife","floor":5,"turns":4},{"damage":6,"enemies":"Exordium Thugs","floor":7,"turns":5},{"damage":26,"enemies":"3 Sentries","floor":12,"turns":6},{"damage":11,"enemies":"Looter","floor":13,"turns":3},{"damage":19,"enemies":"Gremlin Nob","floor":14,"turns":4},{"damage":17,"enemies":"Slime Boss","floor":16,"turns":9},{"damage":6,"enemies":"Shell Parasite","floor":18,"turns":3},{"damage":11,"enemies":"3 Byrds","floor":19,"turns":5},{"damage":31,"enemies":"Centurion and Healer","floor":21,"turns":4},{"damage":23,"enemies":"Slavers","floor":23,"turns":6},{"damage":20,"enemies":"Gremlin Leader","floor":25,"turns":3},{"damage":27,"enemies":"Slavers","floor":29,"turns":3},{"damage":12,"enemies":"Snake Plant","floor":31,"turns":2},{"damage":77,"enemies":"Collector","floor":33,"turns":7}],"seed_played":"1906949815602348689","potions_obtained":[{"floor":2,"key":"Dexterity Potion"},{"floor":3,"key":"Block Potion"},{"floor":7,"key":"EssenceOfSteel"},{"floor":12,"key":"Swift Potion"},{"floor":13,"key":"Block Potion"},{"floor":23,"key":"AttackPotion"},{"floor":25,"key":"SpeedPotion"}],"is_trial":false,"path_per_floor":["M","M","M","M","M","R","M","R","T","R","?","E","M","E","R","B",null,"M","M","$","M","?","E","R","E","T","R","?","E","$","M","R","B"],"character_chosen":"IRONCLAD","items_purchased":["Battle Trance","Shrug It Off","Orichalcum"],"campfire_rested":3,"item_purchase_floors":[20,30,30],"current_hp_per_floor":[68,68,74,75,73,73,73,73,73,73,73,53,48,35,59,48,72,72,67,67,42,42,25,49,35,35,50,50,29,29,23,62,0,0],"gold":58,"neow_bonus":"RANDOM_COLORLESS","is_daily":false,"chose_seed":false,"campfire_upgraded":4,"win_rate":0.0,"timestamp":1613668271,"path_taken":["M","M","M","M","M","R","M","R","T","R","?","E","?","E","R","BOSS","M","M","$","M","?","E","R","E","T","R","?","E","?","?","R","BOSS"],"items_purchased_type":["Card","Card","Relic"],"build_version":"2020-12-22","purchased_purges":2,"victory":false,"max_hp_per_floor":[80,80,80,80,80,80,80,80,80,80,80,80,80,80,80,80,80,80,80,80,80,80,80,80,80,80,80,80,80,80,80,80,80,80],"card_choices":[{"not_picked":["Madness","Impatience"],"picked":"Dark Shackles","floor":0},{"not_picked":["Thunderclap","Pummel"],"picked":"Perfected Strike","floor":1},{"not_picked":["Metallicize","Sever Soul"],"picked":"Combust","floor":2},{"not_picked":["Combust","Whirlwind"],"picked":"Body Slam","floor":3},{"not_picked":["Twin Strike","Clash"],"picked":"Pommel Strike","floor":4},{"not_picked":["Clash","Feel No Pain"],"picked":"Cleave","floor":5},{"not_picked":["Entrench","Fiend Fire"],"picked":"Perfected Strike","floor":7},{"not_picked":["Havoc","Anger","Heavy Blade"],"picked":"Power Through","floor":12},{"not_picked":["Sword Boomerang","Body Slam","Flex","Searing Blow"],"picked":"SKIP","floor":13},{"not_picked":["Headbutt","Combust","Brutality"],"picked":"Armaments","floor":14},{"not_picked":["Immolate","Double Tap","Brutality"],"picked":"Offering","floor":16},{"not_picked":["Anger","Havoc","Clash"],"picked":"Headbutt","floor":18},{"not_picked":["Iron Wave","Cleave","Disarm","Rampage"],"picked":"SKIP","floor":19},{"not_picked":["Iron Wave","Cleave","Disarm","Rampage"],"picked":"SKIP","floor":19},{"not_picked":["Rampage+1","Iron Wave","Warcry"],"picked":"Bloodletting","floor":21},{"not_picked":["Reaper","Body Slam+1","Heavy Blade+1"],"picked":"Offering","floor":23},{"not_picked":["Inflame","Ghostly Armor+1","Spot Weakness"],"picked":"Pommel Strike","floor":25},{"not_picked":["Wild Strike","Barricade","Entrench","Anger+1"],"picked":"SKIP","floor":29},{"not_picked":["Sword Boomerang","Havoc+1","Warcry"],"picked":"Perfected Strike","floor":31}],"player_experience":323812,"relics_obtained":[{"floor":9,"key":"Question Card"},{"floor":12,"key":"Centennial Puzzle"},{"floor":14,"key":"Pen Nib"},{"floor":23,"key":"Letter Opener"},{"floor":25,"key":"Eternal Feather"},{"floor":26,"key":"Lantern"},{"floor":29,"key":"Darkstone Periapt"}],"event_choices":[{"damage_healed":0,"gold_gain":0,"player_choice":"Bought 0 Potions","damage_taken":0,"max_hp_gain":0,"max_hp_loss":0,"event_name":"The Woman in Blue","floor":11,"gold_loss":0},{"damage_healed":0,"gold_gain":0,"player_choice":"Simplicity","damage_taken":0,"max_hp_gain":0,"max_hp_loss":0,"event_name":"Back to Basics","floor":22,"gold_loss":0,"cards_upgraded":["Strike_R","Strike_R","Strike_R","Strike_R","Strike_R","Defend_R","Defend_R","Defend_R","Defend_R"]},{"damage_healed":0,"gold_gain":0,"player_choice":"Ignored","damage_taken":0,"max_hp_gain":0,"max_hp_loss":0,"event_name":"Vampires","floor":28,"gold_loss":0}],"is_beta":false,"boss_relics":[{"not_picked":["Runic Cube","Sozu"],"picked":"Astrolabe"}],"items_purged_floors":[20,30],"is_endless":false,"potions_floor_spawned":[2,3,7,12,13,16,23,25],"killed_by":"Collector","ascension_level":13}}