{"host":"u2qrfxkm3wve0vp3","time":1613644571,"event":{"mods":["AchievementEnabler","BaseMod","Downfall","Hermit","Marisa£®ÏF”Í°°ƒß¿Ì…≥£©","Minty Spire (QoL Compilation)","Quick Restart","Shop Mod","StSLib","Td1madao Mod","The Cursed","The Marked","The Poker Player","The Senshi","The Servant 0.9.4"],"gold_per_floor":[117,42,42,42,55,81,81,81,81,97,160,160,175,193,193,291,291,305,318,60,60,75,75,87,118,170,204,219,15,43,60,60,163,163,177,177,197,214,214,245,245,257,257,257,331,341,371,371,371],"floor_reached":48,"language":"ZHS","playtime":1750,"items_purged":["theMarked:Strike","theMarked:Defend","theMarked:Defend"],"score":677,"play_id":"21aa5f4e-40de-4a50-aa2f-d45ff0e43d11","local_time":"20210218183611","is_ascension_mode":false,"campfire_choices":[{"data":"theMarked:SoldierOfQuellstein","floor":7,"key":"SMITH"},{"data":"theMarked:EmpowerWeapon","floor":12,"key":"SMITH"},{"data":"theMarked:ParalyzingBlade","floor":15,"key":"SMITH"},{"data":"theMarked:RogueSparks","floor":23,"key":"SMITH"},{"data":"theMarked:RogueSparks","floor":32,"key":"SMITH"},{"floor":41,"key":"RECALL"}],"circlet_count":0,"master_deck":["theMarked:Strike","theMarked:Strike","theMarked:Strike","theMarked:Strike","theMarked:Defend","theMarked:Defend","theMarked:SoldierOfQuellstein+1","theMarked:EmpowerWeapon+1","theMarked:ChainLightning","theMarked:RogueSparks+1","theMarked:ParalyzingBlade+1","theMarked:Levitate","theMarked:EternalStudent","theMarked:SwordAndMagic","theMarked:RogueSparks+1","theMarked:OneWithTheBlade","theMarked:BindingBlade","theMarked:Panic","theMarked:EternalStudent"],"relics":["theMarked:ArtifactOfAir","NeowsBlessing","Kunai","theMarked:SecretDocuments","CaptainsWheel","Singing Bowl","Velvet Choker","Pantograph","Bag of Marbles","Darkstone Periapt","Orichalcum","bronze:MakeshiftBattery","Blue Candle","Regal Pillow","Molten Egg 2","Pear","Bottled Tornado"],"acts_visited":["Exordium","TheCity","TheBeyond"],"potions_floor_usage":[25,25],"damage_taken":[{"damage":0,"enemies":"Cultist","floor":1,"turns":1},{"damage":0,"enemies":"Jaw Worm","floor":5,"turns":1},{"damage":0,"enemies":"3 Sentries","floor":6,"turns":1},{"damage":0,"enemies":"2 Louse","floor":10,"turns":2},{"damage":11,"enemies":"Gremlin Nob","floor":11,"turns":4},{"damage":5,"enemies":"Looter","floor":13,"turns":3},{"damage":0,"enemies":"3 Louse","floor":14,"turns":2},{"damage":28,"enemies":"Hexaghost","floor":16,"turns":11},{"damage":5,"enemies":"3 Byrds","floor":18,"turns":5},{"damage":10,"enemies":"2 Thieves","floor":19,"turns":3},{"damage":11,"enemies":"3 Cultists","floor":22,"turns":5},{"damage":0,"enemies":"Cultist and Chosen","floor":24,"turns":4},{"damage":0,"enemies":"Gremlin Leader","floor":25,"turns":4},{"damage":0,"enemies":"Book of Stabbing","floor":27,"turns":4},{"damage":10,"enemies":"Snecko","floor":28,"turns":3},{"damage":17,"enemies":"Gremlin Leader","floor":30,"turns":5},{"damage":0,"enemies":"3 Cultists","floor":31,"turns":4},{"damage":24,"enemies":"Collector","floor":33,"turns":8},{"damage":13,"enemies":"3 Darklings","floor":35,"turns":5},{"damage":0,"enemies":"Orb Walker","floor":37,"turns":3},{"damage":8,"enemies":"Writhing Mass","floor":38,"turns":4},{"damage":6,"enemies":"Giant Head","floor":40,"turns":7},{"damage":0,"enemies":"Sphere and 2 Shapes","floor":42,"turns":4},{"damage":0,"enemies":"Maw","floor":46,"turns":5},{"damage":72,"enemies":"Nemesis","floor":47,"turns":7},{"damage":18,"enemies":"Transient","floor":48,"turns":5}],"seed_played":"7624885763593817644","potions_obtained":[{"floor":6,"key":"GamblersBrew"},{"floor":10,"key":"Fire Potion"},{"floor":11,"key":"Guardian:BlockOnCardUsePotion"},{"floor":18,"key":"Regen Potion"},{"floor":22,"key":"EssenceOfSteel"},{"floor":28,"key":"LiquidBronze"},{"floor":30,"key":"Strength Potion"},{"floor":40,"key":"ColorlessPotion"}],"is_trial":false,"path_per_floor":["M","$","?","T","M","E","R","$","T","M","?","R","M","M","R","B",null,"M","M","$","?","M","R","M","E","T","E","M","$","E","M","R","B",null,"M","?","M","M","?","E","R","M","T","?","T","M","E","M"],"character_chosen":"THE_DEFAULT","items_purchased":["theMarked:EternalStudent","theMarked:RogueSparks"],"campfire_rested":0,"item_purchase_floors":[20,29],"current_hp_per_floor":[72,72,69,69,69,69,69,69,69,69,60,60,55,57,57,29,76,73,65,65,65,56,56,56,58,58,60,52,52,37,37,37,38,90,79,74,76,70,72,68,68,70,70,70,80,80,8,0,0],"gold":371,"neow_bonus":"THREE_ENEMY_KILL","is_daily":false,"chose_seed":false,"campfire_upgraded":5,"win_rate":0.0,"timestamp":1613644571,"path_taken":["M","?","?","?","M","E","R","$","T","M","?","R","M","M","R","BOSS","M","M","$","?","M","R","M","E","T","E","M","$","E","M","R","BOSS","M","?","M","M","?","E","R","?","T","?","?","M","E","M"],"items_purchased_type":["Card","Card"],"build_version":"2020-12-22","purchased_purges":3,"victory":false,"max_hp_per_floor":[72,72,72,72,72,72,72,72,72,72,74,74,74,76,76,76,76,78,80,80,80,82,82,82,84,84,86,88,88,90,90,90,90,90,92,92,94,96,98,100,100,102,102,97,107,107,107,107,107],"card_choices":[{"not_picked":["theMarked:WardOff","theMarked:Aftermath"],"picked":"theMarked:EmpowerWeapon","floor":1},{"not_picked":["theMarked:Pokerface","theMarked:Parkour"],"picked":"theMarked:ChainLightning","floor":5},{"not_picked":["theMarked:Convert","theMarked:WardOff"],"picked":"theMarked:RogueSparks","floor":6},{"not_picked":["theMarked:ElectricStrings","theMarked:RepellingDischarge","theMarked:BanishingStrike"],"picked":"SKIP","floor":10},{"not_picked":["theMarked:TunnelVision","theMarked:FavorableWinds","theMarked:EmpowerWeapon"],"picked":"Singing Bowl","floor":11},{"not_picked":["theMarked:RepellingDischarge","theMarked:WardOff"],"picked":"theMarked:ParalyzingBlade","floor":13},{"not_picked":["theMarked:GodGivenPower","theMarked:ChainLightning","theMarked:MuscleMemory"],"picked":"Singing Bowl","floor":14},{"not_picked":["theMarked:FavorableWinds","theMarked:Challenge"],"picked":"theMarked:Levitate","floor":16},{"not_picked":["theMarked:SwordAndMagic","theMarked:ChainLightning+1","theMarked:Improvise"],"picked":"Singing Bowl","floor":18},{"not_picked":["theMarked:TakeCover","theMarked:KeepCalmAndFight","theMarked:ContemptForTheProud"],"picked":"Singing Bowl","floor":19},{"not_picked":["theMarked:ResourceFulStrike+1","theMarked:TwofoldDefense+1","theMarked:TakeCover"],"picked":"Singing Bowl","floor":22},{"not_picked":["theMarked:WardOff","theMarked:ResourceFulStrike"],"picked":"theMarked:SwordAndMagic","floor":24},{"not_picked":["theMarked:BanishingWave+1","theMarked:EnhanceMovement","theMarked:WastefulAttack"],"picked":"Singing Bowl","floor":25},{"not_picked":["theMarked:HeightenedSenses","theMarked:ChainLightning","theMarked:DispelDoubt"],"picked":"Singing Bowl","floor":27},{"not_picked":["theMarked:Determination","theMarked:HeightenedSenses","theMarked:TakeCover+1"],"picked":"Singing Bowl","floor":28},{"not_picked":["theMarked:ContemptForTheProud","theMarked:WastefulAttack","theMarked:Memento"],"picked":"Singing Bowl","floor":30},{"not_picked":["theMarked:Aftermath+1","theMarked:ChainLightning+1"],"picked":"theMarked:OneWithTheBlade","floor":31},{"not_picked":["theMarked:TurnInvisible","theMarked:Defy"],"picked":"theMarked:BindingBlade","floor":33},{"not_picked":["theMarked:EmpowerWeapon+1","theMarked:Opportunist+1","theMarked:SwordAndMagic"],"picked":"Singing Bowl","floor":35},{"not_picked":["theMarked:StartUp","theMarked:Aftermath","theMarked:Seal+1"],"picked":"Singing Bowl","floor":37},{"not_picked":["theMarked:ChainLightning+1","theMarked:Polarize+1","theMarked:BanishingStrike+1"],"picked":"Singing Bowl","floor":38},{"not_picked":["Good Instincts","Blind","Flash of Steel"],"picked":"Singing Bowl","floor":39},{"not_picked":["theMarked:ElectricStrings","theMarked:PowerFlow","theMarked:Vacuum"],"picked":"Singing Bowl","floor":40},{"not_picked":["theMarked:WastefulAttack+1","theMarked:Frustration+1","theMarked:BanishingStrike"],"picked":"Singing Bowl","floor":42},{"not_picked":["theMarked:CreepingChasm+1","theMarked:HeightenedSenses+1"],"picked":"theMarked:Panic","floor":46},{"not_picked":["theMarked:Abjuration+1","theMarked:TakeCover+1"],"picked":"theMarked:EternalStudent","floor":47}],"player_experience":355442,"relics_obtained":[{"floor":4,"key":"theMarked:SecretDocuments"},{"floor":6,"key":"CaptainsWheel"},{"floor":11,"key":"Singing Bowl"},{"floor":25,"key":"Pantograph"},{"floor":26,"key":"Bag of Marbles"},{"floor":27,"key":"Darkstone Periapt"},{"floor":30,"key":"Orichalcum"},{"floor":40,"key":"Regal Pillow"},{"floor":43,"key":"Molten Egg 2"},{"floor":45,"key":"Pear"},{"floor":47,"key":"Bottled Tornado"}],"event_choices":[{"damage_healed":0,"gold_gain":0,"player_choice":"Success","damage_taken":3,"relics_obtained":["Kunai"],"max_hp_gain":0,"max_hp_loss":0,"event_name":"Scrap Ooze","floor":3,"gold_loss":0},{"damage_healed":0,"gold_gain":30,"player_choice":"Searched \u00272\u0027 times","damage_taken":0,"max_hp_gain":0,"max_hp_loss":0,"event_name":"Dead Adventurer","floor":11,"gold_loss":0},{"damage_healed":0,"gold_gain":0,"player_choice":"Ignored","damage_taken":0,"max_hp_gain":0,"max_hp_loss":0,"event_name":"Ghosts","floor":21,"gold_loss":0},{"damage_healed":0,"gold_gain":0,"player_choice":"Memory 1","damage_taken":0,"max_hp_gain":0,"max_hp_loss":0,"event_name":"SensoryStone","floor":39,"gold_loss":0},{"damage_healed":0,"gold_gain":0,"player_choice":"Max HP","damage_taken":0,"max_hp_gain":0,"max_hp_loss":5,"event_name":"Winding Halls","floor":44,"gold_loss":0}],"is_beta":false,"boss_relics":[{"not_picked":["Ectoplasm","theMarked:Eyepatch"],"picked":"Velvet Choker"},{"not_picked":["Tiny House","Fusion Hammer"],"picked":"bronze:MakeshiftBattery"}],"items_purged_floors":[2,20,29],"is_endless":false,"potions_floor_spawned":[6,10,11,18,22,28,30,38,40,42,46],"killed_by":"Transient","ascension_level":0}}