{"host":"8673i1trltb7nj1l","time":1613651590,"event":{"mods":["BaseMod","Colored Map","Colored Powertips","DeckTracker","Highlight Path","Minty Spire (QoL Compilation)","Quick Restart","Random Character Button","Relic Sorter","StSLib","Synergy Search"],"gold_per_floor":[118,118,135,150,150,150,150,183,183,183,9,74,108,18,18,122,122,135,135,135,152,4,4,36,36,63,63,78,108,119,139,139,139,139],"floor_reached":33,"language":"ENG","playtime":3653,"items_purged":[],"score":249,"play_id":"d44300b6-74d7-4634-9f67-01f261f166c9","local_time":"20210218123310","is_ascension_mode":false,"campfire_choices":[{"data":"Shrug It Off","floor":6,"key":"SMITH"},{"floor":10,"key":"REST"},{"floor":15,"key":"REST"},{"floor":23,"key":"REST"},{"floor":27,"key":"REST"},{"floor":32,"key":"REST"}],"circlet_count":0,"master_deck":["Strike_R","Strike_R","Strike_R","Strike_R","Strike_R","Defend_R","Defend_R","Defend_R","Defend_R","Bash","Corruption","Shrug It Off+1","Combust","Flex+1","Armaments","HandOfGreed","Cleave","Perfected Strike","Uppercut","Anger","Berserk","Carnage","Headbutt+1","Enlightenment","Clothesline","Warcry+1","RitualDagger","True Grit","Combust+1","Inflame","Body Slam+1"],"relics":["Burning Blood","NlothsMask","Blue Candle","Fusion Hammer","MutagenicStrength","Pen Nib"],"acts_visited":["Exordium","TheCity"],"potions_floor_usage":[8,16,24,29,30,31],"damage_taken":[{"damage":3,"enemies":"2 Louse","floor":1,"turns":4},{"damage":10,"enemies":"Cultist","floor":3,"turns":6},{"damage":0,"enemies":"Small Slimes","floor":4,"turns":4},{"damage":33,"enemies":"3 Sentries","floor":8,"turns":8},{"damage":45,"enemies":"Exordium Wildlife","floor":12,"turns":7},{"damage":2,"enemies":"2 Fungi Beasts","floor":13,"turns":4},{"damage":58,"enemies":"Hexaghost","floor":16,"turns":11},{"damage":4,"enemies":"3 Byrds","floor":18,"turns":3},{"damage":47,"enemies":"Shell Parasite","floor":21,"turns":6},{"damage":18,"enemies":"Cultist and Chosen","floor":24,"turns":6},{"damage":12,"enemies":"Snecko","floor":28,"turns":4},{"damage":26,"enemies":"3 Cultists","floor":29,"turns":6},{"damage":27,"enemies":"Snake Plant","floor":30,"turns":4},{"damage":30,"enemies":"Cultist and Chosen","floor":31,"turns":6},{"damage":57,"enemies":"Champ","floor":33,"turns":6}],"seed_played":"-1116180091285987896","potions_obtained":[{"floor":4,"key":"SteroidPotion"},{"floor":13,"key":"Strength Potion"},{"floor":21,"key":"ColorlessPotion"},{"floor":24,"key":"Fruit Juice"},{"floor":28,"key":"BloodPotion"},{"floor":29,"key":"PowerPotion"}],"is_trial":false,"path_per_floor":["M","?","M","M","?","R","?","E","T","R","$","M","M","$","R","B",null,"M","?","?","M","$","R","M","?","T","R","M","M","M","M","R","B"],"character_chosen":"IRONCLAD","items_purchased":["HandOfGreed","Uppercut","Anger","Enlightenment","Clothesline"],"campfire_rested":5,"item_purchase_floors":[11,14,14,22,22],"current_hp_per_floor":[80,80,76,80,80,80,80,53,53,77,77,38,42,42,66,14,80,80,80,65,24,24,49,42,36,36,63,57,37,34,10,37,0,0],"gold":139,"neow_bonus":"ONE_RANDOM_RARE_CARD","is_daily":false,"chose_seed":false,"campfire_upgraded":1,"win_rate":0.0,"timestamp":1613651590,"path_taken":["M","?","?","M","?","R","?","E","T","R","$","M","M","$","R","BOSS","M","?","?","M","?","R","M","?","T","R","M","?","M","M","R","BOSS"],"items_purchased_type":["Card","Card","Card","Card","Card"],"build_version":"2020-12-22","purchased_purges":0,"victory":false,"max_hp_per_floor":[80,80,80,80,80,80,80,80,80,80,80,80,80,80,80,80,80,80,80,85,85,85,85,90,90,90,90,90,90,90,90,90,90,90],"card_choices":[{"not_picked":["Metallicize","True Grit"],"picked":"Shrug It Off","floor":1},{"not_picked":["Clash","Havoc"],"picked":"Combust","floor":3},{"not_picked":["Shrug It Off","Whirlwind"],"picked":"Flex","floor":4},{"not_picked":["Ghostly Armor","Body Slam"],"picked":"Armaments","floor":8},{"not_picked":["Bloodletting","Sword Boomerang"],"picked":"Cleave","floor":12},{"not_picked":["Reckless Charge","Cleave"],"picked":"Perfected Strike","floor":13},{"not_picked":["Reaper","Limit Break"],"picked":"Berserk","floor":16},{"not_picked":["Clash","Uppercut"],"picked":"Carnage","floor":18},{"not_picked":["Feel No Pain","True Grit+1"],"picked":"Headbutt+1","floor":21},{"not_picked":["Battle Trance+1","Iron Wave"],"picked":"Warcry+1","floor":24},{"not_picked":["Cleave","Armaments"],"picked":"True Grit","floor":28},{"not_picked":["Flex","Warcry"],"picked":"Combust+1","floor":29},{"not_picked":["Anger","Pommel Strike+1"],"picked":"Inflame","floor":30},{"not_picked":["Shrug It Off","Warcry+1"],"picked":"Body Slam+1","floor":31}],"player_experience":79797,"relics_obtained":[{"floor":8,"key":"Blue Candle"},{"floor":26,"key":"Pen Nib"}],"event_choices":[{"damage_healed":0,"gold_gain":0,"player_choice":"Trade","damage_taken":0,"relics_obtained":["NlothsMask"],"max_hp_gain":0,"max_hp_loss":0,"event_name":"FaceTrader","floor":2,"gold_loss":0},{"damage_healed":0,"gold_gain":0,"player_choice":"Ignored","damage_taken":0,"max_hp_gain":0,"max_hp_loss":0,"event_name":"Liars Game","floor":5,"gold_loss":0},{"damage_healed":0,"gold_gain":0,"player_choice":"Grow","damage_taken":0,"max_hp_gain":0,"max_hp_loss":0,"event_name":"Living Wall","floor":7,"gold_loss":0,"cards_upgraded":["Flex"]},{"damage_healed":0,"gold_gain":0,"player_choice":"Inject Mutagens","damage_taken":0,"relics_obtained":["MutagenicStrength"],"max_hp_gain":0,"max_hp_loss":0,"event_name":"Drug Dealer","floor":19,"gold_loss":0},{"damage_healed":0,"gold_gain":0,"player_choice":"Shed Blood","damage_taken":20,"max_hp_gain":5,"max_hp_loss":0,"event_name":"Forgotten Altar","floor":20,"gold_loss":0},{"damage_healed":0,"gold_gain":0,"player_choice":"Joined the Cult","damage_taken":6,"max_hp_gain":0,"max_hp_loss":0,"event_name":"Nest","floor":25,"gold_loss":0,"cards_obtained":["RitualDagger"]}],"is_beta":false,"boss_relics":[{"not_picked":["Busted Crown","Sozu"],"picked":"Fusion Hammer"}],"items_purged_floors":[],"is_endless":false,"potions_floor_spawned":[4,13,21,24,28,29],"killed_by":"Champ","ascension_level":0}}