{"host":"u9h06qdlnp3wgzsw","time":1613627722,"event":{"mods":["Act Like it!","BaseMod","Conspire","Curses Come First","Downfall","Hallownest","Hermit","Hubris","Minty Spire (QoL Compilation)","Quick Restart","Rare Cards Sparkle","Replay The Spire","Shop Mod","StSLib","The Disciple","The Hierophant","The Servant 0.9.4"],"gold_per_floor":[117,133,148,159,234,234,264,77,127,139,139,139,153,168,168,273,273,273,32,32,42,42,69,69,69,69,95,105,55,55,67,67,164,164,184,211,495,520,194,222,222,240,240,250,270,42,79,93,93,93,93,93,43,72,72],"floor_reached":56,"language":"ENG","playtime":10589,"items_purged":["Strike_R","Defend_R","Regret","Parasite"],"score":1074,"play_id":"7db685b8-a7c5-43c5-ace5-cdcaf39c923d","local_time":"20210218005522","is_ascension_mode":false,"campfire_choices":[{"floor":11,"key":"REST"},{"data":"ReplayTheSpireMod:Brewmster","floor":15,"key":"SMITH"},{"data":"Rampage","floor":25,"key":"SMITH"},{"floor":30,"key":"RECALL"},{"floor":41,"key":"REST"},{"data":"Rage","floor":52,"key":"SMITH"}],"circlet_count":0,"master_deck":["Defend_R+1","Defend_R+1","Defend_R+1","Iron Wave","Pommel Strike","ReplayTheSpireMod:Brewmster+1","Burning Pact","Evolve","conspire:Purge","Bite","Bite","Bite","Bite","Bite","Rampage+1","Armaments+1","Rage+1","Exhume","Anger+1","Hemogenesis","Double Tap"],"relics":["Burning Blood","Sundial","Ring of Peace","Runic Cube","Membership Card","ReplayTheSpireMod:Ninjato","Happy Flower","Runic Pyramid","hubris:EmptyBottle","ReplayTheSpireMod:Spearhead","Replay:Bottled Steam","Potion Belt","TheAbacus","hubris:ToyBattleship","MerchantsRug","Oddly Smooth Stone","Boot"],"acts_visited":["Exordium","TheCity","TheBeyond","TheEnding"],"potions_floor_usage":[7,7,13,13,13,16,16,16,16,16,16,18,18,18,21,21,21,21,21,21,23,23,23,23,23,23,23,27,27,27,27,27,27,27,27,28,28,28,28,28,28,28,31,31,31,31,33,33,33,33,33,33,33,33,33,35,35,38,38,40,40,40,40,40,40,42,42,42,42,42,42,42,42,42,42,42,42,44,44,44,44,44,44,44,44,44,45,45,45,45,45,45,45,47,47,47,47,47,47,47,47,47,47,47,48,48,48,48,48,50,50,50,50,50,50,50,50,50,50,50,50,50,50,50,50,50,50,50,54,54,54,54,54,54,54,54,54,54,54,55,55,55,55,55,55,55,55,55,55,55,55,55,55,55,55,55],"damage_taken":[{"damage":5,"enemies":"Cultist","floor":1,"turns":4},{"damage":3,"enemies":"Jaw Worm","floor":2,"turns":4},{"damage":1,"enemies":"conspire:RoseBush","floor":3,"turns":4},{"damage":15,"enemies":"3 Louse","floor":4,"turns":6},{"damage":49,"enemies":"Lagavulin","floor":7,"turns":6},{"damage":9,"enemies":"Blue Slaver","floor":10,"turns":6},{"damage":3,"enemies":"Large Slime","floor":13,"turns":4},{"damage":6,"enemies":"2 Fungi Beasts","floor":14,"turns":5},{"damage":30,"enemies":"Fading Forest","floor":16,"turns":11},{"damage":29,"enemies":"conspire:FuzzyDice","floor":18,"turns":4},{"damage":0,"enemies":"3 Byrds","floor":21,"turns":7},{"damage":68,"enemies":"Slavers","floor":23,"turns":7},{"damage":33,"enemies":"conspire:SneckoGhost","floor":27,"turns":11},{"damage":10,"enemies":"Cultist and Chosen","floor":28,"turns":5},{"damage":6,"enemies":"Snecko","floor":31,"turns":6},{"damage":38,"enemies":"conspire:MysteriousRune","floor":33,"turns":9},{"damage":48,"enemies":"3 Shapes","floor":35,"turns":5},{"damage":16,"enemies":"Orb Walker","floor":38,"turns":4},{"damage":20,"enemies":"R_Hoarder","floor":40,"turns":7},{"damage":18,"enemies":"Maw","floor":42,"turns":10},{"damage":26,"enemies":"Sphere and 2 Shapes","floor":44,"turns":6},{"damage":0,"enemies":"Writhing Mass","floor":45,"turns":5},{"damage":22,"enemies":"Reptomancer","floor":47,"turns":5},{"damage":0,"enemies":"Transient","floor":48,"turns":5},{"damage":19,"enemies":"Replay:Hell Engine","floor":50,"turns":9},{"damage":22,"enemies":"Shield and Spear","floor":54,"turns":6},{"damage":102,"enemies":"The Heart","floor":55,"turns":11}],"seed_played":"4795378859931876434","potions_obtained":[{"floor":2,"key":"conspire:TimeTravelPotion"},{"floor":4,"key":"Toxic Potion"},{"floor":7,"key":"Doom Potion"},{"floor":10,"key":"Strength Potion"},{"floor":27,"key":"Fruit Juice"},{"floor":31,"key":"champ:CounterPotion"},{"floor":33,"key":"Reflective Coating"},{"floor":35,"key":"Venom Potion"},{"floor":38,"key":"Elixir"},{"floor":47,"key":"AttackPotion"},{"floor":49,"key":"DuplicationPotion"},{"floor":49,"key":"DistilledChaos"}],"is_trial":false,"path_per_floor":["M","M","M","M","?","?","E","$","T","M","R","?","M","M","R","B",null,"M","$","?","M","?","E","?","R","T","E","M","$","R","M","R","B",null,"M","T","?","M","$","E","R","M","T","M","M","$","E","M","R","B",null,"R","$","E","B",null],"character_chosen":"IRONCLAD","items_purchased":["ReplayTheSpireMod:Brewmster","Membership Card","EssenceOfSteel","hubris:EmptyBottle","Replay:Baseball","ReplayTheSpireMod:Spearhead","CultistPotion","Potion Belt","TheAbacus","Energy Potion","MerchantsRug","Oddly Smooth Stone","Hemogenesis"],"campfire_rested":2,"item_purchase_floors":[8,19,19,39,39,39,39,46,46,46,53,53,53],"current_hp_per_floor":[88,88,88,79,68,61,36,36,36,33,59,59,62,62,62,77,88,65,65,88,88,61,45,45,45,45,49,59,59,59,66,66,55,66,39,39,39,43,43,44,63,65,65,66,66,63,63,63,63,63,63,63,63,63,63],"gold":72,"neow_bonus":"TEN_PERCENT_HP_BONUS","is_daily":false,"chose_seed":false,"campfire_upgraded":3,"win_rate":0.0,"timestamp":1613627722,"path_taken":["M","?","M","M","?","?","E","$","T","M","R","?","M","M","R","BOSS","M","$","?","M","?","E","?","R","T","E","M","?","R","M","R","BOSS","M","?","?","M","$","E","R","M","T","M","M","$","E","?","R","BOSS","R","$","E","BOSS"],"items_purchased_type":["Card","Relic","Potion","Relic","Relic","Relic","Potion","Relic","Relic","Potion","Relic","Relic","Card"],"build_version":"2020-12-22","purchased_purges":4,"victory":true,"max_hp_per_floor":[88,88,88,88,88,88,88,88,88,88,88,88,88,88,88,88,88,88,88,88,88,61,61,61,61,61,66,66,66,66,66,66,66,66,66,66,66,66,66,66,66,66,66,66,66,63,63,63,63,63,63,63,63,63,63],"card_choices":[{"not_picked":["Anger","Twin Strike","Spot Weakness"],"picked":"SKIP","floor":1},{"not_picked":["Perfected Strike","Anger","Havoc"],"picked":"SKIP","floor":2},{"not_picked":["Intimidate","Sentinel","Perfected Strike"],"picked":"SKIP","floor":3},{"not_picked":["Replay:Undeath\u0027s Touch","Reckless Charge"],"picked":"Iron Wave","floor":4},{"not_picked":["Flex","True Grit"],"picked":"Pommel Strike","floor":7},{"not_picked":["Power Through","Uppercut"],"picked":"Cleave","floor":10},{"not_picked":["Seeing Red","Searing Blow"],"picked":"Burning Pact","floor":13},{"not_picked":["Perfected Strike","ReplayTheSpireMod:Corrosion Curse"],"picked":"Evolve","floor":14},{"not_picked":["Replay:Many Hands","Corruption"],"picked":"conspire:Purge","floor":16},{"not_picked":["True Grit","Run Through","Ghostly Armor"],"picked":"SKIP","floor":21},{"not_picked":["Perfected Strike","Life Link"],"picked":"Rampage","floor":23},{"not_picked":["Clash+1","Seeing Red"],"picked":"Armaments+1","floor":27},{"not_picked":["Perfected Strike","Replay:Undeath\u0027s Touch"],"picked":"Rage","floor":28},{"not_picked":["Armaments","Bloodletting","Uppercut"],"picked":"SKIP","floor":31},{"not_picked":["Impervious","conspire:Purge"],"picked":"Exhume","floor":33},{"not_picked":["Wild Strike","Carnage+1"],"picked":"ReplayTheSpireMod:Strike From Hell+1","floor":35},{"not_picked":["Entrench","Wild Strike+1"],"picked":"Cleave+1","floor":38},{"not_picked":["Carnage","Heavy Blade+1","Limit Break"],"picked":"SKIP","floor":40},{"not_picked":["Anger+1","Twin Strike","Replay:Undeath\u0027s Touch"],"picked":"SKIP","floor":42},{"not_picked":["Thunderclap","ReplayTheSpireMod:Corrosion Curse+1","Headbutt+1"],"picked":"SKIP","floor":44},{"not_picked":["Intimidate+1","Anger+1","Burning Pact"],"picked":"SKIP","floor":45},{"not_picked":["ReplayTheSpireMod:Strike From Hell","Havoc+1"],"picked":"Anger+1","floor":47},{"not_picked":["Feed","Havoc+1","ReplayReversal"],"picked":"SKIP","floor":48},{"not_picked":["Cleave+1","Brutality"],"picked":"Double Tap","floor":54}],"player_experience":1065596,"relics_obtained":[{"floor":7,"key":"Sundial"},{"floor":9,"key":"Smiling Mask"},{"floor":12,"key":"Ring of Peace"},{"floor":23,"key":"ReplayTheSpireMod:Ninjato"},{"floor":27,"key":"Happy Flower"},{"floor":36,"key":"CeramicFish"},{"floor":40,"key":"Gremlin Horn"},{"floor":43,"key":"Replay:Bottled Steam"},{"floor":47,"key":"hubris:ToyBattleship"},{"floor":54,"key":"Boot"}],"event_choices":[{"damage_healed":0,"gold_gain":75,"player_choice":"Gather Gold","damage_taken":11,"max_hp_gain":0,"max_hp_loss":0,"event_name":"World of Goop","floor":5,"gold_loss":0},{"cards_removed":["Strike_R"],"damage_healed":0,"gold_gain":0,"player_choice":"Card Removal","damage_taken":7,"max_hp_gain":0,"max_hp_loss":0,"event_name":"Golden Wing","floor":6,"gold_loss":0},{"damage_healed":29,"gold_gain":0,"player_choice":"Heal","damage_taken":0,"max_hp_gain":0,"max_hp_loss":0,"event_name":"The Library","floor":20,"gold_loss":0},{"damage_healed":0,"gold_gain":0,"player_choice":"Became a vampire","damage_taken":0,"max_hp_gain":0,"max_hp_loss":27,"event_name":"Vampires","floor":22,"gold_loss":0,"cards_obtained":["Bite","Bite","Bite","Bite","Bite"]},{"damage_healed":0,"gold_gain":0,"player_choice":"Simplicity","damage_taken":0,"max_hp_gain":0,"max_hp_loss":0,"event_name":"Back to Basics","floor":32,"gold_loss":0,"cards_upgraded":["Defend_R","Defend_R","Defend_R"]},{"damage_healed":0,"gold_gain":275,"player_choice":"Desecrate","damage_taken":0,"max_hp_gain":0,"max_hp_loss":0,"event_name":"Golden Shrine","floor":37,"gold_loss":0,"cards_obtained":["Regret"]}],"is_beta":false,"boss_relics":[{"not_picked":["Black Star","Pandora\u0027s Box"],"picked":"Runic Cube"},{"not_picked":["hubris:BlackHole","Replay:Drink Me"],"picked":"Runic Pyramid"}],"items_purged_floors":[19,29,39,46],"is_endless":false,"potions_floor_spawned":[2,4,7,10,16,21,27,31,33,35,38,47],"ascension_level":0}}