{"host":"y64g3erquapiaw2n","time":1613629619,"event":{"mods":["BaseMod","Colored Map","Colored Powertips","Downfall","Googly Eyes","Minty Spire (QoL Compilation)","Quick Restart","Rare Cards Sparkle","StSLib"],"gold_per_floor":[99,116,116,116,116,291,318,593,2,32,32,50,82,22,37,136,136,136,150,169,169,185,205,205,225,225,225,259,22,22,7,26,126,126,126,140,140,140,165,179,233,243,259,259,272,287,287,287,287,287],"floor_reached":48,"language":"ENG","playtime":5336,"items_purged":["Regret"],"score":535,"play_id":"649bcbb4-d55a-4838-a720-de27be977c2c","local_time":"20210218012659","is_ascension_mode":false,"campfire_choices":[{"data":"Guardian:TwinSlam","floor":1,"key":"SMITH"},{"data":"Guardian:FloatingOrbs","floor":11,"key":"SMITH"},{"data":"Guardian:StasisField","floor":18,"key":"SMITH"},{"data":"Guardian:TimeSifter","floor":35,"key":"SMITH"},{"floor":44,"key":"REST"},{"floor":47,"key":"REST"}],"circlet_count":0,"master_deck":["Guardian:Strike_Guardian","Guardian:Strike_Guardian","Guardian:Strike_Guardian","Guardian:Strike_Guardian","Guardian:Defend_Guardian","Guardian:Defend_Guardian","Guardian:Defend_Guardian","Guardian:Defend_Guardian","Guardian:CurlUp","Guardian:TwinSlam+1","Guardian:TemporalStrike","Doubt","Guardian:FloatingOrbs+1","Guardian:Incinerate","Guardian:PiercingHide","Guardian:ArmoredProtocol","Guardian:Planning","Guardian:PolyBeam","Guardian:FastForward","Guardian:Recover","Guardian:PolyBeam","Guardian:StasisField+1","Guardian:RollAttack","Guardian:TimeBomb","Guardian:ShieldCharger","Guardian:Incinerate","Guardian:SentryBeam","Guardian:Suspension","Guardian:Preprogram","Guardian:Reroute","Guardian:FloatingOrbs+1","Guardian:TimeSifter+1","Guardian:CrystalBeam","Guardian:BronzeArmor+1","Parasite","Guardian:PiercingHide","Guardian:TimeBomb","Guardian:FastForward"],"relics":["Guardian:ModeShifter","FossilizedHelix","Boot","Bottled Flame","Black Star","downfall:RedIOU","Guardian:PickAxe","Pocketwatch","Nunchaku","Lee\u0027s Waffle","Orichalcum","Ancient Tea Set"],"acts_visited":["Exordium","TheCity","TheBeyond"],"potions_floor_usage":[29,33,48],"damage_taken":[{"damage":5,"enemies":"Small Slimes","floor":2,"turns":3},{"damage":0,"enemies":"Cultist","floor":5,"turns":1},{"damage":4,"enemies":"downfall:FleeingMerchant","floor":9,"turns":4},{"damage":19,"enemies":"3 Sentries","floor":10,"turns":9},{"damage":0,"enemies":"Jaw Worm","floor":12,"turns":5},{"damage":8,"enemies":"Gremlin Nob","floor":13,"turns":4},{"damage":0,"enemies":"downfall:FleeingMerchant","floor":14,"turns":4},{"damage":0,"enemies":"Large Slime","floor":15,"turns":5},{"damage":13,"enemies":"WA_ARCHETYPE_RETAIN","floor":16,"turns":6},{"damage":4,"enemies":"3 Byrds","floor":19,"turns":2},{"damage":10,"enemies":"Spheric Guardian","floor":20,"turns":6},{"damage":0,"enemies":"Cultist and Chosen","floor":22,"turns":6},{"damage":15,"enemies":"Snake Plant","floor":23,"turns":4},{"damage":25,"enemies":"Shelled Parasite and Fungi","floor":25,"turns":5},{"damage":30,"enemies":"Slavers","floor":28,"turns":6},{"damage":0,"enemies":"downfall:FleeingMerchant","floor":29,"turns":4},{"damage":0,"enemies":"downfall:FleeingMerchant","floor":31,"turns":4},{"damage":9,"enemies":"3 Cultists","floor":32,"turns":6},{"damage":52,"enemies":"DF_ARCHETYPE_CLAW","floor":33,"turns":9},{"damage":12,"enemies":"Orb Walker","floor":36,"turns":5},{"damage":12,"enemies":"3 Shapes","floor":40,"turns":4},{"damage":10,"enemies":"Jaw Worm Horde","floor":42,"turns":6},{"damage":18,"enemies":"Writhing Mass","floor":43,"turns":6},{"damage":9,"enemies":"Sphere and 2 Shapes","floor":45,"turns":6},{"damage":55,"enemies":"Maw","floor":46,"turns":9},{"damage":40,"enemies":"Spire Growth","floor":48,"turns":4}],"seed_played":"-6765083640717673879","potions_obtained":[{"floor":10,"key":"Ancient Potion"},{"floor":15,"key":"Weak Potion"},{"floor":25,"key":"LiquidBronze"},{"floor":33,"key":"Strength Potion"},{"floor":36,"key":"Block Potion"}],"is_trial":false,"path_per_floor":["R","M","?","?","M","?","T","?","$","E","R","M","E","$","M","B",null,"R","M","M","?","M","M","T","M","?","?","E","$","R","$","M","B",null,"R","M","?","?","T","M","T","M","M","R","M","M","R","M"],"character_chosen":"GUARDIAN","items_purchased":["FossilizedHelix","Guardian:Incinerate","Guardian:Gem_Cyan","Guardian:PiercingHide","Guardian:ArmoredProtocol","Guardian:Recover","Lee\u0027s Waffle","Guardian:Preprogram"],"campfire_rested":2,"item_purchase_floors":[9,9,9,9,9,14,29,29],"current_hp_per_floor":[88,83,83,83,83,83,83,83,79,60,60,60,52,52,52,39,88,88,84,74,74,74,59,59,34,34,34,4,95,95,95,86,34,95,95,83,83,83,83,71,71,61,43,71,62,7,35,0,0,0],"gold":287,"neow_bonus":"TEN_PERCENT_HP_BONUS","is_daily":false,"chose_seed":false,"campfire_upgraded":4,"win_rate":0.0,"timestamp":1613629619,"path_taken":["R","M","?","?","M","?","T","?","$","E","R","M","E","$","M","BOSS","R","M","?","?","M","M","T","M","?","?","E","$","R","?","M","BOSS","R","M","?","?","?","M","T","M","M","R","M","M","R","?"],"items_purchased_type":["Relic","Card","Card","Card","Card","Card","Relic","Card"],"build_version":"2020-12-22","purchased_purges":1,"victory":false,"max_hp_per_floor":[88,88,88,88,88,88,88,88,88,88,88,88,88,88,88,88,88,88,88,88,88,88,88,88,88,88,88,88,95,95,95,95,95,95,95,95,95,95,95,95,95,95,95,95,95,95,95,95,95,95],"card_choices":[{"not_picked":["Guardian:Preprogram","Guardian:TemporalShield"],"picked":"Guardian:Gem_Lightblue","floor":2},{"not_picked":["Guardian:PolyBeam","Guardian:ShieldCharger"],"picked":"Guardian:TemporalStrike","floor":5},{"not_picked":["Guardian:Gem_Green","Guardian:ShieldSpikes"],"picked":"Guardian:FloatingOrbs","floor":9},{"not_picked":["Guardian:TemporalStrike","Guardian:GuardianWhirl"],"picked":"Guardian:Planning","floor":10},{"not_picked":["Guardian:CrystalBeam","Guardian:TemporalShield"],"picked":"Guardian:PolyBeam","floor":12},{"not_picked":["Guardian:Gem_Green","Guardian:PiercingHide"],"picked":"Guardian:Gem_Yellow","floor":13},{"not_picked":["Guardian:Reroute","Guardian:BronzeOrb"],"picked":"Guardian:FastForward","floor":14},{"not_picked":["Guardian:TemporalShield","Guardian:Planning"],"picked":"Guardian:PolyBeam","floor":15},{"not_picked":["Guardian:BaubleBeam","Guardian:Gem_Synthetic"],"picked":"Guardian:StasisField","floor":16},{"not_picked":["Guardian:Incinerate","Guardian:PiercingHide"],"picked":"Guardian:RollAttack","floor":19},{"not_picked":["Guardian:Gem_Blue","Guardian:ChargeCore"],"picked":"Guardian:TimeBomb","floor":20},{"not_picked":["Guardian:WalkerClaw+1","Guardian:SpikerProtocol"],"picked":"Guardian:Repulse","floor":22},{"not_picked":["Guardian:Gem_Green","Guardian:Planning"],"picked":"Guardian:ShieldCharger","floor":23},{"not_picked":["Guardian:WalkerClaw","Guardian:ShieldSpikes"],"picked":"Guardian:Incinerate","floor":25},{"not_picked":["Guardian:Planning+1","Guardian:VentSteam+1"],"picked":"Guardian:SentryBeam","floor":28},{"not_picked":["Guardian:PrismaticBeam+1","Guardian:Gem_White"],"picked":"Guardian:Suspension","floor":29},{"not_picked":["Guardian:MultiBeam+1","Guardian:ShieldCharger"],"picked":"Guardian:Reroute","floor":31},{"not_picked":["Guardian:Preprogram","Guardian:Recover"],"picked":"Guardian:FloatingOrbs+1","floor":32},{"not_picked":["Guardian:FastForward","Guardian:BaubleBeam"],"picked":"Guardian:TimeSifter","floor":33},{"not_picked":["Guardian:MultiBeam+1","Guardian:Gem_Cyan"],"picked":"Guardian:Gem_Red","floor":36},{"not_picked":["Guardian:WalkerClaw+1","Guardian:Preprogram"],"picked":"Guardian:CrystalBeam","floor":40},{"not_picked":["Guardian:SpikerProtocol+1","Guardian:Reroute"],"picked":"Guardian:BronzeArmor+1","floor":42},{"not_picked":["Guardian:Incinerate","Guardian:DecasProtection"],"picked":"Guardian:PiercingHide","floor":43},{"not_picked":["Guardian:MultiBeam+1","Guardian:WalkerClaw+1"],"picked":"Guardian:TimeBomb","floor":45},{"not_picked":["Guardian:EvasiveProtocol","Guardian:SpikerProtocol+1"],"picked":"Guardian:FastForward","floor":46}],"player_experience":61685,"relics_obtained":[{"floor":7,"key":"Centennial Puzzle"},{"floor":10,"key":"Boot"},{"floor":13,"key":"Bottled Flame"},{"floor":24,"key":"Guardian:PickAxe"},{"floor":28,"key":"Pocketwatch"},{"floor":28,"key":"Nunchaku"},{"floor":39,"key":"Orichalcum"},{"floor":41,"key":"Ancient Tea Set"}],"event_choices":[{"damage_healed":0,"gold_gain":0,"player_choice":"Ignored","damage_taken":0,"max_hp_gain":0,"max_hp_loss":0,"event_name":"Ghosts","floor":26,"gold_loss":0},{"cards_removed":["Guardian:Repulse"],"damage_healed":0,"gold_gain":0,"player_choice":"Removed Power","damage_taken":0,"max_hp_gain":0,"max_hp_loss":0,"event_name":"Falling","floor":38,"gold_loss":0}],"is_beta":false,"boss_relics":[{"not_picked":["Calling Bell","Philosopher\u0027s Stone"],"picked":"Black Star"},{"not_picked":["Empty Cage","Snecko Eye","Cursed Key"]}],"items_purged_floors":[9],"is_endless":false,"potions_floor_spawned":[10,15,25,28,33,36,46],"killed_by":"Spire Growth","ascension_level":0}}