{"host":"to2s10i0cynxbiqz","time":1613646635,"event":{"mods":["BaseMod","Colored Powertips","Minty Spire (QoL Compilation)","Quick Restart","StSLib"],"gold_per_floor":[111,124,3,3,3,37,37,48,48,68,68,88,120,136,136,241,241],"floor_reached":16,"language":"ZHS","playtime":730,"items_purged":["Strike_R"],"score":243,"play_id":"1b5001e2-7ec7-4077-961d-485284522c7c","local_time":"20210218191035","is_ascension_mode":true,"campfire_choices":[{"data":"Seeing Red","floor":7,"key":"SMITH"},{"floor":15,"key":"REST"}],"circlet_count":0,"master_deck":["Strike_R+1","Strike_R","Strike_R","Defend_R","Defend_R","Defend_R","Defend_R+1","Bash","Seeing Red+1","Pommel Strike","Exhume","Searing Blow","Shrug It Off+1"],"relics":["Burning Blood","NeowsBlessing","Ancient Tea Set","Pocketwatch","Toxic Egg 2","Question Card"],"acts_visited":["Exordium"],"potions_floor_usage":[12,13,16],"damage_taken":[{"damage":0,"enemies":"Cultist","floor":1,"turns":1},{"damage":0,"enemies":"Small Slimes","floor":2,"turns":1},{"damage":0,"enemies":"Gremlin Nob","floor":6,"turns":1},{"damage":0,"enemies":"2 Louse","floor":8,"turns":2},{"damage":0,"enemies":"Large Slime","floor":10,"turns":3},{"damage":1,"enemies":"Exordium Wildlife","floor":12,"turns":4},{"damage":20,"enemies":"Lagavulin","floor":13,"turns":4},{"damage":30,"enemies":"Gremlin Gang","floor":14,"turns":7},{"damage":42,"enemies":"Slime Boss","floor":16,"turns":12}],"seed_played":"-8131896646804703108","potions_obtained":[{"floor":2,"key":"EssenceOfSteel"},{"floor":12,"key":"SteroidPotion"},{"floor":14,"key":"ColorlessPotion"},{"floor":16,"key":"DuplicationPotion"}],"is_trial":false,"path_per_floor":["M","M","$","?","?","E","R","M","T","M","?","M","E","M","R","B"],"character_chosen":"IRONCLAD","items_purchased":["Pommel Strike"],"campfire_rested":1,"item_purchase_floors":[3],"current_hp_per_floor":[78,80,80,73,57,63,63,69,69,75,68,73,59,35,59,23,23],"gold":241,"neow_bonus":"THREE_ENEMY_KILL","is_daily":false,"chose_seed":false,"campfire_upgraded":1,"win_rate":0.0,"timestamp":1613646635,"path_taken":["M","?","?","?","?","E","R","M","T","M","?","M","E","M","R","BOSS"],"items_purchased_type":["Card"],"build_version":"2020-12-22","purchased_purges":1,"victory":false,"max_hp_per_floor":[80,80,80,80,80,80,80,80,80,80,80,80,80,80,80,80,80],"card_choices":[{"not_picked":["Headbutt","Heavy Blade","Cleave"],"picked":"SKIP","floor":1},{"not_picked":["Headbutt","Havoc"],"picked":"Seeing Red","floor":2},{"not_picked":["Pummel","Iron Wave"],"picked":"Exhume","floor":6},{"not_picked":["Twin Strike","Armaments"],"picked":"Searing Blow","floor":8},{"not_picked":["Clothesline","Wild Strike","Metallicize"],"picked":"SKIP","floor":10},{"not_picked":["Body Slam","Metallicize","Havoc+1"],"picked":"SKIP","floor":12},{"not_picked":["Blood for Blood","Body Slam"],"picked":"Shrug It Off+1","floor":13},{"not_picked":["Pummel","Sword Boomerang","Cleave","Rampage"],"picked":"SKIP","floor":14}],"player_experience":251763,"relics_obtained":[{"floor":6,"key":"Pocketwatch"},{"floor":9,"key":"Toxic Egg 2"},{"floor":13,"key":"Question Card"}],"event_choices":[{"damage_healed":0,"gold_gain":0,"player_choice":"Success","damage_taken":7,"relics_obtained":["Ancient Tea Set"],"max_hp_gain":0,"max_hp_loss":0,"event_name":"Scrap Ooze","floor":4,"gold_loss":0},{"damage_healed":0,"gold_gain":0,"player_choice":"Entered Light","damage_taken":16,"max_hp_gain":0,"max_hp_loss":0,"event_name":"Shining Light","floor":5,"gold_loss":0,"cards_upgraded":["Defend_R","Strike_R"]},{"cards_removed":["Strike_R"],"damage_healed":0,"gold_gain":0,"player_choice":"Card Removal","damage_taken":7,"max_hp_gain":0,"max_hp_loss":0,"event_name":"Golden Wing","floor":11,"gold_loss":0}],"is_beta":false,"boss_relics":[],"items_purged_floors":[3],"is_endless":false,"potions_floor_spawned":[2,12,14,16],"killed_by":"Slime Boss","ascension_level":6}}