{"host":"5qewjvycy34u7aeo","time":1613677134,"event":{"mods":["BaseMod","Downfall","GifTheSpireLib","Hubris","Infinite Spire","Minty Spire (QoL Compilation)","Permanent Neow","Replay The Spire","StSLib","Wandering Minibosses"],"gold_per_floor":[119,132,132,132,152,152,170,170,170,199,215,233,244,244,244,341,341,356,179,191,202,213,213,228,228,228,228,260,310,310,321,321,425,425,445,455,775,525,540,540,567,595,607,619,631,676,688,796,820,1007,1007,1007,1007],"floor_reached":52,"language":"ENG","playtime":3150,"items_purged":["Strike_B","Strike_B","Strike_B","Defend_B"],"score":697,"play_id":"f5309498-c5e3-44f3-be44-f26b9cb36de3","local_time":"20210218133854","is_ascension_mode":true,"campfire_choices":[{"data":"Conserve Battery","floor":6.0,"key":"SMITH"},{"data":"Defragment","floor":8.0,"key":"SMITH"},{"data":"Zap","floor":15.0,"key":"SMITH"},{"floor":23.0,"key":"REST"},{"data":"Defragment","floor":30.0,"key":"SMITH"},{"data":"Storm","floor":32.0,"key":"SMITH"},{"floor":40.0,"key":"RECALL"},{"data":"White Noise","floor":47.0,"key":"SMITH"},{"data":"Machine Learning","floor":51,"key":"SMITH"}],"circlet_count":0,"master_deck":["Defend_B","Defend_B","Defend_B","Zap+1","Dualcast+1","Defragment+1","Conserve Battery+1","Storm+1","Electrodynamics","Defragment+1","White Noise+1","Ghostly","Ghostly+1","Ghostly","Ghostly","Ghostly","Ball Lightning+1","Electrodynamics","Defragment+1","Heatsinks+1","Machine Learning+1","Hello World"],"relics":["Cracked Core","hubris:Towel","hubris:64BitClover","Busted Crown","infinitespire:CheckeredPen","HornCleat","MutagenicStrength","Oddly Smooth Stone","Raider\u0027s Mask","Tiny House","infinitespire:Cupcake","Old Coin","DollysMirror","wanderingMiniBosses:CarrionFlame","MawBank","FossilizedHelix","hubris:TinFlute","Potion Belt","hubris:NiceRug","Lantern","hubris:ToyBattleship","Orrery"],"acts_visited":["Exordium","TheCity","TheBeyond"],"potions_floor_usage":[52,52,52],"damage_taken":[{"damage":7.0,"enemies":"Jaw Worm","floor":1.0,"turns":3.0},{"damage":0.0,"enemies":"Small Slimes","floor":2.0,"turns":3.0},{"damage":1.0,"enemies":"2 Louse","floor":5.0,"turns":2.0},{"damage":0.0,"enemies":"Blue Slaver","floor":7.0,"turns":4.0},{"damage":8.0,"enemies":"Replay:BlueRogue","floor":10.0,"turns":5.0},{"damage":12.0,"enemies":"Looter","floor":11.0,"turns":3.0},{"damage":1.0,"enemies":"2 Fungi Beasts","floor":12.0,"turns":6.0},{"damage":8.0,"enemies":"Blue Slaver","floor":13.0,"turns":3.0},{"damage":27.0,"enemies":"The Guardian","floor":16.0,"turns":12.0},{"damage":15.0,"enemies":"Spheric Guardian","floor":18.0,"turns":4.0},{"damage":4.0,"enemies":"3 Byrds","floor":20.0,"turns":3.0},{"damage":0.0,"enemies":"3 Cultists","floor":21.0,"turns":2.0},{"damage":45.0,"enemies":"Shelled Parasite and Fungi","floor":22.0,"turns":5.0},{"damage":25.0,"enemies":"Snecko","floor":24.0,"turns":6.0},{"damage":5.0,"enemies":"Book of Stabbing","floor":28.0,"turns":6.0},{"damage":3.0,"enemies":"Snake Plant","floor":31.0,"turns":3.0},{"damage":1.0,"enemies":"Collector","floor":33.0,"turns":7.0},{"damage":0.0,"enemies":"Orb Walker","floor":35.0,"turns":3.0},{"damage":0.0,"enemies":"3 Shapes","floor":36.0,"turns":1.0},{"damage":1.0,"enemies":"Spire Growth","floor":37.0,"turns":4.0},{"damage":1.0,"enemies":"Sphere and 2 Shapes","floor":39.0,"turns":2.0},{"damage":0.0,"enemies":"R_Hoarder","floor":41.0,"turns":7.0},{"damage":0.0,"enemies":"Jaw Worm Horde","floor":42.0,"turns":2.0},{"damage":0.0,"enemies":"Reptomancer","floor":46.0,"turns":3.0},{"damage":0.0,"enemies":"Spire Growth","floor":49.0,"turns":3.0},{"damage":8.0,"enemies":"hubris:Merchant","floor":50.0,"turns":4.0},{"damage":32,"enemies":"hubris:GrandSnecko","floor":52,"turns":10}],"seed_played":"-8986994407162701611","potions_obtained":[{"floor":1.0,"key":"Fire Potion"},{"floor":2.0,"key":"DistilledChaos"},{"floor":7.0,"key":"Swift Potion"},{"floor":13.0,"key":"Regen Potion"},{"floor":28.0,"key":"Explosive Potion"},{"floor":50.0,"key":"PowerPotion"},{"floor":50.0,"key":"LiquidMemories"}],"is_trial":false,"path_per_floor":["M","M","?","?","M","R","M","R","T","E","M","M","M","?","R","B",null,"M","$","M","M","M","R","M","?","T","?","E","AVR","R","M","R","B",null,"M","M","M","$","M","R","E","M","T","PTL","PTL","E","R","?","M","$","R","B"],"character_chosen":"DEFECT","items_purchased":["Defragment","White Noise","DollysMirror"],"campfire_rested":1,"item_purchase_floors":[19,19,38],"current_hp_per_floor":[68,68,68,68,67,67,67,67,67,59,47,46,38,38,38,11,75,60,60,56,56,11,33,8,8,8,8,18,23,23,20,20,19,42,42,42,41,41,40,40,40,40,40,40,40,40,40,30,30,22,22,0,0],"gold":1007,"neow_bonus":"UPGRADE_CARD","is_daily":false,"chose_seed":false,"campfire_upgraded":7,"win_rate":0.0,"timestamp":1613677134,"path_taken":["M","M","?","?","M","R","M","R","T","E","M","M","M","?","R","BOSS","M","$","M","M","M","R","M","?","T","?","E","AVR","R","M","R","BOSS","M","M","M","$","M","R","E","M","T","PTL","PTL","E","R","?","M","$","R","BOSS"],"items_purchased_type":["Card","Card","Relic"],"build_version":"2020-12-22","purchased_purges":4,"victory":false,"max_hp_per_floor":[75,75,75,75,75,75,75,75,75,75,75,75,75,75,75,75,75,75,75,75,75,75,75,75,37,37,37,37,42,42,42,42,42,42,42,42,42,42,42,42,42,42,42,42,42,42,42,42,42,42,42,42,42],"card_choices":[{"not_picked":["ReplayTheSpireMod:Repulse","Turbo"],"picked":"Defragment","floor":1.0},{"not_picked":["Lockon","ReplayTheSpireMod:Reroute Power"],"picked":"Conserve Battery","floor":2.0},{"not_picked":["Darkness","Barrage","Sunder"],"picked":"SKIP","floor":5.0},{"not_picked":["Leap","Time Bomb"],"picked":"Storm","floor":7.0},{"not_picked":["Turbo","Sweeping Beam","All For One"],"picked":"SKIP","floor":10.0},{"not_picked":["Scrape","ReplayTheSpireMod:System Scan","ReplayTheSpireMod:GoodbyeWorld"],"picked":"SKIP","floor":11.0},{"not_picked":["Cold Snap","Gash","Rebound"],"picked":"SKIP","floor":12.0},{"not_picked":["Turbo","Panic Button","Time Bomb"],"picked":"SKIP","floor":13.0},{"not_picked":["Meteor Strike","All For One"],"picked":"Electrodynamics","floor":16.0},{"not_picked":["Chill"],"picked":"SKIP","floor":18.0},{"not_picked":["Sunder"],"picked":"SKIP","floor":20.0},{"not_picked":["Coolheaded"],"picked":"SKIP","floor":21.0},{"not_picked":["Turbo"],"picked":"SKIP","floor":22.0},{"not_picked":["Panic Button"],"picked":"SKIP","floor":24.0},{"not_picked":[],"picked":"Ball Lightning+1","floor":28.0},{"not_picked":["Stack+1"],"picked":"SKIP","floor":31.0},{"not_picked":[],"picked":"Electrodynamics","floor":33.0},{"not_picked":["Compile Driver"],"picked":"SKIP","floor":35.0},{"not_picked":["Steam Power+1"],"picked":"SKIP","floor":36.0},{"not_picked":["Rebound"],"picked":"SKIP","floor":37.0},{"not_picked":["Turbo"],"picked":"SKIP","floor":39.0},{"not_picked":["Stack+1"],"picked":"SKIP","floor":41.0},{"not_picked":[],"picked":"Heatsinks+1","floor":42.0},{"not_picked":["Turbo"],"picked":"SKIP","floor":46.0},{"not_picked":["Turbo"],"picked":"SKIP","floor":46.0},{"not_picked":["ReplayTheSpireMod:Omega Cannon"],"picked":"SKIP","floor":49.0},{"not_picked":[],"picked":"Machine Learning","floor":50.0},{"not_picked":[],"picked":"Hello World","floor":50.0}],"player_experience":459577,"relics_obtained":[{"floor":10.0,"key":"hubris:64BitClover"},{"floor":21.0,"key":"infinitespire:CheckeredPen"},{"floor":26.0,"key":"HornCleat"},{"floor":28.0,"key":"Oddly Smooth Stone"},{"floor":37.0,"key":"Old Coin"},{"floor":39.0,"key":"wanderingMiniBosses:CarrionFlame"},{"floor":41.0,"key":"MawBank"},{"floor":43.0,"key":"FossilizedHelix"},{"floor":46.0,"key":"hubris:TinFlute"},{"floor":48.0,"key":"Potion Belt"},{"floor":50.0,"key":"Lantern"},{"floor":50.0,"key":"hubris:ToyBattleship"},{"floor":50.0,"key":"Orrery"}],"event_choices":[{"damage_healed":0.0,"max_hp_gain":0.0,"max_hp_loss":38.0,"gold_gain":0.0,"event_name":"Ghosts","player_choice":"Became a Ghost","floor":25.0,"gold_loss":0.0,"damage_taken":0.0,"cards_obtained":["Ghostly","Ghostly","Ghostly","Ghostly","Ghostly"]},{"damage_healed":0.0,"max_hp_gain":0.0,"max_hp_loss":0.0,"gold_gain":0.0,"event_name":"Drug Dealer","player_choice":"Inject Mutagens","floor":27.0,"gold_loss":0.0,"damage_taken":0.0,"relics_obtained":["MutagenicStrength"]}],"is_beta":false,"boss_relics":[{"not_picked":["bronze:MakeshiftBattery","hubris:BlackHole"],"picked":"Busted Crown"},{"not_picked":["Fusion Hammer","hubris:RunicObelisk"],"picked":"infinitespire:Cupcake"}],"items_purged_floors":[19,29,38,50],"is_endless":false,"potions_floor_spawned":[1,2,7,13,21,22,28,31,33,35,37,41,46],"killed_by":"hubris:GrandSnecko","ascension_level":2}}