{"host":"15dd7v8o90xso62x","time":1613682102,"event":{"mods":["BaseMod","Minty Spire (QoL Compilation)","Quick Restart","StSLib","SuperFastMode"],"gold_per_floor":[109,34,34,34,48,48,76,76,101,101,134,34,109,109,109,180,180,198,208,83,98,108,108,135,150,150,75,85,85,85,115,115,191,191,206,221,235,235,85,85,120,132,144,184,216,263,275,287,299,311,323,335,347,18,47,47,47],"floor_reached":56,"language":"KOR","playtime":3282,"items_purged":["Defend_G","Strike_G","Strike_G","Masterful Stab","Dagger Spray+1"],"score":2408,"play_id":"ad58d8fd-6073-4507-b7e6-c8489ae4879c","local_time":"20210219060142","is_ascension_mode":true,"campfire_choices":[{"data":"Malaise","floor":6.0,"key":"SMITH"},{"data":"Well Laid Plans","floor":8.0,"key":"SMITH"},{"data":"Tactician","floor":10.0,"key":"SMITH"},{"data":"Dagger Spray","floor":15.0,"key":"SMITH"},{"data":"Acrobatics","floor":23.0,"key":"SMITH"},{"data":"Prepared","floor":32.0,"key":"SMITH"},{"data":"Burst","floor":40.0,"key":"SMITH"},{"data":"Reflex","floor":42.0,"key":"SMITH"},{"data":"Acrobatics","floor":47.0,"key":"SMITH"},{"floor":49.0,"key":"RECALL"},{"data":"Neutralize","floor":53.0,"key":"SMITH"}],"circlet_count":0,"master_deck":["AscendersBane","Defend_G","Defend_G+1","Defend_G+1","Defend_G","Survivor","Neutralize+1","Well Laid Plans+1","Malaise+1","Tactician+1","Grand Finale","Acrobatics+1","Escape Plan","Reflex+1","Acrobatics+1","Clumsy","Prepared+1","Burst+1"],"relics":["Ring of the Snake","NeowsBlessing","Blood Vial","Orichalcum","Shuriken","HornCleat","Cursed Key","Pantograph","White Beast Statue","Black Star","MealTicket","MawBank","Question Card","Ornamental Fan","Boot","Ancient Tea Set","War Paint","Blue Candle"],"acts_visited":["Exordium","TheCity","TheBeyond","TheEnding"],"potions_floor_usage":[],"damage_taken":[{"damage":0.0,"enemies":"2 Louse","floor":1.0,"turns":1.0},{"damage":0.0,"enemies":"Cultist","floor":5.0,"turns":1.0},{"damage":0.0,"enemies":"Lagavulin","floor":7.0,"turns":1.0},{"damage":23.0,"enemies":"3 Sentries","floor":11.0,"turns":12.0},{"damage":1.0,"enemies":"The Guardian","floor":16.0,"turns":13.0},{"damage":0.0,"enemies":"Chosen","floor":18.0,"turns":3.0},{"damage":0.0,"enemies":"2 Thieves","floor":19.0,"turns":3.0},{"damage":1.0,"enemies":"3 Cultists","floor":21.0,"turns":5.0},{"damage":0.0,"enemies":"Shelled Parasite and Fungi","floor":22.0,"turns":5.0},{"damage":0.0,"enemies":"Book of Stabbing","floor":24.0,"turns":4.0},{"damage":0.0,"enemies":"Chosen and Byrds","floor":25.0,"turns":3.0},{"damage":0.0,"enemies":"Snecko","floor":28.0,"turns":6.0},{"damage":39.0,"enemies":"Slavers","floor":31.0,"turns":8.0},{"damage":2.0,"enemies":"Collector","floor":33.0,"turns":3.0},{"damage":0.0,"enemies":"3 Darklings","floor":35.0,"turns":2.0},{"damage":6.0,"enemies":"3 Shapes","floor":36.0,"turns":3.0},{"damage":0.0,"enemies":"Maw","floor":37.0,"turns":4.0},{"damage":0.0,"enemies":"Nemesis","floor":41.0,"turns":5.0},{"damage":0.0,"enemies":"Reptomancer","floor":44.0,"turns":4.0},{"damage":0.0,"enemies":"Sphere and 2 Shapes","floor":45.0,"turns":1.0},{"damage":0.0,"enemies":"Giant Head","floor":46.0,"turns":3.0},{"damage":0.0,"enemies":"Donu and Deca","floor":50.0,"turns":3.0},{"damage":48.0,"enemies":"Time Eater","floor":51.0,"turns":8.0},{"damage":0.0,"enemies":"Shield and Spear","floor":55.0,"turns":2.0},{"damage":18,"enemies":"The Heart","floor":56,"turns":3}],"seed_played":"6137898646455552273","potions_obtained":[{"floor":1.0,"key":"GhostInAJar"},{"floor":7.0,"key":"LiquidBronze"},{"floor":11.0,"key":"Block Potion"},{"floor":18.0,"key":"Block Potion"},{"floor":22.0,"key":"Fire Potion"},{"floor":28.0,"key":"Strength Potion"},{"floor":33.0,"key":"Block Potion"},{"floor":35.0,"key":"Weak Potion"},{"floor":36.0,"key":"Fire Potion"},{"floor":37.0,"key":"Block Potion"},{"floor":41.0,"key":"Poison Potion"},{"floor":44.0,"key":"GamblersBrew"},{"floor":45.0,"key":"DistilledChaos"},{"floor":46.0,"key":"Explosive Potion"},{"floor":55,"key":"FearPotion"}],"is_trial":false,"path_per_floor":["M","$","?","?","M","R","E","R","T","R","E","$","?","T","R","B",null,"M","M","$","M","M","R","E","M","T","?","M","$","?","E","R","B",null,"M","M","M","?","$","R","E","R","T","E","M","E","R","?","R","B","B",null,"R","$","E","B"],"character_chosen":"THE_SILENT","items_purchased":["War Paint"],"campfire_rested":0,"item_purchase_floors":[54],"current_hp_per_floor":[59,59,64,64,64,64,64,64,64,64,43,43,32,32,32,33,62,64,66,66,67,69,69,71,71,71,71,71,71,71,32,32,57,68,70,65,67,67,67,67,69,69,69,71,71,71,71,67,67,67,19,55,55,67,67,49,49],"gold":47,"neow_bonus":"THREE_ENEMY_KILL","is_daily":false,"chose_seed":false,"campfire_upgraded":10,"win_rate":0.0,"timestamp":1613682102,"path_taken":["M","$","?","?","?","R","E","R","T","R","E","$","?","?","R","BOSS","M","M","$","M","M","R","E","M","T","?","M","$","?","E","R","BOSS","M","M","M","?","$","R","E","R","T","E","M","E","R","?","R","BOSS","BOSS","R","$","E","BOSS"],"items_purchased_type":["Relic"],"build_version":"2020-12-22","purchased_purges":5,"victory":false,"max_hp_per_floor":[66,66,71,71,71,71,71,71,71,71,71,71,71,71,71,71,71,71,71,71,71,71,71,71,71,71,71,71,71,71,71,71,71,71,71,71,71,71,71,71,71,71,71,71,71,71,71,67,67,67,67,67,67,67,67,67,67],"card_choices":[{"not_picked":["Underhanded Strike","Bouncing Flask"],"picked":"Well Laid Plans","floor":1.0},{"not_picked":["Underhanded Strike","Sucker Punch"],"picked":"Masterful Stab","floor":5.0},{"not_picked":["Choke","PiercingWail"],"picked":"Tactician","floor":7.0},{"not_picked":["Poisoned Stab","Sucker Punch"],"picked":"Dagger Spray","floor":11.0},{"not_picked":["A Thousand Cuts","Bullet Time"],"picked":"Grand Finale","floor":16.0},{"not_picked":["Cloak And Dagger","PiercingWail"],"picked":"Acrobatics","floor":18.0},{"not_picked":["Quick Slash","Skewer","Slice"],"picked":"SKIP","floor":19.0},{"not_picked":["Sucker Punch","Endless Agony"],"picked":"Escape Plan","floor":21.0},{"not_picked":["Accuracy","Die Die Die","Sucker Punch"],"picked":"SKIP","floor":22.0},{"not_picked":["Deflect+1","Acrobatics"],"picked":"Reflex","floor":24.0},{"not_picked":["Cloak And Dagger","Slice"],"picked":"Acrobatics","floor":25.0},{"not_picked":["Dash","All Out Attack","Poisoned Stab"],"picked":"SKIP","floor":28.0},{"not_picked":["Deflect","Bouncing Flask"],"picked":"Prepared","floor":31.0},{"not_picked":["Venomology","Unload"],"picked":"Burst","floor":33.0},{"not_picked":["Infinite Blades","Distraction","All Out Attack+1"],"picked":"SKIP","floor":35.0},{"not_picked":["Dagger Spray","Bane+1","Poisoned Stab"],"picked":"SKIP","floor":36.0},{"not_picked":["Bane","Skewer","Leg Sweep"],"picked":"SKIP","floor":37.0},{"not_picked":["Acrobatics","Quick Slash","Outmaneuver"],"picked":"SKIP","floor":41.0},{"not_picked":["Heel Hook","Quick Slash","Venomology"],"picked":"SKIP","floor":44.0},{"not_picked":["Terror","Infinite Blades","Sucker Punch","All Out Attack+1"],"picked":"SKIP","floor":45.0},{"not_picked":["Flying Knee","Deadly Poison","Bullet Time","PiercingWail"],"picked":"SKIP","floor":46.0},{"not_picked":["Deadly Poison","Cloak And Dagger+1","Sucker Punch","Crippling Poison"],"picked":"SKIP","floor":55}],"player_experience":957236,"relics_obtained":[{"floor":7.0,"key":"Blood Vial"},{"floor":9.0,"key":"Orichalcum"},{"floor":11.0,"key":"Shuriken"},{"floor":14.0,"key":"HornCleat"},{"floor":24.0,"key":"Pantograph"},{"floor":31.0,"key":"White Beast Statue"},{"floor":41.0,"key":"MealTicket"},{"floor":41.0,"key":"MawBank"},{"floor":44.0,"key":"Question Card"},{"floor":44.0,"key":"Ornamental Fan"},{"floor":46.0,"key":"Boot"},{"floor":46.0,"key":"Ancient Tea Set"},{"floor":55,"key":"Blue Candle"}],"event_choices":[{"damage_healed":0.0,"max_hp_gain":5.0,"max_hp_loss":0.0,"gold_gain":0.0,"event_name":"Big Fish","player_choice":"Donut","floor":3.0,"gold_loss":0.0,"damage_taken":0.0},{"damage_healed":0.0,"max_hp_gain":0.0,"max_hp_loss":0.0,"gold_gain":0.0,"cards_transformed":["Strike_G"],"event_name":"Transmorgrifier","player_choice":"Transformed","floor":4.0,"gold_loss":0.0,"damage_taken":0.0,"cards_obtained":["Malaise"]},{"damage_healed":0.0,"max_hp_gain":0.0,"max_hp_loss":0.0,"gold_gain":75.0,"event_name":"World of Goop","player_choice":"Gather Gold","floor":13.0,"gold_loss":0.0,"damage_taken":11.0},{"cards_removed":["Strike_G"],"damage_healed":0.0,"max_hp_gain":0.0,"max_hp_loss":0.0,"gold_gain":0.0,"event_name":"Beggar","player_choice":"Gave Gold","floor":27.0,"gold_loss":75.0,"damage_taken":0.0},{"damage_healed":0.0,"max_hp_gain":0.0,"max_hp_loss":0.0,"gold_gain":0.0,"event_name":"Ghosts","player_choice":"Ignored","floor":30.0,"gold_loss":0.0,"damage_taken":0.0},{"cards_removed":["Strike_G"],"damage_healed":0.0,"max_hp_gain":0.0,"max_hp_loss":0.0,"gold_gain":0.0,"event_name":"Falling","player_choice":"Removed Attack","floor":38.0,"gold_loss":0.0,"damage_taken":0.0},{"damage_healed":0.0,"max_hp_gain":0.0,"max_hp_loss":4.0,"gold_gain":0.0,"event_name":"Winding Halls","player_choice":"Max HP","floor":48.0,"gold_loss":0.0,"damage_taken":0.0}],"is_beta":false,"boss_relics":[{"not_picked":["SlaversCollar","WristBlade"],"picked":"Cursed Key"},{"not_picked":["Runic Dome","Fusion Hammer"],"picked":"Black Star"}],"items_purged_floors":[2,12,20,39,54],"is_endless":false,"potions_floor_spawned":[1,7,11,18,22,28,33,35,36,37,41,44,45,46,55],"killed_by":"The Heart","ascension_level":20}}