{"host":"vyiqbz5w606ur92t","time":1613616511,"event":{"mods":["BaseMod","Downfall","Minty Spire (QoL Compilation)","Relic Stats","StSLib"],"gold_per_floor":[114,129,129,129,148,167,167,186,211,249,268,306,325,363,363,488,488,507,526,451,6,25,63,63,138,138,157,195,214,214,252,252,377,377,396,415,478,497,516,554,573,573,598,598,598,617,23,42,42,42],"floor_reached":51,"language":"ENG","playtime":5171,"items_purged":["Strike_B","Strike_B"],"score":813,"play_id":"189ff64e-c8c4-4648-bddc-b7c4a150f73a","local_time":"20210218024831","daily_mods":["downfall:Improvised","Green Cards","Night Terrors"],"is_ascension_mode":false,"campfire_choices":[{"floor":7,"key":"REST"},{"floor":15,"key":"REST"},{"floor":24,"key":"REST"},{"data":"Fission","floor":32,"key":"SMITH"},{"floor":42,"key":"REST"},{"data":"Hologram","floor":44,"key":"SMITH"},{"data":"Capacitor","floor":49,"key":"SMITH"}],"circlet_count":0,"master_deck":["Strike_B+1","Defend_B","Defend_B","Defend_B","Defend_B","Zap","Dualcast","sneckomod:UnknownCommonAttack","sneckomod:UnknownCommonAttack+1","sneckomod:UnknownCommonAttack","sneckomod:UnknownCommonSkill+1","sneckomod:UnknownCommonSkill","sneckomod:UnknownCommonSkill","sneckomod:UnknownUncommonAttack+1","sneckomod:UnknownUncommonSkill","sneckomod:UnknownUncommonPower","sneckomod:Unknown","Turbo","Double Energy","Static Discharge","Backflip+1","Force Field","Capacitor+1","Endless Agony+1","Doom and Gloom+1","Fission+1","Coolheaded+1","Go for the Eyes+1","Meteor Strike+1","Skewer+1","Gash+1","Multi-Cast","Turbo+1","Hologram+1","Well Laid Plans+1","Electrodynamics","Force Field+1","Backflip+1","Stack+1","Reinforced Body+1","Footwork","FTL+1","Dramatic Entrance+1"],"relics":["Cracked Core","Golden Idol","Akabeko","Molten Egg 2","Anchor","PreservedInsect","Sozu","OrangePellets","bronze:DecasWashers","Slimebound:PreparedRelic","Whetstone","Singing Bowl","MutagenicStrength","Matryoshka","Black Star","Unceasing Top","Gremlin Horn","Dream Catcher","Bottled Flame","Pen Nib","Chemical X","Cables"],"acts_visited":["Exordium","TheCity","TheBeyond"],"potions_floor_usage":[10,12,14,40,50],"damage_taken":[{"damage":1,"enemies":"Jaw Worm","floor":1,"turns":3},{"damage":1,"enemies":"2 Louse","floor":2,"turns":2},{"damage":0,"enemies":"Cultist","floor":5,"turns":3},{"damage":4,"enemies":"Looter","floor":6,"turns":3},{"damage":2,"enemies":"Blue Slaver","floor":8,"turns":3},{"damage":20,"enemies":"Gremlin Nob","floor":10,"turns":4},{"damage":9,"enemies":"Exordium Wildlife","floor":11,"turns":4},{"damage":8,"enemies":"3 Sentries","floor":12,"turns":6},{"damage":3,"enemies":"3 Louse","floor":13,"turns":2},{"damage":12,"enemies":"Lagavulin","floor":14,"turns":7},{"damage":22,"enemies":"The Guardian","floor":16,"turns":8},{"damage":11,"enemies":"Chosen","floor":18,"turns":5},{"damage":3,"enemies":"3 Byrds","floor":19,"turns":4},{"damage":25,"enemies":"Shelled Parasite and Fungi","floor":22,"turns":6},{"damage":22,"enemies":"Book of Stabbing","floor":23,"turns":5},{"damage":0,"enemies":"Cultist and Chosen","floor":27,"turns":4},{"damage":15,"enemies":"Gremlin Leader","floor":28,"turns":3},{"damage":16,"enemies":"Snake Plant","floor":29,"turns":4},{"damage":0,"enemies":"Slavers","floor":31,"turns":2},{"damage":6,"enemies":"Automaton","floor":33,"turns":7},{"damage":6,"enemies":"3 Darklings","floor":35,"turns":4},{"damage":6,"enemies":"Orb Walker","floor":36,"turns":3},{"damage":22,"enemies":"Mind Bloom Boss Battle","floor":37,"turns":5},{"damage":16,"enemies":"Writhing Mass","floor":38,"turns":4},{"damage":0,"enemies":"Jaw Worm Horde","floor":39,"turns":4},{"damage":0,"enemies":"Reptomancer","floor":40,"turns":3},{"damage":0,"enemies":"4 Shapes","floor":41,"turns":2},{"damage":0,"enemies":"3 Darklings","floor":46,"turns":6},{"damage":0,"enemies":"Jaw Worm Horde","floor":48,"turns":1},{"damage":51,"enemies":"Awakened One","floor":50,"turns":12}],"seed_played":"-4060160915487772418","potions_obtained":[{"floor":1,"key":"champ:CounterPotion"},{"floor":2,"key":"FearPotion"},{"floor":5,"key":"Energy Potion"},{"floor":11,"key":"Explosive Potion"},{"floor":14,"key":"sneckomod:MuddlingPotion"}],"is_trial":false,"path_per_floor":["M","M","?","?","M","M","R","M","T","E","M","E","M","E","R","B",null,"M","M","?","$","M","E","R","T","T","M","E","M","?","E","R","B",null,"M","M","?","M","M","E","M","R","T","R","?","M","$","M","R","B",null],"character_chosen":"DEFECT","items_purchased":["OrangePellets","Meteor Strike+1","Skewer+1","Chemical X","Cables","Dramatic Entrance+1"],"campfire_rested":4,"item_purchase_floors":[21,21,21,47,47,47],"current_hp_per_floor":[74,73,55,40,40,36,70,68,68,48,39,38,35,23,65,43,65,54,51,51,51,26,4,60,60,60,60,45,29,29,29,29,23,60,54,50,28,14,14,14,16,61,61,61,58,58,58,60,60,9],"gold":42,"neow_bonus":"","is_daily":true,"chose_seed":false,"campfire_upgraded":3,"win_rate":0.0,"timestamp":1613616511,"path_taken":["M","M","?","?","M","M","R","M","T","E","M","E","M","E","R","BOSS","M","M","?","$","M","E","R","?","T","M","E","M","?","E","R","BOSS","M","M","?","M","M","E","M","R","T","R","?","M","$","M","R","BOSS"],"items_purchased_type":["Relic","Card","Card","Relic","Relic","Card"],"build_version":"2020-12-22","purchased_purges":2,"victory":true,"max_hp_per_floor":[75,75,75,75,75,75,70,70,70,70,70,70,70,70,65,65,65,65,65,65,65,65,65,60,60,60,60,60,60,60,60,60,60,60,60,62,62,64,64,64,66,61,61,61,58,58,58,60,60,60],"relic_stats":{"Singing Bowl":8,"Gremlin Horn":[9,10],"counters":[30,129],"Golden Idol":212,"PreservedInsect":183,"Pen Nib":[3],"Whetstone":["sneckomod:UnknownUncommonAttack","sneckomod:UnknownCommonAttack"],"Cables":[11,7,4,0,0],"Sozu":7,"OrangePellets":[16],"Dream Catcher":1,"Black Star":1,"Chemical X":[7],"obtain_stats":[{"Singing Bowl":28,"Gremlin Horn":40,"Golden Idol":3,"bronze:DecasWashers":23,"PreservedInsect":14,"Pen Nib":43,"Whetstone":26,"Akabeko":9,"Cables":47,"Sozu":17,"OrangePellets":21,"Anchor":12,"Dream Catcher":40,"Bottled Flame":43,"Matryoshka":31,"MutagenicStrength":30,"Molten Egg 2":10,"Slimebound:PreparedRelic":25,"Black Star":34,"Chemical X":47,"Cracked Core":0,"Unceasing Top":37},{"Singing Bowl":17,"Gremlin Horn":26,"Golden Idol":2,"bronze:DecasWashers":15,"PreservedInsect":10,"Pen Nib":27,"Whetstone":15,"Akabeko":5,"Cables":28,"Sozu":11,"OrangePellets":13,"Anchor":8,"Dream Catcher":26,"Bottled Flame":27,"Matryoshka":19,"MutagenicStrength":18,"Molten Egg 2":6,"Slimebound:PreparedRelic":15,"Black Star":20,"Chemical X":28,"Cracked Core":0,"Unceasing Top":23},{"Singing Bowl":72,"Gremlin Horn":108,"Golden Idol":5,"bronze:DecasWashers":65,"PreservedInsect":37,"Pen Nib":110,"Whetstone":65,"Akabeko":14,"Cables":116,"Sozu":45,"OrangePellets":54,"Anchor":28,"Dream Catcher":108,"Bottled Flame":110,"Matryoshka":78,"MutagenicStrength":76,"Molten Egg 2":18,"Slimebound:PreparedRelic":65,"Black Star":85,"Chemical X":116,"Cracked Core":0,"Unceasing Top":97}],"Unceasing Top":[1]},"card_choices":[{"not_picked":["Reprogram","Leap"],"picked":"Turbo","floor":1},{"not_picked":["Expertise","Dodge and Roll"],"picked":"Double Energy","floor":2},{"not_picked":["Dash","PiercingWail"],"picked":"Static Discharge","floor":5},{"not_picked":["Sweeping Beam","Sucker Punch"],"picked":"Backflip","floor":6},{"not_picked":["Go for the Eyes","Steam"],"picked":"Force Field","floor":8},{"not_picked":["Redo","Phantasmal Killer","Rebound+1"],"picked":"SKIP","floor":10},{"not_picked":["Reprogram","Calculated Gamble"],"picked":"Capacitor","floor":11},{"not_picked":["Sweeping Beam+1","Deadly Poison"],"picked":"Endless Agony+1","floor":12},{"not_picked":["Leap","Turbo","Deadly Poison"],"picked":"SKIP","floor":13},{"not_picked":["Tactician","Blizzard+1"],"picked":"Doom and Gloom+1","floor":14},{"not_picked":["Biased Cognition","Doppelganger"],"picked":"Fission","floor":16},{"not_picked":["Redo+1","Blade Dance"],"picked":"Coolheaded+1","floor":18},{"not_picked":["Steam","All Out Attack+1"],"picked":"Go for the Eyes+1","floor":19},{"not_picked":["Prepared+1","Bane+1"],"picked":"Gash+1","floor":22},{"not_picked":["Outmaneuver","PiercingWail"],"picked":"Multi-Cast","floor":23},{"not_picked":["Underhanded Strike+1","Bane+1","Poisoned Stab+1"],"picked":"SKIP","floor":27},{"not_picked":["Hologram","Tempest"],"picked":"Turbo+1","floor":28},{"not_picked":["Deflect","Coolheaded"],"picked":"Hologram","floor":29},{"not_picked":["Deflect+1","Tactician"],"picked":"Well Laid Plans+1","floor":31},{"not_picked":["Tools of the Trade","Fission"],"picked":"Electrodynamics","floor":33},{"not_picked":["Redo","Auto Shields+1"],"picked":"Force Field+1","floor":35},{"not_picked":["Hologram","Redo+1","Beam Cell+1"],"picked":"Singing Bowl","floor":36},{"not_picked":["Choke+1","Skewer+1"],"picked":"Backflip+1","floor":37},{"not_picked":["Melter+1","Escape Plan","Dagger Throw+1"],"picked":"Singing Bowl","floor":38},{"not_picked":["Static Discharge+1","Streamline+1"],"picked":"Stack+1","floor":39},{"not_picked":["Coolheaded","Blade Dance+1"],"picked":"Reinforced Body+1","floor":40},{"not_picked":["Leap","Accuracy","Streamline+1"],"picked":"Singing Bowl","floor":41},{"not_picked":["Gash+1","Adrenaline"],"picked":"Footwork","floor":42},{"not_picked":["Dagger Spray+1","Coolheaded+1"],"picked":"FTL+1","floor":46},{"not_picked":["Finisher+1","Poisoned Stab+1","Leap+1"],"picked":"Singing Bowl","floor":48}],"player_experience":1840501,"relics_obtained":[{"floor":9,"key":"Akabeko"},{"floor":10,"key":"Molten Egg 2"},{"floor":12,"key":"Anchor"},{"floor":14,"key":"PreservedInsect"},{"floor":23,"key":"bronze:DecasWashers"},{"floor":25,"key":"Slimebound:PreparedRelic"},{"floor":26,"key":"Whetstone"},{"floor":28,"key":"Singing Bowl"},{"floor":31,"key":"Matryoshka"},{"floor":37,"key":"Unceasing Top"},{"floor":40,"key":"Gremlin Horn"},{"floor":40,"key":"Dream Catcher"},{"floor":43,"key":"Bottled Flame"},{"floor":43,"key":"Pen Nib"}],"event_choices":[{"damage_healed":0,"gold_gain":0,"player_choice":"Take Damage","damage_taken":18,"relics_obtained":["Golden Idol"],"max_hp_gain":0,"max_hp_loss":0,"event_name":"Golden Idol","floor":3,"gold_loss":0},{"damage_healed":0,"gold_gain":0,"player_choice":"Entered Light","damage_taken":15,"max_hp_gain":0,"max_hp_loss":0,"event_name":"Shining Light","floor":4,"gold_loss":0,"cards_upgraded":["Strike_B","sneckomod:UnknownCommonSkill"]},{"cards_removed":["Strike_B"],"damage_healed":0,"gold_gain":0,"player_choice":"Gave Gold","damage_taken":0,"max_hp_gain":0,"max_hp_loss":0,"event_name":"Beggar","floor":20,"gold_loss":75},{"damage_healed":0,"gold_gain":0,"player_choice":"Inject Mutagens","damage_taken":0,"relics_obtained":["MutagenicStrength"],"max_hp_gain":0,"max_hp_loss":0,"event_name":"Drug Dealer","floor":30,"gold_loss":0},{"damage_healed":0,"gold_gain":0,"player_choice":"Fight","damage_taken":0,"max_hp_gain":0,"max_hp_loss":0,"event_name":"MindBloom","floor":37,"gold_loss":0},{"damage_healed":0,"gold_gain":0,"player_choice":"Max HP","damage_taken":0,"max_hp_gain":0,"max_hp_loss":3,"event_name":"Winding Halls","floor":45,"gold_loss":0}],"is_beta":false,"boss_relics":[{"not_picked":["Busted Crown","Coffee Dripper"],"picked":"Sozu"},{"not_picked":["SacredBark","Tiny House"],"picked":"Black Star"}],"items_purged_floors":[21,47],"is_endless":false,"potions_floor_spawned":[1,5,11,14,27,28,35,36,39,41,48],"ascension_level":0}}