{"host":"nnt34ungdh9fkcmy","time":1613619297,"event":{"mods":["BaseMod","Downfall","Minty Spire (QoL Compilation)","StSLib","SuperFastMode"],"gold_per_floor":[99,113,130,130,150,150,176,191,29,55,55,88,98,123,134,231,231,31,51,151,151,151,151,151,188,185,213,252,164,205,242,266,278,278,278],"floor_reached":33,"language":"ENG","playtime":1780,"items_purged":["Slimebound:Strike_Slimebound"],"score":442,"play_id":"b76ab26b-5a6b-4170-9880-95bd92fbdf44","local_time":"20210217203457","is_ascension_mode":true,"campfire_choices":[{"floor":1,"key":"RECALL"},{"data":"Slimebound:TagTeam","floor":18,"key":"SMITH"},{"floor":29,"key":"REST"}],"circlet_count":0,"master_deck":["Slimebound:Defend_Slimebound","Slimebound:Defend_Slimebound","Slimebound:Defend_Slimebound","Slimebound:Split+1","Slimebound:CorrosiveSpit","Slimebound:SplitSpecialist","Slimebound:LeechEnergy","Slimebound:SplitSpecialist","Slimebound:SlimeSpikes","Slimebound:LeadByExample","Slimebound:DuplicatedForm","Slimebound:Recollect","Slimebound:ForwardTackle","Slimebound:TagTeam+1","Slimebound:SplitSpecialist+1","Slimebound:RejuvenatingLick+1","Slimebound:Overexert+1","Slimebound:Gluttony+1","J.A.X.","Slimebound:SpikyOuterGoop","Slimebound:Prepare","Slimebound:SplitSpecialist+1","Slimebound:LeadByExample","Slimebound:Recollect+1"],"relics":["Slimebound:AbsorbEndCombat","downfall:ShatteredFragment","Potion Belt","Letter Opener","Boot","Kunai","Astrolabe","downfall:HeartBlessingRed","downfall:HeartBlessingBlue","MutagenicStrength","Enchiridion","MawBank","FossilizedHelix","Slimebound:SlimedSkullRelic","downfall:HeartBlessingGreen","Red Mask","Matryoshka"],"acts_visited":["Exordium","TheCity"],"potions_floor_usage":[26,27,28,33],"damage_taken":[{"damage":7,"enemies":"Jaw Worm","floor":2,"turns":5},{"damage":0,"enemies":"2 Louse","floor":3,"turns":3},{"damage":10,"enemies":"Small Slimes","floor":5,"turns":4},{"damage":4,"enemies":"2 Fungi Beasts","floor":8,"turns":4},{"damage":10,"enemies":"downfall:FleeingMerchant","floor":9,"turns":4},{"damage":10,"enemies":"Gremlin Nob","floor":10,"turns":4},{"damage":14,"enemies":"3 Sentries","floor":12,"turns":6},{"damage":6,"enemies":"Exordium Wildlife","floor":13,"turns":4},{"damage":22,"enemies":"Lagavulin","floor":14,"turns":5},{"damage":0,"enemies":"Blue Slaver","floor":15,"turns":3},{"damage":15,"enemies":"SI_SHIV_ARCHETYPE","floor":16,"turns":7},{"damage":11,"enemies":"3 Byrds","floor":19,"turns":3},{"damage":7,"enemies":"downfall:Augmenter","floor":20,"turns":6},{"damage":7,"enemies":"Book of Stabbing","floor":25,"turns":4},{"damage":21,"enemies":"downfall:FleeingMerchant","floor":26,"turns":4},{"damage":15,"enemies":"downfall:LooterAlt2","floor":27,"turns":3},{"damage":21,"enemies":"Slavers","floor":28,"turns":5},{"damage":27,"enemies":"Masked Bandits","floor":30,"turns":4},{"damage":31,"enemies":"Gremlin Leader","floor":31,"turns":5},{"damage":3,"enemies":"3 Cultists","floor":32,"turns":2},{"damage":26,"enemies":"DF_ARCHETYPE_CLAW","floor":33,"turns":3}],"seed_played":"2730323363937107123","potions_obtained":[{"floor":5,"key":"hexamod:SoulburnPotion"},{"floor":10,"key":"Explosive Potion"},{"floor":15,"key":"PowerPotion"},{"floor":19,"key":"Strength Potion"},{"floor":20,"key":"ColorlessPotion"},{"floor":30,"key":"Fire Potion"},{"floor":31,"key":"Block Potion"}],"is_trial":false,"path_per_floor":["R","M","M","?","M","?","T","M","$","E","T","E","M","E","M","B",null,"R","M","?","?","?","?","T","E","$","M","E","R","?","E","M","B"],"character_chosen":"SLIMEBOUND","items_purchased":["Slimebound:LeadByExample"],"campfire_rested":1,"item_purchase_floors":[9],"current_hp_per_floor":[65,61,63,68,62,44,44,48,44,34,34,26,22,19,23,29,70,80,71,68,52,52,52,52,51,47,34,17,41,29,6,20,0,0,0],"gold":278,"neow_bonus":"UPGRADE_CARD","is_daily":false,"chose_seed":false,"campfire_upgraded":1,"win_rate":0.0,"timestamp":1613619297,"path_taken":["R","M","M","?","M","?","T","M","?","E","?","E","M","E","M","BOSS","R","M","?","?","?","?","T","E","$","?","E","R","?","E","M","BOSS"],"items_purchased_type":["Card"],"build_version":"2020-12-22","purchased_purges":1,"victory":false,"max_hp_per_floor":[65,65,65,70,70,70,70,70,70,70,70,70,70,70,70,70,70,80,80,80,80,80,80,80,80,80,80,80,80,80,80,80,80,80,80],"card_choices":[{"not_picked":["Slimebound:FinishingTackle","Slimebound:Gluttony"],"picked":"Slimebound:SplitSpecialist","floor":2},{"not_picked":["Slimebound:Prepare","Slimebound:SplitBruiser"],"picked":"Slimebound:LeechEnergy","floor":3},{"not_picked":["Slimebound:SplitLeeching","Slimebound:FormOfPuddle","Slimebound:HauntingLick"],"picked":"SKIP","floor":5},{"not_picked":["Slimebound:Gluttony","Slimebound:SamplingLick"],"picked":"Slimebound:SplitSpecialist","floor":8},{"not_picked":["Slimebound:Prepare","Slimebound:Dissolve"],"picked":"Slimebound:SlimeSpikes","floor":9},{"not_picked":["Slimebound:ProtectTheBoss","Slimebound:SplitMire"],"picked":"Slimebound:GrowthPunch","floor":10},{"not_picked":["Slimebound:ItLooksTasty","Slimebound:MegaLick"],"picked":"Slimebound:DuplicatedForm","floor":12},{"not_picked":["Slimebound:ServeAndProtect","Slimebound:SplitLeeching","Slimebound:SplitBruiser"],"picked":"SKIP","floor":13},{"not_picked":["Slimebound:SplitLeeching","Slimebound:Dissolve"],"picked":"Slimebound:Recollect","floor":14},{"not_picked":["Slimebound:ItLooksTasty","Slimebound:SamplingLick"],"picked":"Slimebound:ForwardTackle","floor":15},{"not_picked":["Slimebound:DouseInSlime","Slimebound:PrepareCrush"],"picked":"Slimebound:TagTeam","floor":16},{"not_picked":["Slimebound:Nibble","Slimebound:SplitLeeching"],"picked":"Slimebound:Gluttony+1","floor":19},{"not_picked":[],"picked":"J.A.X.","floor":20},{"not_picked":["Slimebound:CheckThePlaybook","Slimebound:LeechingTouch"],"picked":"Slimebound:SplitSpecialist+1","floor":25},{"not_picked":["Slimebound:SplitBruiser","Slimebound:GoopTackle","Slimebound:SplitAcid"],"picked":"SKIP","floor":26},{"not_picked":["Slimebound:HauntingLick+1","Slimebound:Prepare"],"picked":"Slimebound:LeadByExample","floor":27},{"not_picked":["Slimebound:FlameTackle+1","Slimebound:ProtectTheBoss"],"picked":"Slimebound:Recollect+1","floor":28},{"not_picked":["Slimebound:Equalize","Slimebound:SplitAcid","Slimebound:Dissolve"],"picked":"SKIP","floor":31},{"not_picked":["Slimebound:Dissolve+1","Slimebound:DisruptingSlam","Slimebound:SplitBruiser"],"picked":"SKIP","floor":32}],"player_experience":300829,"relics_obtained":[{"floor":7,"key":"Potion Belt"},{"floor":10,"key":"Letter Opener"},{"floor":12,"key":"Boot"},{"floor":14,"key":"Kunai"},{"floor":20,"key":"MutagenicStrength"},{"floor":21,"key":"Enchiridion"},{"floor":24,"key":"MawBank"},{"floor":25,"key":"FossilizedHelix"},{"floor":28,"key":"Slimebound:SlimedSkullRelic"},{"floor":30,"key":"Red Mask"},{"floor":31,"key":"Matryoshka"}],"event_choices":[{"damage_healed":0,"gold_gain":0,"player_choice":"Donut","damage_taken":0,"max_hp_gain":5,"max_hp_loss":0,"event_name":"Big Fish","floor":4,"gold_loss":0},{"damage_healed":0,"gold_gain":0,"player_choice":"Fought Bandits","damage_taken":0,"max_hp_gain":0,"max_hp_loss":0,"event_name":"Masked Bandits","floor":30,"gold_loss":0}],"is_beta":false,"boss_relics":[{"not_picked":["expansioncontent:StudyCardRelic","Fusion Hammer"],"picked":"Astrolabe"}],"items_purged_floors":[9],"is_endless":false,"potions_floor_spawned":[5,10,15,19,20,25,30,31],"killed_by":"DF_ARCHETYPE_CLAW","ascension_level":1}}