{"host":"5f8ute538gzudddu","time":1613620368,"event":{"mods":["BaseMod","Highlight Path","Minty Spire (QoL Compilation)","Relic Stats","StSLib"],"gold_per_floor":[115,115,40,11,26,52,52,72,121,149,169,169,187,187,187],"floor_reached":14,"language":"ENG","playtime":371,"items_purged":[],"score":250,"play_id":"f58a4535-1775-4e1e-8d5b-c7a89a9a78e3","local_time":"20210217195248","is_ascension_mode":true,"campfire_choices":[{"data":"Thunderclap","floor":7,"key":"SMITH"},{"floor":12,"key":"REST"}],"circlet_count":0,"master_deck":["AscendersBane","Strike_R","Strike_R","Strike_R","Strike_R","Defend_R","Defend_R","Defend_R","Bash","Cleave","Corruption","Thunderclap+1","Feel No Pain","Evolve","Exhume"],"relics":["Burning Blood","NeowsBlessing","Akabeko","MealTicket","Gremlin Horn"],"acts_visited":["Exordium"],"potions_floor_usage":[14],"damage_taken":[{"damage":0,"enemies":"Small Slimes","floor":1,"turns":1},{"damage":0,"enemies":"2 Louse","floor":5,"turns":1},{"damage":0,"enemies":"3 Sentries","floor":6,"turns":1},{"damage":7,"enemies":"Jaw Worm","floor":8,"turns":2},{"damage":60,"enemies":"Lagavulin","floor":10,"turns":9},{"damage":15,"enemies":"Large Slime","floor":11,"turns":6},{"damage":18,"enemies":"Looter","floor":13,"turns":4},{"damage":55,"enemies":"Gremlin Nob","floor":14,"turns":4}],"seed_played":"-3572556387103581708","potions_obtained":[{"floor":8,"key":"FairyPotion"},{"floor":13,"key":"ElixirPotion"}],"is_trial":false,"path_per_floor":["M","?","?","$","M","E","R","M","T","E","M","R","M","E"],"character_chosen":"IRONCLAD","items_purchased":["Thunderclap"],"campfire_rested":1,"item_purchase_floors":[4],"current_hp_per_floor":[74,74,74,74,75,75,75,74,74,20,11,33,21,0,0],"gold":187,"neow_bonus":"THREE_ENEMY_KILL","is_daily":false,"chose_seed":false,"campfire_upgraded":1,"win_rate":0.0,"timestamp":1613620368,"path_taken":["M","?","?","?","M","E","R","M","T","E","M","R","M","E"],"items_purchased_type":["Card"],"build_version":"2020-12-22","purchased_purges":0,"victory":false,"max_hp_per_floor":[75,75,75,75,75,75,75,75,75,75,75,75,75,75,75],"relic_stats":{"Gremlin Horn":[1,1],"counters":[8,28],"MealTicket":0,"obtain_stats":[{"NeowsBlessing":0,"Gremlin Horn":10,"MealTicket":9,"Burning Blood":0,"Akabeko":6},{"NeowsBlessing":0,"Gremlin Horn":5,"MealTicket":4,"Burning Blood":0,"Akabeko":3},{"NeowsBlessing":0,"Gremlin Horn":14,"MealTicket":5,"Burning Blood":0,"Akabeko":3}],"Burning Blood":31},"card_choices":[{"not_picked":["Headbutt","Body Slam"],"picked":"Cleave","floor":1},{"not_picked":["Metallicize","Wild Strike","Heavy Blade"],"picked":"SKIP","floor":5},{"not_picked":["Flex","Perfected Strike","Sword Boomerang"],"picked":"SKIP","floor":6},{"not_picked":["Entrench","Heavy Blade"],"picked":"Feel No Pain","floor":8},{"not_picked":["Pommel Strike","Flex","Wild Strike"],"picked":"SKIP","floor":10},{"not_picked":["Body Slam","Clothesline"],"picked":"Evolve","floor":11},{"not_picked":["Rupture","Evolve"],"picked":"Exhume","floor":13}],"player_experience":949395,"relics_obtained":[{"floor":6,"key":"Akabeko"},{"floor":9,"key":"MealTicket"},{"floor":10,"key":"Gremlin Horn"}],"event_choices":[{"damage_healed":0,"gold_gain":0,"cards_transformed":["Defend_R"],"player_choice":"Change","damage_taken":0,"max_hp_gain":0,"max_hp_loss":0,"event_name":"Living Wall","floor":2,"gold_loss":0,"cards_obtained":["Corruption"]},{"cards_removed":["Strike_R"],"damage_healed":0,"gold_gain":0,"player_choice":"Card Removal","damage_taken":0,"max_hp_gain":0,"max_hp_loss":0,"event_name":"The Cleric","floor":3,"gold_loss":75}],"is_beta":false,"boss_relics":[],"items_purged_floors":[],"is_endless":false,"potions_floor_spawned":[8,13],"killed_by":"Gremlin Nob","ascension_level":20}}