{"host":"qjv9b7mze4c73keh","time":1613656411,"event":{"mods":["BaseMod","Colored Map","Colored Powertips","DeckTracker","Highlight Path","Minty Spire (QoL Compilation)","Rare Cards Sparkle","Synergy Search","Unceasing Turn Reminder"],"gold_per_floor":[117,2,2,2,16,50,67,97,97,97,17,30,30,65,65,166,166,91,10,26,45,45,45,59,59,59],"floor_reached":25,"language":"RUS","playtime":1897,"items_purged":[],"score":219,"play_id":"0038bf84-785a-4dbc-9700-4eb1d1d38648","local_time":"20210218185331","is_ascension_mode":false,"campfire_choices":[{"floor":10,"key":"REST"},{"floor":13,"key":"REST"},{"floor":15,"key":"REST"},{"floor":23,"key":"REST"}],"circlet_count":0,"master_deck":["Strike_G","Strike_G","Strike_G","Strike_G","Defend_G","Defend_G+1","Defend_G","Defend_G","Defend_G","Survivor","Neutralize","Poisoned Stab","Poisoned Stab","Bouncing Flask","PiercingWail+1","Backstab","Deadly Poison","Noxious Fumes","Deadly Poison","Phantasmal Killer","Noxious Fumes","Cloak And Dagger+1","Deadly Poison","Tactician+1"],"relics":["Ring of the Snake","War Paint","Girya","Question Card","Smiling Mask","Runic Pyramid"],"acts_visited":["Exordium","TheCity"],"potions_floor_usage":[8,12,16,25,25],"damage_taken":[{"damage":0,"enemies":"Jaw Worm","floor":1,"turns":5},{"damage":1,"enemies":"Cultist","floor":5,"turns":4},{"damage":26,"enemies":"Gremlin Nob","floor":6,"turns":5},{"damage":0,"enemies":"2 Louse","floor":7,"turns":3},{"damage":18,"enemies":"Lagavulin","floor":8,"turns":6},{"damage":0,"enemies":"Looter","floor":12,"turns":2},{"damage":11,"enemies":"Gremlin Nob","floor":14,"turns":4},{"damage":55,"enemies":"Slime Boss","floor":16,"turns":12},{"damage":14,"enemies":"2 Thieves","floor":18,"turns":5},{"damage":0,"enemies":"Spheric Guardian","floor":20,"turns":4},{"damage":19,"enemies":"3 Cultists","floor":21,"turns":5},{"damage":23,"enemies":"Snake Plant","floor":24,"turns":5},{"damage":44,"enemies":"Slavers","floor":25,"turns":3}],"seed_played":"4044639386818660121","potions_obtained":[{"floor":7,"key":"Swift Potion"},{"floor":8,"key":"Block Potion"},{"floor":14,"key":"SpeedPotion"},{"floor":20,"key":"FearPotion"},{"floor":24,"key":"Block Potion"}],"is_trial":false,"path_per_floor":["M","$","?","?","M","E","M","E","T","R","$","M","R","E","R","B",null,"M","$","M","M","$","R","M","E"],"character_chosen":"THE_SILENT","items_purchased":["Poisoned Stab","Bouncing Flask","Noxious Fumes","Noxious Fumes"],"campfire_rested":4,"item_purchase_floors":[2,2,11,19],"current_hp_per_floor":[77,77,70,70,69,43,43,25,25,48,48,48,71,60,77,22,77,63,63,63,44,44,67,44,0,0],"gold":59,"neow_bonus":"TEN_PERCENT_HP_BONUS","is_daily":false,"chose_seed":false,"campfire_upgraded":0,"win_rate":0.0,"timestamp":1613656411,"path_taken":["M","$","?","?","M","E","M","E","T","R","$","M","R","E","R","BOSS","M","$","M","M","$","R","M","E"],"items_purchased_type":["Card","Card","Card","Card"],"build_version":"2020-12-22","purchased_purges":0,"victory":false,"max_hp_per_floor":[77,77,77,77,77,77,77,77,77,77,77,77,77,77,77,77,77,77,77,77,77,77,77,77,77,77],"card_choices":[{"not_picked":["Dagger Spray","Well Laid Plans"],"picked":"Poisoned Stab","floor":1},{"not_picked":["Reflex","Blade Dance"],"picked":"PiercingWail","floor":5},{"not_picked":["Prepared","Dagger Throw","Blade Dance"],"picked":"SKIP","floor":6},{"not_picked":["Well Laid Plans","Underhanded Strike"],"picked":"Backstab","floor":7},{"not_picked":["Unload","Deflect"],"picked":"Deadly Poison","floor":8},{"not_picked":["Distraction","Slice","Blade Dance"],"picked":"Deadly Poison","floor":12},{"not_picked":["PiercingWail","Footwork","Calculated Gamble","Dodge and Roll"],"picked":"SKIP","floor":14},{"not_picked":["Glass Knife","Malaise","A Thousand Cuts"],"picked":"Phantasmal Killer","floor":16},{"not_picked":["Expertise","Heel Hook","Deflect","Outmaneuver"],"picked":"SKIP","floor":18},{"not_picked":["Masterful Stab","Sucker Punch","Blur+1"],"picked":"Cloak And Dagger+1","floor":20},{"not_picked":["Blade Dance","Bane","Accuracy+1"],"picked":"Deadly Poison","floor":21},{"not_picked":["Dodge and Roll+1","All Out Attack","Distraction"],"picked":"Tactician+1","floor":24}],"player_experience":130307,"relics_obtained":[{"floor":6,"key":"War Paint"},{"floor":8,"key":"Girya"},{"floor":9,"key":"Question Card"},{"floor":14,"key":"Smiling Mask"}],"event_choices":[{"cards_removed":["Strike_G"],"damage_healed":0,"gold_gain":0,"player_choice":"Card Removal","damage_taken":7,"max_hp_gain":0,"max_hp_loss":0,"event_name":"Golden Wing","floor":3,"gold_loss":0},{"damage_healed":0,"gold_gain":0,"player_choice":"Ignored","damage_taken":0,"max_hp_gain":0,"max_hp_loss":0,"event_name":"Liars Game","floor":4,"gold_loss":0}],"is_beta":false,"boss_relics":[{"not_picked":["Coffee Dripper","Philosopher\u0027s Stone"],"picked":"Runic Pyramid"}],"items_purged_floors":[],"is_endless":false,"potions_floor_spawned":[7,8,14,20,24],"killed_by":"Slavers","ascension_level":0}}