{"host":"ufhw4cf0hh51lveu","time":1613632537,"event":{"mods":["BaseMod","DeckTracker","Minty Spire (QoL Compilation)","SuperFastMode"],"gold_per_floor":[114,114,133,83,34,72,72,72,97,116,135,135,154,173,173,298,298,317,336,355,374,374,374,412,445,520,539,558,577,198,217,217,342,342,361,380,443,443,443],"floor_reached":38,"language":"KOR","playtime":857,"items_purged":["Pain"],"score":627,"play_id":"7e7258cf-640f-4ae9-9648-dd10b06c705a","local_time":"20210218161537","daily_mods":["Cursed Run","Uncertain Future","Lethality"],"is_ascension_mode":false,"campfire_choices":[{"data":"Heavy Blade","floor":7,"key":"SMITH"},{"data":"Inflame","floor":12,"key":"SMITH"},{"floor":15,"key":"REST"},{"data":"Rage","floor":23,"key":"SMITH"},{"data":"Limit Break","floor":32,"key":"SMITH"}],"circlet_count":0,"master_deck":["Bash+1","Spot Weakness","Injury","Anger","Heavy Blade+1","Inflame+1","Injury","Heavy Blade+1","Reckless Charge+1","Rupture","Hemokinesis+1","Immolate+1","Clash+1","Wild Strike+1","Sentinel","Headbutt+1","Reaper+1","Power Through","Battle Trance","Feed+1","Rage+1","Sword Boomerang+1","Pummel+1","Shockwave","Bite+1","Bite+1","Bite+1","Bite+1","Bite+1","Infernal Blade","Flex","Decay","Searing Blow+1","Flex","Pummel+1","Limit Break+1","Shrug It Off","Normality","Bludgeon+1","CurseOfTheBell","Twin Strike+1","Ghostly Armor"],"relics":["Cursed Key","Darkstone Periapt","Du-Vu Doll","Golden Idol","Molten Egg 2","Smiling Mask","Pandora\u0027s Box","Strawberry","Red Mask","Bottled Tornado","Kunai","Calling Bell","Oddly Smooth Stone","Eternal Feather","Girya","Ice Cream"],"acts_visited":["Exordium","TheCity","TheBeyond"],"potions_floor_usage":[6,11,14,16,20,24,24,27,28,38,38],"damage_taken":[{"damage":4,"enemies":"Jaw Worm","floor":1,"turns":2},{"damage":3,"enemies":"2 Louse","floor":3,"turns":2},{"damage":0,"enemies":"Gremlin Nob","floor":6,"turns":2},{"damage":4,"enemies":"Cultist","floor":10,"turns":3},{"damage":0,"enemies":"Looter","floor":11,"turns":1},{"damage":0,"enemies":"Blue Slaver","floor":13,"turns":1},{"damage":13,"enemies":"Exordium Wildlife","floor":14,"turns":2},{"damage":33,"enemies":"The Guardian","floor":16,"turns":4},{"damage":3,"enemies":"Chosen","floor":18,"turns":2},{"damage":36,"enemies":"3 Byrds","floor":19,"turns":2},{"damage":10,"enemies":"Shelled Parasite and Fungi","floor":20,"turns":2},{"damage":12,"enemies":"Cultist and Chosen","floor":21,"turns":3},{"damage":20,"enemies":"Book of Stabbing","floor":24,"turns":2},{"damage":0,"enemies":"Masked Bandits","floor":25,"turns":2},{"damage":0,"enemies":"Snake Plant","floor":27,"turns":1},{"damage":2,"enemies":"Chosen and Byrds","floor":28,"turns":2},{"damage":2,"enemies":"Cultist and Chosen","floor":29,"turns":2},{"damage":30,"enemies":"Snake Plant","floor":31,"turns":3},{"damage":34,"enemies":"Automaton","floor":33,"turns":6},{"damage":29,"enemies":"3 Darklings","floor":35,"turns":4},{"damage":13,"enemies":"Orb Walker","floor":36,"turns":2},{"damage":54,"enemies":"Mind Bloom Boss Battle","floor":37,"turns":3},{"damage":31,"enemies":"Writhing Mass","floor":38,"turns":2}],"seed_played":"-4060160915487772418","potions_obtained":[{"floor":1,"key":"FearPotion"},{"floor":6,"key":"Fire Potion"},{"floor":10,"key":"Dexterity Potion"},{"floor":14,"key":"Fire Potion"},{"floor":19,"key":"SkillPotion"},{"floor":20,"key":"PowerPotion"},{"floor":21,"key":"Regen Potion"},{"floor":25,"key":"DistilledChaos"},{"floor":27,"key":"SkillPotion"},{"floor":35,"key":"HeartOfIron"},{"floor":37,"key":"Block Potion"}],"is_trial":false,"path_per_floor":["M","?","M","?","$","E","R","?","T","M","M","R","M","M","R","B",null,"M","M","M","M","?","R","E","?","T","M","M","M","$","M","R","B",null,"M","M","?","M"],"character_chosen":"IRONCLAD","items_purchased":["Heavy Blade","Limit Break","Kunai"],"campfire_rested":1,"item_purchase_floors":[5,30,30],"current_hp_per_floor":[76,82,79,79,79,79,79,62,68,64,64,64,64,51,78,51,98,95,59,49,65,65,65,57,61,67,85,83,81,81,57,57,61,97,71,61,10,0,0],"gold":443,"neow_bonus":"","is_daily":true,"chose_seed":false,"campfire_upgraded":4,"win_rate":0.0,"timestamp":1613632537,"path_taken":["M","?","M","?","$","E","R","?","T","M","M","R","M","M","R","BOSS","M","M","M","M","?","R","E","?","T","M","M","?","$","M","R","BOSS","M","M","?","M"],"items_purchased_type":["Card","Card","Relic"],"build_version":"2020-12-22","purchased_purges":1,"victory":false,"max_hp_per_floor":[80,86,86,86,86,86,86,86,92,92,92,92,92,92,92,98,98,98,98,98,98,68,68,75,79,85,85,85,85,85,85,85,91,97,97,97,97,97,97],"card_choices":[{"not_picked":["Cleave","Evolve"],"picked":"Spot Weakness","floor":1},{"not_picked":["Body Slam","Sentinel"],"picked":"Anger","floor":3},{"not_picked":["Entrench","Body Slam+1"],"picked":"Inflame","floor":6},{"not_picked":["True Grit","Warcry"],"picked":"Heavy Blade+1","floor":10},{"not_picked":["Clash+1","Sentinel"],"picked":"Reckless Charge+1","floor":11},{"not_picked":["Pommel Strike+1","Sword Boomerang+1"],"picked":"Rupture","floor":13},{"not_picked":["Headbutt+1","Inflame"],"picked":"Hemokinesis+1","floor":14},{"not_picked":["Demon Form","Bludgeon+1"],"picked":"Immolate+1","floor":16},{"not_picked":["Inflame","Feel No Pain+1"],"picked":"Rage","floor":18},{"not_picked":["Wild Strike+1","Anger+1"],"picked":"Sword Boomerang+1","floor":19},{"not_picked":["Entrench+1","Wild Strike+1"],"picked":"Pummel+1","floor":20},{"not_picked":["Dark Embrace","Twin Strike+1"],"picked":"Shockwave","floor":21},{"not_picked":["Iron Wave+1","Body Slam+1"],"picked":"Infernal Blade","floor":24},{"not_picked":["Metallicize","Blood for Blood+1"],"picked":"Flex","floor":25},{"not_picked":["Headbutt+1","Second Wind"],"picked":"Searing Blow+1","floor":27},{"not_picked":["Power Through","True Grit"],"picked":"Flex","floor":28},{"not_picked":["Shrug It Off","Pommel Strike+1"],"picked":"Pummel+1","floor":29},{"not_picked":["Perfected Strike+1","Searing Blow+1"],"picked":"Shrug It Off","floor":31},{"not_picked":["Barricade","Exhume"],"picked":"Bludgeon+1","floor":33},{"not_picked":["Heavy Blade+1","Clothesline+1"],"picked":"Twin Strike+1","floor":35},{"not_picked":["Wild Strike+1","Bloodletting+1","Intimidate"],"picked":"SKIP","floor":36},{"not_picked":["Clash+1","Wild Strike+1"],"picked":"Ghostly Armor","floor":37}],"player_experience":43357,"relics_obtained":[{"floor":6,"key":"Molten Egg 2"},{"floor":9,"key":"Smiling Mask"},{"floor":24,"key":"Strawberry"},{"floor":25,"key":"Red Mask"},{"floor":26,"key":"Bottled Tornado"},{"floor":34,"key":"Oddly Smooth Stone"},{"floor":34,"key":"Eternal Feather"},{"floor":34,"key":"Girya"},{"floor":37,"key":"Ice Cream"}],"event_choices":[{"damage_healed":0,"gold_gain":0,"player_choice":"Take Wound","damage_taken":0,"relics_obtained":["Golden Idol"],"max_hp_gain":0,"max_hp_loss":0,"event_name":"Golden Idol","floor":2,"gold_loss":0,"cards_obtained":["Injury"]},{"cards_removed":["Strike_R"],"damage_healed":0,"gold_gain":0,"player_choice":"Card Removal","damage_taken":0,"max_hp_gain":0,"max_hp_loss":0,"event_name":"The Cleric","floor":4,"gold_loss":50},{"damage_healed":0,"gold_gain":0,"player_choice":"Entered Light","damage_taken":17,"max_hp_gain":0,"max_hp_loss":0,"event_name":"Shining Light","floor":8,"gold_loss":0,"cards_upgraded":["Bash","Defend_R"]},{"damage_healed":0,"gold_gain":0,"player_choice":"Became a vampire","damage_taken":0,"max_hp_gain":0,"max_hp_loss":30,"event_name":"Vampires","floor":22,"gold_loss":0,"cards_obtained":["Bite","Bite","Bite","Bite","Bite"]},{"damage_healed":0,"gold_gain":0,"player_choice":"Fought Bandits","damage_taken":0,"max_hp_gain":0,"max_hp_loss":0,"event_name":"Masked Bandits","floor":25,"gold_loss":0},{"damage_healed":0,"gold_gain":0,"player_choice":"Fight","damage_taken":0,"max_hp_gain":0,"max_hp_loss":0,"event_name":"MindBloom","floor":37,"gold_loss":0}],"is_beta":false,"boss_relics":[{"not_picked":["SlaversCollar","Runic Dome"],"picked":"Pandora\u0027s Box"},{"not_picked":["Runic Pyramid","Fusion Hammer"],"picked":"Calling Bell"}],"items_purged_floors":[30],"is_endless":false,"potions_floor_spawned":[1,6,10,14,19,20,21,25,27,35,37],"killed_by":"Writhing Mass","ascension_level":0}}