{"host":"xr2w6q7a088fu8w2","time":1613649902,"event":{"mods":["AchievementEnabler","BaseMod","Colored Powertips","Good Game Mod","Mimic Mod","Minty Spire (QoL Compilation)","MostiFishMod","Reliquary","StSLib","UnlockEverythingMod"],"gold_per_floor":[116,126,51,51,65,65,76,76,106,120,134,134,134,134,134,207,207,220,231,31,31,0,0,0,12,45,45,64,64,64,84,84,161,161,175,50,62,73,0,26,26,76,100,127,158,20,35,50,50,50,50],"floor_reached":52,"language":"ZHS","playtime":1176,"items_purged":["Defend_G","Defend_G","Bite","Bite"],"score":2152,"play_id":"7e565edf-6c09-4d60-b65d-07ceeb01a814","local_time":"20210218200502","is_ascension_mode":true,"campfire_choices":[{"data":"Backstab","floor":6,"key":"SMITH"},{"data":"Neutralize","floor":8,"key":"SMITH"},{"data":"Flying Knee","floor":12,"key":"SMITH"},{"data":"Slice","floor":15,"key":"SMITH"},{"data":"Dramatic Entrance","floor":23,"key":"SMITH"},{"data":"Sucker Punch","floor":27,"key":"SMITH"},{"data":"Survivor","floor":30,"key":"SMITH"},{"data":"Defend_G","floor":32,"key":"SMITH"},{"data":"MostiFishMod:GrandStart","floor":41,"key":"SMITH"},{"data":"Defend_G","floor":49,"key":"SMITH"}],"circlet_count":0,"master_deck":["AscendersBane","Defend_G+1","Defend_G+1","Survivor+1","Neutralize+1","MostiFishMod:RacingGame+1","Backstab+1","Slice+1","Masterful Stab+1","Flying Knee+1","Sucker Punch+1","Dramatic Entrance+1","Bite","Bite","Bite","MostiFishMod:GrandStart+1","Deflect+1"],"relics":["Ring of the Snake","REME:ComplimentaryCards","DaveBox","FeatherPendant","SynthV:TestCard","reliquary:Firecrackers","JellyFishMachine","Ornamental Fan","SlaversCollar","Red Mask","Lantern","MawBank"],"acts_visited":["Exordium","TheCity","TheBeyond"],"potions_floor_usage":[16,33,51,51,51,51],"damage_taken":[{"damage":0,"enemies":"Jaw Worm","floor":1,"turns":2},{"damage":0,"enemies":"Cultist","floor":2,"turns":1},{"damage":0,"enemies":"Small Slimes","floor":5,"turns":1},{"damage":0,"enemies":"Exordium Wildlife","floor":7,"turns":2},{"damage":0,"enemies":"Exordium Thugs","floor":9,"turns":2},{"damage":0,"enemies":"Exordium Thugs","floor":10,"turns":2},{"damage":0,"enemies":"2 Fungi Beasts","floor":11,"turns":1},{"damage":0,"enemies":"Slime Boss","floor":16,"turns":2},{"damage":11,"enemies":"2 Thieves","floor":18,"turns":2},{"damage":0,"enemies":"3 Byrds","floor":19,"turns":1},{"damage":0,"enemies":"Snecko","floor":25,"turns":1},{"damage":0,"enemies":"3 Cultists","floor":26,"turns":2},{"damage":0,"enemies":"3 Cultists","floor":28,"turns":2},{"damage":0,"enemies":"Chosen and Byrds","floor":31,"turns":2},{"damage":19,"enemies":"Collector","floor":33,"turns":4},{"damage":0,"enemies":"Orb Walker","floor":35,"turns":1},{"damage":7,"enemies":"3 Shapes","floor":37,"turns":1},{"damage":0,"enemies":"3 Darklings","floor":38,"turns":1},{"damage":0,"enemies":"Giant Head","floor":40,"turns":4},{"damage":0,"enemies":"Maw","floor":44,"turns":2},{"damage":0,"enemies":"Spire Growth","floor":45,"turns":3},{"damage":0,"enemies":"Jaw Worm Horde","floor":47,"turns":1},{"damage":0,"enemies":"Maw","floor":48,"turns":3},{"damage":0,"enemies":"Awakened One","floor":50,"turns":2},{"damage":0,"enemies":"Time Eater","floor":51,"turns":4}],"seed_played":"-8244080903374201892","potions_obtained":[{"floor":5,"key":"Weak Potion"},{"floor":7,"key":"Strength Potion"},{"floor":25,"key":"AttackPotion"},{"floor":28,"key":"PowerPotion"},{"floor":31,"key":"Fire Potion"},{"floor":37,"key":"EntropicBrew"}],"is_trial":false,"path_per_floor":["M","M","$","?","M","R","M","R","MIM","M","M","R","?","T","R","B",null,"M","M","$","?","?","R","?","M","MIM","R","M","?","R","M","R","B",null,"M","$","M","M","?","E","R","?","T","M","M","$","M","M","R","B","B",null],"character_chosen":"THE_SILENT","items_purchased":["Dramatic Entrance"],"campfire_rested":0,"item_purchase_floors":[20],"current_hp_per_floor":[65,65,65,65,65,65,65,65,65,67,69,69,62,62,62,64,70,61,63,63,63,63,63,63,65,67,67,69,69,69,72,72,53,67,72,72,65,71,71,72,72,72,72,72,72,72,72,72,72,72,72],"gold":50,"neow_bonus":"TEN_PERCENT_HP_BONUS","is_daily":false,"chose_seed":false,"campfire_upgraded":10,"win_rate":0.0,"timestamp":1613649902,"path_taken":["M","M","$","?","M","R","M","R","MIM","?","M","R","?","?","R","BOSS","M","M","$","?","?","R","?","M","MIM","R","?","?","R","M","R","BOSS","M","$","M","M","?","E","R","?","T","M","?","$","M","M","R","BOSS","BOSS"],"items_purchased_type":["Card"],"build_version":"2020-12-22","purchased_purges":4,"victory":true,"max_hp_per_floor":[72,72,72,72,72,72,72,72,72,72,72,72,72,72,72,72,72,72,72,72,72,72,72,72,72,72,72,72,72,72,72,72,72,72,72,72,72,72,72,72,72,72,72,72,72,72,72,72,72,72,72],"card_choices":[{"not_picked":["Bouncing Flask","Flechettes","Dodge and Roll"],"picked":"SKIP","floor":1},{"not_picked":["Well Laid Plans","Eviscerate","MostiFishMod:PerfectParry","Underhanded Strike"],"picked":"Backstab","floor":2},{"not_picked":["Backflip","All Out Attack","Quick Slash","MostiFishMod:PerfectParry"],"picked":"Slice","floor":5},{"not_picked":["Catalyst","Dodge and Roll","Distraction","Choke"],"picked":"Masterful Stab","floor":7},{"not_picked":["Sucker Punch","Die Die Die","Infinite Blades","Poisoned Stab"],"picked":"Flying Knee","floor":9},{"not_picked":["Blur","Slice","MostiFishMod:ThornCasing","Deadly Poison","Flying Knee"],"picked":"SKIP","floor":10},{"not_picked":["PiercingWail","Dagger Throw","MostiFishMod:PreservedThorns","Prepared","Slice"],"picked":"SKIP","floor":11},{"not_picked":["Cloak And Dagger","MostiFishMod:ThornCasing","Terror+1","Blade Dance","MostiFishMod:PoisonShield"],"picked":"SKIP","floor":18},{"not_picked":["Blade Dance","Riddle With Holes","Dash+1","Eviscerate+1"],"picked":"Sucker Punch","floor":19},{"not_picked":["Outmaneuver","Catalyst","Dodge and Roll","Accuracy","Setup"],"picked":"SKIP","floor":25},{"not_picked":["MostiFishMod:AdrenalineArouse","Cloak And Dagger","Outmaneuver","Dagger Spray","Sucker Punch+1"],"picked":"SKIP","floor":28},{"not_picked":["Noxious Fumes","MostiFishMod:VineMother","Quick Slash","Blade Dance","Flying Knee"],"picked":"SKIP","floor":31},{"not_picked":["Venomology","MostiFishMod:AdrenalineArouse","MostiFishMod:SpreadingSpore","Adrenaline"],"picked":"MostiFishMod:GrandStart","floor":33},{"not_picked":["Acrobatics","Prepared","Deflect","Blade Dance","Noxious Fumes"],"picked":"SKIP","floor":35},{"not_picked":["Distraction","Heel Hook+1","Predator","Caltrops"],"picked":"Deflect+1","floor":37},{"not_picked":["All Out Attack","Endless Agony","Outmaneuver","MostiFishMod:VineMother","Sucker Punch"],"picked":"SKIP","floor":38},{"not_picked":["Dagger Throw","Cloak And Dagger+1","Underhanded Strike+1","Phantasmal Killer","Leg Sweep"],"picked":"SKIP","floor":40},{"not_picked":["Dagger Spray+1","Acrobatics","Deflect+1","Deadly Poison","PiercingWail"],"picked":"SKIP","floor":44},{"not_picked":["Slice","MostiFishMod:PerfectParry+1","Masterful Stab+1","Dodge and Roll","Caltrops+1"],"picked":"SKIP","floor":45},{"not_picked":["Choke","Poisoned Stab","Acrobatics+1","All Out Attack","Dagger Spray"],"picked":"SKIP","floor":47},{"not_picked":["Distraction","MostiFishMod:Confrontation","Prepared","Poisoned Stab","PiercingWail+1"],"picked":"SKIP","floor":48}],"player_experience":112007,"relics_obtained":[{"floor":1,"key":"SynthV:TestCard"},{"floor":9,"key":"Blood Vial"},{"floor":14,"key":"reliquary:Firecrackers"},{"floor":26,"key":"Ornamental Fan"},{"floor":40,"key":"Lantern"},{"floor":43,"key":"MawBank"}],"event_choices":[{"damage_healed":0,"gold_gain":0,"player_choice":"Forge","damage_taken":0,"max_hp_gain":0,"max_hp_loss":0,"event_name":"Accursed Blacksmith","floor":4,"gold_loss":0,"cards_upgraded":["MostiFishMod:RacingGame"]},{"cards_removed":["Defend_G"],"damage_healed":0,"gold_gain":0,"player_choice":"Card Removal","damage_taken":7,"max_hp_gain":0,"max_hp_loss":0,"event_name":"Golden Wing","floor":13,"gold_loss":0},{"damage_healed":0,"gold_gain":0,"player_choice":"Ignored","damage_taken":0,"max_hp_gain":0,"max_hp_loss":0,"event_name":"The Mausoleum","floor":21,"gold_loss":0},{"damage_healed":0,"gold_gain":0,"player_choice":"Paid Fearfully","damage_taken":0,"max_hp_gain":0,"max_hp_loss":0,"event_name":"Masked Bandits","floor":22,"gold_loss":31},{"damage_healed":0,"gold_gain":0,"player_choice":"Upgraded","damage_taken":0,"max_hp_gain":0,"max_hp_loss":0,"event_name":"Upgrade Shrine","floor":24,"gold_loss":0,"cards_upgraded":["Masterful Stab"]},{"damage_healed":0,"gold_gain":0,"player_choice":"Became a vampire (Vial)","damage_taken":0,"max_hp_gain":0,"max_hp_loss":0,"event_name":"Vampires","floor":29,"relics_lost":["Blood Vial"],"gold_loss":0,"cards_obtained":["Bite","Bite","Bite","Bite","Bite"]},{"damage_healed":0,"gold_gain":0,"player_choice":"Paid","damage_taken":0,"relics_obtained":["Red Mask"],"max_hp_gain":0,"max_hp_loss":0,"event_name":"Tomb of Lord Red Mask","floor":39,"gold_loss":73},{"damage_healed":0,"gold_gain":50,"player_choice":"Pray","damage_taken":0,"max_hp_gain":0,"max_hp_loss":0,"event_name":"Golden Shrine","floor":42,"gold_loss":0}],"is_beta":false,"boss_relics":[{"not_picked":["Astrolabe","Sozu"],"picked":"JellyFishMachine"},{"not_picked":["Velvet Choker","SacredBark"],"picked":"SlaversCollar"}],"items_purged_floors":[3,20,36,46],"is_endless":false,"potions_floor_spawned":[5,7,10,11,25,28,31,37,40,48],"ascension_level":20}}