{"host":"lv3zv4svf9qrs9uo","time":1613690506,"event":{"mods":["AchievementEnabler","BaseMod","Minty Spire (QoL Compilation)","Relic Stats"],"gold_per_floor":[362,374,390,69,84,113,113,148,148,148,163,163,190,205,205,304,304,318,318,171,189,205,231,231,261,261,296,296,310,310,310,310,412,412,424,443,154,154,174,208,208,234,234,234,284,87,107,107,107,107],"floor_reached":51,"language":"ENG","playtime":8562,"items_purged":["Defend_P","Strike_P","Strike_P","Strike_P"],"score":1098,"play_id":"57806535-c721-45f4-9f41-334628d5b778","local_time":"20210218152146","is_ascension_mode":true,"campfire_choices":[{"data":"Eruption","floor":10.0,"key":"SMITH"},{"data":"Weave","floor":12.0,"key":"SMITH"},{"data":"TalkToTheHand","floor":15.0,"key":"SMITH"},{"data":"Fasting2","floor":24.0,"key":"SMITH"},{"data":"MentalFortress","floor":28.0,"key":"SMITH"},{"data":"Devotion","floor":32,"key":"SMITH"},{"floor":41,"key":"REST"},{"data":"Adaptation","floor":44,"key":"SMITH"},{"data":"1","floor":49,"key":"LIFT"}],"circlet_count":0,"master_deck":["Strike_P","Defend_P","Defend_P","Defend_P","Eruption+1","Vigilance","FlurryOfBlows","Consecrate","SashWhip","ThirdEye","Wireheading","Crescendo","CutThroughFate","Weave+1","Adaptation+1","TalkToTheHand+1","Devotion+1","Meditate","Fasting2+1","EmptyFist","Prostrate","CutThroughFate","MentalFortress+1","FearNoEvil","FlurryOfBlows+1","Devotion","ThirdEye+1","InnerPeace","Ragnarok","TalkToTheHand+1","LikeWater+1","Brilliance","Tantrum","CrushJoints"],"relics":["PureWater","Oddly Smooth Stone","Anchor","Vajra","Mercury Hourglass","Bird Faced Urn","Sozu","Boot","Toy Ornithopter","Sundial","Ancient Tea Set","VioletLotus","Dead Branch","StoneCalendar","Mummified Hand","Girya"],"acts_visited":["Exordium","TheCity","TheBeyond"],"potions_floor_usage":[49,50,50],"damage_taken":[{"damage":18.0,"enemies":"Small Slimes","floor":1.0,"turns":4.0},{"damage":0.0,"enemies":"Cultist","floor":2.0,"turns":2.0},{"damage":0.0,"enemies":"2 Louse","floor":3.0,"turns":1.0},{"damage":4.0,"enemies":"Looter","floor":5.0,"turns":4.0},{"damage":20.0,"enemies":"3 Sentries","floor":6.0,"turns":5.0},{"damage":15.0,"enemies":"Lagavulin","floor":8.0,"turns":6.0},{"damage":0.0,"enemies":"Red Slaver","floor":11.0,"turns":2.0},{"damage":0.0,"enemies":"3 Sentries","floor":13.0,"turns":3.0},{"damage":0.0,"enemies":"Large Slime","floor":14.0,"turns":1.0},{"damage":0.0,"enemies":"Slime Boss","floor":16.0,"turns":4.0},{"damage":11.0,"enemies":"2 Thieves","floor":18.0,"turns":3.0},{"damage":0.0,"enemies":"3 Byrds","floor":21.0,"turns":3.0},{"damage":4.0,"enemies":"Centurion and Healer","floor":22.0,"turns":6.0},{"damage":0.0,"enemies":"Gremlin Leader","floor":23.0,"turns":4.0},{"damage":9.0,"enemies":"Book of Stabbing","floor":25.0,"turns":4.0},{"damage":13.0,"enemies":"Gremlin Leader","floor":27.0,"turns":5.0},{"damage":14.0,"enemies":"3 Cultists","floor":29.0,"turns":4.0},{"damage":19,"enemies":"Automaton","floor":33,"turns":6},{"damage":4,"enemies":"Orb Walker","floor":35,"turns":3},{"damage":17,"enemies":"3 Darklings","floor":36,"turns":5},{"damage":0,"enemies":"Sphere and 2 Shapes","floor":39,"turns":3},{"damage":53,"enemies":"Nemesis","floor":40,"turns":7},{"damage":0,"enemies":"Giant Head","floor":42,"turns":6},{"damage":0,"enemies":"Mind Bloom Boss Battle","floor":45,"turns":3},{"damage":4,"enemies":"Writhing Mass","floor":47,"turns":5},{"damage":15,"enemies":"Donu and Deca","floor":50,"turns":6}],"seed_played":"7897084711147947335","potions_obtained":[{"floor":1.0,"key":"Fruit Juice"},{"floor":3.0,"key":"Strength Potion"},{"floor":8.0,"key":"SkillPotion"},{"floor":16.0,"key":"PowerPotion"}],"is_trial":false,"path_per_floor":["M","M","M","$","M","E","?","E","T","R","M","R","E","M","R","B",null,"M","?","$","M","M","E","R","E","T","E","R","M","?","?","R","B",null,"M","M","$","?","M","E","R","E","T","R","?","$","M","?","R","B",null],"character_chosen":"WATCHER","items_purchased":["ThirdEye","Wireheading","Oddly Smooth Stone","EmptyFist","Ragnarok","CrushJoints"],"campfire_rested":1,"item_purchase_floors":[4,4,4,20,37,46],"current_hp_per_floor":[33,33,33,33,29,9,72,57,57,57,57,57,57,57,57,61,69,62,62,62,68,72,72,72,67,67,62,62,54,54,54,54,45,65,72,60,60,60,72,27,48,62,62,62,66,66,72,68,73,62],"gold":107,"neow_bonus":"TWO_FIFTY_GOLD","is_daily":false,"chose_seed":false,"campfire_upgraded":7,"win_rate":0.0,"timestamp":1613690506,"path_taken":["M","M","M","$","M","E","?","E","T","R","M","R","E","M","R","BOSS","M","?","$","M","M","E","R","E","T","E","R","M","?","?","R","BOSS","M","M","$","?","?","E","R","E","T","R","?","$","M","?","R","BOSS"],"items_purchased_type":["Card","Card","Relic","Card","Card","Card"],"build_version":"2020-12-22","purchased_purges":4,"victory":true,"max_hp_per_floor":[72,72,72,72,72,72,72,72,72,72,72,72,72,72,72,72,72,72,72,72,72,72,72,72,72,72,72,72,72,72,72,72,72,72,72,72,72,72,72,72,72,72,72,72,72,72,72,68,73,73],"relic_stats":{"Sozu":8,"counters":[26,104],"Sundial":[4],"Mummified Hand":[17],"Bird Faced Urn":[118],"Dead Branch":[9],"StoneCalendar":[0],"VioletLotus":[10],"Boot":[32],"obtain_stats":[{"Girya":45,"Dead Branch":40,"Oddly Smooth Stone":4,"Vajra":8,"StoneCalendar":42,"Boot":23,"Ancient Tea Set":27,"Mercury Hourglass":9,"Sozu":17,"Anchor":6,"Sundial":26,"Mummified Hand":43,"Bird Faced Urn":13,"VioletLotus":34,"PureWater":0,"Toy Ornithopter":25},{"Girya":24,"Dead Branch":22,"Oddly Smooth Stone":3,"Vajra":6,"StoneCalendar":23,"Boot":14,"Ancient Tea Set":16,"Mercury Hourglass":6,"Sozu":10,"Anchor":5,"Sundial":15,"Mummified Hand":23,"Bird Faced Urn":8,"VioletLotus":18,"PureWater":0,"Toy Ornithopter":15},{"Girya":93,"Dead Branch":84,"Oddly Smooth Stone":7,"Vajra":22,"StoneCalendar":90,"Boot":48,"Ancient Tea Set":56,"Mercury Hourglass":22,"Sozu":32,"Anchor":16,"Sundial":51,"Mummified Hand":90,"Bird Faced Urn":27,"VioletLotus":66,"PureWater":0,"Toy Ornithopter":51}],"Toy Ornithopter":0,"Mercury Hourglass":[356]},"card_choices":[{"not_picked":["ReachHeaven","Meditate"],"picked":"FlurryOfBlows","floor":1.0},{"not_picked":["FlyingSleeves","BattleHymn"],"picked":"Consecrate","floor":2.0},{"not_picked":["BowlingBash","FlyingSleeves"],"picked":"SashWhip","floor":3.0},{"not_picked":["EmptyBody","Omniscience"],"picked":"Crescendo","floor":5.0},{"not_picked":["FlyingSleeves","FollowUp"],"picked":"InnerPeace","floor":6.0},{"not_picked":["SpiritShield","Halt"],"picked":"CutThroughFate","floor":8.0},{"not_picked":["Conclude","Wireheading"],"picked":"Weave","floor":11.0},{"not_picked":["Sanctity","ThirdEye"],"picked":"Adaptation","floor":13.0},{"not_picked":["Protect","EmptyFist"],"picked":"TalkToTheHand","floor":14.0},{"not_picked":["Judgement","SpiritShield"],"picked":"Devotion","floor":16.0},{"not_picked":["Consecrate+1","Collect+1"],"picked":"Meditate","floor":18.0},{"not_picked":["Evaluate","Swivel"],"picked":"Prostrate","floor":21.0},{"not_picked":["BowlingBash","WindmillStrike"],"picked":"CutThroughFate","floor":22.0},{"not_picked":["InnerPeace","Protect+1"],"picked":"MentalFortress","floor":23.0},{"not_picked":["FlyingSleeves","ForeignInfluence"],"picked":"FearNoEvil","floor":25.0},{"not_picked":["Fasting2","Devotion"],"picked":"FlurryOfBlows+1","floor":27.0},{"not_picked":["Conclude","Consecrate","Fasting2"],"picked":"SKIP","floor":29.0},{"not_picked":["DeusExMachina","DevaForm"],"picked":"Devotion","floor":33},{"not_picked":["Perseverance","Adaptation"],"picked":"ThirdEye+1","floor":35},{"not_picked":["Crescendo+1","ClearTheMind"],"picked":"InnerPeace","floor":36},{"not_picked":["ClearTheMind+1","JustLucky+1"],"picked":"LikeWater+1","floor":39},{"not_picked":["SignatureMove+1","Fasting2","EmptyBody"],"picked":"SKIP","floor":40},{"not_picked":["Establishment","Indignation+1"],"picked":"Brilliance","floor":42},{"not_picked":["Fasting2+1","TalkToTheHand"],"picked":"Tantrum","floor":45},{"not_picked":["WreathOfFlame+1","EmptyMind","CutThroughFate"],"picked":"SKIP","floor":47}],"player_experience":638517,"relics_obtained":[{"floor":6.0,"key":"Anchor"},{"floor":8.0,"key":"Vajra"},{"floor":9.0,"key":"Mercury Hourglass"},{"floor":13.0,"key":"Bird Faced Urn"},{"floor":23.0,"key":"Boot"},{"floor":25.0,"key":"Toy Ornithopter"},{"floor":26.0,"key":"Sundial"},{"floor":27.0,"key":"Ancient Tea Set"},{"floor":40,"key":"Dead Branch"},{"floor":42,"key":"StoneCalendar"},{"floor":43,"key":"Mummified Hand"},{"floor":45,"key":"Girya"}],"event_choices":[{"cards_removed":["InnerPeace"],"damage_healed":63.0,"max_hp_gain":0.0,"max_hp_loss":0.0,"gold_gain":0.0,"event_name":"Bonfire Elementals","player_choice":"Offered Uncommon","floor":7.0,"gold_loss":0.0,"damage_taken":0.0},{"damage_healed":0.0,"max_hp_gain":0.0,"max_hp_loss":0.0,"gold_gain":0.0,"event_name":"The Library","player_choice":"Read","floor":19.0,"gold_loss":0.0,"damage_taken":0.0,"cards_obtained":["Fasting2"]},{"damage_healed":0,"gold_gain":0,"player_choice":"Ignored","damage_taken":0,"max_hp_gain":0,"max_hp_loss":0,"event_name":"Cursed Tome","floor":30,"gold_loss":0},{"damage_healed":0,"gold_gain":0,"player_choice":"Ignored","damage_taken":0,"max_hp_gain":0,"max_hp_loss":0,"event_name":"Vampires","floor":31,"gold_loss":0},{"damage_healed":0,"gold_gain":0,"player_choice":"Copied","damage_taken":0,"max_hp_gain":0,"max_hp_loss":0,"event_name":"Duplicator","floor":38,"gold_loss":0,"cards_obtained":["TalkToTheHand"]},{"damage_healed":0,"gold_gain":0,"player_choice":"Fight","damage_taken":0,"max_hp_gain":0,"max_hp_loss":0,"event_name":"MindBloom","floor":45,"gold_loss":0},{"damage_healed":0,"gold_gain":0,"player_choice":"Max HP","damage_taken":0,"max_hp_gain":0,"max_hp_loss":4,"event_name":"Winding Halls","floor":48,"gold_loss":0}],"is_beta":false,"boss_relics":[{"not_picked":["Fusion Hammer","Runic Dome"],"picked":"Sozu"},{"not_picked":["Busted Crown","Snecko Eye"],"picked":"VioletLotus"}],"items_purged_floors":[4,20,37,46],"is_endless":false,"potions_floor_spawned":[1,3,8,16,18,22,27,29,35,40,42,47],"ascension_level":5}}