{"host":"prxrhpgaxnj4om9r","time":1613616117,"event":{"mods":["AchievementEnabler","BaseMod","Colored Map","DeckTracker","Minty Spire (QoL Compilation)"],"gold_per_floor":[112,212,231,246,266,293,293,304,304,322,364,364,55,20,20,115,115,135,174,207,249,249,249,268,627,627,627,662,165,176,195,195,296,296,315,40,40,58,74,102,102,102,102,102,113,153,153,197,197,197,197,197,14,42,42,42],"floor_reached":55,"language":"KOR","playtime":2616,"items_purged":["EmptyBody"],"score":725,"play_id":"d975bcd6-9712-4423-855f-5b7c0f9cbb5f","local_time":"20210218114157","is_ascension_mode":false,"campfire_choices":[{"data":"Eruption","floor":7,"key":"SMITH"},{"data":"ForeignInfluence","floor":12,"key":"SMITH"},{"data":"Apotheosis","floor":15,"key":"SMITH"},{"data":"Ragnarok","floor":23,"key":"SMITH"},{"floor":27,"key":"REST"},{"floor":32,"key":"REST"},{"floor":41,"key":"RECALL"},{"data":"Vault","floor":44,"key":"SMITH"},{"floor":47,"key":"REST"},{"floor":49,"key":"REST"},{"data":"Ragnarok","floor":52,"key":"SMITH"}],"circlet_count":0,"master_deck":["Eruption+1","Vigilance","FlurryOfBlows","EmptyFist","MentalFortress","ForeignInfluence+1","SandsOfTime+1","Wish","ReachHeaven","Consecrate","Apotheosis+1","Ragnarok+1","CutThroughFate","Wallop","FearNoEvil+1","WheelKick+1","Weave+1","Nirvana","PathToVictory+1","ClearTheMind+1","Indignation","Study+1","Vault+1","Halt","Ragnarok+1","LessonLearned","Prostrate","SignatureMove","ThirdEye+1","TalkToTheHand+1","FlurryOfBlows+1","InnerPeace+1","CarveReality","Worship"],"relics":["PureWater","Pen Nib","Ornamental Fan","Omamori","Pandora\u0027s Box","Red Mask","Old Coin","Bronze Scales","Kunai","Whetstone","Philosopher\u0027s Stone","Shuriken","Matryoshka","Ancient Tea Set","Potion Belt","Bag of Marbles","TungstenRod"],"acts_visited":["Exordium","TheCity","TheBeyond","TheEnding"],"potions_floor_usage":[16,25,28,33,33,35,38,40,50,50],"damage_taken":[{"damage":3,"enemies":"Jaw Worm","floor":1,"turns":3},{"damage":0,"enemies":"Cultist","floor":3,"turns":2},{"damage":0,"enemies":"2 Louse","floor":4,"turns":1},{"damage":0,"enemies":"Large Slime","floor":5,"turns":4},{"damage":10,"enemies":"Gremlin Nob","floor":6,"turns":3},{"damage":0,"enemies":"Looter","floor":8,"turns":2},{"damage":7,"enemies":"Lots of Slimes","floor":10,"turns":3},{"damage":11,"enemies":"Blue Slaver","floor":11,"turns":4},{"damage":49,"enemies":"The Guardian","floor":16,"turns":6},{"damage":0,"enemies":"Spheric Guardian","floor":18,"turns":2},{"damage":3,"enemies":"Chosen","floor":19,"turns":4},{"damage":0,"enemies":"Masked Bandits","floor":20,"turns":3},{"damage":17,"enemies":"Snecko","floor":21,"turns":4},{"damage":7,"enemies":"Sentry and Sphere","floor":24,"turns":4},{"damage":1,"enemies":"Gremlin Leader","floor":25,"turns":3},{"damage":11,"enemies":"Snake Plant","floor":28,"turns":3},{"damage":14,"enemies":"3 Cultists","floor":30,"turns":4},{"damage":3,"enemies":"Snecko","floor":31,"turns":4},{"damage":27,"enemies":"Champ","floor":33,"turns":6},{"damage":2,"enemies":"Orb Walker","floor":35,"turns":3},{"damage":26,"enemies":"3 Darklings","floor":38,"turns":3},{"damage":0,"enemies":"Transient","floor":39,"turns":5},{"damage":10,"enemies":"Giant Head","floor":40,"turns":5},{"damage":6,"enemies":"4 Shapes","floor":45,"turns":4},{"damage":8,"enemies":"Jaw Worm Horde","floor":46,"turns":4},{"damage":20,"enemies":"3 Darklings","floor":48,"turns":4},{"damage":8,"enemies":"Donu and Deca","floor":50,"turns":5},{"damage":32,"enemies":"Shield and Spear","floor":54,"turns":5},{"damage":119,"enemies":"The Heart","floor":55,"turns":2}],"seed_played":"-3798080254402559353","potions_obtained":[{"floor":8,"key":"SmokeBomb"},{"floor":10,"key":"SpeedPotion"},{"floor":11,"key":"ColorlessPotion"},{"floor":21,"key":"SpeedPotion"},{"floor":24,"key":"SkillPotion"},{"floor":25,"key":"BottledMiracle"},{"floor":30,"key":"EssenceOfSteel"},{"floor":33,"key":"BottledMiracle"},{"floor":35,"key":"FearPotion"},{"floor":39,"key":"Regen Potion"},{"floor":46,"key":"DuplicationPotion"},{"floor":48,"key":"CultistPotion"}],"is_trial":false,"path_per_floor":["M","?","M","M","M","E","R","M","T","M","M","R","$","?","R","B",null,"M","M","?","M","?","R","M","E","T","R","M","$","M","M","R","B",null,"M","$","?","M","M","E","R","$","T","R","M","M","R","M","R","B",null,"R","$","E","B"],"character_chosen":"WATCHER","items_purchased":["Omamori","Apotheosis","Kunai","Whetstone","Halt","Shuriken","Prostrate","Bag of Marbles","CarveReality"],"campfire_rested":4,"item_purchase_floors":[13,13,29,29,29,36,36,53,53],"current_hp_per_floor":[76,76,76,76,76,66,66,66,66,59,48,48,48,67,67,18,79,79,76,76,59,59,59,52,51,51,74,63,63,49,46,69,42,79,77,77,77,51,51,55,55,55,55,55,49,41,64,44,67,59,79,79,79,47,0,0],"gold":42,"neow_bonus":"TEN_PERCENT_HP_BONUS","is_daily":false,"chose_seed":false,"campfire_upgraded":6,"win_rate":0.0,"timestamp":1613616117,"path_taken":["M","?","M","M","M","E","R","M","T","M","?","R","?","?","R","BOSS","M","M","?","M","?","R","M","E","T","R","?","$","M","M","R","BOSS","M","$","?","M","?","E","R","$","T","R","M","M","R","M","R","BOSS","R","$","E","BOSS"],"items_purchased_type":["Relic","Card","Relic","Relic","Card","Relic","Card","Relic","Card"],"build_version":"2020-12-22","purchased_purges":1,"victory":false,"max_hp_per_floor":[79,79,79,79,79,79,79,79,79,79,79,79,79,79,79,79,79,79,79,79,79,79,79,79,79,79,79,79,79,79,79,79,79,79,79,79,79,79,79,79,79,79,79,79,79,79,79,79,79,79,79,79,79,79,79,79],"card_choices":[{"not_picked":["Crescendo","Protect"],"picked":"FlurryOfBlows","floor":1},{"not_picked":["Study","Protect"],"picked":"EmptyFist","floor":3},{"not_picked":["JustLucky","Evaluate"],"picked":"MentalFortress","floor":4},{"not_picked":["EmptyMind","Crescendo"],"picked":"ForeignInfluence","floor":5},{"not_picked":["Nirvana","CutThroughFate"],"picked":"SandsOfTime","floor":6},{"not_picked":["WheelKick","Crescendo"],"picked":"Wish","floor":8},{"not_picked":["FlyingSleeves","BattleHymn"],"picked":"ReachHeaven","floor":10},{"not_picked":["Crescendo","ReachHeaven"],"picked":"Consecrate","floor":11},{"not_picked":["Omniscience","Judgement"],"picked":"Ragnarok","floor":16},{"not_picked":["CarveReality","Conclude","CutThroughFate"],"picked":"SKIP","floor":18},{"not_picked":["FlyingSleeves","Crescendo+1","CutThroughFate"],"picked":"SKIP","floor":19},{"not_picked":["EmptyFist","Evaluate"],"picked":"PathToVictory+1","floor":20},{"not_picked":["FollowUp+1","PathToVictory+1"],"picked":"ClearTheMind+1","floor":21},{"not_picked":["Conclude","Swivel"],"picked":"Indignation","floor":24},{"not_picked":["CarveReality","Consecrate"],"picked":"Study+1","floor":25},{"not_picked":["JustLucky","EmptyBody"],"picked":"Vault","floor":28},{"not_picked":["Evaluate","Wallop","Crescendo+1"],"picked":"SKIP","floor":30},{"not_picked":["Prostrate","EmptyBody+1"],"picked":"Ragnarok","floor":31},{"not_picked":["Wish","Establishment"],"picked":"LessonLearned","floor":33},{"not_picked":["Study+1","Halt","ThirdEye+1"],"picked":"SKIP","floor":35},{"not_picked":["Consecrate+1","SashWhip"],"picked":"SignatureMove","floor":38},{"not_picked":["FollowUp+1","Conclude+1"],"picked":"ThirdEye+1","floor":39},{"not_picked":["DevaForm","JustLucky+1"],"picked":"TalkToTheHand+1","floor":40},{"not_picked":["Protect","CrushJoints+1"],"picked":"FlurryOfBlows+1","floor":45},{"not_picked":["Consecrate+1","FlyingSleeves+1","SashWhip+1"],"picked":"SKIP","floor":46},{"not_picked":["ClearTheMind+1","EmptyBody"],"picked":"InnerPeace+1","floor":48},{"not_picked":["MasterReality","Perseverance"],"picked":"Worship","floor":54}],"player_experience":506657,"relics_obtained":[{"floor":6,"key":"Pen Nib"},{"floor":9,"key":"Ornamental Fan"},{"floor":20,"key":"Red Mask"},{"floor":25,"key":"Old Coin"},{"floor":26,"key":"Bronze Scales"},{"floor":40,"key":"Ancient Tea Set"},{"floor":43,"key":"Potion Belt"},{"floor":54,"key":"TungstenRod"}],"event_choices":[{"damage_healed":0,"gold_gain":100,"player_choice":"Pray","damage_taken":0,"max_hp_gain":0,"max_hp_loss":0,"event_name":"Golden Shrine","floor":2,"gold_loss":0},{"damage_healed":19,"gold_gain":0,"player_choice":"Healed","damage_taken":0,"max_hp_gain":0,"max_hp_loss":0,"event_name":"The Cleric","floor":14,"gold_loss":35},{"damage_healed":0,"gold_gain":0,"player_choice":"Fought Bandits","damage_taken":0,"max_hp_gain":0,"max_hp_loss":0,"event_name":"Masked Bandits","floor":20,"gold_loss":0},{"cards_removed":["FearNoEvil"],"damage_healed":0,"gold_gain":0,"player_choice":"Purged","damage_taken":0,"max_hp_gain":0,"max_hp_loss":0,"event_name":"Purifier","floor":22,"gold_loss":0},{"damage_healed":0,"gold_gain":0,"player_choice":"Gave Potion","damage_taken":0,"relics_obtained":["Matryoshka"],"max_hp_gain":0,"max_hp_loss":0,"event_name":"WeMeetAgain","floor":37,"gold_loss":0}],"is_beta":false,"boss_relics":[{"not_picked":["HolyWater","Astrolabe"],"picked":"Pandora\u0027s Box"},{"not_picked":["Runic Dome","SacredBark"],"picked":"Philosopher\u0027s Stone"}],"items_purged_floors":[29],"is_endless":false,"potions_floor_spawned":[8,10,11,21,24,25,30,33,35,39,46,48],"killed_by":"The Heart","ascension_level":0}}