{"host":"aaqofma31c3gm2hj","time":1613617444,"event":{"mods":["BaseMod","GungeonMod","Minty Spire (QoL Compilation)","Replay The Spire","Spicy Shops","StSLib"],"gold_per_floor":[112,187,187,187,187,187,200,233,244,244,244,244,259,269,50,50,50,50],"floor_reached":17,"language":"ZHS","playtime":241,"items_purged":[],"score":260,"play_id":"544d2894-e8f1-44cc-9b5a-b5c116588cc6","local_time":"20210218110404","is_ascension_mode":true,"campfire_choices":[{"data":"Sword Boomerang","floor":6,"key":"SMITH"},{"floor":12,"key":"RECALL"}],"circlet_count":0,"master_deck":["AscendersBane","Strike_R","Strike_R","Strike_R","Strike_R","Defend_R","Defend_R","Defend_R","Defend_R","Sword Boomerang+1","Survivor","Neutralize+1","Pommel Strike","Shrug It Off","Dark Embrace","Power Through","Whirlwind"],"relics":["Burning Blood","NeowsBlessing","ReplayTheSpireMod:Spearhead","The Courier","Self Forming Clay","Toxic Egg 2"],"acts_visited":["Exordium"],"potions_floor_usage":[],"damage_taken":[{"damage":0.0,"enemies":"2 Louse","floor":1.0,"turns":1.0},{"damage":0,"enemies":"Jaw Worm","floor":7,"turns":1},{"damage":0,"enemies":"3 Sentries","floor":8,"turns":1},{"damage":5,"enemies":"Small Slimes","floor":9,"turns":3},{"damage":46,"enemies":"Exordium Thugs","floor":13,"turns":9},{"damage":1,"enemies":"2 Fungi Beasts","floor":14,"turns":6},{"damage":0,"enemies":"Lagavulin","floor":17,"turns":1}],"seed_played":"4990007493962911542","potions_obtained":[{"floor":7,"key":"SpeedPotion"},{"floor":8,"key":"SneckoOil"},{"floor":14,"key":"SteroidPotion"}],"is_trial":false,"path_per_floor":["M","?","?","?","?","R","M","E","M","T","T","R","M","M","$","$","E"],"character_chosen":"IRONCLAD","items_purchased":["Toxic Egg 2"],"campfire_rested":0,"item_purchase_floors":[15],"current_hp_per_floor":[74,63,63,63,63,63,69,75,75,75,75,75,35,40,40,40,40,40],"gold":50,"neow_bonus":"THREE_ENEMY_KILL","is_daily":false,"chose_seed":false,"campfire_upgraded":1,"win_rate":0.0,"timestamp":1613617444,"path_taken":["M","?","?","?","?","R","M","E","M","T","T","R","M","?","?","$","E"],"items_purchased_type":["Relic"],"build_version":"2020-12-22","purchased_purges":0,"victory":false,"max_hp_per_floor":[75,75,75,75,75,75,75,75,75,75,75,75,75,75,75,75,75,75],"card_choices":[{"not_picked":["Havoc","Sentinel"],"picked":"Sword Boomerang","floor":1.0},{"not_picked":["Cleave","Headbutt"],"picked":"Pommel Strike","floor":7},{"not_picked":["Run Through","Cleave"],"picked":"Shrug It Off","floor":8},{"not_picked":["ReplayTheSpireMod:Strike From Hell","Dropkick"],"picked":"Dark Embrace","floor":9},{"not_picked":["ReplayReversal","Wild Strike"],"picked":"Power Through","floor":13},{"not_picked":["Eclipse","Clothesline"],"picked":"Whirlwind","floor":14}],"player_experience":682604,"relics_obtained":[{"floor":8,"key":"ReplayTheSpireMod:Spearhead"},{"floor":10,"key":"The Courier"},{"floor":11,"key":"Self Forming Clay"}],"event_choices":[{"damage_healed":0.0,"max_hp_gain":0.0,"max_hp_loss":0.0,"gold_gain":75.0,"event_name":"World of Goop","player_choice":"Gather Gold","floor":2.0,"gold_loss":0.0,"damage_taken":11.0},{"damage_healed":0,"gold_gain":0,"player_choice":"Upgraded","damage_taken":0,"max_hp_gain":0,"max_hp_loss":0,"event_name":"Upgrade Shrine","floor":5,"gold_loss":0,"cards_upgraded":["Neutralize"]}],"is_beta":false,"boss_relics":[],"items_purged_floors":[],"is_endless":false,"potions_floor_spawned":[7,8,14],"killed_by":"Lagavulin","ascension_level":20}}