{"host":"3yynf0dn84873kbr","time":1613634609,"event":{"mods":["Act Like it!","Arknights","BaseMod","CapriCore","Downfall","Gensokyo","Minty Spire (QoL Compilation)","Robot Space Explorer","StSLib"],"gold_per_floor":[99,118,118,132,148,133,186,196,196,196,222,222,250,261,275,378,378,278,295,295,295,203,222,222,232,232,132,459,479,479,4,23,128,128,128,128,176,190,205,215,267,317,8,8,8,37,206,221,238,238],"floor_reached":51,"language":"ZHS","playtime":3989,"items_purged":[],"score":782,"play_id":"b88484c7-897e-4c9b-9f22-9611b01f5b05","local_time":"20210218155009","is_ascension_mode":false,"campfire_choices":[{"data":"Slimebound:Split","floor":1.0,"key":"SMITH"},{"data":"Slimebound:SplitSpecialist","floor":10.0,"key":"SMITH"},{"data":"Slimebound:SplitSpecialist","floor":12.0,"key":"SMITH"},{"data":"Slimebound:SamplingLick","floor":18,"key":"SMITH"},{"data":"Slimebound:HauntingLick","floor":27,"key":"SMITH"},{"data":"Slimebound:SamplingLick","floor":30,"key":"SMITH"},{"data":"Slimebound:Gluttony","floor":35,"key":"SMITH"},{"data":"Slimebound:OozeBath","floor":44,"key":"SMITH"}],"circlet_count":0,"master_deck":["Slimebound:Strike_Slimebound","Slimebound:Strike_Slimebound","Slimebound:Strike_Slimebound","Slimebound:Tackle","Slimebound:Defend_Slimebound","Slimebound:Defend_Slimebound","Slimebound:Defend_Slimebound","Slimebound:Defend_Slimebound","Slimebound:Split+1","Slimebound:CorrosiveSpit","Slimebound:SplitSpecialist+1","Slimebound:SlimeSpikes","Slimebound:SamplingLick+1","Slimebound:SlimeSpikes","Slimebound:AcidTongue","Slimebound:SplitSpecialist+1","Slimebound:AcidTongue","Slimebound:MassFeed","Slimebound:SpikyOuterGoop","Slimebound:SamplingLick+1","Slimebound:HauntingLick+1","Slimebound:OozeBath+1","Slimebound:MegaLick","Slimebound:GoopSpray+1","Slimebound:PressTheAttack+1","Slimebound:SplitSpecialist+1","Slimebound:Schlurp","Slimebound:MegaLick","Slimebound:SelfFormingGoo","Slimebound:LeechingTouch+1","Slimebound:ItLooksTasty","Slimebound:Gluttony+1","Slimebound:LevelUp","Slimebound:Darklings","expansioncontent:AwakenDeath","Slimebound:Gluttony+1","Slimebound:GoopSpray+1","Slimebound:Schlurp+1","Slimebound:RainOfGoop+1","Slimebound:Repurpose","Slimebound:SplitMire+1","Slimebound:TongueLash+1"],"relics":["Slimebound:AbsorbEndCombat","Omamori","HornCleat","PreservedInsect","Calling Bell","Ancient Tea Set","Singing Bowl","Prayer Wheel","downfall:HeartBlessingGreen","downfall:HeartBlessingBlue","Old Coin","Calipers","Blood Vial","SlaversCollar","Peace Pipe","MealTicket","Du-Vu Doll","ClockworkSouvenir","Vajra","Juzu Bracelet","Slimebound:AggressiveSlimeRelic"],"acts_visited":["Exordium","TheCity","TheBeyond"],"potions_floor_usage":[43,50,50],"damage_taken":[{"damage":3.0,"enemies":"Jaw Worm","floor":2.0,"turns":4.0},{"damage":0.0,"enemies":"Cultist","floor":4.0,"turns":3.0},{"damage":1.0,"enemies":"Small Slimes","floor":5.0,"turns":3.0},{"damage":0.0,"enemies":"downfall:FleeingMerchant","floor":6.0,"turns":4.0},{"damage":0.0,"enemies":"Red Slaver","floor":8.0,"turns":5.0},{"damage":36.0,"enemies":"Gremlin Nob","floor":11.0,"turns":5.0},{"damage":14.0,"enemies":"3 Sentries","floor":13.0,"turns":9.0},{"damage":0.0,"enemies":"Exordium Thugs","floor":14.0,"turns":4.0},{"damage":0.0,"enemies":"Large Slime","floor":15.0,"turns":6.0},{"damage":14.0,"enemies":"SI_SHIV_ARCHETYPE","floor":16.0,"turns":9.0},{"damage":3,"enemies":"downfall:LooterAlt2","floor":19,"turns":6},{"damage":0,"enemies":"downfall:FleeingMerchant","floor":22,"turns":4},{"damage":9,"enemies":"Spheric Guardian","floor":23,"turns":5},{"damage":1,"enemies":"Centurion and Healer","floor":25,"turns":5},{"damage":13,"enemies":"Gremlin Leader","floor":28,"turns":6},{"damage":3,"enemies":"Snake Plant","floor":29,"turns":4},{"damage":0,"enemies":"downfall:FleeingMerchant","floor":31,"turns":4},{"damage":15,"enemies":"Shelled Parasite and Fungi","floor":32,"turns":6},{"damage":88,"enemies":"DF_ARCHETYPE_CLAW","floor":33,"turns":9},{"damage":15,"enemies":"2 Orb Walkers","floor":37,"turns":6},{"damage":19,"enemies":"Orb Walker","floor":38,"turns":5},{"damage":29,"enemies":"3 Darklings","floor":39,"turns":11},{"damage":33,"enemies":"Jaw Worm Horde","floor":40,"turns":8},{"damage":0,"enemies":"Jaw Worm Horde","floor":42,"turns":10},{"damage":0,"enemies":"downfall:FleeingMerchant","floor":43,"turns":4},{"damage":27,"enemies":"Giant Head","floor":46,"turns":8},{"damage":2,"enemies":"downfall:FleeingMerchant","floor":47,"turns":2},{"damage":11,"enemies":"Spire Growth","floor":48,"turns":7},{"damage":58,"enemies":"Transient","floor":49,"turns":5},{"damage":76,"enemies":"IC_BLOCK_ARCHETYPE","floor":50,"turns":11}],"seed_played":"-673528629602704044","potions_obtained":[{"floor":2.0,"key":"Weak Potion"},{"floor":11.0,"key":"champ:CounterPotion"},{"floor":13.0,"key":"Swift Potion"},{"floor":14.0,"key":"Strength Potion"},{"floor":23,"key":"Fire Potion"},{"floor":33,"key":"PowerPotion"},{"floor":42,"key":"LiquidMemories"},{"floor":46,"key":"SpeedPotion"}],"is_trial":false,"path_per_floor":["R","M","?","M","M","$","T","M","?","R","E","R","E","M","M","B",null,"R","M","?","?","$","M","T","M","?","R","E","M","R","$","M","B",null,"R","?","?","M","M","M","T","?","$","R","?","E","$","M","M","B",null],"character_chosen":"SLIMEBOUND","items_purchased":["Slimebound:SplitSpecialist","Calipers","Blood Vial","ClockworkSouvenir","Vajra","Slimebound:AggressiveSlimeRelic","Slimebound:Repurpose"],"campfire_rested":0,"item_purchase_floors":[22,31,31,43,43,47,47],"current_hp_per_floor":[71,69,69,71,71,71,71,71,71,71,39,39,27,29,37,32,80,80,79,79,79,80,75,75,83,75,85,82,83,83,91,91,13,102,102,102,90,79,63,40,40,49,70,70,106,86,105,102,56,19],"gold":238,"neow_bonus":"TEN_PERCENT_HP_BONUS","is_daily":false,"chose_seed":false,"campfire_upgraded":8,"win_rate":0.0,"timestamp":1613634609,"path_taken":["R","M","?","?","M","$","T","M","?","R","E","R","E","?","M","BOSS","R","M","?","?","$","M","T","M","?","R","E","?","R","?","M","BOSS","R","?","?","M","M","?","T","?","$","R","?","E","$","M","M","BOSS"],"items_purchased_type":["Card","Relic","Relic","Relic","Relic","Relic","Card"],"build_version":"2020-12-22","purchased_purges":0,"victory":true,"max_hp_per_floor":[71,71,71,71,71,71,71,71,71,71,71,71,71,71,77,80,80,80,80,80,80,80,82,82,85,85,95,97,97,97,97,102,102,102,102,102,105,105,112,114,114,119,121,121,106,111,113,115,117,117],"card_choices":[{"not_picked":["Slimebound:Repurpose","Slimebound:LivingWall"],"picked":"Slimebound:SplitSpecialist","floor":2.0},{"not_picked":["Slimebound:PressTheAttack","Slimebound:SplitMire"],"picked":"Slimebound:SlimeSpikes","floor":4.0},{"not_picked":["Slimebound:SplitAcid","Slimebound:Gluttony"],"picked":"Slimebound:SamplingLick","floor":5.0},{"not_picked":["Slimebound:Repurpose","Slimebound:Prepare"],"picked":"Slimebound:SlimeSpikes","floor":6.0},{"not_picked":["Slimebound:ProtectTheBoss","Slimebound:ServeAndProtect"],"picked":"Slimebound:AcidTongue","floor":8.0},{"not_picked":["Slimebound:LeechingTouch","Slimebound:GoopTackle"],"picked":"Slimebound:MassFeed","floor":11.0},{"not_picked":["Slimebound:TongueLash","Slimebound:DouseInSlime"],"picked":"Slimebound:SpikyOuterGoop","floor":13.0},{"not_picked":["Slimebound:SlimeSpikes","Slimebound:Equalize"],"picked":"Slimebound:SamplingLick","floor":14.0},{"not_picked":["Slimebound:FlameTackle","Slimebound:MegaLick"],"picked":"Slimebound:HauntingLick","floor":15.0},{"not_picked":["Slimebound:LeechLife","Slimebound:SelfFormingGoo"],"picked":"Slimebound:OozeBath","floor":16.0},{"not_picked":["Slimebound:SplitBruiser","Slimebound:ItLooksTasty"],"picked":"Slimebound:MegaLick","floor":19},{"not_picked":["Slimebound:MegaLick+1","Slimebound:ProtectTheBoss+1"],"picked":"Slimebound:GoopSpray+1","floor":19},{"not_picked":["Slimebound:DivideAndConquer","Slimebound:SlimeSpikes"],"picked":"Slimebound:PressTheAttack+1","floor":22},{"not_picked":["Slimebound:LivingWall","Slimebound:LeechingTouch"],"picked":"Slimebound:Schlurp","floor":23},{"not_picked":["Slimebound:Prepare","Slimebound:BestDefense","Slimebound:PressTheAttack"],"picked":"Singing Bowl","floor":23},{"not_picked":["Slimebound:PressTheAttack+1","Slimebound:Prepare"],"picked":"Slimebound:MegaLick","floor":25},{"not_picked":["Slimebound:SplitBruiser","Slimebound:LeechEnergy"],"picked":"Slimebound:SelfFormingGoo","floor":25},{"not_picked":["Slimebound:GoopSpray","Slimebound:SplitAcid","Slimebound:SplitLeeching"],"picked":"Singing Bowl","floor":28},{"not_picked":["Slimebound:LivingWall","Slimebound:SlimeSpikes+1"],"picked":"Slimebound:LeechingTouch+1","floor":29},{"not_picked":["Slimebound:PressTheAttack","Slimebound:CheckThePlaybook"],"picked":"Slimebound:ItLooksTasty","floor":29},{"not_picked":["Slimebound:LivingWall","Slimebound:LeechingTouch"],"picked":"Slimebound:Gluttony","floor":31},{"not_picked":["Slimebound:Schlurp","Slimebound:SplitBruiser+1","Slimebound:GoopTackle"],"picked":"Singing Bowl","floor":32},{"not_picked":["Slimebound:FinishingTackle","Slimebound:SplitMire"],"picked":"Slimebound:LevelUp","floor":32},{"not_picked":["Slimebound:PrepareCrush","Slimebound:SelfFormingGoo"],"picked":"Slimebound:Darklings","floor":33},{"not_picked":["expansioncontent:GuardianWhirl","expansioncontent:YouAreMine"],"picked":"expansioncontent:AwakenDeath","floor":36},{"not_picked":["Slimebound:MegaLick","Slimebound:ComboTackle+1"],"picked":"Slimebound:Gluttony+1","floor":37},{"not_picked":["Slimebound:RollThrough","Slimebound:FinishingTackle+1"],"picked":"Slimebound:GoopSpray+1","floor":38},{"not_picked":["Slimebound:RollThrough","Slimebound:PressTheAttack"],"picked":"Slimebound:Schlurp+1","floor":38},{"not_picked":["Slimebound:Gluttony+1","Slimebound:ProtectTheBoss","Slimebound:GoopTackle"],"picked":"Singing Bowl","floor":39},{"not_picked":["Slimebound:ViciousTackle+1","Slimebound:LeechingTouch","Slimebound:SplitBruiser+1"],"picked":"Singing Bowl","floor":39},{"not_picked":["Slimebound:Darklings","Slimebound:GoopSpray","Slimebound:SplitBruiser+1"],"picked":"Singing Bowl","floor":40},{"not_picked":["Slimebound:ItLooksTasty","Slimebound:SplitMire"],"picked":"Slimebound:RainOfGoop+1","floor":40},{"not_picked":["Slimebound:FinishingTackle","Slimebound:SplitAcid+1","Slimebound:OneTwoCombo"],"picked":"Singing Bowl","floor":42},{"not_picked":["Slimebound:LivingWall","Slimebound:DivideAndConquer","Slimebound:Prepare+1"],"picked":"Singing Bowl","floor":43},{"not_picked":["Slimebound:RejuvenatingLick","Slimebound:MegaLick","Slimebound:DivideAndConquer+1"],"picked":"Singing Bowl","floor":46},{"not_picked":["Slimebound:SlimeTap","Slimebound:FlameTackle+1","Slimebound:ItLooksTasty"],"picked":"Singing Bowl","floor":47},{"not_picked":["Slimebound:TagTeam","Slimebound:GoopSpray","Slimebound:SplitMire"],"picked":"Singing Bowl","floor":48},{"not_picked":["Slimebound:SplitLeeching","Slimebound:Nibble"],"picked":"Slimebound:SplitMire+1","floor":48},{"not_picked":["Slimebound:SplitBruiser+1","Slimebound:ViciousTackle","Slimebound:SplitLeeching"],"picked":"Singing Bowl","floor":49},{"not_picked":["Slimebound:GoopTackle+1","Slimebound:Gluttony"],"picked":"Slimebound:TongueLash+1","floor":49}],"player_experience":157873,"relics_obtained":[{"floor":7.0,"key":"Omamori"},{"floor":11.0,"key":"HornCleat"},{"floor":13.0,"key":"PreservedInsect"},{"floor":17,"key":"Ancient Tea Set"},{"floor":17,"key":"Singing Bowl"},{"floor":17,"key":"Prayer Wheel"},{"floor":28,"key":"Old Coin"},{"floor":37,"key":"Peace Pipe"},{"floor":41,"key":"MealTicket"},{"floor":42,"key":"Du-Vu Doll"},{"floor":46,"key":"Juzu Bracelet"}],"event_choices":[{"damage_healed":0.0,"max_hp_gain":0.0,"max_hp_loss":0.0,"gold_gain":0.0,"event_name":"NoteForYourself","player_choice":"Ignored","floor":3.0,"gold_loss":0.0,"damage_taken":0.0},{"damage_healed":0,"gold_gain":0,"player_choice":"Ignored","damage_taken":0,"max_hp_gain":0,"max_hp_loss":0,"event_name":"Ghosts","floor":21,"gold_loss":0},{"damage_healed":0,"gold_gain":0,"player_choice":"Fight","damage_taken":0,"max_hp_gain":0,"max_hp_loss":0,"event_name":"Mysterious Sphere","floor":37,"gold_loss":0}],"is_beta":false,"boss_relics":[{"not_picked":["Runic Pyramid","Philosopher\u0027s Stone"],"picked":"Calling Bell"},{"not_picked":["Black Star","Busted Crown"],"picked":"SlaversCollar"}],"items_purged_floors":[],"is_endless":false,"potions_floor_spawned":[2,11,13,14,23,25,33,38,42,46,48],"ascension_level":0}}