{"host":"cvxanxept80h7z3t","time":1613671160,"event":{"mods":["Aspiration","BaseMod","Beaked The Cultist","BetterRewards","Colored Map","Colored Powertips","Conspire","Downfall","Duelist Mod","Hermit","Infinite Spire","Mad Scientist","Marisa????????","Mimic Mod","Minty Spire (QoL Compilation)","READ ME - Snecko Mod","SOS???????","StSLib","Td1madao Mod","The Administrix","The Animator","The Bug Knight","The Construct","The Cursed","The Disciple","The Jungle","The Mystic","The Necromancer","The Runesmith","The Servant 0.9.4","The Valiant","The Witch"],"gold_per_floor":[141,141,141,43,60,60,87,133,133,133,167,184,216,240,252,362,374,399,411,438,460,488,527,539,578,590,614,645,679,797,831,843,962,974,1007,1019,1081,1106,1129,1181,1193,1205,1249,1281,1293,1305,661,675,675,681,681,681,71,114,144,144],"floor_reached":55,"language":"ENG","playtime":3052,"items_purged":["Regret","theDuelist:CastleWalls","theDuelist:CastleWalls"],"score":872,"play_id":"6308944a-84e3-42ce-944e-9a893b0707fe","local_time":"20210218185920","is_ascension_mode":true,"campfire_choices":[{"data":"theDuelist:NaturiaStinkbug","floor":6,"key":"SMITH"},{"data":"theDuelist:NaturiaStinkbug","floor":10,"key":"SMITH"},{"data":"theDuelist:NaturiaMantis","floor":15,"key":"SMITH"},{"floor":24,"key":"REST"},{"data":"theDuelist:SummoningSwarm","floor":32,"key":"SMITH"},{"floor":42,"key":"RECALL"},{"data":"theDuelist:Canyon","floor":46,"key":"SMITH"},{"data":"theDuelist:NaturiaTulip","floor":49,"key":"SMITH"},{"data":"theDuelist:NaturiaEggplant","floor":52,"key":"SMITH"}],"circlet_count":0,"master_deck":["theDuelist:CastleWalls","theDuelist:NaturiaBeast","theDuelist:NaturiaCliff","theDuelist:NaturiaRock","theDuelist:NaturiaTulip+1","theDuelist:Sparks","theDuelist:Sparks","theDuelist:Sparks","theDuelist:NaturiaStinkbug+1","theDuelist:NaturiaStinkbug+1","theDuelist:SummoningSwarm+1","theDuelist:NaturiaEggplant+1","theDuelist:NaturiaRosewhip","theDuelist:NaturiaMantis+1","theDuelist:NaturiaBarkion+1","theDuelist:NaturiaCliff","theDuelist:NaturiaGaiastrio+1","theDuelist:NaturiaStinkbug+1","Violence+1","theDuelist:NaturiaSunflower+1","theDuelist:Canyon+1","theDuelist:Alpacaribou","theDuelist:SeedSacredTree+1"],"relics":["theDuelist:MillenniumPuzzle","theDuelist:CardPoolRelic","theDuelist:CardPoolBasicRelic","theDuelist:BoosterPackPoolRelic","theDuelist:CardPoolAddRelic","theDuelist:CardPoolMinusRelic","theDuelist:CardPoolSaveRelic","theDuelist:CardPoolOptionsRelic","aspiration:Nostalgia","Uniform","Pantograph","Toy Ornithopter","Runesmith:AutoHammer","conspire:Dentures","MawBank","Sozu","theDuelist:MetronomeRelicD","infinitespire:Midas Blood","Toxic Egg 2","theDuelist:ZoneToken","Unceasing Top","Meat on the Bone","theDuelist:GamblerChip","Tiny House","Bronze Scales","theDuelist:CursedHealer","Girya","theDuelist:MarkOfNature","Huge Egg","HollowMod:LifeEnderRelic","Melange","Mummified Hand"],"acts_visited":["Exordium","TheCity","TheBeyond","TheEnding"],"potions_floor_usage":[5,7,11,13,16],"damage_taken":[{"damage":15,"enemies":"Jaw Worm","floor":1,"turns":8},{"damage":0,"enemies":"Small Slimes","floor":5,"turns":3},{"damage":17,"enemies":"Lagavulin","floor":7,"turns":7},{"damage":10,"enemies":"Gremlin Nob","floor":11,"turns":4},{"damage":0,"enemies":"Cultist","floor":12,"turns":3},{"damage":10,"enemies":"Lagavulin","floor":13,"turns":5},{"damage":0,"enemies":"Exordium Thugs","floor":14,"turns":4},{"damage":14,"enemies":"Hexaghost","floor":16,"turns":12},{"damage":0,"enemies":"3 Byrds","floor":18,"turns":3},{"damage":20,"enemies":"2 Thieves","floor":20,"turns":4},{"damage":13,"enemies":"Snecko","floor":21,"turns":5},{"damage":2,"enemies":"Snake Plant","floor":22,"turns":3},{"damage":17,"enemies":"Slavers","floor":23,"turns":4},{"damage":0,"enemies":"theDuelist:KaibaA2","floor":25,"turns":5},{"damage":1,"enemies":"3 Cultists","floor":27,"turns":4},{"damage":5,"enemies":"Shelled Parasite and Fungi","floor":28,"turns":6},{"damage":3,"enemies":"Snake Plant","floor":29,"turns":4},{"damage":4,"enemies":"Colosseum Slavers","floor":30,"turns":4},{"damage":16,"enemies":"Colosseum Nobs","floor":30,"turns":5},{"damage":9,"enemies":"Snecko","floor":31,"turns":4},{"damage":25,"enemies":"Collector","floor":33,"turns":12},{"damage":27,"enemies":"3 Darklings","floor":35,"turns":4},{"damage":1,"enemies":"3 Shapes","floor":38,"turns":3},{"damage":0,"enemies":"Writhing Mass","floor":39,"turns":6},{"damage":39,"enemies":"Reptomancer","floor":40,"turns":6},{"damage":0,"enemies":"Transient","floor":43,"turns":9},{"damage":0,"enemies":"Transient","floor":44,"turns":5},{"damage":5,"enemies":"4 Shapes","floor":48,"turns":4},{"damage":18,"enemies":"conspire:OrnateMirror","floor":50,"turns":18},{"damage":36,"enemies":"Shield and Spear","floor":54,"turns":5},{"damage":73,"enemies":"The Heart","floor":55,"turns":5}],"seed_played":"4493849977619343394","potions_obtained":[{"floor":1,"key":"theDuelist:FlamingBottle"},{"floor":3,"key":"theDuelist:SealedPackD"},{"floor":3,"key":"theDuelist:MillenniumElixir"},{"floor":12,"key":"theDuelist:WhiteBottle"},{"floor":13,"key":"theDuelist:BottledKuriboh"}],"is_trial":false,"path_per_floor":["M","?","?","$","M","R","E","T","T","R","E","M","E","M","R","B",null,"M","?","M","M","M","E","R","E","T","M","M","M","?","M","R","B",null,"M","?","AVR","M","M","E","?","R","MIM","M","?","R","$","M","R","B",null,"R","$","E","B"],"character_chosen":"THE_DUELIST","items_purchased":["theDuelist:NaturiaStinkbug","theDuelist:MarkOfNature","theDuelist:NaturiaRock+1","Huge Egg","theDuelist:SeedSacredTree+1","HollowMod:LifeEnderRelic","Melange"],"campfire_rested":1,"item_purchase_floors":[4,47,47,47,53,53,53],"current_hp_per_floor":[65,65,65,65,65,65,48,48,48,48,43,43,38,38,38,54,80,80,74,54,41,39,22,46,46,46,45,40,37,17,20,20,32,80,53,53,58,57,57,30,55,55,55,55,55,55,55,50,50,57,81,81,81,45,0,0],"gold":144,"neow_bonus":"NOSTALGIA","is_daily":false,"chose_seed":false,"campfire_upgraded":7,"win_rate":0.0,"timestamp":1613671160,"path_taken":["M","?","?","$","?","R","E","?","T","R","E","M","E","M","R","BOSS","M","?","?","M","M","E","R","E","T","M","M","?","?","M","R","BOSS","M","?","AVR","?","M","E","?","R","MIM","?","?","R","$","M","R","BOSS","R","$","E","BOSS"],"items_purchased_type":["Card","Relic","Card","Relic","Card","Relic","Relic"],"build_version":"2020-12-22","purchased_purges":3,"victory":false,"max_hp_per_floor":[80,80,80,80,80,80,80,80,80,80,80,80,80,80,80,80,80,80,80,80,80,80,80,80,80,80,80,80,80,80,80,80,80,80,80,80,85,85,85,85,85,85,85,85,81,81,81,81,81,81,81,81,81,81,81,81],"card_choices":[{"not_picked":["theDuelist:NaturiaDragonfly","theDuelist:LonefireBlossom","theDuelist:FossilDig","theDuelist:NaturiaCliff"],"picked":"theDuelist:NaturiaStinkbug","floor":1},{"not_picked":["theDuelist:NaturiaCliff","theDuelist:NaturiaAntjaw","theDuelist:Spore","theDuelist:NaturiaHydrangea"],"picked":"theDuelist:SummoningSwarm","floor":5},{"not_picked":["theDuelist:NaturiaHydrangea","theDuelist:NaturiaDragonfly","theDuelist:NaturiaCliff","theDuelist:NaturiaMosquito"],"picked":"theDuelist:NaturiaEggplant","floor":7},{"not_picked":["theDuelist:NaturiaCliff","theDuelist:NaturiaSunflower","theDuelist:NaturiaStinkbug","theDuelist:SummoningSwarm"],"picked":"theDuelist:NaturiaRosewhip","floor":11},{"not_picked":["theDuelist:AttackTheMoon","theDuelist:WingedKuriboh","theDuelist:EarthEffigy","theDuelist:DianKeto","theDuelist:GemElephant"],"picked":"SKIP","floor":12},{"not_picked":["theDuelist:NaturiaEggplant","theDuelist:SummoningSwarm","theDuelist:NaturiaDragonfly","theDuelist:SangaEarth"],"picked":"theDuelist:NaturiaMantis","floor":13},{"not_picked":["theDuelist:NaturiaStrawberry","theDuelist:FrozenRose","theDuelist:LonefireBlossom","theDuelist:LuminousMoss","theDuelist:DigitalBug"],"picked":"SKIP","floor":14},{"not_picked":["theDuelist:NaturiaForest","theDuelist:HuntingInstinct","theDuelist:Wildfire","theDuelist:HeartUnderdog"],"picked":"theDuelist:NaturiaBarkion","floor":16},{"not_picked":["theDuelist:CopyPlant","theDuelist:Pollinosis","theDuelist:NaturiaStagBeetle+1","theDuelist:NaturiaBeans","theDuelist:NaturiaStinkbug"],"picked":"SKIP","floor":18},{"not_picked":["theDuelist:NaturiaAntjaw","theDuelist:Spore","theDuelist:SummoningSwarm","theDuelist:NaturiaStinkbug"],"picked":"theDuelist:NaturiaCliff","floor":20},{"not_picked":["theDuelist:NaturiaBeetle+1","theDuelist:VenomShot+1"],"picked":"theDuelist:NaturiaGaiastrio+1","floor":21},{"not_picked":["theDuelist:NaturiaEggplant","theDuelist:NaturiaRosewhip+1","theDuelist:NaturiaAntjaw+1","theDuelist:FossilDig"],"picked":"theDuelist:NaturiaStinkbug+1","floor":22},{"not_picked":["theDuelist:NaturiaHydrangea","theDuelist:NaturiaCliff","theDuelist:NaturiaAntjaw","theDuelist:NaturiaRosewhip","theDuelist:BarkionBark"],"picked":"SKIP","floor":23},{"not_picked":["theDuelist:NaturiaHydrangea+1","theDuelist:NaturiaCliff","theDuelist:NaturiaSunflower+1","theDuelist:NaturiaMantis+1","theDuelist:NaturiaSpiderfang"],"picked":"SKIP","floor":25},{"not_picked":["Forethought+1","Panache","Sadistic Nature"],"picked":"Violence+1","floor":27},{"not_picked":["theDuelist:NaturiaParadizo","theDuelist:Wildfire+1","theDuelist:VenomShot"],"picked":"SKIP","floor":28},{"not_picked":["theDuelist:NaturiaDragonfly","theDuelist:NaturiaCliff","theDuelist:NaturiaStinkbug+1","theDuelist:LonefireBlossom+1","theDuelist:BottomlessTrapHole"],"picked":"SKIP","floor":29},{"not_picked":["theDuelist:NaturiaHydrangea+1","theDuelist:NaturiaAntjaw+1","theDuelist:NaturiaMantis+1","theDuelist:ExterioFang+1"],"picked":"theDuelist:NaturiaSunflower+1","floor":31},{"not_picked":["theDuelist:NaturiaForest+1","theDuelist:NaturiaBarkion","theDuelist:ClosedForest+1","theDuelist:Wildfire"],"picked":"theDuelist:Canyon","floor":33},{"not_picked":["theDuelist:NaturiaHydrangea+1","theDuelist:NaturiaEggplant+1","theDuelist:NaturiaDragonfly","theDuelist:NaturiaCliff+1"],"picked":"theDuelist:NaturiaLandoise","floor":35},{"not_picked":["theDuelist:WildNatureRelease","theDuelist:SummoningSwarm+1","theDuelist:Wiretap+1","theDuelist:GracefulCharity+1"],"picked":"theDuelist:Alpacaribou","floor":37},{"not_picked":["theDuelist:MudragonSwamp","theDuelist:ForbiddenChalice+1","theDuelist:BigKoala+1","theDuelist:ChangeHeart+1","theDuelist:DarkHole+1"],"picked":"SKIP","floor":38},{"not_picked":["theDuelist:NatureReflection+1","theDuelist:LeodrakeMane+1","theDuelist:Anteater+1","theDuelist:ConvulsionNature+1","theDuelist:NaturiaVein+1"],"picked":"SKIP","floor":39},{"not_picked":["theDuelist:FuryFire+1","theDuelist:VenomShot","theDuelist:FossilDig+1","theDuelist:GracefulCharity+1","theDuelist:PotDuality+1"],"picked":"SKIP","floor":40},{"not_picked":["theDuelist:NaturiaEggplant+1","theDuelist:NaturiaCliff+1","theDuelist:NaturiaStinkbug+1","theDuelist:NaturiaRagweed+1","theDuelist:CrystalRose+1"],"picked":"SKIP","floor":44},{"not_picked":["theDuelist:SummoningSwarm+1","theDuelist:Canyon+1"],"picked":"SKIP","floor":48},{"not_picked":["theDuelist:NaturiaEggplant+1","theDuelist:NaturiaTulip+1","theDuelist:NaturiaRagweed+1","theDuelist:NaturiaAntjaw+1","theDuelist:WildNatureRelease+1"],"picked":"SKIP","floor":54}],"player_experience":322229,"relics_obtained":[{"floor":7,"key":"Toy Ornithopter"},{"floor":8,"key":"Runesmith:AutoHammer"},{"floor":11,"key":"conspire:Dentures"},{"floor":13,"key":"MawBank"},{"floor":23,"key":"infinitespire:Midas Blood"},{"floor":25,"key":"Toxic Egg 2"},{"floor":26,"key":"theDuelist:ZoneToken"},{"floor":30,"key":"Unceasing Top"},{"floor":30,"key":"Meat on the Bone"},{"floor":40,"key":"Bronze Scales"},{"floor":43,"key":"Girya"},{"floor":54,"key":"Mummified Hand"}],"event_choices":[{"damage_healed":0,"gold_gain":0,"player_choice":"Box","damage_taken":0,"relics_obtained":["Pantograph"],"max_hp_gain":0,"max_hp_loss":0,"event_name":"Big Fish","floor":2,"gold_loss":0,"cards_obtained":["Regret"]},{"damage_healed":0,"gold_gain":0,"player_choice":"Got Potions","damage_taken":0,"max_hp_gain":0,"max_hp_loss":0,"event_name":"Lab","floor":3,"gold_loss":0},{"damage_healed":0,"gold_gain":0,"player_choice":"Dig - random Duelist relic","duelist":true,"damage_taken":0,"max_hp_gain":0,"max_hp_loss":0,"event_name":"Aknamkanon\u0027s Tomb","floor":19,"gold_loss":0},{"damage_healed":0,"gold_gain":0,"player_choice":"Fight","damage_taken":0,"max_hp_gain":0,"max_hp_loss":0,"event_name":"Colosseum","floor":30,"gold_loss":0},{"damage_healed":0,"gold_gain":0,"player_choice":"Fought Nobs","damage_taken":0,"max_hp_gain":0,"max_hp_loss":0,"event_name":"Colosseum","floor":30,"gold_loss":0},{"damage_healed":0,"gold_gain":0,"player_choice":"1 cards matched","damage_taken":0,"max_hp_gain":0,"max_hp_loss":0,"event_name":"Match and Keep!","floor":36,"gold_loss":0,"cards_obtained":["Forethought"]},{"damage_healed":0,"gold_gain":0,"player_choice":"Succumb - +25HP/Cursed Relic","duelist":true,"damage_taken":0,"max_hp_gain":0,"max_hp_loss":0,"event_name":"Tomb of the Nameless","floor":41,"gold_loss":0},{"damage_healed":0,"gold_gain":0,"player_choice":"Max HP","damage_taken":0,"max_hp_gain":0,"max_hp_loss":4,"event_name":"Winding Halls","floor":45,"gold_loss":0}],"is_beta":false,"boss_relics":[{"not_picked":["conspire:SeveredTorchhead","Runesmith:UraniumAnvil"],"picked":"Sozu"},{"not_picked":["Snecko Eye","SlaversCollar"],"picked":"theDuelist:GamblerChip"}],"items_purged_floors":[4,47,53],"is_endless":false,"potions_floor_spawned":[1,12,13,20,25,29,30,30,31,33,39,40,48,54],"killed_by":"The Heart","ascension_level":1}}