{"host":"t9zjxed0utvsfjwc","time":1613631529,"event":{"mods":["2.2 Compatiblity","Act Like it!","Aspiration","BaseMod","Better Altar","Better Match","Better Note","Better Sensory Stone","Better Skull","Better Third Choice","Block Reminder","Colored Map","Colored Powertips","Conspire","Defuse TimeMaze Blight","Energized Spire","GifTheSpireLib","Hermit","Highlight Path","Hubris","Infinite Spire","Marked Mod","Minty Spire (QoL Compilation)","Quick Restart","Rare Cards Sparkle","Relic Sorter","Relic Stats","Reliquary","Replay The Spire","Ruina","StSLib","Stuff the Spire","The Blue Laboratory","The Jungle","The Marked","Unceasing Turn Reminder","Wandering Minibosses","everything is the same but u backflip on backflip"],"gold_per_floor":[117,137,137,150,150,179,179,214,214,280,280,308,335,345,345,345,345],"floor_reached":16,"language":"ENG","playtime":516,"items_purged":[],"score":124,"play_id":"dd74b728-e97e-4288-8c65-d2816e7c2e71","local_time":"20210218065849","is_ascension_mode":true,"campfire_choices":[{"floor":7,"key":"REST"},{"floor":11,"key":"REST"},{"floor":15,"key":"REST"}],"circlet_count":0,"master_deck":["hermit:Strike_Hermit","hermit:Strike_Hermit","hermit:Strike_Hermit","hermit:Strike_Hermit","hermit:Defend_Hermit","hermit:Defend_Hermit","hermit:Defend_Hermit+1","hermit:Defend_Hermit","hermit:Snapshot","hermit:Covet+1"],"relics":["hermit:Momento","NeowsBlessing","Anchor","Meat on the Bone","Dead Branch","Replay:Baseball","reliquary:Buckler"],"acts_visited":["Exordium"],"potions_floor_usage":[6,8],"damage_taken":[{"damage":0,"enemies":"Cultist","floor":1,"turns":1},{"damage":0,"enemies":"Small Slimes","floor":2,"turns":1},{"damage":0,"enemies":"Jaw Worm","floor":4,"turns":1},{"damage":34,"enemies":"3 Sentries","floor":6,"turns":10},{"damage":49,"enemies":"Lagavulin","floor":8,"turns":6},{"damage":28,"enemies":"3 Sentries","floor":12,"turns":9},{"damage":0,"enemies":"Exordium Wildlife","floor":14,"turns":3},{"damage":0,"enemies":"Slime Boss","floor":16,"turns":1}],"seed_played":"-2659042801097926082","potions_obtained":[{"floor":4,"key":"Adrenaline Potion"},{"floor":6,"key":"hermit:BlackBile"}],"is_trial":false,"path_per_floor":["M","M","?","M","$","E","R","E","T","?","R","E","T","M","R","B"],"character_chosen":"HERMIT","items_purchased":[],"campfire_rested":3,"item_purchase_floors":[],"current_hp_per_floor":[75,75,75,75,75,41,63,14,14,14,36,20,20,32,54,54,54],"gold":345,"neow_bonus":"THREE_ENEMY_KILL","is_daily":false,"chose_seed":false,"campfire_upgraded":0,"win_rate":0.0,"timestamp":1613631529,"path_taken":["M","?","?","M","$","E","R","E","T","?","R","E","?","M","R","BOSS"],"items_purchased_type":[],"build_version":"2020-12-22","purchased_purges":0,"victory":false,"max_hp_per_floor":[75,75,75,75,75,75,75,75,75,75,75,75,75,75,75,75,75],"relic_stats":{"counters":[8,32],"Dead Branch":[14],"obtain_stats":[{"Anchor":6,"Replay:Baseball":12,"NeowsBlessing":0,"Dead Branch":9,"reliquary:Buckler":13,"hermit:Momento":0,"Meat on the Bone":8},{"Anchor":4,"Replay:Baseball":6,"NeowsBlessing":0,"Dead Branch":5,"reliquary:Buckler":6,"hermit:Momento":0,"Meat on the Bone":5},{"Anchor":13,"Replay:Baseball":28,"NeowsBlessing":0,"Dead Branch":19,"reliquary:Buckler":28,"hermit:Momento":0,"Meat on the Bone":19}],"Meat on the Bone":24},"card_choices":[{"not_picked":["hermit:Feint","hermit:Coalescence","hermit:BodyArmor"],"picked":"SKIP","floor":1},{"not_picked":["hermit:Headshot","hermit:NoHoldsBarred","hermit:Ricochet"],"picked":"SKIP","floor":2},{"not_picked":["hermit:CursedWeapon","hermit:Cheat","hermit:PistolWhip"],"picked":"SKIP","floor":4},{"not_picked":["hermit:Grudge","hermit:DeadMansHand","hermit:NoHoldsBarred"],"picked":"SKIP","floor":6},{"not_picked":["hermit:Quickdraw","hermit:Brawl","hermit:Dive"],"picked":"SKIP","floor":8},{"not_picked":["hermit:Grudge","hermit:Dive","hermit:BlackWind"],"picked":"SKIP","floor":12},{"not_picked":["hermit:ItchyTrigger","hermit:Coalescence","hermit:Ricochet"],"picked":"SKIP","floor":14}],"player_experience":489047,"relics_obtained":[{"floor":6,"key":"Anchor"},{"floor":8,"key":"Meat on the Bone"},{"floor":9,"key":"Dead Branch"},{"floor":12,"key":"Replay:Baseball"},{"floor":13,"key":"reliquary:Buckler"}],"event_choices":[{"damage_healed":0,"gold_gain":0,"player_choice":"Disagree","damage_taken":0,"max_hp_gain":0,"max_hp_loss":0,"event_name":"conspire:LoneGhost","floor":3,"gold_loss":0},{"damage_healed":0,"gold_gain":66,"player_choice":"Gained Gold","damage_taken":0,"max_hp_gain":0,"max_hp_loss":0,"event_name":"Golden Wing","floor":10,"gold_loss":0}],"is_beta":false,"boss_relics":[],"items_purged_floors":[],"is_endless":false,"potions_floor_spawned":[4,6],"killed_by":"Slime Boss","ascension_level":1}}