{"host":"d73an99q9oevilk5","time":1613633827,"event":{"mods":["2.2 Compatiblity","AchievementEnabler","Act Like it!","Aspiration","BaseMod","Beaked The Cultist","Better Third Choice","BetterRewards","Colored Map","Colored Powertips","Conspire","Downfall","GifTheSpireLib","Halation","Hubris","Infinite Spire","Marisa????????","Mimic Mod","Minty Spire (QoL Compilation)","MostiFishMod","Quick Restart","Relic Sorter","Reliquary","Replay The Spire","Shop Mod","Spikes Relics","StSLib","Stuff the Spire","The Cursed","The Jungle","The Necromancer","The Saiyan","Waifu the Spire","egg","slay the spire mod where everything is the same but ironclad has a cowboy hat"],"gold_per_floor":[119,119,130,150,150,185,198,198,238,238,250,250,250,250,250,355,355,371,388,368,112,112,112,112],"floor_reached":23,"language":"ENG","playtime":604,"items_purged":[],"score":189,"play_id":"b6abe418-9728-49a2-939d-1eebffad78f9","local_time":"20210218003707","is_ascension_mode":false,"campfire_choices":[{"data":"beaked:Ceremony","floor":10.0,"key":"SMITH"},{"data":"beaked:KnowThyFoe","floor":13.0,"key":"SMITH"},{"floor":15.0,"key":"REST"}],"circlet_count":0,"master_deck":["beaked:Strike_Y","beaked:Strike_Y+1","beaked:Strike_Y","beaked:Strike_Y","beaked:Strike_Y","beaked:Strike_Y","beaked:Defend_Y","beaked:Defend_Y","beaked:Defend_Y","beaked:Defend_Y","beaked:Ceremony","beaked:Ceremony","beaked:Ceremony+1","beaked:BloodRitual","beaked:StickSmack","beaked:CursingBlood","beaked:StunningBlow","beaked:KnowThyFoe+1","beaked:AwakenedForm","beaked:Insight+1","beaked:Foresight+1"],"relics":["beaked:MendingPlumage","DaveBox","NeowsBlessing","BionicSphere","SynthV:TestCard","halation:SwordOfLegend","reliquary:Spinner","reliquary:TuningFork","conspire:RunicOctahedron","infinitespire:FocusingShard"],"acts_visited":["Exordium","Exordium"],"potions_floor_usage":[23],"damage_taken":[{"damage":0.0,"enemies":"2 Louse","floor":1.0,"turns":1.0},{"damage":0.0,"enemies":"Jaw Worm","floor":3.0,"turns":1.0},{"damage":0.0,"enemies":"Small Slimes","floor":4.0,"turns":1.0},{"damage":42.0,"enemies":"Lagavulin","floor":6.0,"turns":6.0},{"damage":22.0,"enemies":"Exordium Wildlife","floor":7.0,"turns":5.0},{"damage":2.0,"enemies":"Exordium Thugs","floor":9.0,"turns":7.0},{"damage":26.0,"enemies":"Exordium Thugs","floor":11.0,"turns":4.0},{"damage":26.0,"enemies":"Hexaghost","floor":16.0,"turns":8.0},{"damage":42.0,"enemies":"theJungle:5_Spyders","floor":18.0,"turns":8.0},{"damage":32.0,"enemies":"theJungle:GiantWrat","floor":19.0,"turns":6.0},{"damage":33,"enemies":"theJungle:Cassacara","floor":23,"turns":5}],"seed_played":"-8291615548902365707","potions_obtained":[{"floor":1.0,"key":"DuplicationPotion"},{"floor":3.0,"key":"Strength Potion"},{"floor":6.0,"key":"bronze:BurnAndBuffPotion"},{"floor":11.0,"key":"Guardian:BlockOnCardUsePotion"},{"floor":19.0,"key":"Milkshake"},{"floor":20.0,"key":"Milkshake"}],"is_trial":false,"path_per_floor":["M","$","M","M","?","E","M","?","MIM","R","M","?","R","?","R","B",null,"M","M","?","$","$","E"],"character_chosen":"BEAKED_THE_CULTIST","items_purchased":["infinitespire:FocusingShard"],"campfire_rested":1,"item_purchase_floors":[21],"current_hp_per_floor":[50,50,50,50,50,23,13,1,18,21,6,6,9,9,24,23,50,24,13,13,13,13,0,0],"gold":112,"neow_bonus":"THREE_ENEMY_KILL","is_daily":false,"chose_seed":false,"campfire_upgraded":2,"win_rate":0.0,"timestamp":1613633827,"path_taken":["M","$","M","M","?","E","M","?","MIM","R","M","?","R","?","R","BOSS","M","M","?","?","$","E"],"items_purchased_type":["Relic"],"build_version":"2020-12-22","purchased_purges":0,"victory":false,"max_hp_per_floor":[50,50,50,50,50,50,50,50,50,50,50,50,50,50,50,50,50,50,50,50,50,50,50,50],"card_choices":[{"not_picked":["beaked:Redirect","beaked:BloodForTheGods"],"picked":"beaked:BloodRitual","floor":1.0},{"not_picked":["beaked:WindBringer","beaked:FeelMyPain","beaked:Windmill","beaked:MaddeningMurmurs"],"picked":"beaked:StickSmack","floor":3.0},{"not_picked":["beaked:Daydream","beaked:WarriorEssence","beaked:Redirect","beaked:FeelMyPain"],"picked":"beaked:CursingBlood","floor":4.0},{"not_picked":["beaked:VigorBurst","beaked:CursingBlood","beaked:Redirect","beaked:DigDeep","beaked:Tradeoff"],"picked":"SKIP","floor":6.0},{"not_picked":["beaked:Pecker","beaked:BraceForImpact","beaked:Recite","beaked:Overpower"],"picked":"beaked:StunningBlow","floor":7.0},{"not_picked":["beaked:Foresight","beaked:MimicHuntress","beaked:Flinch","beaked:Devastation"],"picked":"beaked:KnowThyFoe","floor":11.0},{"not_picked":["beaked:Brainwash","beaked:FakeOut","beaked:DarkPact","beaked:SacrificialScars"],"picked":"beaked:AwakenedForm","floor":16.0},{"not_picked":["beaked:Redirect+1","beaked:Cower+1","beaked:SurvivalInstinct","beaked:BraceForImpact"],"picked":"beaked:Insight+1","floor":18.0},{"not_picked":["beaked:DigDeeper","beaked:Overpower+1","beaked:Flinch","beaked:Poke"],"picked":"beaked:Foresight+1","floor":19.0}],"player_experience":1936460,"relics_obtained":[{"floor":1.0,"key":"SynthV:TestCard"},{"floor":6.0,"key":"halation:SwordOfLegend"},{"floor":9.0,"key":"reliquary:TuningFork"}],"event_choices":[{"damage_healed":0.0,"max_hp_gain":0.0,"max_hp_loss":0.0,"gold_gain":0.0,"event_name":"conspire:Investor","player_choice":"Leave","floor":5.0,"gold_loss":0.0,"damage_taken":0.0},{"damage_healed":0.0,"max_hp_gain":0.0,"max_hp_loss":0.0,"gold_gain":0.0,"event_name":"betterThird:BetterScrap","player_choice":"Relic ","floor":8.0,"gold_loss":0.0,"damage_taken":12.0,"cards_obtained":["Endless Agony"]},{"damage_healed":0.0,"max_hp_gain":0.0,"max_hp_loss":0.0,"gold_gain":0.0,"event_name":"conspire:LoneGhost","player_choice":"Disagree","floor":12.0,"gold_loss":0.0,"damage_taken":0.0},{"damage_healed":0.0,"max_hp_gain":0.0,"max_hp_loss":0.0,"gold_gain":0.0,"event_name":"The Woman in Blue","player_choice":"Bought 1 Potion","floor":20.0,"gold_loss":0.0,"damage_taken":0.0}],"is_beta":false,"boss_relics":[{"not_picked":["StuffTheSpire:Kangaroo","StuffTheSpire:RunicHypercube"],"picked":"conspire:RunicOctahedron"}],"items_purged_floors":[],"is_endless":false,"potions_floor_spawned":[1,3,6,11,19],"killed_by":"theJungle:Cassacara","ascension_level":0}}