{"host":"6to8m083wj0ro91z","time":1613655337,"event":{"mods":["BaseMod","Better Third Choice","BetterRewards","CatGirl Mod","ChefMod","Friendly Minions","Hubris","Mad Scientist","Marisa????????","Minty Spire (QoL Compilation)","Onozuka Komachi Mod","QueenMod","Robot Space Explorer","Shade Mod","Shapeshifter Mod","Spicy Shops","StSLib","The Blackbeard","The Death Knight","The Elementalist","The Forsaken","The Gatherer","The Marked","The Mystic","The Necromancer","The Runesmith","The Servant 0.9.4","The Showman","The Vixen","Yohane!"],"gold_per_floor":[117,130,140,156,173,173,173],"floor_reached":6,"language":"ENG","playtime":634,"items_purged":["StSShapeShifter:ShapeShifter_Strike","StSShapeShifter:ShapeShifter_Defend","StSShapeShifter:ShapeShifter_Strike"],"score":40,"play_id":"00df5cba-7201-41db-a064-3f82baaf8fba","local_time":"20210218143537","is_ascension_mode":false,"campfire_choices":[],"circlet_count":0,"master_deck":["StSShapeShifter:ShapeShifter_Strike","StSShapeShifter:ShapeShifter_Strike","StSShapeShifter:ShapeShifter_Strike","StSShapeShifter:ShapeShifter_Defend","StSShapeShifter:ShapeShifter_Defend","StSShapeShifter:ShapeShifter_Defend","StSShapeShifter:ShapeShifter_Defend","StSShapeShifter:Tortoise_Form","StSShapeShifter:Lynx_Form","StSShapeShifter:BurstingSpore","Trip","StSShapeShifter:BulwarkOfDiscovery","StSShapeShifter:OwlForm"],"relics":["StSShapeShifter:AnimalHeart","StSShapeShifter:TheShapeShiftersMagnolia","StSShapeShifter:EmeraldPantherFigurine","Vajra"],"acts_visited":["Exordium"],"potions_floor_usage":[],"damage_taken":[{"damage":0,"enemies":"2 Louse","floor":1,"turns":2},{"damage":1,"enemies":"Jaw Worm","floor":2,"turns":2},{"damage":0,"enemies":"Cultist","floor":3,"turns":4},{"damage":28,"enemies":"Gremlin Gang","floor":4,"turns":5},{"damage":0,"enemies":"2 Fungi Beasts","floor":5,"turns":4},{"damage":30,"enemies":"Lagavulin","floor":6,"turns":7}],"seed_played":"-4170732922079102977","potions_obtained":[{"floor":2,"key":"Dexterity Potion"},{"floor":5,"key":"Dexterity Potion"}],"is_trial":false,"path_per_floor":["M","M","M","M","M","E"],"character_chosen":"SHAPESHIFTER","items_purchased":["StSShapeShifter:BurstingSpore","Trip","StSShapeShifter:EmeraldPantherFigurine","Vajra"],"campfire_rested":0,"item_purchase_floors":[0,0,0,0],"current_hp_per_floor":[42,41,41,13,13,0,0],"gold":173,"neow_bonus":"","is_daily":false,"chose_seed":false,"campfire_upgraded":0,"win_rate":0.0,"timestamp":1613655337,"path_taken":["M","M","M","M","M","E"],"items_purchased_type":["Card","Card","Relic","Relic"],"build_version":"2020-12-22","purchased_purges":3,"victory":false,"max_hp_per_floor":[78,78,78,78,78,78,78],"card_choices":[{"not_picked":["StSShapeShifter:BladeOfGrass","StSShapeShifter:HippoForm"],"picked":"StSShapeShifter:BulwarkOfDiscovery","floor":1},{"not_picked":["StSShapeShifter:VineHandcuffs","StSShapeShifter:RockSlide"],"picked":"StSShapeShifter:OwlForm","floor":2},{"not_picked":["StSShapeShifter:SunflowerShuriken","StSShapeShifter:VineHandcuffs","StSShapeShifter:FruitBasket"],"picked":"SKIP","floor":3},{"not_picked":["StSShapeShifter:Rest","StSShapeShifter:FlowerShield","StSShapeShifter:MonkeyForm"],"picked":"SKIP","floor":4},{"not_picked":["StSShapeShifter:Synchronicity","StSShapeShifter:Roar","StSShapeShifter:Ensconce"],"picked":"SKIP","floor":5}],"player_experience":1164401,"relics_obtained":[],"event_choices":[],"is_beta":false,"boss_relics":[],"items_purged_floors":[0,0,0],"is_endless":false,"potions_floor_spawned":[2,5],"killed_by":"Lagavulin","ascension_level":0}}