{"host":"7wi4qgm5yw4j7oz0","time":1613670684,"event":{"mods":["AchievementEnabler","BaseMod","Block Reminder","Colored Map","Colored Powertips","Highlight Path","Minty Spire (QoL Compilation)","Permanent Neow","Random Character Button","StSLib","everything is the same but u backflip on backflip"],"gold_per_floor":[118,135,150,225,240,269,269,301,378,378,378,412,37,52,52,126,126,136,153,171,17,31,61,61,90,90,90,122,122,122,136,136,207,207,225,225,242,262,277,277,311,311,311,311,311],"floor_reached":44,"language":"KOR","playtime":2339,"items_purged":["Parasite"],"score":855,"play_id":"a5869d45-e237-4be9-a40b-bfbe4a1f284d","local_time":"20210219025124","is_ascension_mode":true,"campfire_choices":[{"floor":7.0,"key":"REST"},{"floor":10.0,"key":"REST"},{"data":"Spot Weakness","floor":15.0,"key":"SMITH"},{"data":"Limit Break","floor":24.0,"key":"SMITH"},{"data":"Heavy Blade","floor":27.0,"key":"SMITH"},{"data":"Double Tap","floor":29.0,"key":"SMITH"},{"data":"Shockwave","floor":32.0,"key":"SMITH"},{"data":"Evolve","floor":40,"key":"SMITH"},{"data":"Corruption","floor":42,"key":"SMITH"}],"circlet_count":0,"master_deck":["AscendersBane","Strike_R","Strike_R","Strike_R","Strike_R","Defend_R+1","Defend_R","Defend_R","Defend_R","Bash+1","Spot Weakness+1","Evolve+1","Iron Wave","Heavy Blade+1","Uppercut","Armaments+1","Perfected Strike","Shockwave+1","Limit Break+1","Sword Boomerang","Shrug It Off","Power Through","Double Tap+1","Havoc+1","Corruption+1","Normality"],"relics":["Burning Blood","Thread and Needle","Incense Burner","Meat on the Bone","War Paint","Calipers","Mark of Pain","Dead Branch","Bag of Preparation","Gremlin Horn","Magic Flower","Cursed Key","The Courier"],"acts_visited":["Exordium","TheCity","TheBeyond"],"potions_floor_usage":[38],"damage_taken":[{"damage":9.0,"enemies":"Jaw Worm","floor":1.0,"turns":3.0},{"damage":0.0,"enemies":"Small Slimes","floor":2.0,"turns":3.0},{"damage":6.0,"enemies":"Cultist","floor":3.0,"turns":3.0},{"damage":19.0,"enemies":"Blue Slaver","floor":5.0,"turns":4.0},{"damage":47.0,"enemies":"3 Sentries","floor":6.0,"turns":8.0},{"damage":16.0,"enemies":"Gremlin Nob","floor":8.0,"turns":4.0},{"damage":24.0,"enemies":"3 Sentries","floor":12.0,"turns":7.0},{"damage":5.0,"enemies":"Looter","floor":14.0,"turns":3.0},{"damage":36.0,"enemies":"Hexaghost","floor":16.0,"turns":10.0},{"damage":0.0,"enemies":"Chosen","floor":18.0,"turns":3.0},{"damage":3.0,"enemies":"3 Byrds","floor":19.0,"turns":6.0},{"damage":6.0,"enemies":"Centurion and Healer","floor":20.0,"turns":7.0},{"damage":2.0,"enemies":"Cultist and Chosen","floor":22.0,"turns":5.0},{"damage":2.0,"enemies":"Gremlin Leader","floor":23.0,"turns":5.0},{"damage":12.0,"enemies":"Slavers","floor":25.0,"turns":5.0},{"damage":6.0,"enemies":"Book of Stabbing","floor":28.0,"turns":2.0},{"damage":17.0,"enemies":"3 Cultists","floor":31.0,"turns":5.0},{"damage":48.0,"enemies":"Automaton","floor":33.0,"turns":11.0},{"damage":4.0,"enemies":"3 Shapes","floor":35.0,"turns":5.0},{"damage":0,"enemies":"Orb Walker","floor":37,"turns":4},{"damage":18,"enemies":"3 Darklings","floor":38,"turns":6},{"damage":24,"enemies":"Maw","floor":39,"turns":5},{"damage":16,"enemies":"Giant Head","floor":41,"turns":7},{"damage":66,"enemies":"Nemesis","floor":44,"turns":7}],"seed_played":"6446532852172229727","potions_obtained":[{"floor":1.0,"key":"SteroidPotion"},{"floor":3.0,"key":"DistilledChaos"},{"floor":5.0,"key":"LiquidMemories"},{"floor":14.0,"key":"SkillPotion"},{"floor":19.0,"key":"Block Potion"},{"floor":22.0,"key":"Explosive Potion"},{"floor":23.0,"key":"PowerPotion"},{"floor":31.0,"key":"DuplicationPotion"},{"floor":37,"key":"SneckoOil"},{"floor":41,"key":"BlessingOfTheForge"}],"is_trial":false,"path_per_floor":["M","M","M","?","M","E","R","E","T","R","?","E","$","M","R","B",null,"M","M","M","$","M","E","R","E","T","R","E","R","?","M","R","B",null,"M","$","M","M","M","R","E","R","T","E"],"character_chosen":"IRONCLAD","items_purchased":["Calipers","Double Tap"],"campfire_rested":2,"item_purchase_floors":[13,21],"current_hp_per_floor":[69,75,75,64,51,10,34,24,24,48,68,50,50,51,51,33,66,72,75,75,75,77,77,77,71,71,71,71,71,71,63,63,42,68,73,73,77,68,53,53,64,64,64,0,0],"gold":311,"neow_bonus":"UPGRADE_CARD","is_daily":false,"chose_seed":false,"campfire_upgraded":7,"win_rate":0.0,"timestamp":1613670684,"path_taken":["M","M","M","?","M","E","R","E","T","R","?","E","$","M","R","BOSS","M","M","M","$","M","E","R","E","T","R","E","R","?","?","R","BOSS","M","$","M","M","M","R","E","R","T","E"],"items_purchased_type":["Relic","Card"],"build_version":"2020-12-22","purchased_purges":1,"victory":false,"max_hp_per_floor":[80,80,80,80,80,80,80,80,80,80,80,80,77,77,77,77,77,77,77,77,77,77,77,77,77,77,77,77,77,77,77,77,77,77,77,77,77,77,77,77,77,77,77,77,77],"card_choices":[{"not_picked":["Second Wind","Shrug It Off"],"picked":"Spot Weakness","floor":1.0},{"not_picked":["True Grit","Armaments"],"picked":"Evolve","floor":2.0},{"not_picked":["Blood for Blood","Warcry"],"picked":"Iron Wave","floor":3.0},{"not_picked":["Ghostly Armor","Carnage"],"picked":"Heavy Blade","floor":5.0},{"not_picked":["Power Through","Iron Wave"],"picked":"Uppercut","floor":6.0},{"not_picked":["Body Slam","Iron Wave"],"picked":"Armaments","floor":8.0},{"not_picked":["Anger","Havoc"],"picked":"Perfected Strike","floor":12.0},{"not_picked":["Flex","True Grit"],"picked":"Shockwave","floor":14.0},{"not_picked":["Berserk","Juggernaut"],"picked":"Limit Break","floor":16.0},{"not_picked":["Clothesline","Hemokinesis"],"picked":"Sword Boomerang","floor":18.0},{"not_picked":["Thunderclap","Anger"],"picked":"Shrug It Off","floor":19.0},{"not_picked":["Anger","Cleave"],"picked":"Power Through","floor":20.0},{"not_picked":["Pommel Strike","Armaments","Thunderclap"],"picked":"SKIP","floor":22.0},{"not_picked":["Spot Weakness","Flex","Perfected Strike"],"picked":"SKIP","floor":23.0},{"not_picked":["Blood for Blood","Armaments","Ghostly Armor"],"picked":"SKIP","floor":25.0},{"not_picked":["Double Tap","True Grit","Thunderclap"],"picked":"SKIP","floor":28.0},{"not_picked":["True Grit","Pommel Strike","Reckless Charge"],"picked":"SKIP","floor":31.0},{"not_picked":["Sword Boomerang+1","Headbutt"],"picked":"Havoc+1","floor":35.0},{"not_picked":["Shockwave+1","Sword Boomerang","Anger+1"],"picked":"SKIP","floor":37},{"not_picked":["Rage","Iron Wave","Shrug It Off+1"],"picked":"SKIP","floor":38},{"not_picked":["Armaments+1","Clothesline","Flex"],"picked":"SKIP","floor":39},{"not_picked":["Feel No Pain","True Grit+1"],"picked":"Corruption","floor":41}],"player_experience":325315,"relics_obtained":[{"floor":6.0,"key":"Thread and Needle"},{"floor":8.0,"key":"Incense Burner"},{"floor":9.0,"key":"Meat on the Bone"},{"floor":12.0,"key":"War Paint"},{"floor":23.0,"key":"Dead Branch"},{"floor":25.0,"key":"Bag of Preparation"},{"floor":26.0,"key":"Gremlin Horn"},{"floor":28.0,"key":"Magic Flower"},{"floor":41,"key":"The Courier"}],"event_choices":[{"damage_healed":0.0,"max_hp_gain":0.0,"max_hp_loss":0.0,"gold_gain":75.0,"event_name":"World of Goop","player_choice":"Gather Gold","floor":4.0,"gold_loss":0.0,"damage_taken":11.0},{"damage_healed":20.0,"max_hp_gain":0.0,"max_hp_loss":0.0,"gold_gain":0.0,"event_name":"Mushrooms","player_choice":"Healed and dodged fight","floor":11.0,"gold_loss":0.0,"damage_taken":0.0,"cards_obtained":["Parasite"]},{"cards_removed":["Strike_R"],"damage_healed":0.0,"max_hp_gain":0.0,"max_hp_loss":0.0,"gold_gain":0.0,"event_name":"Purifier","player_choice":"Purged","floor":30.0,"gold_loss":0.0,"damage_taken":0.0}],"is_beta":false,"boss_relics":[{"not_picked":["Busted Crown","Runic Cube"],"picked":"Mark of Pain"},{"not_picked":["Coffee Dripper","Pandora\u0027s Box"],"picked":"Cursed Key"}],"items_purged_floors":[13],"is_endless":false,"potions_floor_spawned":[1,3,5,14,19,22,23,31,37,41],"killed_by":"Nemesis","ascension_level":13}}