{"host":"a3gu5zu37ht99mpa","time":1613617882,"event":{"mods":["100% Spire Juice","Act Like it!","BaseMod","Better Silent Start","Better Third Choice","BetterRewards","Conspire","Downfall","Energized Spire","GifTheSpireLib","Gold Saver","Gremlin Mod","Halation","Hallownest","Hermit","JesterMod","Lobotomy","LobotomyExtend","Luminous","Minty Spire (QoL Compilation)","Reliquary","StSLib","Stuff the Spire","The Administrix","The Animator","The Bug Knight","The Hayseed","The Necromancer","The Runesmith","The Saiyan","The Senshi","The Showman","The Wild Card","Virulent Crown","Wandering Minibosses","WarShipGirlsR/????R mod","yUi","??????REMEMod"],"gold_per_floor":[114,0,0,17,62,121,121,149,149,161,189,189,200,240,240,337,287,304,17,33,33,33,33],"floor_reached":22,"language":"ENG","playtime":1422,"items_purged":[],"score":202,"play_id":"3c962bc2-4274-4d8e-959d-3c6492c27879","local_time":"20210217221122","is_ascension_mode":false,"campfire_choices":[{"data":"theSenshi:MoonCrisisMakeUp","floor":7,"key":"SMITH"},{"data":"theSenshi:RoseThrow","floor":12,"key":"SMITH"},{"data":"bronze:Mutator","floor":15,"key":"SMITH"}],"circlet_count":0,"master_deck":["theSenshi:SailorKick","theSenshi:SailorKick","theSenshi:SailorKick","theSenshi:SailorKick","theSenshi:SailorBlock","theSenshi:SailorBlock","theSenshi:SailorBlock","theSenshi:SailorBlock","theSenshi:RoseThrow+1","theSenshi:MoonPrismPowerMakeUp","HappyTeddy","theSenshi:MoonCrisisMakeUp+1","Woodsman","theSenshi:SailorMercuryAssists+1","bronze:Mutator+1","theSenshi:MoonSpiralHeartAttack","Wellcheers","theSenshi:MoonSpiralHeartAttack","theSenshi:MoonPunch+1","BeautyBeast","ShyLook","MHz","theSenshi:SailorV","Bloodbath","theSenshi:InTheNameOfTheMoon","theSenshi:SailorKick+1","theSenshi:SupersonicWaves+1","theSenshi:MoonKick+1","theSenshi:MoonCrisisMakeUp","theSenshi:SupersonicWaves+1"],"relics":["theSenshi:TransformationBroochRelic","REME_ComplimentaryCards","CogitoBucket","RabbitCall","LetterFromLob","Hallownest:BankAccountRelic","Hallownest:SalubrasBlessingRelic","Pen Nib","Mummified Hand","Molten Egg 2","Happy Flower","ChangeAnything","energizedSpire:HugeHouse","StuffTheSpire:DarkSteelAnvil"],"acts_visited":["Hallownest:Greenpath","Hallownest:CityofTears"],"potions_floor_usage":[6,6],"damage_taken":[{"damage":1,"enemies":"Hallownest:monsterHuskGuard","floor":1,"turns":6},{"damage":4,"enemies":"Hallownest:monsterHuskWarrior","floor":4,"turns":4},{"damage":52,"enemies":"Hallownest:eliteCrystalGuardian","floor":6,"turns":7},{"damage":9,"enemies":"Hallownest:eliteMossKnight","floor":8,"turns":6},{"damage":0,"enemies":"2_ Uuma","floor":10,"turns":3},{"damage":2,"enemies":"Hallownest:eliteVengeflyKing","floor":11,"turns":7},{"damage":17,"enemies":"Hallownest:1_Baldur_1_Crawlid_1_Warrior","floor":13,"turns":4},{"damage":55,"enemies":"Hallownest:BossHornet","floor":16,"turns":16},{"damage":32,"enemies":"Hallownest:3_Youths","floor":18,"turns":8},{"damage":3,"enemies":"Hallownest:2_Mistakes","floor":20,"turns":5},{"damage":31,"enemies":"Hallownest:monsterShrumalOgre","floor":22,"turns":4}],"seed_played":"-6318131270683721629","potions_obtained":[{"floor":1,"key":"SteroidPotion"},{"floor":4,"key":"REME_GoldPotion"},{"floor":11,"key":"sneckomod:MuddlingPotion"},{"floor":16,"key":"Dexterity Potion"}],"is_trial":false,"path_per_floor":["M","?","?","M","T","E","R","E","T","M","E","R","M","$","R","B",null,"M","$","M","?","M"],"character_chosen":"THE_SENSHI","items_purchased":["theSenshi:MoonCrisisMakeUp","StuffTheSpire:DarkSteelAnvil"],"campfire_rested":0,"item_purchase_floors":[19,19],"current_hp_per_floor":[74,74,74,70,70,24,24,21,21,33,61,61,68,68,68,28,70,54,54,64,30,0,0],"gold":33,"neow_bonus":"","is_daily":false,"chose_seed":false,"campfire_upgraded":3,"win_rate":0.0,"timestamp":1613617882,"path_taken":["M","?","?","M","?","E","R","E","T","?","E","R","?","?","R","BOSS","M","$","M","?","M"],"items_purchased_type":["Card","Relic"],"build_version":"2020-12-22","purchased_purges":0,"victory":false,"max_hp_per_floor":[75,75,75,75,75,75,75,75,75,75,75,75,75,75,75,75,70,70,70,70,70,70,70],"card_choices":[{"not_picked":["WhitesApple","Scorched"],"picked":"HappyTeddy","floor":1},{"not_picked":["theSenshi:SailorChibiMoonAssists","theSenshi:LunasBite"],"picked":"theSenshi:MoonCrisisMakeUp","floor":1},{"not_picked":["GalaxyChild","VoidDream"],"picked":"Woodsman","floor":4},{"not_picked":["theSenshi:SailorMarsAssists","theSenshi:SaturnsMystery"],"picked":"theSenshi:SailorMercuryAssists","floor":4},{"not_picked":["theSenshi:SailorMercuryAssists","theSenshi:LateForSchool"],"picked":"theSenshi:MoonSpiralHeartAttack","floor":6},{"not_picked":["CherryBlossoms","MeatLantern"],"picked":"Wellcheers","floor":8},{"not_picked":["theSenshi:SailorVenusAssists","theSenshi:LateForSchool"],"picked":"theSenshi:MoonSpiralHeartAttack","floor":8},{"not_picked":["theSenshi:SailorMarsAssists+1","theSenshi:MoonsReflection"],"picked":"theSenshi:MoonPunch+1","floor":10},{"not_picked":["UniverseFragment","WallGazer"],"picked":"BeautyBeast","floor":10},{"not_picked":["FairyFestival","PunishingBird"],"picked":"ShyLook","floor":11},{"not_picked":["theSenshi:MercurysCunning+1","theSenshi:TallSilhouette"],"picked":"theSenshi:InTheNickOfTime","floor":11},{"not_picked":["PunishingBird","Laetitia"],"picked":"MHz","floor":13},{"not_picked":["theSenshi:SailorVenusAssists+1","theSenshi:SailorPlanetAttack+1"],"picked":"theSenshi:SailorV","floor":13},{"not_picked":["UniverseFragment","MeatLantern"],"picked":"Bloodbath","floor":16},{"not_picked":["theSenshi:GlimpseOfThePast","theSenshi:ChibiMoonsLove"],"picked":"theSenshi:InTheNameOfTheMoon","floor":16},{"not_picked":["theSenshi:MoonPunch+1","theSenshi:InTheNickOfTime+1"],"picked":"theSenshi:MoonKick+1","floor":18},{"not_picked":["theSenshi:SailorV+1","theSenshi:Sidestep"],"picked":"theSenshi:SupersonicWaves+1","floor":20}],"player_experience":117614,"relics_obtained":[{"floor":1,"key":"LetterFromLob"},{"floor":6,"key":"Pen Nib"},{"floor":8,"key":"Mummified Hand"},{"floor":9,"key":"Molten Egg 2"},{"floor":11,"key":"Happy Flower"}],"event_choices":[],"is_beta":false,"boss_relics":[{"not_picked":["halation:PlatinumPhoenix","Astrolabe"],"picked":"energizedSpire:HugeHouse"}],"items_purged_floors":[],"is_endless":false,"potions_floor_spawned":[1,4,11,16],"killed_by":"Hallownest:monsterShrumalOgre","ascension_level":0}}