{"host":"scy0o1xotfn36lpl","time":1613612005,"event":{"mods":["AchievementEnabler","Aspiration","BaseMod","Better Altar","Better Note","Better Sensory Stone","Better Skull","Better Third Choice","Colored Map","Curses Come First","Downfall","GifTheSpireLib","Googly Eyes","Highlight Path","Minty Spire (QoL Compilation)","Permanent Neow","Spicy Shops","StSLib","everything is the same but u backflip on backflip"],"gold_per_floor":[112,112,132,66,83,108,283,295,322,334,366,402,414,426,438,569,581,608,221,221,94,94,135,135,179,179,192,211,235,235,268,268,387,387,408,1407,1407,1432,968,986,1024,1040,1063,1063,1063,1396,682,692,692,692],"floor_reached":51,"language":"ENG","playtime":4013,"items_purged":["Regret","Doubt","Normality","downfall:Bewildered"],"score":784,"play_id":"b083ce6a-cc50-4fef-ade4-5c1c7b9539f6","local_time":"20210217173325","is_ascension_mode":false,"campfire_choices":[{"floor":13.0,"key":"REST"},{"floor":15.0,"key":"REST"},{"floor":30.0,"key":"REST"},{"floor":32.0,"key":"REST"},{"floor":45,"key":"REST"},{"floor":49,"key":"REST"}],"circlet_count":0,"master_deck":["Strike_P+1","Strike_P+1","Strike_P+1","Strike_P+1","Defend_P+1","Defend_P+1","Defend_P+1","Eruption","Vigilance","InnerPeace","SandsOfTime","FollowUp","FlurryOfBlows","Tantrum","Consecrate","Alpha","CurseOfTheBell","Wallop","FollowUp","Indignation","EmptyBody+1","InnerPeace+1","WaveOfTheHand","Vault","Prostrate+1","Normality","Parasite","Adaptation+1","Consecrate","Wallop+1","Bandage Up","Violence"],"relics":["PureWater","aspiration:Nostalgia","Slimebound:AbsorbEndCombat","Ice Cream","aspiration:DSix","Thread and Needle","MawBank","Centennial Puzzle","Calling Bell","aspiration:Lifesprig","White Beast Statue","Incense Burner","Membership Card","Pantograph","Lantern","Shuriken","aspiration:FrozenJewel","sneckomod:BabySnecko","aspiration:Stabinomicon","Question Card","Happy Flower","SlaversCollar","Spirit Poop","Juzu Bracelet","Lee\u0027s Waffle","Medical Kit","Toy Ornithopter","Bottled Lightning","Ginger","Boot","Frozen Eye","Bag of Preparation","Sundial","Nunchaku","Damaru","Chemical X"],"acts_visited":["Exordium","TheCity","TheBeyond"],"potions_floor_usage":[41,50],"damage_taken":[{"damage":0.0,"enemies":"2 Louse","floor":1.0,"turns":1.0},{"damage":9.0,"enemies":"Jaw Worm","floor":3.0,"turns":4.0},{"damage":0.0,"enemies":"Small Slimes","floor":5.0,"turns":4.0},{"damage":31.0,"enemies":"Lagavulin","floor":6.0,"turns":6.0},{"damage":0.0,"enemies":"Blue Slaver","floor":8.0,"turns":3.0},{"damage":2.0,"enemies":"Exordium Wildlife","floor":11.0,"turns":3.0},{"damage":0.0,"enemies":"3 Louse","floor":12.0,"turns":2.0},{"damage":27.0,"enemies":"Slime Boss","floor":16.0,"turns":7.0},{"damage":2.0,"enemies":"Spheric Guardian","floor":18.0,"turns":3.0},{"damage":14.0,"enemies":"Gremlin Leader","floor":23.0,"turns":3.0},{"damage":17.0,"enemies":"Book of Stabbing","floor":25.0,"turns":4.0},{"damage":0.0,"enemies":"2 Thieves","floor":27.0,"turns":3.0},{"damage":0.0,"enemies":"Sentry and Sphere","floor":28.0,"turns":2.0},{"damage":7.0,"enemies":"Snake Plant","floor":29.0,"turns":3.0},{"damage":24.0,"enemies":"Gremlin Leader","floor":31.0,"turns":3.0},{"damage":37.0,"enemies":"Collector","floor":33.0,"turns":4.0},{"damage":23.0,"enemies":"3 Darklings","floor":35.0,"turns":5.0},{"damage":0.0,"enemies":"Orb Walker","floor":38.0,"turns":4.0},{"damage":11.0,"enemies":"Writhing Mass","floor":40.0,"turns":4.0},{"damage":47,"enemies":"Reptomancer","floor":41,"turns":5},{"damage":10,"enemies":"Jaw Worm Horde","floor":42,"turns":4},{"damage":9,"enemies":"4 Shapes","floor":48,"turns":4},{"damage":25,"enemies":"Donu and Deca","floor":50,"turns":6}],"seed_played":"-2367479726545250991","potions_obtained":[{"floor":1.0,"key":"BlessingOfTheForge"},{"floor":3.0,"key":"FairyPotion"},{"floor":18.0,"key":"Weak Potion"},{"floor":25.0,"key":"EssenceOfSteel"},{"floor":27.0,"key":"GamblersBrew"},{"floor":28.0,"key":"Explosive Potion"},{"floor":29.0,"key":"Fire Potion"},{"floor":35.0,"key":"SpeedPotion"},{"floor":38.0,"key":"DistilledChaos"},{"floor":41,"key":"EssenceOfSteel"}],"is_trial":false,"path_per_floor":["M","?","M","$","M","E","?","M","T","?","M","M","R","?","R","B",null,"M","$","?","$","?","E","?","E","T","M","M","M","R","E","R","B",null,"M","?","?","M","$","M","E","M","T","?","R","?","$","M","R","B",null],"character_chosen":"WATCHER","items_purchased":["aspiration:DSix","Membership Card","Pantograph","Lantern","Shuriken","FollowUp","Juzu Bracelet","Lee\u0027s Waffle","Medical Kit","Toy Ornithopter","Bottled Lightning","FairyPotion","Frozen Eye","Bag of Preparation","Sundial","Nunchaku","Damaru","Chemical X","Bandage Up","Violence"],"campfire_rested":6,"item_purchase_floors":[4,19,19,19,21,21,39,39,39,39,39,39,47,47,47,47,47,47,47,47],"current_hp_per_floor":[72,60,51,51,51,20,20,20,20,2,21,21,42,42,63,36,72,70,70,70,70,70,56,56,39,39,39,39,32,53,29,50,35,72,49,49,49,49,79,68,26,16,16,16,39,39,39,34,57,54],"gold":692,"neow_bonus":"NOSTALGIA","is_daily":false,"chose_seed":false,"campfire_upgraded":0,"win_rate":0.0,"timestamp":1613612005,"path_taken":["M","?","M","$","M","E","?","M","T","?","M","M","R","?","R","BOSS","M","$","?","$","?","E","?","E","T","M","M","M","R","E","R","BOSS","M","?","?","?","$","M","E","M","T","?","R","?","$","M","R","BOSS"],"items_purchased_type":["Relic","Relic","Relic","Relic","Relic","Card","Relic","Relic","Relic","Relic","Relic","Potion","Relic","Relic","Relic","Relic","Relic","Relic","Card","Card"],"build_version":"2020-12-22","purchased_purges":4,"victory":true,"max_hp_per_floor":[72,72,72,72,72,72,72,72,72,72,72,72,72,72,72,72,72,72,72,72,72,72,72,72,72,72,72,72,72,72,72,72,72,72,72,72,72,72,79,79,79,79,79,79,79,79,79,79,79,79],"card_choices":[{"not_picked":["ForeignInfluence","BowlingBash"],"picked":"InnerPeace","floor":1.0},{"not_picked":["BowlingBash","Protect"],"picked":"SandsOfTime","floor":3.0},{"not_picked":["ReachHeaven","Worship","Scrawl"],"picked":"SKIP","floor":5.0},{"not_picked":["CarveReality","Pray"],"picked":"FollowUp","floor":6.0},{"not_picked":["FlyingSleeves","Protect"],"picked":"FlurryOfBlows","floor":8.0},{"not_picked":["Meditate","Prostrate"],"picked":"Tantrum","floor":11.0},{"not_picked":["CutThroughFate","BowlingBash"],"picked":"Consecrate","floor":12.0},{"not_picked":["Ragnarok","Omniscience"],"picked":"Alpha","floor":16.0},{"not_picked":["ForeignInfluence","EmptyFist"],"picked":"Wallop","floor":18.0},{"not_picked":["Weave+1","Nirvana","Collect"],"picked":"SKIP","floor":23.0},{"not_picked":["Weave+1","Evaluate"],"picked":"Indignation","floor":25.0},{"not_picked":["Fasting2","CutThroughFate","Worship","Evaluate"],"picked":"SKIP","floor":27.0},{"not_picked":["Vault","Evaluate+1","Collect"],"picked":"EmptyBody+1","floor":28.0},{"not_picked":["EmptyBody","ThirdEye","Protect"],"picked":"InnerPeace+1","floor":29.0},{"not_picked":["EmptyMind+1","Prostrate","SashWhip+1"],"picked":"WaveOfTheHand","floor":31.0},{"not_picked":["SpiritShield","Establishment","Scrawl"],"picked":"Vault","floor":33.0},{"not_picked":["Perseverance","CrushJoints+1","ThirdEye"],"picked":"Prostrate+1","floor":35.0},{"not_picked":["CutThroughFate","SashWhip","EmptyBody+1","Vengeance+1"],"picked":"SKIP","floor":38.0},{"not_picked":["DeceiveReality+1","CutThroughFate","FollowUp"],"picked":"Adaptation+1","floor":40.0},{"not_picked":["PathToVictory","Prostrate","DevaForm"],"picked":"Consecrate","floor":41},{"not_picked":["ClearTheMind+1","Wireheading+1","Conclude+1"],"picked":"Wallop+1","floor":42},{"not_picked":["CrushJoints+1","Fasting2","ThirdEye","ClearTheMind+1"],"picked":"SKIP","floor":48}],"player_experience":72030,"relics_obtained":[{"floor":6.0,"key":"Thread and Needle"},{"floor":9.0,"key":"MawBank"},{"floor":17.0,"key":"aspiration:Lifesprig"},{"floor":17.0,"key":"White Beast Statue"},{"floor":17.0,"key":"Incense Burner"},{"floor":23.0,"key":"aspiration:FrozenJewel"},{"floor":25.0,"key":"aspiration:Stabinomicon"},{"floor":26.0,"key":"Question Card"},{"floor":31.0,"key":"Happy Flower"},{"floor":41,"key":"Ginger"},{"floor":43,"key":"Boot"}],"event_choices":[{"damage_healed":0.0,"max_hp_gain":0.0,"max_hp_loss":0.0,"gold_gain":0.0,"event_name":"betterThird:BetterScrap","player_choice":"Relic ","floor":2.0,"gold_loss":0.0,"damage_taken":12.0,"cards_obtained":["Offering"]},{"damage_healed":0.0,"max_hp_gain":0.0,"max_hp_loss":0.0,"gold_gain":175.0,"event_name":"betterThird:BetterSerpent","player_choice":"AGREE","floor":7.0,"gold_loss":0.0,"damage_taken":108.0},{"damage_healed":0.0,"max_hp_gain":0.0,"max_hp_loss":0.0,"gold_gain":0.0,"event_name":"Golden Idol","player_choice":"Take Damage","floor":10.0,"gold_loss":0.0,"damage_taken":18.0,"relics_obtained":["Golden Idol"]},{"damage_healed":0.0,"max_hp_gain":0.0,"max_hp_loss":0.0,"gold_gain":0.0,"event_name":"Big Fish","player_choice":"Box","floor":14.0,"gold_loss":0.0,"damage_taken":0.0,"relics_obtained":["Centennial Puzzle"],"cards_obtained":["Regret"]},{"damage_healed":0.0,"max_hp_gain":0.0,"max_hp_loss":0.0,"gold_gain":0.0,"event_name":"betterNote:BetterNote","player_choice":"Ignored","floor":20.0,"gold_loss":0.0,"damage_taken":0.0,"cards_obtained":["DevaForm"]},{"damage_healed":0.0,"max_hp_gain":0.0,"max_hp_loss":8.0,"gold_gain":0.0,"event_name":"betterThird:BetterWriting","player_choice":"Simplicity","floor":22.0,"gold_loss":0.0,"damage_taken":0.0},{"damage_healed":0.0,"max_hp_gain":0.0,"max_hp_loss":0.0,"gold_gain":999.0,"event_name":"MindBloom","player_choice":"Gold","floor":36.0,"gold_loss":0.0,"damage_taken":0.0,"cards_obtained":["Normality","Normality"]},{"cards_removed":["Normality"],"damage_healed":0.0,"max_hp_gain":0.0,"max_hp_loss":0.0,"gold_gain":0.0,"event_name":"Bonfire Elementals","player_choice":"Offered Curse","floor":37.0,"gold_loss":0.0,"damage_taken":0.0,"relics_obtained":["Spirit Poop"]},{"cards_removed":["Defend_P"],"damage_healed":0,"gold_gain":0,"player_choice":"Removed Skill","damage_taken":0,"max_hp_gain":0,"max_hp_loss":0,"event_name":"Falling","floor":44,"gold_loss":0},{"damage_healed":0,"gold_gain":333,"player_choice":"Gave Idol","damage_taken":0,"max_hp_gain":0,"max_hp_loss":0,"event_name":"The Moai Head","floor":46,"relics_lost":["Golden Idol"],"gold_loss":0}],"is_beta":false,"boss_relics":[{"not_picked":["aspiration:FutureDiary","SacredBark"],"picked":"Calling Bell"},{"not_picked":["aspiration:SecretTechniqueScroll","aspiration:RunicSpoon"],"picked":"SlaversCollar"}],"items_purged_floors":[19,21,39,47],"is_endless":false,"potions_floor_spawned":[1,3,5,8,18,23,25,27,28,29,31,33,35,38,40,41,42,48],"ascension_level":0}}