{"host":"aas8f8jvicx6tcxp","time":1613623284,"event":{"mods":["BaseMod","Better Third Choice","BetterRewards","Hermit","Minty Spire (QoL Compilation)","Shop Mod","StSLib","The Construct"],"gold_per_floor":[144,186,186,240,282,12,60,114,114,144,201,312,312,372,372,660,669,720,756,756,756,686,734,836,836,859,885,939,854,962,962,971,1289,1289,1331,1331,483,483,492,501,615,624,624,654,2,102,204,261,270,270],"floor_reached":51,"language":"ENG","playtime":3605,"items_purged":["Pain"],"score":847,"play_id":"80b07f2d-cf80-431e-b7ad-7601cca9afd0","local_time":"20210217224124","daily_mods":["Vintage","Diverse","Heirloom","Midas"],"is_ascension_mode":false,"campfire_choices":[{"floor":15,"key":"REST"},{"floor":25,"key":"REST"},{"floor":32,"key":"REST"},{"floor":40,"key":"REST"},{"floor":42,"key":"REST"},{"floor":49,"key":"REST"}],"circlet_count":0,"master_deck":["Strike_R+1","Strike_R+1","Strike_R+1","Strike_R+1","Strike_R+1","Defend_R+1","Defend_R+1","Defend_R+1","Defend_R+1","Bash+1","Dash+1","Dash+1","construct:ReactiveShield+1","CurseOfTheBell","hermit:ItchyTrigger","Crippling Poison+1","Shrug It Off","Prostrate+1","hermit:Glare+1","construct:ShieldBurst","SandsOfTime+1","Magnetism","Panache+1","Terror+1","construct:Synchronize","Prostrate+1","Gash","Stack+1","Armaments+1"],"relics":["Burning Blood","construct:RocketBooster","HornCleat","construct:FoamFinger","WarpedTongs","CeramicFish","Bag of Preparation","DollysMirror","Eternal Feather","Tiny Chest","Pear","Art of War","Kunai","StrikeDummy","Shuriken","Calling Bell","Red Skull","Self Forming Clay","Lizard Tail","Akabeko","Vajra","Bronze Scales","War Paint","Happy Flower","Juzu Bracelet","Dream Catcher","Oddly Smooth Stone","Orichalcum","betterThird:NestCultRelic","Runic Cube","PreservedInsect","Toy Ornithopter","TheAbacus","Question Card","The Courier","Toxic Egg 2","Potion Belt","Anchor","Strange Spoon","Whetstone","Dead Branch","Ancient Tea Set","StoneCalendar"],"acts_visited":["Exordium","TheCity","TheBeyond"],"potions_floor_usage":[7,8,11,12,14,16,23,30,30,35,50,50,50],"damage_taken":[{"damage":6,"enemies":"Jaw Worm","floor":1,"turns":3},{"damage":0,"enemies":"Cultist","floor":2,"turns":3},{"damage":2,"enemies":"Small Slimes","floor":4,"turns":3},{"damage":10,"enemies":"Exordium Wildlife","floor":5,"turns":5},{"damage":0,"enemies":"Looter","floor":7,"turns":2},{"damage":0,"enemies":"3 Louse","floor":8,"turns":2},{"damage":0,"enemies":"2 Fungi Beasts","floor":10,"turns":3},{"damage":2,"enemies":"Large Slime","floor":11,"turns":7},{"damage":0,"enemies":"Gremlin Nob","floor":12,"turns":3},{"damage":9,"enemies":"Exordium Thugs","floor":14,"turns":4},{"damage":35,"enemies":"Slime Boss","floor":16,"turns":11},{"damage":8,"enemies":"2 Thieves","floor":18,"turns":5},{"damage":18,"enemies":"3 Byrds","floor":19,"turns":6},{"damage":12,"enemies":"Centurion and Healer","floor":23,"turns":4},{"damage":24,"enemies":"Book of Stabbing","floor":24,"turns":6},{"damage":2,"enemies":"Cultist and Chosen","floor":28,"turns":4},{"damage":28,"enemies":"Gremlin Leader","floor":30,"turns":9},{"damage":66,"enemies":"Automaton","floor":33,"turns":9},{"damage":7,"enemies":"3 Shapes","floor":35,"turns":3},{"damage":19,"enemies":"Giant Head","floor":41,"turns":7},{"damage":5,"enemies":"Orb Walker","floor":44,"turns":2},{"damage":8,"enemies":"Reptomancer","floor":47,"turns":2},{"damage":20,"enemies":"4 Shapes","floor":48,"turns":4},{"damage":61,"enemies":"Donu and Deca","floor":50,"turns":7}],"seed_played":"-1939436776118737065","potions_obtained":[{"floor":4,"key":"Block Potion"},{"floor":5,"key":"Energy Potion"},{"floor":7,"key":"AttackPotion"},{"floor":11,"key":"Fire Potion"},{"floor":12,"key":"ColorlessPotion"},{"floor":14,"key":"Swift Potion"},{"floor":18,"key":"GamblersBrew"},{"floor":19,"key":"FearPotion"},{"floor":28,"key":"EntropicBrew"},{"floor":33,"key":"Fire Potion"}],"is_trial":true,"path_per_floor":["M","M","?","M","M","$","M","M","T","M","M","E","?","M","R","B",null,"M","M","?","?","$","M","E","R","T","T","M","?","E","?","R","B",null,"M","?","$","T","?","R","E","R","T","M","$","?","E","M","R","B",null],"character_chosen":"IRONCLAD","items_purchased":["Dash","DollysMirror","hermit:ItchyTrigger","Crippling Poison","Toy Ornithopter","TheAbacus","Question Card","SandsOfTime","DuplicationPotion","Magnetism","LiquidBronze","Strange Spoon","Whetstone","Gash","Stack+1","Dead Branch","construct:ShiftPotion"],"campfire_rested":6,"item_purchase_floors":[6,6,22,22,37,37,37,37,37,37,45,45,45,45,45,45,45],"current_hp_per_floor":[80,80,80,80,76,76,80,80,90,90,90,90,90,87,90,61,90,88,76,76,76,76,70,52,88,88,88,90,90,68,68,90,30,90,89,89,89,89,89,90,77,90,90,90,90,90,88,74,90,35],"gold":270,"neow_bonus":"","is_daily":false,"chose_seed":false,"campfire_upgraded":0,"win_rate":0.0,"timestamp":1613623284,"path_taken":["M","M","?","?","M","$","M","M","T","M","M","E","?","M","R","BOSS","M","M","?","?","$","M","E","R","T","?","M","?","E","?","R","BOSS","M","?","$","?","?","R","E","R","T","M","$","?","E","M","R","BOSS"],"items_purchased_type":["Card","Relic","Card","Card","Relic","Relic","Relic","Card","Potion","Card","Potion","Relic","Relic","Card","Card","Relic","Potion"],"build_version":"2020-12-22","purchased_purges":1,"victory":true,"max_hp_per_floor":[80,80,80,80,80,80,80,80,90,90,90,90,90,90,90,90,90,90,90,90,90,90,90,90,90,90,90,90,90,90,90,90,90,90,90,90,90,90,90,90,90,90,90,90,90,90,90,90,90,90],"card_choices":[{"not_picked":["construct:HeavyBolt","Perfected Strike"],"picked":"construct:ReactiveShield","floor":12},{"not_picked":["Dodge and Roll","hermit:FullyLoaded"],"picked":"Shrug It Off","floor":24},{"not_picked":["Backflip","construct:Forcefield+1"],"picked":"Prostrate+1","floor":30},{"not_picked":["CutThroughFate","hermit:CalledShot"],"picked":"hermit:Glare+1","floor":32},{"not_picked":["Fiend Fire","Impervious"],"picked":"construct:ShieldBurst","floor":33},{"not_picked":["Master of Strategy","Thinking Ahead","Forethought"],"picked":"Panache","floor":39},{"not_picked":["Go for the Eyes+1","hermit:GoldenBullet+1","Thunderclap+1"],"picked":"Terror","floor":40},{"not_picked":["Dual Wield+1","Headbutt+1","Fiend Fire"],"picked":"construct:Synchronize","floor":41},{"not_picked":["Bane+1","Rebound","construct:FlakBarrage+1"],"picked":"Prostrate+1","floor":42},{"not_picked":["hermit:Misfire+1","Body Slam+1","construct:Forcefield+1","Barrage"],"picked":"SKIP","floor":47},{"not_picked":["Backflip+1","Leap+1","Leg Sweep+1"],"picked":"Armaments+1","floor":49}],"player_experience":254142,"relics_obtained":[{"floor":1,"key":"HornCleat"},{"floor":2,"key":"construct:FoamFinger"},{"floor":4,"key":"CeramicFish"},{"floor":5,"key":"Bag of Preparation"},{"floor":7,"key":"Eternal Feather"},{"floor":8,"key":"Tiny Chest"},{"floor":9,"key":"Pear"},{"floor":10,"key":"Art of War"},{"floor":11,"key":"Kunai"},{"floor":12,"key":"StrikeDummy"},{"floor":14,"key":"Shuriken"},{"floor":17,"key":"Red Skull"},{"floor":17,"key":"Self Forming Clay"},{"floor":17,"key":"Lizard Tail"},{"floor":18,"key":"Akabeko"},{"floor":19,"key":"Vajra"},{"floor":23,"key":"Bronze Scales"},{"floor":24,"key":"War Paint"},{"floor":26,"key":"Happy Flower"},{"floor":27,"key":"Juzu Bracelet"},{"floor":28,"key":"Dream Catcher"},{"floor":30,"key":"Orichalcum"},{"floor":35,"key":"PreservedInsect"},{"floor":38,"key":"The Courier"},{"floor":41,"key":"Toxic Egg 2"},{"floor":43,"key":"Potion Belt"},{"floor":44,"key":"Anchor"},{"floor":47,"key":"Ancient Tea Set"},{"floor":48,"key":"StoneCalendar"}],"event_choices":[{"damage_healed":0,"gold_gain":0,"player_choice":"Rummage","damage_taken":0,"relics_obtained":["WarpedTongs"],"max_hp_gain":0,"max_hp_loss":0,"event_name":"Accursed Blacksmith","floor":3,"gold_loss":0,"cards_obtained":["Pain"]},{"damage_healed":0,"gold_gain":0,"player_choice":"Ignored","damage_taken":312,"max_hp_gain":0,"max_hp_loss":0,"event_name":"betterThird:BetterSerpent","floor":13,"gold_loss":0},{"damage_healed":0,"gold_gain":0,"player_choice":"Simplicity","damage_taken":0,"max_hp_gain":0,"max_hp_loss":9,"event_name":"betterThird:BetterWriting","floor":20,"gold_loss":0},{"damage_healed":0,"gold_gain":0,"player_choice":"Ignored","damage_taken":0,"max_hp_gain":0,"max_hp_loss":0,"event_name":"The Mausoleum","floor":21,"gold_loss":0},{"damage_healed":0,"gold_gain":0,"player_choice":"Obtained Relic","damage_taken":0,"relics_obtained":["Oddly Smooth Stone"],"max_hp_gain":0,"max_hp_loss":0,"event_name":"Addict","floor":29,"gold_loss":85},{"damage_healed":0,"gold_gain":0,"player_choice":"Madness","damage_taken":0,"relics_obtained":["betterThird:NestCultRelic"],"max_hp_gain":0,"max_hp_loss":0,"event_name":"betterThird:BetterNest","floor":31,"gold_loss":0},{"damage_healed":0,"gold_gain":0,"player_choice":"Ignored","damage_taken":0,"max_hp_gain":0,"max_hp_loss":0,"event_name":"Tomb of Lord Red Mask","floor":36,"gold_loss":0},{"damage_healed":0,"gold_gain":0,"player_choice":"Memory 1","damage_taken":0,"max_hp_gain":0,"max_hp_loss":0,"event_name":"SensoryStone","floor":39,"gold_loss":0},{"damage_healed":0,"gold_gain":100,"player_choice":"Pray","damage_taken":0,"max_hp_gain":0,"max_hp_loss":0,"event_name":"Golden Shrine","floor":46,"gold_loss":0}],"is_beta":false,"boss_relics":[{"not_picked":["Pandora\u0027s Box","Mark of Pain"],"picked":"Calling Bell"},{"not_picked":["Runic Pyramid","Black Star"],"picked":"Runic Cube"}],"items_purged_floors":[6],"is_endless":false,"potions_floor_spawned":[4,5,7,11,12,14,18,19,28,33],"ascension_level":0}}