{"host":"Lrdox","time":1613639002,"event":{"mods":["BaseMod","Colored Map","Minty Spire (QoL Compilation)","Relic Stats"],"gold_per_floor":[359,359,372,389,27,57,71,97,123,123,155,170,186,197,197,272,272,284,301,320,333,347,347,362,362,410,435,435,435,435],"floor_reached":29,"language":"ENG","playtime":1359,"items_purged":["Strike_R"],"score":447,"play_id":"8fd2b20a-4dca-4abb-86ca-b093e449da84","local_time":"20210218100322","is_ascension_mode":true,"campfire_choices":[{"data":"Uppercut","floor":10,"key":"SMITH"},{"data":"Inflame","floor":15,"key":"SMITH"},{"floor":23,"key":"REST"},{"floor":25,"key":"REST"}],"circlet_count":0,"master_deck":["AscendersBane","Strike_R+1","Strike_R+1","Strike_R+1","Strike_R+1","Defend_R+1","Defend_R+1","Defend_R+1","Defend_R+1","Bash+1","Whirlwind","Uppercut+1","Hemokinesis","Inflame+1","Shrug It Off+1","Shockwave","Disarm+1","Evolve","Sword Boomerang","Flame Barrier","Second Wind","Feed","Power Through","Inflame","Wild Strike","Flame Barrier"],"relics":["Burning Blood","Oddly Smooth Stone","Question Card","Ancient Tea Set","Orichalcum","War Paint","SlaversCollar","Blood Vial","Regal Pillow"],"acts_visited":["Exordium","TheCity"],"potions_floor_usage":[8,16,20,22,27],"damage_taken":[{"damage":3,"enemies":"2 Louse","floor":1,"turns":3},{"damage":1,"enemies":"Cultist","floor":3,"turns":3},{"damage":3,"enemies":"Jaw Worm","floor":4,"turns":4},{"damage":23,"enemies":"Lagavulin","floor":6,"turns":6},{"damage":8,"enemies":"Exordium Wildlife","floor":7,"turns":4},{"damage":15,"enemies":"3 Sentries","floor":8,"turns":7},{"damage":5,"enemies":"Gremlin Nob","floor":11,"turns":4},{"damage":2,"enemies":"Large Slime","floor":12,"turns":7},{"damage":5,"enemies":"Blue Slaver","floor":13,"turns":3},{"damage":0,"enemies":"2 Fungi Beasts","floor":14,"turns":3},{"damage":6,"enemies":"Slime Boss","floor":16,"turns":7},{"damage":5,"enemies":"Chosen","floor":18,"turns":7},{"damage":18,"enemies":"Spheric Guardian","floor":19,"turns":5},{"damage":23,"enemies":"Chosen and Byrds","floor":20,"turns":10},{"damage":14,"enemies":"Snake Plant","floor":21,"turns":6},{"damage":24,"enemies":"Centurion and Healer","floor":22,"turns":8},{"damage":23,"enemies":"Snecko","floor":24,"turns":6},{"damage":42,"enemies":"Gremlin Leader","floor":27,"turns":7},{"damage":31,"enemies":"Slavers","floor":29,"turns":4}],"seed_played":"-4153104001440814051","potions_obtained":[{"floor":4,"key":"ColorlessPotion"},{"floor":11,"key":"BlessingOfTheForge"},{"floor":14,"key":"SteroidPotion"},{"floor":19,"key":"Weak Potion"},{"floor":20,"key":"Explosive Potion"}],"is_trial":false,"path_per_floor":["M","?","M","M","$","E","M","E","T","R","E","M","M","M","R","B",null,"M","M","M","M","M","R","M","R","T","E","?","E"],"character_chosen":"IRONCLAD","items_purchased":["Inflame","Shrug It Off","Oddly Smooth Stone","SteroidPotion"],"campfire_rested":2,"item_purchase_floors":[5,5,5,5],"current_hp_per_floor":[72,72,72,72,72,55,53,44,44,44,45,49,50,56,56,56,68,72,60,46,38,23,47,33,58,58,24,24,0,0],"gold":435,"neow_bonus":"TWO_FIFTY_GOLD","is_daily":false,"chose_seed":false,"campfire_upgraded":2,"win_rate":0.0,"timestamp":1613639002,"path_taken":["M","?","M","M","$","E","M","E","T","R","E","M","?","M","R","BOSS","M","M","M","M","M","R","M","R","T","E","?","E"],"items_purchased_type":["Card","Card","Relic","Potion"],"build_version":"2020-12-18","purchased_purges":1,"victory":false,"max_hp_per_floor":[72,72,72,72,72,72,72,72,72,72,72,72,72,72,72,72,72,75,75,78,78,81,81,84,84,84,84,84,84,84],"relic_stats":{"Blood Vial":4,"Regal Pillow":0,"counters":[19,104],"Orichalcum":[222],"War Paint":["Disarm","Shrug It Off"],"Question Card":14,"obtain_stats":[{"Blood Vial":26,"SlaversCollar":17,"Regal Pillow":27,"Oddly Smooth Stone":5,"Orichalcum":9,"War Paint":11,"Question Card":6,"Ancient Tea Set":8,"Burning Blood":0},{"Blood Vial":17,"SlaversCollar":11,"Regal Pillow":18,"Oddly Smooth Stone":3,"Orichalcum":6,"War Paint":7,"Question Card":4,"Ancient Tea Set":6,"Burning Blood":0},{"Blood Vial":93,"SlaversCollar":51,"Regal Pillow":100,"Oddly Smooth Stone":10,"Orichalcum":27,"War Paint":31,"Question Card":16,"Ancient Tea Set":27,"Burning Blood":0}],"Burning Blood":97},"card_choices":[{"not_picked":["Iron Wave","Heavy Blade"],"picked":"Whirlwind","floor":1},{"not_picked":["Iron Wave","Sword Boomerang"],"picked":"Uppercut","floor":3},{"not_picked":["Headbutt","Seeing Red"],"picked":"Hemokinesis","floor":4},{"not_picked":["Ghostly Armor","Thunderclap"],"picked":"Shockwave","floor":6},{"not_picked":["Clash","Heavy Blade","Rage"],"picked":"Disarm","floor":7},{"not_picked":["Reckless Charge","Clash","Body Slam"],"picked":"Evolve","floor":8},{"not_picked":["Twin Strike","Burning Pact","Searing Blow","Double Tap"],"picked":"SKIP","floor":11},{"not_picked":["Wild Strike","Anger","Headbutt"],"picked":"Sword Boomerang","floor":12},{"not_picked":["Spot Weakness","Wild Strike","Reckless Charge"],"picked":"Flame Barrier","floor":13},{"not_picked":["True Grit","Clothesline","Cleave"],"picked":"Second Wind","floor":14},{"not_picked":["Offering","Reaper","Corruption"],"picked":"Feed","floor":16},{"not_picked":["Heavy Blade","Body Slam","Headbutt","Clash"],"picked":"SKIP","floor":18},{"not_picked":["Iron Wave","Sword Boomerang","Heavy Blade"],"picked":"Power Through","floor":19},{"not_picked":["Corruption","Burning Pact","Pommel Strike"],"picked":"Inflame","floor":20},{"not_picked":["Rampage","Dual Wield","Reckless Charge","Shockwave"],"picked":"SKIP","floor":21},{"not_picked":["Second Wind","Twin Strike+1","Shockwave+1","Wild Strike"],"picked":"SKIP","floor":22},{"not_picked":["Second Wind","Twin Strike+1","Shockwave+1"],"picked":"Wild Strike","floor":22},{"not_picked":["Burning Pact","Cleave","Sword Boomerang"],"picked":"Flame Barrier","floor":24},{"not_picked":["Warcry","Bloodletting","Armaments","Hemokinesis"],"picked":"SKIP","floor":27}],"player_experience":273034,"relics_obtained":[{"floor":6,"key":"Question Card"},{"floor":8,"key":"Ancient Tea Set"},{"floor":9,"key":"Orichalcum"},{"floor":11,"key":"War Paint"},{"floor":26,"key":"Blood Vial"},{"floor":27,"key":"Regal Pillow"}],"event_choices":[{"damage_healed":0,"gold_gain":0,"player_choice":"Upgraded","damage_taken":0,"max_hp_gain":0,"max_hp_loss":0,"event_name":"Upgrade Shrine","floor":2,"gold_loss":0,"cards_upgraded":["Bash"]},{"damage_healed":0,"gold_gain":0,"player_choice":"Simplicity","damage_taken":0,"max_hp_gain":0,"max_hp_loss":0,"event_name":"Back to Basics","floor":28,"gold_loss":0,"cards_upgraded":["Strike_R","Strike_R","Strike_R","Strike_R","Defend_R","Defend_R","Defend_R","Defend_R"]}],"is_beta":true,"boss_relics":[{"not_picked":["Calling Bell","Runic Dome"],"picked":"SlaversCollar"}],"items_purged_floors":[5],"is_endless":false,"potions_floor_spawned":[4,6,11,12,14,19,20,21],"killed_by":"Slavers","ascension_level":13}}