{"host":"mijx6czmnk03eucy","time":1613688466,"event":{"mods":["A Penny For Your Troubles","Act Like it!","Arknights","Aspiration","BaseMod","Better Altar","Better Skull","Better Third Choice","Better-Laid Plans","BetterRewards","Bossed Relics","Colored Map","Colored Powertips","Conspire","Curses Come First","Debug Mod","Disable Question Mark Monsters","Displayed Cursed Tome","Energized Spire","Evolution","Force Act Four","Fox Events","GifTheSpireLib","Googly Eyes","Hubris","Infinite Spire","Jedi Mod","Mimic Mod","Minty Spire (QoL Compilation)","Quick Restart","Rare Cards Sparkle","Relic Filter","Relic Stats","Reliquary","Replay The Spire","Ruina","SacredBarkPlus","Smile Girya","Spicy Shops","Spire Arcade","StS++","StSLib","Stuff the Spire","The Blue Laboratory","Uncapped","Wandering Minibosses","Wide Potions"],"gold_per_floor":[112,112,112,123,58,58,88,88,88,119,119,10,10,10,10,108,108,125,125,75,95,110,125,125,139,139,151,193,220,266,278,290,398,410,438,450,487,513,525,537,561,573,585,597,626,89,122,135,135,136],"floor_reached":51,"language":"ENG","playtime":9447,"items_purged":["StSpp:TheBiggerTheyAre","Clumsy"],"score":846,"play_id":"419418a6-511f-428a-9528-af9b829036a4","local_time":"20210218224746","is_ascension_mode":false,"campfire_choices":[{"data":"Bash","floor":6.0,"key":"SMITH"},{"data":"ReplayTheSpireMod:LeadingStrike","floor":8.0,"key":"SMITH"},{"data":"Bash+1","floor":15.0,"key":"SMITH"},{"data":"Spot Weakness","floor":24.0,"key":"SMITH"},{"data":"jedi:strikingstrike","floor":27.0,"key":"SMITH"},{"data":"Sword Boomerang","floor":49,"key":"SMITH"}],"circlet_count":0,"master_deck":["Sword Boomerang+1","Shrug It Off+1","Armaments+1","Bash+2","jedi:strikingstrike+1","Pummel+1","Spot Weakness+1","Pommel Strike+1","Pot Of Greed","Offering+1","Feed","Replay:Undeath\u0027s Touch+1","StuffTheSpire:BrainWave","Pommel Strike+1","StuffTheSpire:Innocence","Pommel Strike+1","Rage+1"],"relics":["Burning Blood","EVO:Axolotl","NeowsBlessing","hubris:Towel","conspire:InfiniteJournal","reliquary:TridentHead","StuffTheSpire:DarkSteelAnvil","StuffTheSpire:Experiment12","infinitespire:Cupcake","ruina:FalsePresent","MawBank","StuffTheSpire:Nightcore","hubris:Icosahedron","reliquary:WritOfMandamus","Replay:Multitool","wanderingMiniBosses:OtherGremlinHorn","reliquary:FeatherDuster","StuffTheSpire:HeavyRock","Bronze Scales","Frozen Eye","Another Sword"],"acts_visited":["Exordium","Exordium","TheBeyond"],"potions_floor_usage":[41],"damage_taken":[{"damage":0.0,"enemies":"2 Louse","floor":1.0,"turns":1.0},{"damage":0.0,"enemies":"infinitespire:Voidling","floor":4.0,"turns":1.0},{"damage":0.0,"enemies":"Lagavulin","floor":7.0,"turns":1.0},{"damage":25.0,"enemies":"Gremlin Nob","floor":10.0,"turns":4.0},{"damage":51.0,"enemies":"Hexaghost","floor":16.0,"turns":8.0},{"damage":23.0,"enemies":"ruina:BadWolf","floor":18.0,"turns":3.0},{"damage":0.0,"enemies":"ruina:3_Bats","floor":21.0,"turns":2.0},{"damage":23.0,"enemies":"ruina:Woodsman","floor":22.0,"turns":3.0},{"damage":0.0,"enemies":"ruina:KingOfGreed","floor":23.0,"turns":3.0},{"damage":32.0,"enemies":"ruina:Nos_and_Bat","floor":25.0,"turns":6.0},{"damage":28.0,"enemies":"ruina:Mountain","floor":28.0,"turns":5.0},{"damage":0.0,"enemies":"ruina:Woodsman","floor":29.0,"turns":2.0},{"damage":0.0,"enemies":"ruina:ServantOfWrath","floor":30.0,"turns":3.0},{"damage":37.0,"enemies":"ruina:Red_and_Wolf","floor":33.0,"turns":4.0},{"damage":0.0,"enemies":"3 Darklings","floor":35.0,"turns":2.0},{"damage":0.0,"enemies":"Orb Walker","floor":38.0,"turns":2.0},{"damage":29,"enemies":"Spire Growth","floor":41,"turns":4},{"damage":1,"enemies":"4 Shapes","floor":45,"turns":1},{"damage":4,"enemies":"R_Hoarder","floor":47,"turns":3},{"damage":0,"enemies":"Maw","floor":48,"turns":2},{"damage":1,"enemies":"infinitespire:MassOfShapes","floor":50,"turns":1}],"seed_played":"3152926326259116654","potions_obtained":[{"floor":10.0,"key":"blueLaboratory:HorrorPotion"},{"floor":18.0,"key":"Milkshake"},{"floor":20.0,"key":"HeartOfIron"},{"floor":22.0,"key":"blueLaboratory:BottleOfVodka"},{"floor":28.0,"key":"Weak Potion"},{"floor":33.0,"key":"Weak Potion"},{"floor":47,"key":"blueLaboratory:BubblePotion"},{"floor":48,"key":"Block Potion"}],"is_trial":false,"path_per_floor":["M","?","?","M","$","R","E","R","T","E","?","$","?","$","R","B",null,"M","?","?","M","M","M","R","M","T","R","E","M","E","?","R_BF","B",null,"M","?","?","M","?","R","M","R","T","?","M","$","E","M","R_BF","B",null],"character_chosen":"IRONCLAD","items_purchased":["conspire:InfiniteJournal","Battle Trance","StuffTheSpire:HeavyRock","Bronze Scales","Frozen Eye"],"campfire_rested":0,"item_purchase_floors":[5,12,46,46,46],"current_hp_per_floor":[118,118,118,118,118,118,118,118,118,99,99,99,99,99,99,54,118,101,113,109,115,98,104,104,78,78,78,56,62,68,68,68,37,125,128,116,87,93,93,116,93,116,116,116,119,119,119,119,119,119],"gold":136,"neow_bonus":"THREE_ENEMY_KILL","is_daily":false,"chose_seed":false,"campfire_upgraded":6,"win_rate":0.0,"timestamp":1613688466,"path_taken":["M","?","?","M","$","R","E","R","T","E","?","?","?","$","R","BOSS","M","?","?","M","M","M","R","M","T","R","E","M","E","?","R_BF","BOSS","M","?","?","M","?","R","M","R","T","?","M","$","E","M","R_BF","BOSS"],"items_purchased_type":["Relic","Card","Relic","Relic","Relic"],"build_version":"2020-12-22","purchased_purges":2,"victory":true,"max_hp_per_floor":[118,118,118,118,118,118,118,118,118,118,118,118,118,118,118,118,118,118,130,125,125,125,125,125,125,125,125,125,125,125,125,125,125,125,128,116,116,116,116,116,116,116,116,116,119,119,119,119,119,119],"relic_stats":{"counters":[21,61],"Bronze Scales":[3],"MawBank":240,"obtain_stats":[{"ruina:FalsePresent":20,"reliquary:FeatherDuster":43,"NeowsBlessing":0,"Replay:Multitool":37,"EVO:Axolotl":0,"wanderingMiniBosses:OtherGremlinHorn":41,"hubris:Towel":3,"MawBank":26,"Burning Blood":0,"conspire:InfiniteJournal":5,"reliquary:TridentHead":7,"StuffTheSpire:Experiment12":10,"Frozen Eye":46,"hubris:Icosahedron":32,"StuffTheSpire:HeavyRock":46,"Bronze Scales":46,"StuffTheSpire:DarkSteelAnvil":9,"Another Sword":47,"StuffTheSpire:Nightcore":28,"Grinning Jar":30,"reliquary:WritOfMandamus":34,"infinitespire:Cupcake":17},{"ruina:FalsePresent":6,"reliquary:FeatherDuster":17,"NeowsBlessing":0,"Replay:Multitool":15,"EVO:Axolotl":0,"wanderingMiniBosses:OtherGremlinHorn":17,"hubris:Towel":1,"MawBank":10,"Burning Blood":0,"conspire:InfiniteJournal":2,"reliquary:TridentHead":3,"StuffTheSpire:Experiment12":4,"Frozen Eye":18,"hubris:Icosahedron":13,"StuffTheSpire:HeavyRock":18,"Bronze Scales":18,"StuffTheSpire:DarkSteelAnvil":3,"Another Sword":19,"StuffTheSpire:Nightcore":11,"Grinning Jar":13,"reliquary:WritOfMandamus":14,"infinitespire:Cupcake":5},{"ruina:FalsePresent":18,"reliquary:FeatherDuster":54,"NeowsBlessing":0,"Replay:Multitool":48,"EVO:Axolotl":0,"wanderingMiniBosses:OtherGremlinHorn":54,"hubris:Towel":1,"MawBank":32,"Burning Blood":0,"conspire:InfiniteJournal":2,"reliquary:TridentHead":3,"StuffTheSpire:Experiment12":7,"Frozen Eye":55,"hubris:Icosahedron":42,"StuffTheSpire:HeavyRock":55,"Bronze Scales":55,"StuffTheSpire:DarkSteelAnvil":3,"Another Sword":58,"StuffTheSpire:Nightcore":37,"Grinning Jar":42,"reliquary:WritOfMandamus":46,"infinitespire:Cupcake":15}],"Burning Blood":84},"card_choices":[{"not_picked":["Sword Boomerang","Heavy Blade"],"picked":"Clash","floor":1.0},{"not_picked":["Bloodletting","Body Slam","Havoc"],"picked":"SKIP","floor":4.0},{"not_picked":["ReplayTheSpireMod:Strike From Hell","Flame Barrier"],"picked":"ReplayTheSpireMod:LeadingStrike","floor":7.0},{"not_picked":["Brutality","Anger"],"picked":"conspire:Charge","floor":10.0},{"not_picked":["Double Tap","Bludgeon"],"picked":"jedi:strikingstrike","floor":16.0},{"not_picked":["Massacre","Havoc+1"],"picked":"Pummel+1","floor":18.0},{"not_picked":["Ghostly Armor","Cleave+1"],"picked":"Run Through","floor":21.0},{"not_picked":["Immolate","Feel No Pain"],"picked":"Spot Weakness","floor":22.0},{"not_picked":["StSpp:TheBiggerTheyAre","jedi:MakeshiftSword"],"picked":"Shockwave","floor":23.0},{"not_picked":["Perfected Strike","jedi:MakeshiftSword"],"picked":"StuffTheSpire:Incineration","floor":25.0},{"not_picked":["Perfected Strike","Body Slam"],"picked":"Evolve+1","floor":28.0},{"not_picked":["Burning Pact","Sword Boomerang"],"picked":"Pommel Strike+1","floor":29.0},{"not_picked":["Spot Weakness","Dark Embrace"],"picked":"Offering","floor":30.0},{"not_picked":["Brutality","StSpp:Turnabout"],"picked":"Feed","floor":33.0},{"not_picked":["Headbutt","Flex"],"picked":"Replay:Undeath\u0027s Touch+1","floor":35.0},{"not_picked":["Clash","Heavy Blade+1"],"picked":"Twin Strike","floor":37.0},{"not_picked":["Carnage","Bloodletting"],"picked":"Pommel Strike+1","floor":38.0},{"not_picked":["ReplayReversal","Sword Boomerang"],"picked":"Rampage","floor":41},{"not_picked":["StuffTheSpire:Perfection","StuffTheSpire:Brawn"],"picked":"StuffTheSpire:Innocence","floor":44},{"not_picked":["Wild Strike","StSpp:MuscleMemory","Massacre+1"],"picked":"SKIP","floor":45},{"not_picked":["Heavy Blade","ReplayTheSpireMod:Strike From Hell+1"],"picked":"Pommel Strike+1","floor":47},{"not_picked":["Pummel","ReplayTheSpireMod:Muscle Training"],"picked":"Rage+1","floor":48}],"player_experience":770328,"relics_obtained":[{"floor":7.0,"key":"reliquary:TridentHead"},{"floor":9.0,"key":"StuffTheSpire:DarkSteelAnvil"},{"floor":10.0,"key":"StuffTheSpire:Experiment12"},{"floor":26.0,"key":"MawBank"},{"floor":28.0,"key":"StuffTheSpire:Nightcore"},{"floor":30.0,"key":"Grinning Jar"},{"floor":37.0,"key":"Replay:Multitool"},{"floor":41,"key":"wanderingMiniBosses:OtherGremlinHorn"},{"floor":43,"key":"reliquary:FeatherDuster"},{"floor":47,"key":"Another Sword"}],"event_choices":[{"cards_removed":["True Grit"],"damage_healed":5.0,"max_hp_gain":0.0,"max_hp_loss":0.0,"gold_gain":0.0,"event_name":"Bonfire Elementals","player_choice":"Offered Common","floor":2.0,"gold_loss":0.0,"damage_taken":0.0},{"cards_removed":["True Grit"],"damage_healed":5.0,"max_hp_gain":0.0,"max_hp_loss":0.0,"gold_gain":0.0,"event_name":"Bonfire Elementals","player_choice":"Offered Special","floor":2.0,"gold_loss":0.0,"damage_taken":0.0},{"damage_healed":0.0,"max_hp_gain":0.0,"max_hp_loss":0.0,"gold_gain":0.0,"event_name":"Living Wall","player_choice":"Grow","floor":11.0,"gold_loss":0.0,"damage_taken":0.0,"cards_upgraded":["Armaments"]},{"damage_healed":0.0,"max_hp_gain":0.0,"max_hp_loss":0.0,"gold_gain":0.0,"event_name":"conspire:Investor","player_choice":"Leave","floor":13.0,"gold_loss":0.0,"damage_taken":0.0}],"is_beta":false,"boss_relics":[{"not_picked":["hubris:ScarierMask","reliquary:Ember"],"picked":"infinitespire:Cupcake"},{"not_picked":["reliquary:RustamsPendant","Snecko Eye"],"picked":"reliquary:WritOfMandamus"}],"items_purged_floors":[12,46],"is_endless":false,"potions_floor_spawned":[10,18,22,28,29,33,35,38,47,48],"ascension_level":0}}