{"host":"rylkjufw9dlhr07b","time":1613609012,"event":{"mods":["AchievementEnabler","BaseMod","Better Note","BetterRewards","Hubris","Minty Spire (QoL Compilation)","Quick Restart","StSLib","The Servant 0.9.4"],"gold_per_floor":[111,131,131,144,160,189,189,223,247,276,276,287,302,321,321,398,398,413,413,27,27,27,60,60,74,74,101,111,126,140,59,59,59,59],"floor_reached":33,"language":"FRA","playtime":1519,"items_purged":[],"score":706,"play_id":"6851c96d-8f9a-4b68-866d-3d6227380524","local_time":"20210218014332","is_ascension_mode":true,"campfire_choices":[{"floor":15.0,"key":"REST"},{"floor":24.0,"key":"REST"},{"floor":32,"key":"REST"}],"circlet_count":0,"master_deck":["AscendersBane","Strike_G","Strike_G","Strike_G","Strike_G","Defend_G","Defend_G","Defend_G","Defend_G","Defend_G","Survivor","Neutralize","Footwork+1","Sucker Punch","Dash","Deflect","Deflect","All Out Attack","Blade Dance","Underhanded Strike","Poisoned Stab","Dagger Throw","Accuracy","Riddle With Holes","Glass Knife","Slice","Luminosity+1","Bandage Up","Acrobatics","Poisoned Stab+1","Dagger Spray","Dagger Throw","hubris:DuctTapeCard","Dodge and Roll","Deflect","Finisher","Accuracy"],"relics":["Ring of the Snake","Lee\u0027s Waffle","MealTicket","hubris:DuctTape","hubris:AncientText","Lantern","hubris:OldNail","Sozu","Ninja Scroll","GremlinMask","Mummified Hand","Kunai","Red Mask"],"acts_visited":["Exordium","TheCity"],"potions_floor_usage":[],"damage_taken":[{"damage":0.0,"enemies":"Cultist","floor":1.0,"turns":6.0},{"damage":2.0,"enemies":"Small Slimes","floor":2.0,"turns":5.0},{"damage":5.0,"enemies":"2 Louse","floor":4.0,"turns":4.0},{"damage":0.0,"enemies":"Large Slime","floor":5.0,"turns":6.0},{"damage":8.0,"enemies":"3 Sentries","floor":6.0,"turns":10.0},{"damage":37.0,"enemies":"Lagavulin","floor":8.0,"turns":7.0},{"damage":9.0,"enemies":"3 Sentries","floor":10.0,"turns":8.0},{"damage":6.0,"enemies":"Red Slaver","floor":12.0,"turns":2.0},{"damage":0.0,"enemies":"Gremlin Gang","floor":13.0,"turns":2.0},{"damage":0.0,"enemies":"Looter","floor":14.0,"turns":2.0},{"damage":12.0,"enemies":"Slime Boss","floor":16.0,"turns":13.0},{"damage":3.0,"enemies":"Chosen","floor":18.0,"turns":4.0},{"damage":45.0,"enemies":"Book of Stabbing","floor":23.0,"turns":7.0},{"damage":0.0,"enemies":"3 Byrds","floor":25.0,"turns":3.0},{"damage":2.0,"enemies":"Masked Bandits","floor":27.0,"turns":5.0},{"damage":22,"enemies":"Shelled Parasite and Fungi","floor":28,"turns":4},{"damage":15,"enemies":"Snecko","floor":29,"turns":5},{"damage":18,"enemies":"Snake Plant","floor":30,"turns":4},{"damage":57,"enemies":"hubris:MusketHawk","floor":33,"turns":7}],"seed_played":"7741153777396380080","potions_obtained":[{"floor":2.0,"key":"Dexterity Potion"},{"floor":4.0,"key":"Fruit Juice"},{"floor":10.0,"key":"Weak Potion"},{"floor":12.0,"key":"GamblersBrew"},{"floor":13.0,"key":"PowerPotion"}],"is_trial":false,"path_per_floor":["M","M","?","M","M","E","?","E","T","E","?","M","M","M","R","B",null,"M","?","$","?","$","E","R","M","T","?","M","M","M","$","R","B"],"character_chosen":"THE_SILENT","items_purchased":["Lee\u0027s Waffle","Footwork","MealTicket","Bane","Sucker Punch","Ninja Scroll","Bandage Up","Acrobatics","Accuracy"],"campfire_rested":3,"item_purchase_floors":[0,0,0,0,0,20,20,20,31],"current_hp_per_floor":[73,71,71,66,66,58,58,21,21,12,12,11,11,11,34,22,64,61,61,76,76,78,37,60,60,60,62,44,29,15,30,53,0,0],"gold":59,"neow_bonus":"","is_daily":false,"chose_seed":false,"campfire_upgraded":0,"win_rate":0.0,"timestamp":1613609012,"path_taken":["M","?","?","M","M","E","?","E","T","E","?","?","M","?","R","BOSS","M","?","$","?","$","E","R","?","T","?","M","M","M","?","R","BOSS"],"items_purchased_type":["Relic","Card","Relic","Card","Card","Relic","Card","Card","Card"],"build_version":"2020-12-22","purchased_purges":0,"victory":false,"max_hp_per_floor":[73,73,73,73,73,73,73,73,73,73,73,78,78,78,78,78,78,78,78,78,78,78,78,78,78,78,78,78,78,78,78,78,78,78],"card_choices":[{"not_picked":["Backflip","Blur"],"picked":"Dash","floor":1.0},{"not_picked":["Dodge and Roll","hubris:SlightOfHand"],"picked":"Deflect","floor":2.0},{"not_picked":["Poisoned Stab","Blur"],"picked":"Deadly Poison","floor":4.0},{"not_picked":["Acrobatics","hubris:TrickCloak"],"picked":"Deflect","floor":5.0},{"not_picked":["hubris:SlightOfHand","Outmaneuver"],"picked":"All Out Attack","floor":6.0},{"not_picked":["Underhanded Strike","Die Die Die"],"picked":"Blade Dance","floor":8.0},{"not_picked":["Backflip","Backstab"],"picked":"Underhanded Strike","floor":10.0},{"not_picked":["Bouncing Flask","Poisoned Stab"],"picked":"Dagger Throw","floor":12.0},{"not_picked":["Backflip","Leg Sweep"],"picked":"Accuracy","floor":13.0},{"not_picked":["Tactician","Prepared"],"picked":"Riddle With Holes","floor":14.0},{"not_picked":["Doppelganger","Grand Finale"],"picked":"Glass Knife","floor":16.0},{"not_picked":["hubris:Sniper","Dash"],"picked":"Slice","floor":18.0},{"not_picked":["hubris:SlightOfHand","hubris:TrickCloak"],"picked":"Poisoned Stab+1","floor":23.0},{"not_picked":["Flechettes+1","Underhanded Strike"],"picked":"Dagger Spray","floor":25.0},{"not_picked":["Well Laid Plans","Flying Knee"],"picked":"Dagger Throw","floor":27.0},{"not_picked":["Doppelganger","Concentrate"],"picked":"Dodge and Roll","floor":28},{"not_picked":["PiercingWail","hubris:Sniper"],"picked":"Deflect","floor":29},{"not_picked":["Catalyst","Acrobatics+1"],"picked":"Finisher","floor":30}],"player_experience":614420,"relics_obtained":[{"floor":6.0,"key":"hubris:DuctTape"},{"floor":8.0,"key":"hubris:AncientText"},{"floor":9.0,"key":"Lantern"},{"floor":10.0,"key":"hubris:OldNail"},{"floor":23.0,"key":"Mummified Hand"},{"floor":26.0,"key":"Kunai"},{"floor":27.0,"key":"Red Mask"}],"event_choices":[{"damage_healed":0.0,"max_hp_gain":0.0,"max_hp_loss":0.0,"gold_gain":0.0,"event_name":"Living Wall","player_choice":"Grow","floor":3.0,"gold_loss":0.0,"damage_taken":0.0,"cards_upgraded":["Footwork"]},{"damage_healed":0.0,"max_hp_gain":0.0,"max_hp_loss":0.0,"gold_gain":0.0,"event_name":"Liars Game","player_choice":"Ignored","floor":7.0,"gold_loss":0.0,"damage_taken":0.0},{"damage_healed":0.0,"max_hp_gain":0.0,"max_hp_loss":0.0,"gold_gain":0.0,"cards_transformed":["Strike_G"],"event_name":"Transmorgrifier","player_choice":"Transformed","floor":11.0,"gold_loss":0.0,"damage_taken":0.0,"cards_obtained":["Poisoned Stab"]},{"cards_removed":["Footwork"],"damage_healed":0.0,"max_hp_gain":0.0,"max_hp_loss":0.0,"gold_gain":0.0,"event_name":"betterNote:BetterNote","player_choice":"Take \u0026 Give","floor":19.0,"gold_loss":0.0,"damage_taken":0.0,"cards_obtained":["Luminosity"]},{"damage_healed":0.0,"max_hp_gain":0.0,"max_hp_loss":0.0,"gold_gain":0.0,"event_name":"FaceTrader","player_choice":"Trade","floor":21.0,"gold_loss":0.0,"damage_taken":0.0,"relics_obtained":["GremlinMask"]},{"damage_healed":0.0,"max_hp_gain":0.0,"max_hp_loss":0.0,"gold_gain":0.0,"event_name":"Masked Bandits","player_choice":"Fought Bandits","floor":27.0,"gold_loss":0.0,"damage_taken":0.0}],"is_beta":false,"boss_relics":[{"not_picked":["hubris:TerracottaHorce","Calling Bell"],"picked":"Sozu"}],"items_purged_floors":[],"is_endless":false,"potions_floor_spawned":[2,4,10,12,13,23,28,30],"killed_by":"hubris:MusketHawk","ascension_level":15}}