{"host":"hbrjinenk1akq1dy","time":1613660369,"event":{"mods":["BaseMod","Colored Map","Colored Powertips","Highlight Path","Minty Spire (QoL Compilation)","Quick Restart","StSLib","SuperFastMode"],"gold_per_floor":[114,125,125,144,144,144,94,129,129,144,160,170,170,185,185,282,282,270,281,281,281,481,508,525,525,525,525,525],"floor_reached":27,"language":"ENG","playtime":2071,"items_purged":[],"score":260,"play_id":"99685434-cd68-433b-a82c-3f343530d2ed","local_time":"20210218225929","is_ascension_mode":false,"campfire_choices":[{"data":"Deadly Poison","floor":6.0,"key":"SMITH"},{"floor":13.0,"key":"REST"},{"data":"Venomology","floor":15.0,"key":"SMITH"}],"circlet_count":0,"master_deck":["Strike_G","Strike_G","Strike_G","Strike_G","Strike_G","Defend_G","Defend_G","Defend_G","Defend_G","Survivor","Neutralize","Deadly Poison+1","Backflip","Catalyst","PiercingWail","Venomology+1","Malaise","Bouncing Flask","Venomology+1"],"relics":["Ring of the Snake","Boot","Du-Vu Doll","Juzu Bracelet","Mango","SlaversCollar","Anchor","Frozen Egg 2","Mummified Hand"],"acts_visited":["Exordium","TheCity"],"potions_floor_usage":[18,19,23,23,23,23,24,24,27],"damage_taken":[{"damage":0.0,"enemies":"Jaw Worm","floor":1.0,"turns":4.0},{"damage":0.0,"enemies":"2 Louse","floor":2.0,"turns":2.0},{"damage":4.0,"enemies":"Cultist","floor":4.0,"turns":5.0},{"damage":45.0,"enemies":"3 Sentries","floor":8.0,"turns":10.0},{"damage":16.0,"enemies":"Gremlin Gang","floor":10.0,"turns":6.0},{"damage":10.0,"enemies":"Exordium Thugs","floor":11.0,"turns":7.0},{"damage":0.0,"enemies":"3 Louse","floor":12.0,"turns":6.0},{"damage":2.0,"enemies":"Large Slime","floor":14.0,"turns":8.0},{"damage":10.0,"enemies":"The Guardian","floor":16.0,"turns":11.0},{"damage":10,"enemies":"2 Thieves","floor":18,"turns":4},{"damage":0,"enemies":"3 Byrds","floor":19,"turns":5},{"damage":39,"enemies":"Gremlin Leader","floor":23,"turns":6},{"damage":26,"enemies":"Centurion and Healer","floor":24,"turns":9},{"damage":14,"enemies":"Shelled Parasite and Fungi","floor":27,"turns":2}],"seed_played":"7757177239007889697","potions_obtained":[{"floor":1.0,"key":"Swift Potion"},{"floor":10.0,"key":"FearPotion"},{"floor":11.0,"key":"Regen Potion"},{"floor":14.0,"key":"PowerPotion"},{"floor":19,"key":"SpeedPotion"}],"is_trial":false,"path_per_floor":["M","M","?","M","?","R","?","E","T","M","M","M","R","M","R","B",null,"M","M","?","?","?","E","M","T","T","M"],"character_chosen":"THE_SILENT","items_purchased":[],"campfire_rested":1,"item_purchase_floors":[],"current_hp_per_floor":[70,70,75,71,59,59,59,14,28,12,2,17,43,41,41,31,89,79,79,79,79,79,40,14,14,14,0,0],"gold":525,"neow_bonus":"RANDOM_COMMON_RELIC","is_daily":false,"chose_seed":false,"campfire_upgraded":2,"win_rate":0.0,"timestamp":1613660369,"path_taken":["M","M","?","M","?","R","?","E","T","M","M","M","R","M","R","BOSS","M","M","?","?","?","E","M","?","T","M"],"items_purchased_type":[],"build_version":"2020-12-22","purchased_purges":0,"victory":false,"max_hp_per_floor":[70,70,75,75,75,75,75,75,89,89,89,89,89,89,89,89,89,89,89,89,89,89,89,89,89,89,89,89],"card_choices":[{"not_picked":["Calculated Gamble","Poisoned Stab"],"picked":"Deadly Poison","floor":1.0},{"not_picked":["Deflect","Dagger Spray"],"picked":"Backflip","floor":2.0},{"not_picked":["Outmaneuver","Bullet Time","Dagger Spray"],"picked":"SKIP","floor":4.0},{"not_picked":["Poisoned Stab","Endless Agony"],"picked":"Catalyst","floor":8.0},{"not_picked":["Infinite Blades","Heel Hook","Riddle With Holes"],"picked":"SKIP","floor":10.0},{"not_picked":["Poisoned Stab","Acrobatics"],"picked":"PiercingWail","floor":11.0},{"not_picked":["Dagger Throw","Blade Dance","Dagger Spray"],"picked":"SKIP","floor":12.0},{"not_picked":["Poisoned Stab","Sucker Punch"],"picked":"Venomology","floor":14.0},{"not_picked":["Adrenaline","Bullet Time"],"picked":"Malaise","floor":16.0},{"not_picked":["Backstab","Dagger Throw+1","Bane"],"picked":"SKIP","floor":18},{"not_picked":["Skewer+1","Underhanded Strike+1"],"picked":"Bouncing Flask","floor":19},{"not_picked":["Escape Plan","Underhanded Strike+1","Setup"],"picked":"SKIP","floor":23},{"not_picked":["Underhanded Strike","Slice+1","Terror+1"],"picked":"SKIP","floor":24}],"player_experience":207250,"relics_obtained":[{"floor":8.0,"key":"Juzu Bracelet"},{"floor":9.0,"key":"Mango"},{"floor":23,"key":"Anchor"},{"floor":25,"key":"Frozen Egg 2"},{"floor":26,"key":"Mummified Hand"}],"event_choices":[{"damage_healed":0.0,"max_hp_gain":5.0,"max_hp_loss":0.0,"gold_gain":0.0,"event_name":"Big Fish","player_choice":"Donut","floor":3.0,"gold_loss":0.0,"damage_taken":0.0},{"damage_healed":0.0,"max_hp_gain":0.0,"max_hp_loss":0.0,"gold_gain":0.0,"event_name":"Scrap Ooze","player_choice":"Success","floor":5.0,"gold_loss":0.0,"damage_taken":12.0,"relics_obtained":["Du-Vu Doll"]},{"cards_removed":["Defend_G"],"damage_healed":0.0,"max_hp_gain":0.0,"max_hp_loss":0.0,"gold_gain":0.0,"event_name":"The Cleric","player_choice":"Card Removal","floor":7.0,"gold_loss":50.0,"damage_taken":0.0},{"damage_healed":0,"gold_gain":0,"player_choice":"Copied","damage_taken":0,"max_hp_gain":0,"max_hp_loss":0,"event_name":"Duplicator","floor":20,"gold_loss":0,"cards_obtained":["Venomology"]},{"damage_healed":0,"gold_gain":0,"player_choice":"Ignored","damage_taken":0,"max_hp_gain":0,"max_hp_loss":0,"event_name":"NoteForYourself","floor":21,"gold_loss":0},{"damage_healed":0,"gold_gain":200,"player_choice":"Gold","damage_taken":0,"max_hp_gain":0,"max_hp_loss":0,"event_name":"Wheel of Change","floor":22,"gold_loss":0}],"is_beta":false,"boss_relics":[{"not_picked":["Astrolabe","Cursed Key"],"picked":"SlaversCollar"}],"items_purged_floors":[],"is_endless":false,"potions_floor_spawned":[1,10,11,14,19],"killed_by":"Shelled Parasite and Fungi","ascension_level":0}}