{"host":"js2su9tbbk4rmjfl","time":1613674571,"event":{"mods":["AchievementEnabler","BaseMod","Block Reminder","Colored Map","Colored Powertips","Highlight Path","Minty Spire (QoL Compilation)","Relic Stats"],"gold_per_floor":[364,17,35,55,70,70,70,98,98,98,110,110,126,138,138,210,210,210,210,210,210,47,47,47,47,47,47,47,47,47,47,47,47,47,47,47,47,47,47,47,47,47],"floor_reached":41,"language":"ENG","playtime":4261,"items_purged":[],"score":792,"play_id":"558137b3-d0f7-48d3-9a6a-c8c0bfa89735","local_time":"20210218195611","is_ascension_mode":true,"campfire_choices":[{"data":"Bludgeon","floor":6,"key":"SMITH"},{"data":"Bandage Up","floor":10,"key":"SMITH"},{"data":"Inflame","floor":12,"key":"SMITH"},{"data":"Heavy Blade","floor":15,"key":"SMITH"},{"data":"Havoc","floor":23,"key":"SMITH"},{"data":"Offering","floor":25,"key":"SMITH"},{"data":"Power Through","floor":28,"key":"SMITH"},{"data":"Bash","floor":30,"key":"SMITH"},{"data":"Disarm","floor":32,"key":"SMITH"},{"data":"Demon Form","floor":40,"key":"SMITH"}],"circlet_count":0,"master_deck":["AscendersBane","Strike_R","Strike_R","Strike_R+1","Strike_R+1","Strike_R+1","Defend_R","Defend_R","Defend_R","Defend_R","Bash+1","Shrug It Off","Bandage Up+1","Inflame+1","Havoc+1","Headbutt","Bludgeon+1","Clothesline+1","Heavy Blade+1","Exhume","Infernal Blade","Power Through+1","Offering+1","Disarm+1","Demon Form+1","Second Wind+1","Pummel+1"],"relics":["Burning Blood","Lantern","Tiny Chest","Letter Opener","Ectoplasm","Unceasing Top","Lee\u0027s Waffle","Whetstone","Bag of Marbles","Black Star","Red Skull"],"acts_visited":["Exordium","TheCity","TheBeyond"],"potions_floor_usage":[8,13,13,16,29,33,38,41],"damage_taken":[{"damage":10.0,"enemies":"2 Louse","floor":1.0,"turns":3.0},{"damage":11.0,"enemies":"Small Slimes","floor":3.0,"turns":6.0},{"damage":4.0,"enemies":"Cultist","floor":4.0,"turns":4.0},{"damage":5,"enemies":"Red Slaver","floor":5,"turns":3},{"damage":17,"enemies":"3 Sentries","floor":8,"turns":8},{"damage":13,"enemies":"Blue Slaver","floor":11,"turns":3},{"damage":6,"enemies":"Exordium Thugs","floor":13,"turns":4},{"damage":4,"enemies":"Looter","floor":14,"turns":3},{"damage":40,"enemies":"The Guardian","floor":16,"turns":14},{"damage":22,"enemies":"Shell Parasite","floor":18,"turns":5},{"damage":0,"enemies":"Chosen","floor":20,"turns":2},{"damage":0,"enemies":"Sentry and Sphere","floor":21,"turns":2},{"damage":9,"enemies":"3 Cultists","floor":24,"turns":5},{"damage":15,"enemies":"Book of Stabbing","floor":27,"turns":5},{"damage":0,"enemies":"Snecko","floor":29,"turns":2},{"damage":0,"enemies":"Centurion and Healer","floor":31,"turns":5},{"damage":79,"enemies":"Collector","floor":33,"turns":11},{"damage":15,"enemies":"Orb Walker","floor":35,"turns":4},{"damage":45,"enemies":"3 Darklings","floor":37,"turns":5},{"damage":46,"enemies":"Spire Growth","floor":38,"turns":5},{"damage":60,"enemies":"Giant Head","floor":41,"turns":6}],"seed_played":"7874231114924574737","potions_obtained":[{"floor":3.0,"key":"Block Potion"},{"floor":8,"key":"Strength Potion"},{"floor":11,"key":"EntropicBrew"},{"floor":24,"key":"Dexterity Potion"},{"floor":29,"key":"LiquidMemories"},{"floor":33,"key":"BloodPotion"},{"floor":37,"key":"SpeedPotion"}],"is_trial":false,"path_per_floor":["M","$","M","M","M","R","?","E","T","R","M","R","M","M","R","B",null,"M","?","M","M","$","R","M","R","T","E","R","M","R","M","R","B",null,"M","T","M","M","$","R","E"],"character_chosen":"IRONCLAD","items_purchased":["Lantern","Bandage Up","Inflame","Lee\u0027s Waffle"],"campfire_rested":0,"item_purchase_floors":[2,2,2,22],"current_hp_per_floor":[46,46,45,51,56,56,33,26,26,26,25,25,31,39,39,11,59,49,49,61,67,82,82,79,79,79,82,82,82,82,82,82,15,65,62,62,35,23,23,23,0,0],"gold":47,"neow_bonus":"TWO_FIFTY_GOLD","is_daily":false,"chose_seed":false,"campfire_upgraded":10,"win_rate":0.0,"timestamp":1613674571,"path_taken":["M","$","M","M","M","R","?","E","T","R","M","R","M","M","R","BOSS","M","?","M","?","?","R","M","R","T","E","R","M","R","M","R","BOSS","M","?","M","M","?","R","E"],"items_purchased_type":["Relic","Card","Card","Relic"],"build_version":"2020-12-22","purchased_purges":0,"victory":false,"max_hp_per_floor":[75,75,75,75,75,75,75,75,75,75,75,75,75,75,75,75,75,75,75,75,75,82,82,82,82,82,82,82,82,82,82,82,82,82,82,82,82,82,82,82,82,82],"relic_stats":{"Lee\u0027s Waffle":15,"counters":[21,105],"Tiny Chest":1,"Ectoplasm":298,"Black Star":0,"Letter Opener":[105],"Whetstone":["Strike_R","Clothesline"],"obtain_stats":[{"Lantern":2,"Lee\u0027s Waffle":22,"Tiny Chest":8,"Ectoplasm":17,"Bag of Marbles":27,"Black Star":34,"Letter Opener":9,"Whetstone":26,"Burning Blood":0,"Unceasing Top":19,"Red Skull":36},{"Lantern":1,"Lee\u0027s Waffle":12,"Tiny Chest":5,"Ectoplasm":9,"Bag of Marbles":14,"Black Star":17,"Letter Opener":5,"Whetstone":13,"Burning Blood":0,"Unceasing Top":10,"Red Skull":18},{"Lantern":3,"Lee\u0027s Waffle":57,"Tiny Chest":24,"Ectoplasm":48,"Bag of Marbles":67,"Black Star":85,"Letter Opener":24,"Whetstone":62,"Burning Blood":0,"Unceasing Top":53,"Red Skull":89}],"Burning Blood":108,"Unceasing Top":[0]},"card_choices":[{"not_picked":["Armaments","Perfected Strike"],"picked":"Shrug It Off","floor":1.0},{"not_picked":["Evolve","Cleave"],"picked":"Havoc","floor":3.0},{"not_picked":["Bloodletting","Rage"],"picked":"Headbutt","floor":4},{"not_picked":["Twin Strike","Pommel Strike"],"picked":"Bludgeon","floor":5},{"not_picked":["Havoc","Anger"],"picked":"Clothesline","floor":8},{"not_picked":["Sword Boomerang","Burning Pact"],"picked":"Heavy Blade","floor":11},{"not_picked":["Wild Strike","Clothesline","Shockwave"],"picked":"SKIP","floor":13},{"not_picked":["Fire Breathing","Shockwave","Perfected Strike"],"picked":"SKIP","floor":14},{"not_picked":["Juggernaut","Limit Break"],"picked":"Exhume","floor":16},{"not_picked":["Clash","Sentinel"],"picked":"Infernal Blade","floor":18},{"not_picked":["Fire Breathing","Havoc"],"picked":"Power Through","floor":20},{"not_picked":["Uppercut","Shrug It Off","Warcry"],"picked":"SKIP","floor":21},{"not_picked":["Pommel Strike+1","Clash"],"picked":"Offering","floor":24},{"not_picked":["True Grit","Anger","Havoc"],"picked":"SKIP","floor":27},{"not_picked":["Flex","Shrug It Off","Clash"],"picked":"SKIP","floor":29},{"not_picked":["Second Wind","Feel No Pain+1"],"picked":"Disarm","floor":31},{"not_picked":["Juggernaut","Brutality"],"picked":"Demon Form","floor":33},{"not_picked":["Cleave","Carnage+1"],"picked":"Second Wind+1","floor":35},{"not_picked":["Sword Boomerang","Cleave","Second Wind"],"picked":"SKIP","floor":37},{"not_picked":["Twin Strike","Clash+1"],"picked":"Pummel+1","floor":38}],"player_experience":832084,"relics_obtained":[{"floor":8,"key":"Tiny Chest"},{"floor":9,"key":"Letter Opener"},{"floor":26,"key":"Whetstone"},{"floor":27,"key":"Bag of Marbles"},{"floor":36,"key":"Red Skull"}],"event_choices":[{"damage_healed":0,"gold_gain":0,"player_choice":"Entered Light","damage_taken":23,"max_hp_gain":0,"max_hp_loss":0,"event_name":"Shining Light","floor":7,"gold_loss":0,"cards_upgraded":["Strike_R","Strike_R"]},{"damage_healed":0,"gold_gain":0,"player_choice":"Gave Potion","damage_taken":0,"relics_obtained":["Unceasing Top"],"max_hp_gain":0,"max_hp_loss":0,"event_name":"WeMeetAgain","floor":19,"gold_loss":0}],"is_beta":false,"boss_relics":[{"not_picked":["Calling Bell","Empty Cage"],"picked":"Ectoplasm"},{"not_picked":["Fusion Hammer","Philosopher\u0027s Stone"],"picked":"Black Star"}],"items_purged_floors":[],"is_endless":false,"potions_floor_spawned":[3,8,11,14,21,24,29,33,37],"killed_by":"Giant Head","ascension_level":18}}