{"host":"lsq35p0sdkx2xifo","time":1613630223,"event":{"mods":["AchievementEnabler","BaseMod","Highlight Path","Minty Spire (QoL Compilation)","StSLib"],"gold_per_floor":[115,132,144,109,21,54,54,84,163,180,180,209,221,239,239,311,311,326,251,263,280,310,335,335,13,39,39,39,39],"floor_reached":28,"language":"ENG","playtime":1551,"items_purged":[],"score":489,"play_id":"ecae689c-99f9-4d86-8d43-f5b555426002","local_time":"20210217223703","is_ascension_mode":true,"campfire_choices":[{"floor":7,"key":"REST"},{"floor":11,"key":"REST"},{"floor":15,"key":"REST"},{"floor":24,"key":"REST"}],"circlet_count":0,"master_deck":["AscendersBane","Strike_G","Strike_G","Strike_G","Strike_G","Defend_G","Defend_G","Defend_G","Defend_G","Defend_G","Survivor","Neutralize+1","Infinite Blades","Terror","Blade Dance","Footwork","Dagger Throw","Well Laid Plans","Flying Knee","Blade Dance","Blade Dance","Backstab","Bullet Time","PiercingWail","Blur","Blade Dance","Dagger Throw","Cloak And Dagger"],"relics":["Ring of the Snake","Turnip","Juzu Bracelet","Mummified Hand","Tiny Chest","SacredBark","Red Mask","Ancient Tea Set","Gambling Chip","Regal Pillow"],"acts_visited":["Exordium","TheCity"],"potions_floor_usage":[3,6,16,16,21,22,23],"damage_taken":[{"damage":4,"enemies":"Cultist","floor":1,"turns":4},{"damage":0,"enemies":"2 Louse","floor":2,"turns":3},{"damage":2,"enemies":"Jaw Worm","floor":3,"turns":3},{"damage":18,"enemies":"Lagavulin","floor":6,"turns":5},{"damage":27,"enemies":"3 Sentries","floor":8,"turns":10},{"damage":12,"enemies":"Large Slime","floor":10,"turns":8},{"damage":8,"enemies":"Lagavulin","floor":12,"turns":5},{"damage":0,"enemies":"3 Louse","floor":13,"turns":4},{"damage":2,"enemies":"Exordium Wildlife","floor":14,"turns":4},{"damage":8,"enemies":"Hexaghost","floor":16,"turns":8},{"damage":17,"enemies":"2 Thieves","floor":18,"turns":5},{"damage":8,"enemies":"Spheric Guardian","floor":20,"turns":4},{"damage":0,"enemies":"Snake Plant","floor":21,"turns":1},{"damage":15,"enemies":"Masked Bandits","floor":22,"turns":4},{"damage":13,"enemies":"Slavers","floor":23,"turns":5},{"damage":31,"enemies":"Book of Stabbing","floor":28,"turns":3}],"seed_played":"-7433719596876539312","potions_obtained":[{"floor":1,"key":"Energy Potion"},{"floor":3,"key":"Fire Potion"},{"floor":12,"key":"ColorlessPotion"},{"floor":14,"key":"Weak Potion"},{"floor":18,"key":"SteroidPotion"},{"floor":20,"key":"AttackPotion"},{"floor":22,"key":"PowerPotion"}],"is_trial":false,"path_per_floor":["M","M","M","?","$","E","R","E","T","M","R","E","M","M","R","B",null,"M","?","M","M","?","E","R","$","T","$","E"],"character_chosen":"THE_SILENT","items_purchased":["Footwork","Gambling Chip"],"campfire_rested":4,"item_purchase_floors":[5,25],"current_hp_per_floor":[55,55,53,66,66,48,66,39,39,27,46,38,38,36,55,47,61,44,44,36,36,21,8,27,27,27,27,0,0],"gold":39,"neow_bonus":"UPGRADE_CARD","is_daily":false,"chose_seed":false,"campfire_upgraded":0,"win_rate":0.0,"timestamp":1613630223,"path_taken":["M","?","M","?","$","E","R","E","T","M","R","E","M","M","R","BOSS","M","?","M","M","?","E","R","$","T","$","E"],"items_purchased_type":["Card","Relic"],"build_version":"2020-12-22","purchased_purges":0,"victory":false,"max_hp_per_floor":[66,66,66,66,66,66,66,66,66,66,66,66,66,66,66,66,66,66,66,66,66,66,66,66,66,66,66,66,66],"card_choices":[{"not_picked":["Blur","Caltrops"],"picked":"Infinite Blades","floor":1},{"not_picked":["Underhanded Strike","Slice"],"picked":"Terror","floor":2},{"not_picked":["Flying Knee","Flechettes"],"picked":"Blade Dance","floor":3},{"not_picked":["Crippling Poison","Terror"],"picked":"Dagger Throw","floor":6},{"not_picked":["Backflip","Concentrate"],"picked":"Well Laid Plans","floor":8},{"not_picked":["Terror","Expertise"],"picked":"Flying Knee","floor":10},{"not_picked":["Doppelganger","Malaise"],"picked":"Blade Dance","floor":12},{"not_picked":["Deflect","Tactician"],"picked":"Blade Dance","floor":13},{"not_picked":["Bane","Well Laid Plans"],"picked":"Backstab","floor":14},{"not_picked":["Glass Knife","Night Terror"],"picked":"Bullet Time","floor":16},{"not_picked":["Acrobatics","Deadly Poison"],"picked":"PiercingWail","floor":18},{"not_picked":["Sucker Punch","Cloak And Dagger"],"picked":"Blur","floor":20},{"not_picked":["Underhanded Strike","Outmaneuver"],"picked":"Blade Dance","floor":21},{"not_picked":["Slice","Poisoned Stab"],"picked":"Dagger Throw","floor":22},{"not_picked":["Dash","Expertise"],"picked":"Cloak And Dagger","floor":23}],"player_experience":1287752,"relics_obtained":[{"floor":6,"key":"Turnip"},{"floor":8,"key":"Juzu Bracelet"},{"floor":9,"key":"Mummified Hand"},{"floor":12,"key":"Tiny Chest"},{"floor":22,"key":"Red Mask"},{"floor":23,"key":"Ancient Tea Set"},{"floor":26,"key":"Regal Pillow"}],"event_choices":[{"damage_healed":16,"gold_gain":0,"player_choice":"Healed","damage_taken":0,"max_hp_gain":0,"max_hp_loss":0,"event_name":"The Cleric","floor":4,"gold_loss":35},{"cards_removed":["Strike_G"],"damage_healed":0,"gold_gain":0,"player_choice":"Gave Gold","damage_taken":0,"max_hp_gain":0,"max_hp_loss":0,"event_name":"Beggar","floor":19,"gold_loss":75},{"damage_healed":0,"gold_gain":0,"player_choice":"Fought Bandits","damage_taken":0,"max_hp_gain":0,"max_hp_loss":0,"event_name":"Masked Bandits","floor":22,"gold_loss":0}],"is_beta":false,"boss_relics":[{"not_picked":["Sozu","Snecko Eye"],"picked":"SacredBark"}],"items_purged_floors":[],"is_endless":false,"potions_floor_spawned":[1,3,12,14,18,20,22],"killed_by":"Book of Stabbing","ascension_level":16}}