{"host":"72n3jwtrlpjobydj","time":1613658941,"event":{"mods":["AchievementEnabler","BaseMod","CapriCore","DeckTracker","Hermit","Koishi","KomeijiMod","Lobotomy","Marisa£¨Ùöéë¡¡Øª×âÞÞ£©","Minty Spire (QoL Compilation)","Permanent Neow","StSLib","SuperFastMode","The Cursed","The Hierophant","The Immortal"],"gold_per_floor":[363,378,398,38,54,54,87,87,87,87,107,107,36,36,36,138,138,109,34,34,53,66,66,78,78,126,138,63,113,123,123,123,123,123],"floor_reached":33,"language":"KOR","playtime":1103,"items_purged":["Carnage+1"],"score":249,"play_id":"fee1327e-e969-476b-bf7e-c2f8123d4013","local_time":"20210218233541","is_ascension_mode":false,"campfire_choices":[{"data":"Body Slam","floor":6,"key":"SMITH"},{"data":"Armaments","floor":8,"key":"SMITH"},{"floor":12,"key":"REST"},{"floor":15,"key":"REST"},{"floor":23,"key":"REST"},{"data":"Entrench","floor":25,"key":"SMITH"},{"floor":32,"key":"REST"}],"circlet_count":0,"master_deck":["Strike_R","Strike_R","Strike_R","Defend_R","Defend_R","Defend_R+1","Defend_R","Armaments+1","Ghostly Armor","Body Slam+1","Body Slam","Ghostly Armor+1","Entrench+1","Fiend Fire+1","Power Through+1","Thunderclap","Shrug It Off","Sentinel","Body Slam"],"relics":["Burning Blood","KyoryuNoHagoromo","Omamori","InkBottle","Astrolabe","Juzu Bracelet"],"acts_visited":["Exordium","TheCity"],"potions_floor_usage":[16,22,27,30,31],"damage_taken":[{"damage":5,"enemies":"Jaw Worm","floor":1,"turns":4},{"damage":10,"enemies":"Small Slimes","floor":2,"turns":3},{"damage":5,"enemies":"2 Louse","floor":3,"turns":3},{"damage":0,"enemies":"Exordium Wildlife","floor":5,"turns":4},{"damage":17,"enemies":"3 Sentries","floor":7,"turns":11},{"damage":11,"enemies":"Blue Slaver","floor":11,"turns":3},{"damage":10,"enemies":"The Guardian","floor":16,"turns":14},{"damage":27,"enemies":"2 Thieves","floor":18,"turns":5},{"damage":3,"enemies":"Chosen","floor":21,"turns":4},{"damage":18,"enemies":"Snake Plant","floor":22,"turns":6},{"damage":6,"enemies":"Chosen and Byrds","floor":24,"turns":12},{"damage":33,"enemies":"Cultist and Chosen","floor":27,"turns":16},{"damage":12,"enemies":"Snake Plant","floor":30,"turns":5},{"damage":13,"enemies":"3 Cultists","floor":31,"turns":3},{"damage":57,"enemies":"Collector","floor":33,"turns":7}],"seed_played":"5808749796701152406","potions_obtained":[{"floor":2,"key":"SteroidPotion"},{"floor":3,"key":"SmokeBomb"},{"floor":11,"key":"AttackPotion"},{"floor":16,"key":"DistilledChaos"},{"floor":24,"key":"BloodPotion"}],"is_trial":false,"path_per_floor":["M","M","M","$","M","R","E","R","T","?","M","R","$","?","R","B",null,"M","?","?","M","M","R","M","R","T","M","$","?","M","M","R","B"],"character_chosen":"IRONCLAD","items_purchased":["Body Slam","KyoryuNoHagoromo","Entrench"],"campfire_rested":4,"item_purchase_floors":[4,4,13],"current_hp_per_floor":[72,68,69,69,72,72,61,61,61,47,42,63,63,63,72,68,72,51,51,51,54,42,63,63,63,63,50,50,50,44,37,58,1,1],"gold":123,"neow_bonus":"TWO_FIFTY_GOLD","is_daily":false,"chose_seed":false,"campfire_upgraded":3,"win_rate":0.0,"timestamp":1613658941,"path_taken":["M","M","M","$","M","R","E","R","T","?","M","R","$","?","R","BOSS","M","?","?","M","M","R","M","R","T","M","$","?","M","M","R","BOSS"],"items_purchased_type":["Card","Relic","Card"],"build_version":"2020-12-22","purchased_purges":1,"victory":false,"max_hp_per_floor":[72,72,72,72,72,72,72,72,72,72,72,72,72,72,72,72,72,72,72,72,72,72,72,72,72,72,72,72,72,72,72,72,72,72],"card_choices":[{"not_picked":["Pommel Strike","Evolve"],"picked":"Armaments","floor":1},{"not_picked":["Pommel Strike","Headbutt"],"picked":"Ghostly Armor","floor":2},{"not_picked":["Headbutt","Wild Strike"],"picked":"Body Slam","floor":3},{"not_picked":["Anger","Twin Strike","Whirlwind"],"picked":"SKIP","floor":5},{"not_picked":["Anger","Clash"],"picked":"Ghostly Armor","floor":7},{"not_picked":["Burning Pact","Headbutt","Clothesline"],"picked":"SKIP","floor":11},{"not_picked":["Intimidate+1","Sword Boomerang"],"picked":"Power Through+1","floor":18},{"not_picked":["Havoc","Twin Strike+1"],"picked":"Shrug It Off","floor":21},{"not_picked":["Uppercut+1","Evolve+1","Infernal Blade+1"],"picked":"SKIP","floor":22},{"not_picked":["Twin Strike","Wild Strike","Clothesline+1"],"picked":"SKIP","floor":24},{"not_picked":["Inflame","Blood for Blood"],"picked":"Sentinel","floor":27},{"not_picked":["Carnage","Reckless Charge"],"picked":"Body Slam","floor":30}],"player_experience":76296,"relics_obtained":[{"floor":7,"key":"Omamori"},{"floor":9,"key":"InkBottle"},{"floor":26,"key":"Juzu Bracelet"}],"event_choices":[{"damage_healed":0,"gold_gain":0,"player_choice":"Entered Light","damage_taken":14,"max_hp_gain":0,"max_hp_loss":0,"event_name":"Shining Light","floor":10,"gold_loss":0,"cards_upgraded":["Ghostly Armor","Defend_R"]},{"cards_removed":["Heavy Blade"],"damage_healed":0,"gold_gain":0,"player_choice":"Gave Gold","damage_taken":0,"max_hp_gain":0,"max_hp_loss":0,"event_name":"Beggar","floor":19,"gold_loss":75},{"damage_healed":0,"gold_gain":0,"player_choice":"Read","damage_taken":0,"max_hp_gain":0,"max_hp_loss":0,"event_name":"The Library","floor":20,"gold_loss":0,"cards_obtained":["Thunderclap"]},{"damage_healed":0,"gold_gain":100,"player_choice":"Bet on Murderer","damage_taken":0,"max_hp_gain":0,"max_hp_loss":0,"event_name":"The Joust","floor":29,"gold_loss":50}],"is_beta":false,"boss_relics":[{"not_picked":["SacredBark","Tiny House"],"picked":"Astrolabe"}],"items_purged_floors":[28],"is_endless":false,"potions_floor_spawned":[2,3,11,16,24,30],"killed_by":"Collector","ascension_level":0}}