{"host":"nn0usk9aafse27ii","time":1613609260,"event":{"mods":["BaseMod","Colored Map","Downfall","Highlight Path","Minty Spire (QoL Compilation)","Shop Mod","StSLib"],"gold_per_floor":[99,114,130,130,140,125,125,153,153,153,167,0,0,14,24,125,125,125,125,125,125,135,135,135,146,162,181,11,24,24,35,53,158,158,158,175,38,58,58,77,103,137,148,148,177,177,277,294,309,309,309,309],"floor_reached":50,"language":"ENG","playtime":5744,"items_purged":["Slimebound:Strike_Slimebound"],"score":608,"play_id":"481b8d29-825a-4b13-9194-9240c77dba10","local_time":"20210217164740","is_ascension_mode":false,"campfire_choices":[{"data":"Slimebound:CorrosiveSpit","floor":1,"key":"SMITH"},{"data":"Slimebound:HauntingLick","floor":10,"key":"SMITH"},{"data":"Slimebound:SamplingLick","floor":13,"key":"SMITH"},{"data":"Slimebound:CheckThePlaybook","floor":18,"key":"SMITH"},{"data":"Slimebound:CheckThePlaybook","floor":30,"key":"SMITH"},{"data":"Slimebound:Overexert","floor":35,"key":"SMITH"},{"floor":46,"key":"REST"}],"circlet_count":0,"master_deck":["Slimebound:Tackle","Slimebound:Defend_Slimebound","Slimebound:Defend_Slimebound","Slimebound:Defend_Slimebound","Slimebound:Defend_Slimebound","Slimebound:Split","Slimebound:CorrosiveSpit+1","Slimebound:RollThrough","Slimebound:HauntingLick+1","Slimebound:RollThrough","Slimebound:DivideAndConquer","Slimebound:SplitLeeching","Slimebound:SamplingLick+1","Slimebound:Equalize","Slimebound:RejuvenatingLick","Slimebound:HauntingLick","Slimebound:SlimeSpikes","Slimebound:CheckThePlaybook+1","Slimebound:LivingWall","Slimebound:Schlurp","Slimebound:HungryTackle","Slimebound:CheckThePlaybook+1","Slimebound:SpikyOuterGoop","Slimebound:Nibble","Slimebound:RejuvenatingLick","Slimebound:Schlurp","Slimebound:LeechingTouch+1","Slimebound:Recollect","Slimebound:Darklings","Slimebound:HauntingLick","Slimebound:Replication+1","Slimebound:Overexert+1","Slimebound:ServeAndProtect+1","Slimebound:SplitSpecialist+1","Slimebound:Dissolve","Slimebound:BestDefense+1","Slimebound:Darklings","Slimebound:HauntingLick","Slimebound:Recollect"],"relics":["Slimebound:AbsorbEndCombat","Slimebound:AggressiveSlimeRelic","HornCleat","Runic Pyramid","Anchor","Pen Nib","Slimebound:TarBlob","Slimebound:MaxSlimesRelic","DollysMirror","Ornamental Fan","Blood Vial","Torii","Boot"],"acts_visited":["Exordium","TheCity","TheBeyond"],"potions_floor_usage":[11,14,31,33,43,45,45,45,45,45,45,50,50],"damage_taken":[{"damage":0,"enemies":"Small Slimes","floor":2,"turns":4},{"damage":2,"enemies":"2 Louse","floor":3,"turns":2},{"damage":1,"enemies":"Jaw Worm","floor":5,"turns":3},{"damage":5,"enemies":"downfall:FleeingMerchant","floor":6,"turns":4},{"damage":15,"enemies":"3 Sentries","floor":8,"turns":8},{"damage":6,"enemies":"Large Slime","floor":11,"turns":4},{"damage":0,"enemies":"downfall:FleeingMerchant","floor":12,"turns":4},{"damage":6,"enemies":"3 Louse","floor":14,"turns":3},{"damage":3,"enemies":"Exordium Thugs","floor":15,"turns":2},{"damage":49,"enemies":"DF_ARCHETYPE_STREAMLINE","floor":16,"turns":9},{"damage":0,"enemies":"Chosen","floor":19,"turns":1},{"damage":0,"enemies":"Spheric Guardian","floor":22,"turns":2},{"damage":8,"enemies":"Shelled Parasite and Fungi","floor":25,"turns":3},{"damage":19,"enemies":"Centurion and Healer","floor":26,"turns":4},{"damage":0,"enemies":"Sentry and Sphere","floor":27,"turns":2},{"damage":0,"enemies":"downfall:FleeingMerchant","floor":28,"turns":4},{"damage":0,"enemies":"Snake Plant","floor":29,"turns":2},{"damage":0,"enemies":"Snecko","floor":31,"turns":2},{"damage":0,"enemies":"Chosen and Byrds","floor":32,"turns":3},{"damage":23,"enemies":"WA_ARCHETYPE_CALM","floor":33,"turns":8},{"damage":0,"enemies":"3 Shapes","floor":36,"turns":3},{"damage":6,"enemies":"downfall:FleeingMerchant","floor":37,"turns":3},{"damage":0,"enemies":"Orb Walker","floor":38,"turns":2},{"damage":0,"enemies":"4 Shapes","floor":40,"turns":4},{"damage":0,"enemies":"Nemesis","floor":42,"turns":3},{"damage":0,"enemies":"Transient","floor":43,"turns":5},{"damage":53,"enemies":"Reptomancer","floor":45,"turns":4},{"damage":0,"enemies":"Maw","floor":48,"turns":4},{"damage":0,"enemies":"Sphere and 2 Shapes","floor":49,"turns":5},{"damage":78,"enemies":"IC_BLOCK_ARCHETYPE","floor":50,"turns":4}],"seed_played":"9154361559142215073","potions_obtained":[{"floor":2,"key":"Weak Potion"},{"floor":14,"key":"Fruit Juice"},{"floor":15,"key":"Slimebound:SlimedPotion"},{"floor":26,"key":"Guardian:BlockOnCardUsePotion"},{"floor":27,"key":"Strength Potion"},{"floor":29,"key":"DistilledChaos"},{"floor":32,"key":"SpeedPotion"},{"floor":38,"key":"EntropicBrew"},{"floor":43,"key":"BlessingOfTheForge"},{"floor":45,"key":"ColorlessPotion"},{"floor":48,"key":"SteroidPotion"},{"floor":49,"key":"SmokeBomb"}],"is_trial":false,"path_per_floor":["R","M","M","?","M","$","T","E","?","R","M","$","R","M","M","B",null,"R","M","?","?","M","?","T","M","M","M","$","M","R","M","M","B",null,"R","M","$","M","?","M","T","E","M","?","E","R","?","M","M","B"],"character_chosen":"SLIMEBOUND","items_purchased":["Slimebound:Equalize","Slimebound:RejuvenatingLick","Pen Nib","Slimebound:MaxSlimesRelic","DollysMirror"],"campfire_rested":1,"item_purchase_floors":[12,12,28,37,37],"current_hp_per_floor":[65,65,65,65,65,62,62,49,49,49,49,55,55,56,55,22,70,70,70,70,70,70,63,63,59,50,54,63,63,63,63,63,40,63,63,63,59,63,63,63,63,63,63,63,22,40,40,48,63,0,0,0],"gold":309,"neow_bonus":"REMOVE_CARD","is_daily":false,"chose_seed":false,"campfire_upgraded":6,"win_rate":0.0,"timestamp":1613609260,"path_taken":["R","M","M","?","M","$","T","E","?","R","M","?","R","M","M","BOSS","R","M","?","?","M","?","T","M","M","M","$","M","R","?","M","BOSS","R","M","$","M","?","M","T","E","M","?","E","R","?","?","M","BOSS"],"items_purchased_type":["Card","Card","Relic","Relic","Relic"],"build_version":"2020-12-22","purchased_purges":1,"victory":false,"max_hp_per_floor":[65,65,65,65,65,65,65,65,65,65,65,65,65,70,70,70,70,70,70,70,70,70,63,63,63,63,63,63,63,63,63,63,63,63,63,63,63,63,63,63,63,63,63,63,63,63,63,63,63,63,63,63],"card_choices":[{"not_picked":["Slimebound:SlimeBrawl","Slimebound:GoopTackle"],"picked":"Slimebound:RollThrough","floor":2},{"not_picked":["Slimebound:ComboTackle","Slimebound:LeechingTouch"],"picked":"Slimebound:HauntingLick","floor":3},{"not_picked":["Slimebound:Dissolve","Slimebound:HauntingLick"],"picked":"Slimebound:RollThrough","floor":5},{"not_picked":["Slimebound:Chomp","Slimebound:ViciousTackle"],"picked":"Slimebound:DivideAndConquer","floor":6},{"not_picked":["Slimebound:DivideAndConquer","Slimebound:RainOfGoop"],"picked":"Slimebound:SplitLeeching","floor":8},{"not_picked":["Slimebound:BestDefense","Slimebound:RollThrough"],"picked":"Slimebound:SamplingLick","floor":11},{"not_picked":["Slimebound:GoopTackle","Slimebound:ItLooksTasty"],"picked":"Slimebound:Overexert","floor":12},{"not_picked":["Slimebound:Grow","Slimebound:TongueLash"],"picked":"Slimebound:HauntingLick","floor":14},{"not_picked":["Slimebound:Gluttony","Slimebound:FlameTackle"],"picked":"Slimebound:SlimeSpikes","floor":15},{"not_picked":["Slimebound:SlimeSlap","Slimebound:RallyTheTroops"],"picked":"Slimebound:CheckThePlaybook","floor":16},{"not_picked":["Slimebound:PressTheAttack","Slimebound:LeechingTouch"],"picked":"Slimebound:LivingWall","floor":19},{"not_picked":["Slimebound:SplitAcid+1","Slimebound:GoopTackle+1"],"picked":"Slimebound:HungryTackle","floor":22},{"not_picked":["Slimebound:Dissolve","Slimebound:GrowthPunch"],"picked":"Slimebound:SpikyOuterGoop","floor":25},{"not_picked":["Slimebound:HauntingLick","Slimebound:Grow"],"picked":"Slimebound:Nibble","floor":26},{"not_picked":["Slimebound:LeechingTouch+1","Slimebound:DisruptingSlam"],"picked":"Slimebound:RejuvenatingLick","floor":27},{"not_picked":["Slimebound:RallyTheTroops","Slimebound:SplitLeeching"],"picked":"Slimebound:Schlurp","floor":28},{"not_picked":["Slimebound:ForwardTackle","Slimebound:PressTheAttack","Slimebound:LeechEnergy"],"picked":"SKIP","floor":29},{"not_picked":["Slimebound:LevelUp","Slimebound:FinishingTackle+1"],"picked":"Slimebound:LeechingTouch+1","floor":31},{"not_picked":["Slimebound:Schlurp+1","Slimebound:SpikyOuterGoop"],"picked":"Slimebound:Recollect","floor":32},{"not_picked":["Slimebound:MassFeed","Slimebound:DouseInSlime"],"picked":"Slimebound:Darklings","floor":33},{"not_picked":["Slimebound:ComboTackle+1","Slimebound:SplitMire+1"],"picked":"Slimebound:HauntingLick","floor":36},{"not_picked":["Slimebound:ItLooksTasty","Slimebound:LeechingTouch"],"picked":"Slimebound:Replication+1","floor":37},{"not_picked":["Slimebound:RainOfGoop","Slimebound:FlameTackle+1"],"picked":"Slimebound:ServeAndProtect+1","floor":38},{"not_picked":["Slimebound:SplitLeeching","Slimebound:MegaLick+1"],"picked":"Slimebound:SplitSpecialist+1","floor":40},{"not_picked":["Slimebound:CheckThePlaybook","Slimebound:DivideAndConquer+1"],"picked":"Slimebound:Dissolve","floor":42},{"not_picked":["Slimebound:ComboTackle","Slimebound:SamplingLick+1"],"picked":"Slimebound:BestDefense+1","floor":43},{"not_picked":["Slimebound:GrowthPunch","Slimebound:FinishingTackle+1"],"picked":"Slimebound:HauntingLick","floor":45},{"not_picked":["Slimebound:DivideAndConquer+1","Slimebound:SlimeSpikes","Slimebound:ComboTackle"],"picked":"SKIP","floor":48},{"not_picked":["Slimebound:DivideAndConquer","Slimebound:SlimeBrawl"],"picked":"Slimebound:Recollect","floor":49}],"player_experience":794495,"relics_obtained":[{"floor":7,"key":"Slimebound:AggressiveSlimeRelic"},{"floor":8,"key":"HornCleat"},{"floor":24,"key":"Anchor"},{"floor":39,"key":"Ornamental Fan"},{"floor":41,"key":"Blood Vial"},{"floor":42,"key":"Torii"},{"floor":45,"key":"Boot"}],"event_choices":[{"cards_removed":["Slimebound:Strike_Slimebound"],"damage_healed":0,"gold_gain":0,"player_choice":"Card Removal","damage_taken":0,"max_hp_gain":0,"max_hp_loss":0,"event_name":"The Cleric","floor":9,"gold_loss":0},{"damage_healed":0,"gold_gain":0,"player_choice":"Read","damage_taken":0,"max_hp_gain":0,"max_hp_loss":0,"event_name":"The Library","floor":20,"gold_loss":0,"cards_obtained":["Slimebound:Schlurp"]},{"damage_healed":0,"gold_gain":0,"player_choice":"Ignored","damage_taken":0,"max_hp_gain":0,"max_hp_loss":0,"event_name":"Ghosts","floor":21,"gold_loss":0}],"is_beta":false,"boss_relics":[{"not_picked":["Fusion Hammer","Coffee Dripper"],"picked":"Runic Pyramid"},{"not_picked":["Philosopher\u0027s Stone","Slimebound:AbsorbEndCombatUpgraded"],"picked":"Slimebound:TarBlob"}],"items_purged_floors":[37],"is_endless":false,"potions_floor_spawned":[2,14,15,26,27,29,32,38,43,45,48,49],"killed_by":"IC_BLOCK_ARCHETYPE","ascension_level":0}}