{"host":"f5gffvlv6a66yqkd","time":1613660971,"event":{"mods":["2.2 Compatiblity","BaseMod","Colored Map","Custom Start","DeckTracker","Keyboard Shortcuts","Minty Spire (QoL Compilation)","Permanent Neow","Quick Restart","Relic Stats","StSLib","SuperFastMode"],"gold_per_floor":[111,125,139,152,77,77,57,57,81,115,131,149,149,160,160,234,234,249,249,7,7,58,58,58],"floor_reached":23,"language":"KOR","playtime":435,"items_purged":["Strike_P","Strike_P"],"score":392,"play_id":"03bb2fcb-7a53-4373-b81f-321f65d30078","local_time":"20210219000931","is_ascension_mode":true,"campfire_choices":[{"data":"Eruption","floor":6,"key":"SMITH"},{"data":"Deep Breath","floor":8,"key":"SMITH"},{"data":"Wallop","floor":13,"key":"SMITH"},{"data":"MentalFortress","floor":15,"key":"SMITH"}],"circlet_count":0,"master_deck":["AscendersBane","Strike_P","Strike_P","Defend_P","Defend_P","Defend_P","Defend_P","Eruption+1","Vigilance","Deep Breath+1","Consecrate","FollowUp","Wallop+1","WheelKick","FlurryOfBlows","MentalFortress+1","Scrawl","InnerPeace"],"relics":["PureWater","Oddly Smooth Stone","Potion Belt","Black Star","Membership Card","Enchiridion"],"acts_visited":["Exordium","TheCity"],"potions_floor_usage":[16,16,18,22,22],"damage_taken":[{"damage":2.0,"enemies":"Cultist","floor":1.0,"turns":4.0},{"damage":0.0,"enemies":"Small Slimes","floor":2.0,"turns":2.0},{"damage":0.0,"enemies":"Jaw Worm","floor":3.0,"turns":3.0},{"damage":6,"enemies":"3 Louse","floor":4,"turns":3},{"damage":0,"enemies":"Gremlin Nob","floor":10,"turns":2},{"damage":2,"enemies":"Looter","floor":11,"turns":3},{"damage":8,"enemies":"Exordium Thugs","floor":12,"turns":3},{"damage":2,"enemies":"Blue Slaver","floor":14,"turns":3},{"damage":5,"enemies":"Hexaghost","floor":16,"turns":7},{"damage":0,"enemies":"Shell Parasite","floor":18,"turns":2},{"damage":12,"enemies":"3 Byrds","floor":22,"turns":4},{"damage":9,"enemies":"Slavers","floor":23,"turns":1}],"seed_played":"-6248448733065950250","potions_obtained":[{"floor":1.0,"key":"PowerPotion"},{"floor":2.0,"key":"Weak Potion"},{"floor":7,"key":"StancePotion"},{"floor":10,"key":"ColorlessPotion"},{"floor":11,"key":"Strength Potion"},{"floor":16,"key":"Energy Potion"},{"floor":22,"key":"SpeedPotion"}],"is_trial":false,"path_per_floor":["M","M","M","M","$","R","?","R","T","E","M","M","R","M","R","B",null,"M","?","$","?","M","E"],"character_chosen":"WATCHER","items_purchased":["Membership Card","InnerPeace"],"campfire_rested":0,"item_purchase_floors":[20,20],"current_hp_per_floor":[59,59,59,53,53,53,53,53,53,53,51,43,43,41,41,36,60,60,41,41,20,8,0,0],"gold":58,"neow_bonus":"RANDOM_COLORLESS","is_daily":false,"chose_seed":false,"campfire_upgraded":4,"win_rate":0.0,"timestamp":1613660971,"path_taken":["M","M","M","M","$","R","?","R","T","E","M","M","R","M","R","BOSS","M","?","$","?","M","E"],"items_purchased_type":["Relic","Card"],"build_version":"2020-12-22","purchased_purges":2,"victory":false,"max_hp_per_floor":[68,68,68,68,68,68,68,68,68,68,68,68,68,68,68,68,68,68,73,73,73,73,73,73],"relic_stats":{"counters":[12,37],"Black Star":0,"obtain_stats":[{"Potion Belt":10,"Oddly Smooth Stone":9,"Enchiridion":21,"Black Star":17,"Membership Card":20,"PureWater":0},{"Potion Belt":5,"Oddly Smooth Stone":4,"Enchiridion":10,"Black Star":9,"Membership Card":10,"PureWater":0},{"Potion Belt":14,"Oddly Smooth Stone":12,"Enchiridion":32,"Black Star":30,"Membership Card":32,"PureWater":0}]},"card_choices":[{"not_picked":["Madness","Panacea"],"picked":"Deep Breath","floor":0.0},{"not_picked":["Crescendo","Sanctity"],"picked":"Consecrate","floor":1.0},{"not_picked":["EmptyBody","FlyingSleeves"],"picked":"FollowUp","floor":2.0},{"not_picked":["ClearTheMind","JustLucky"],"picked":"Wallop","floor":3.0},{"not_picked":["Halt","SandsOfTime","ThirdEye"],"picked":"SKIP","floor":4},{"not_picked":["Halt","SandsOfTime","ThirdEye"],"picked":"SKIP","floor":4},{"not_picked":["Study","Wireheading"],"picked":"WheelKick","floor":10},{"not_picked":["FollowUp","SpiritShield"],"picked":"FlurryOfBlows","floor":11},{"not_picked":["Wallop","BowlingBash","CrushJoints"],"picked":"SKIP","floor":12},{"not_picked":["SashWhip","LikeWater"],"picked":"MentalFortress","floor":14},{"not_picked":["MasterReality","Vault"],"picked":"Scrawl","floor":16},{"not_picked":["BowlingBash","Fasting2","ThirdEye"],"picked":"SKIP","floor":18},{"not_picked":["Evaluate","Consecrate","Crescendo"],"picked":"SKIP","floor":22}],"player_experience":1495879,"relics_obtained":[{"floor":9,"key":"Oddly Smooth Stone"},{"floor":10,"key":"Potion Belt"},{"floor":21,"key":"Enchiridion"}],"event_choices":[{"damage_healed":0,"gold_gain":0,"player_choice":"Bought 1 Potion","damage_taken":0,"max_hp_gain":0,"max_hp_loss":0,"event_name":"The Woman in Blue","floor":7,"gold_loss":0},{"damage_healed":0,"gold_gain":0,"player_choice":"Shed Blood","damage_taken":24,"max_hp_gain":5,"max_hp_loss":0,"event_name":"Forgotten Altar","floor":19,"gold_loss":0},{"damage_healed":0,"gold_gain":0,"player_choice":"Obtained Book","damage_taken":21,"max_hp_gain":0,"max_hp_loss":0,"event_name":"Cursed Tome","floor":21,"gold_loss":0}],"is_beta":false,"boss_relics":[{"not_picked":["Philosopher\u0027s Stone","Ectoplasm"],"picked":"Black Star"}],"items_purged_floors":[5,20],"is_endless":false,"potions_floor_spawned":[1,2,10,11,16,22],"killed_by":"Slavers","ascension_level":16}}