{"host":"bnbc66jny2i0hx0x","time":1613626597,"event":{"mods":["AchievementEnabler","BaseMod","Minty Spire (QoL Compilation)","Relic Sorter","StSLib"],"gold_per_floor":[112,16,66,41,51,84,84,95,95,128,128,161,179,212,212,285,285,295,315,85,102,113,113,113],"floor_reached":23,"language":"ENG","playtime":829,"items_purged":[],"score":431,"play_id":"cc46cf22-f674-45a3-a25f-38ce1ccb16f6","local_time":"20210217213637","is_ascension_mode":true,"campfire_choices":[{"data":"Noxious Fumes","floor":7.0,"key":"SMITH"},{"data":"Noxious Fumes","floor":11.0,"key":"SMITH"},{"data":"Leg Sweep","floor":15,"key":"SMITH"}],"circlet_count":0,"master_deck":["AscendersBane","Strike_G","Strike_G","Strike_G","Strike_G","Strike_G","Defend_G","Defend_G","Defend_G","Defend_G","Defend_G","Survivor","Neutralize","Noxious Fumes+1","Noxious Fumes+1","Bane","Slice","Leg Sweep+1","Deadly Poison","Prepared","Acrobatics","Die Die Die","Noxious Fumes","Bouncing Flask"],"relics":["Ring of the Snake","NeowsBlessing","Pear","Orichalcum","Shuriken","Boot","Snake Skull","Velvet Choker","Art of War"],"acts_visited":["Exordium","TheCity"],"potions_floor_usage":[19,22],"damage_taken":[{"damage":0.0,"enemies":"2 Louse","floor":1.0,"turns":1.0},{"damage":0.0,"enemies":"Cultist","floor":5.0,"turns":1.0},{"damage":0.0,"enemies":"Lagavulin","floor":6.0,"turns":2.0},{"damage":8.0,"enemies":"Jaw Worm","floor":8.0,"turns":5.0},{"damage":14.0,"enemies":"Gremlin Nob","floor":10.0,"turns":5.0},{"damage":9.0,"enemies":"3 Sentries","floor":12.0,"turns":7.0},{"damage":4.0,"enemies":"Red Slaver","floor":13.0,"turns":4.0},{"damage":14.0,"enemies":"Lagavulin","floor":14.0,"turns":5.0},{"damage":10,"enemies":"Hexaghost","floor":16,"turns":8},{"damage":16,"enemies":"Spheric Guardian","floor":18,"turns":6},{"damage":27,"enemies":"2 Thieves","floor":19,"turns":3},{"damage":2,"enemies":"Centurion and Healer","floor":21,"turns":6},{"damage":6,"enemies":"3 Cultists","floor":22,"turns":4},{"damage":0,"enemies":"Snake Plant","floor":23,"turns":1}],"seed_played":"-1759706782714679348","potions_obtained":[{"floor":8.0,"key":"CunningPotion"},{"floor":12.0,"key":"LiquidBronze"},{"floor":14,"key":"Dexterity Potion"},{"floor":16,"key":"DuplicationPotion"},{"floor":21,"key":"LiquidMemories"}],"is_trial":false,"path_per_floor":["M","$","?","$","M","E","R","M","T","E","R","E","M","E","R","B",null,"M","M","$","M","M","M"],"character_chosen":"THE_SILENT","items_purchased":["Noxious Fumes","Bane","Slice","Art of War","Bouncing Flask"],"campfire_rested":0,"item_purchase_floors":[2,2,4,20,20],"current_hp_per_floor":[59,59,53,53,53,63,63,55,55,41,41,32,28,14,14,4,58,42,15,15,13,7,7,7],"gold":113,"neow_bonus":"THREE_ENEMY_KILL","is_daily":false,"chose_seed":false,"campfire_upgraded":3,"win_rate":0.0,"timestamp":1613626597,"path_taken":["M","$","?","$","M","E","R","M","T","E","R","E","M","E","R","BOSS","M","?","$","M","?","M"],"items_purchased_type":["Card","Card","Card","Relic","Card"],"build_version":"2020-12-22","purchased_purges":0,"victory":false,"max_hp_per_floor":[66,66,66,66,66,76,76,76,76,76,76,76,76,76,76,76,76,76,76,76,76,76,76,76],"card_choices":[{"not_picked":["Sucker Punch","Backstab"],"picked":"Noxious Fumes","floor":1.0},{"not_picked":["Underhanded Strike","Sucker Punch"],"picked":"Leg Sweep","floor":5.0},{"not_picked":["Heel Hook","Accuracy","Reflex"],"picked":"SKIP","floor":6.0},{"not_picked":["Quick Slash","Endless Agony","Accuracy"],"picked":"SKIP","floor":8.0},{"not_picked":["Outmaneuver","Finisher","Underhanded Strike"],"picked":"SKIP","floor":10.0},{"not_picked":["Well Laid Plans","Dagger Throw"],"picked":"Deadly Poison","floor":12.0},{"not_picked":["Setup","Blade Dance"],"picked":"Prepared","floor":13.0},{"not_picked":["Dash","Dodge and Roll"],"picked":"Acrobatics","floor":14},{"not_picked":["After Image","Venomology"],"picked":"Die Die Die","floor":16},{"not_picked":["Predator+1","Quick Slash"],"picked":"Noxious Fumes","floor":18},{"not_picked":["Skewer","Poisoned Stab","Deflect"],"picked":"SKIP","floor":19},{"not_picked":["Blade Dance","Terror","Outmaneuver"],"picked":"SKIP","floor":21},{"not_picked":["Quick Slash","Masterful Stab","Outmaneuver"],"picked":"SKIP","floor":22}],"player_experience":1272250,"relics_obtained":[{"floor":6.0,"key":"Pear"},{"floor":9.0,"key":"Orichalcum"},{"floor":10.0,"key":"Shuriken"},{"floor":12.0,"key":"Boot"},{"floor":14,"key":"Snake Skull"}],"event_choices":[{"damage_healed":0.0,"max_hp_gain":0.0,"max_hp_loss":0.0,"gold_gain":50.0,"event_name":"FaceTrader","player_choice":"Touch","floor":3.0,"gold_loss":0.0,"damage_taken":6.0}],"is_beta":false,"boss_relics":[{"not_picked":["Runic Dome","SacredBark"],"picked":"Velvet Choker"}],"items_purged_floors":[],"is_endless":false,"potions_floor_spawned":[8,12,14,16,18,21],"killed_by":"Snake Plant","ascension_level":15}}