{"host":"xe7vird6mhwsic73","time":1613682764,"event":{"mods":["BaseMod","Highlight Path","Minty Spire (QoL Compilation)","Relic Stats","StSLib"],"gold_per_floor":[115,127,127,127,140,140,176,176,176,189,229,82,82,157,157,286,286,302,302,217,70,88,123,0,25,50,50,50],"floor_reached":27,"language":"ENG","playtime":1402,"items_purged":["Strike_P"],"score":251,"play_id":"5614893f-5235-45b1-bb68-f5d8f0ae08af","local_time":"20210218161244","is_ascension_mode":true,"campfire_choices":[{"data":"Vigilance","floor":6,"key":"SMITH"},{"data":"Pray","floor":8,"key":"SMITH"},{"data":"BattleHymn","floor":13,"key":"SMITH"},{"data":"Perseverance","floor":15,"key":"SMITH"}],"circlet_count":0,"master_deck":["Strike_P","Strike_P","Strike_P","Defend_P","Defend_P","Defend_P","Defend_P","Eruption+1","Vigilance+1","SashWhip","Perseverance+1","FlurryOfBlows","Pray+1","CutThroughFate","BattleHymn+1","DevaForm","LessonLearned"],"relics":["PureWater","Golden Idol","Pear","Eternal Feather","Strawberry","Sozu","Toy Ornithopter","Damaru","Gambling Chip","Bag of Marbles"],"acts_visited":["Exordium","TheCity"],"potions_floor_usage":[7,10],"damage_taken":[{"damage":0,"enemies":"2 Louse","floor":1,"turns":2},{"damage":0,"enemies":"Small Slimes","floor":2,"turns":5},{"damage":0,"enemies":"Jaw Worm","floor":5,"turns":2},{"damage":6,"enemies":"3 Sentries","floor":7,"turns":7},{"damage":0,"enemies":"Looter","floor":10,"turns":2},{"damage":32,"enemies":"Lagavulin","floor":11,"turns":5},{"damage":21,"enemies":"Hexaghost","floor":16,"turns":6},{"damage":15,"enemies":"3 Byrds","floor":18,"turns":4},{"damage":3,"enemies":"Shell Parasite","floor":22,"turns":4},{"damage":53,"enemies":"Gremlin Leader","floor":23,"turns":5},{"damage":1,"enemies":"Cultist and Chosen","floor":25,"turns":5},{"damage":15,"enemies":"Centurion and Healer","floor":27,"turns":2}],"seed_played":"5730757513899871375","potions_obtained":[{"floor":1,"key":"FearPotion"},{"floor":2,"key":"DistilledChaos"},{"floor":11,"key":"Strength Potion"},{"floor":16,"key":"Dexterity Potion"}],"is_trial":false,"path_per_floor":["M","M","?","?","M","R","E","R","T","M","E","$","R","?","R","B",null,"M","?","?","$","M","E","?","M","T","M"],"character_chosen":"WATCHER","items_purchased":["BattleHymn","Damaru"],"campfire_rested":0,"item_purchase_floors":[12,21],"current_hp_per_floor":[72,72,67,67,67,67,71,71,71,71,46,46,55,44,53,32,84,69,69,69,69,66,13,13,12,12,0,0],"gold":50,"neow_bonus":"UPGRADE_CARD","is_daily":false,"chose_seed":false,"campfire_upgraded":4,"win_rate":0.0,"timestamp":1613682764,"path_taken":["M","M","?","?","M","R","E","R","T","M","E","$","R","?","R","BOSS","M","?","?","$","M","E","?","M","T","M"],"items_purchased_type":["Card","Relic"],"build_version":"2020-12-22","purchased_purges":1,"victory":false,"max_hp_per_floor":[72,72,67,67,67,67,77,77,77,77,84,84,84,84,84,84,84,84,84,84,84,84,84,84,84,84,84,84],"relic_stats":{"Sozu":2,"counters":[12,49],"Golden Idol":66,"Gambling Chip":[6],"Eternal Feather":18,"obtain_stats":[{"Sozu":17,"Pear":7,"Golden Idol":3,"Strawberry":11,"Gambling Chip":23,"Damaru":21,"Eternal Feather":9,"Bag of Marbles":26,"PureWater":0,"Toy Ornithopter":20},{"Sozu":7,"Pear":4,"Golden Idol":2,"Strawberry":6,"Gambling Chip":10,"Damaru":8,"Eternal Feather":4,"Bag of Marbles":11,"PureWater":0,"Toy Ornithopter":8},{"Sozu":29,"Pear":16,"Golden Idol":7,"Strawberry":23,"Gambling Chip":42,"Damaru":33,"Eternal Feather":16,"Bag of Marbles":47,"PureWater":0,"Toy Ornithopter":33}],"Toy Ornithopter":0},"card_choices":[{"not_picked":["FlyingSleeves","EmptyBody"],"picked":"SashWhip","floor":1},{"not_picked":["BowlingBash","ReachHeaven"],"picked":"Perseverance","floor":2},{"not_picked":["Worship","ThirdEye"],"picked":"FlurryOfBlows","floor":5},{"not_picked":["LikeWater","EmptyBody"],"picked":"Pray","floor":7},{"not_picked":["MentalFortress","WaveOfTheHand"],"picked":"CutThroughFate","floor":10},{"not_picked":["Alpha","BowlingBash","Study"],"picked":"SKIP","floor":11},{"not_picked":["Devotion","LessonLearned"],"picked":"DevaForm","floor":16},{"not_picked":["Vengeance","BowlingBash","Worship"],"picked":"SKIP","floor":18},{"not_picked":["Meditate","Nirvana","EmptyMind"],"picked":"SKIP","floor":22},{"not_picked":["Prostrate","WreathOfFlame","Crescendo"],"picked":"SKIP","floor":23},{"not_picked":["WreathOfFlame","JustLucky+1"],"picked":"LessonLearned","floor":25}],"player_experience":189590,"relics_obtained":[{"floor":7,"key":"Pear"},{"floor":9,"key":"Eternal Feather"},{"floor":11,"key":"Strawberry"},{"floor":23,"key":"Gambling Chip"},{"floor":26,"key":"Bag of Marbles"}],"event_choices":[{"damage_healed":0,"gold_gain":0,"player_choice":"Lose Max HP","damage_taken":0,"relics_obtained":["Golden Idol"],"max_hp_gain":0,"max_hp_loss":5,"event_name":"Golden Idol","floor":3,"gold_loss":0},{"damage_healed":0,"gold_gain":0,"player_choice":"Ignored","damage_taken":0,"max_hp_gain":0,"max_hp_loss":0,"event_name":"Liars Game","floor":4,"gold_loss":0},{"damage_healed":0,"gold_gain":75,"player_choice":"Gather Gold","damage_taken":11,"max_hp_gain":0,"max_hp_loss":0,"event_name":"World of Goop","floor":14,"gold_loss":0},{"damage_healed":0,"gold_gain":0,"player_choice":"Ignored","damage_taken":0,"max_hp_gain":0,"max_hp_loss":0,"event_name":"Vampires","floor":19,"gold_loss":0},{"damage_healed":0,"gold_gain":0,"player_choice":"Obtained Relic","damage_taken":0,"relics_obtained":["Toy Ornithopter"],"max_hp_gain":0,"max_hp_loss":0,"event_name":"Addict","floor":20,"gold_loss":85},{"damage_healed":0,"gold_gain":0,"player_choice":"Paid Fearfully","damage_taken":0,"max_hp_gain":0,"max_hp_loss":0,"event_name":"Masked Bandits","floor":24,"gold_loss":123}],"is_beta":false,"boss_relics":[{"not_picked":["Coffee Dripper","Astrolabe"],"picked":"Sozu"}],"items_purged_floors":[12],"is_endless":false,"potions_floor_spawned":[1,2,11,16,18,22],"killed_by":"Centurion and Healer","ascension_level":1}}