{"host":"xr2w6q7a088fu8w2","time":1613653550,"event":{"mods":["AchievementEnabler","BaseMod","Colored Powertips","Good Game Mod","Mimic Mod","Minty Spire (QoL Compilation)","MostiFishMod","Reliquary","StSLib","UnlockEverythingMod"],"gold_per_floor":[109,20,38,48,64,93,93,107,107,107,134,134,134,152,152,230,230,243,243,254,16,35,35,54,82,108,122,122,138,138,151,151,222,222,237,262,152,165,180,205,105,105,105,105,105,137,137,152,152,152,152,152,152,27,57,57,57],"floor_reached":56,"language":"ZHS","playtime":1156,"items_purged":["RitualDagger","Strike_G","Strike_G"],"score":2253,"play_id":"e99e196c-1923-4b51-ad2d-31712ef4c3fe","local_time":"20210218210550","is_ascension_mode":true,"campfire_choices":[{"floor":7,"key":"RECALL"},{"data":"Dramatic Entrance","floor":10,"key":"SMITH"},{"data":"Sucker Punch","floor":13,"key":"SMITH"},{"data":"Finisher","floor":15,"key":"SMITH"},{"data":"Backstab","floor":23,"key":"SMITH"},{"data":"Bane","floor":28,"key":"SMITH"},{"data":"Poisoned Stab","floor":32,"key":"SMITH"},{"data":"Flying Knee","floor":45,"key":"SMITH"},{"data":"Survivor","floor":47,"key":"SMITH"},{"data":"Neutralize","floor":49,"key":"SMITH"},{"floor":53,"key":"REST"}],"circlet_count":0,"master_deck":["AscendersBane","Strike_G","Strike_G+1","Defend_G","Defend_G","Defend_G","Survivor+1","Neutralize+1","Backstab+1","Finisher+1","Dramatic Entrance+1","Sucker Punch+1","Backstab+1","Backstab+1","Skewer+1","Poisoned Stab+1","Bane+1","Flying Knee+1","Bane+1"],"relics":["REME:ComplimentaryCards","DaveBox","FeatherPendant","GreenFoldingFan","SynthV:TestCard","reliquary:Firecrackers","Darkstone Periapt","Empty Cage","Technique","Mango","Pen Nib","ExusiaiGun","FossilizedHelix","Toy Ornithopter","Art of War","ArrowTower","reliquary:TuningFork","Mummified Hand"],"acts_visited":["Exordium","TheCity","TheBeyond","TheEnding"],"potions_floor_usage":[11,33,33,56],"damage_taken":[{"damage":4,"enemies":"Small Slimes","floor":1,"turns":2},{"damage":2,"enemies":"Jaw Worm","floor":3,"turns":1},{"damage":4,"enemies":"2 Louse","floor":4,"turns":2},{"damage":2,"enemies":"Gremlin Gang","floor":5,"turns":1},{"damage":10,"enemies":"Lagavulin","floor":6,"turns":5},{"damage":2,"enemies":"Red Slaver","floor":8,"turns":1},{"damage":4,"enemies":"3 Sentries","floor":11,"turns":2},{"damage":4,"enemies":"Large Slime","floor":14,"turns":2},{"damage":28,"enemies":"Hexaghost","floor":16,"turns":6},{"damage":2,"enemies":"Spheric Guardian","floor":18,"turns":1},{"damage":2,"enemies":"2 Thieves","floor":20,"turns":1},{"damage":4,"enemies":"Centurion and Healer","floor":22,"turns":2},{"damage":2,"enemies":"Sentry and Sphere","floor":24,"turns":1},{"damage":11,"enemies":"Slavers","floor":25,"turns":2},{"damage":4,"enemies":"Chosen and Byrds","floor":27,"turns":2},{"damage":2,"enemies":"Centurion and Healer","floor":29,"turns":1},{"damage":2,"enemies":"Snake Plant","floor":31,"turns":1},{"damage":35,"enemies":"Collector","floor":33,"turns":5},{"damage":2,"enemies":"3 Shapes","floor":35,"turns":1},{"damage":2,"enemies":"Mind Bloom Boss Battle","floor":36,"turns":1},{"damage":0,"enemies":"3 Darklings","floor":38,"turns":1},{"damage":0,"enemies":"Sphere and 2 Shapes","floor":39,"turns":1},{"damage":0,"enemies":"Nemesis","floor":40,"turns":1},{"damage":0,"enemies":"Reptomancer","floor":46,"turns":1},{"damage":0,"enemies":"Maw","floor":48,"turns":1},{"damage":2,"enemies":"Donu and Deca","floor":50,"turns":2},{"damage":82,"enemies":"Awakened One","floor":51,"turns":7},{"damage":0,"enemies":"Shield and Spear","floor":55,"turns":1},{"damage":130,"enemies":"The Heart","floor":56,"turns":3}],"seed_played":"4867118257993664862","potions_obtained":[{"floor":4,"key":"SmokeBomb"},{"floor":6,"key":"Explosive Potion"},{"floor":16,"key":"SneckoOil"},{"floor":24,"key":"Block Potion"},{"floor":25,"key":"Ancient Potion"},{"floor":33,"key":"Energy Potion"},{"floor":35,"key":"Dexterity Potion"},{"floor":38,"key":"Weak Potion"},{"floor":40,"key":"Weak Potion"}],"is_trial":false,"path_per_floor":["M","$","M","M","M","E","R","M","T","R","E","?","R","M","R","B",null,"M","?","M","$","M","R","M","E","T","M","R","M","?","M","R","B",null,"M","?","?","M","M","E","$","$","T","?","R","E","R","M","R","B","B",null,"R","$","E","B"],"character_chosen":"THE_SILENT","items_purchased":["Dramatic Entrance","Technique"],"campfire_rested":1,"item_purchase_floors":[2,21],"current_hp_per_floor":[65,65,66,66,66,66,66,66,66,66,66,71,71,71,71,53,67,71,65,71,71,71,71,71,84,84,85,85,85,85,85,85,60,79,85,85,85,85,85,85,85,85,85,85,85,85,85,85,85,85,13,67,85,85,85,0,0],"gold":57,"neow_bonus":"BOSS_RELIC","is_daily":false,"chose_seed":false,"campfire_upgraded":9,"win_rate":0.0,"timestamp":1613653550,"path_taken":["M","$","M","M","M","E","R","M","T","R","E","?","R","M","R","BOSS","M","?","M","$","M","R","M","E","T","M","R","M","?","M","R","BOSS","M","?","?","M","?","E","?","$","T","?","R","E","R","M","R","BOSS","BOSS","R","$","E","BOSS"],"items_purchased_type":["Card","Relic"],"build_version":"2020-12-22","purchased_purges":3,"victory":false,"max_hp_per_floor":[66,66,66,66,66,66,66,66,66,66,66,71,71,71,71,71,71,71,71,71,71,71,71,71,85,85,85,85,85,85,85,85,85,85,85,85,85,85,85,85,85,85,85,85,85,85,85,85,85,85,85,85,85,85,85,85,85],"card_choices":[{"not_picked":["Heel Hook","MostiFishMod:PerfectParry"],"picked":"Finisher","floor":1},{"not_picked":["Blade Dance","Outmaneuver","Bane","Setup","Quick Slash"],"picked":"SKIP","floor":3},{"not_picked":["Quick Slash","Caltrops","MostiFishMod:PreservedThorns","Blade Dance"],"picked":"Sucker Punch","floor":4},{"not_picked":["Bane","Masterful Stab","Tactician","Riddle With Holes","Backflip"],"picked":"SKIP","floor":5},{"not_picked":["MostiFishMod:PreservedThorns","Endless Agony","MostiFishMod:FullyArmed","All Out Attack","Finisher"],"picked":"SKIP","floor":6},{"not_picked":["Skewer","Deadly Poison","Dagger Throw","Calculated Gamble"],"picked":"Backstab","floor":8},{"not_picked":["Well Laid Plans","Reflex","Tactician","Terror","Underhanded Strike"],"picked":"SKIP","floor":11},{"not_picked":["Well Laid Plans","Deadly Poison","Bane","MostiFishMod:PerfectParry"],"picked":"Backstab","floor":14},{"not_picked":["Deadly Poison","Sucker Punch","Bouncing Flask","Infinite Blades","Terror"],"picked":"SKIP","floor":18},{"not_picked":["Bane","Quick Slash","Cloak And Dagger","Dagger Throw","Accuracy"],"picked":"SKIP","floor":20},{"not_picked":["Backflip","MostiFishMod:VineMother","Deflect","PiercingWail"],"picked":"Skewer+1","floor":22},{"not_picked":["Dodge and Roll+1","Bane+1","Tactician","Sucker Punch"],"picked":"Poisoned Stab","floor":24},{"not_picked":["Glass Knife","Calculated Gamble","Heel Hook","Outmaneuver","Dodge and Roll"],"picked":"SKIP","floor":25},{"not_picked":["Setup","Blade Dance","Acrobatics","MostiFishMod:ThornCasing"],"picked":"Bane","floor":27},{"not_picked":["Dagger Spray","Unload","Underhanded Strike","Masterful Stab","Cloak And Dagger"],"picked":"SKIP","floor":29},{"not_picked":["Blade Dance","Prepared","Sucker Punch","Crippling Poison","Reflex"],"picked":"SKIP","floor":31},{"not_picked":["Underhanded Strike","Cloak And Dagger","Distraction+1","Dodge and Roll","MostiFishMod:PerfectParry"],"picked":"SKIP","floor":35},{"not_picked":["Dagger Spray","Bouncing Flask","Cloak And Dagger","PiercingWail"],"picked":"Bane+1","floor":36},{"not_picked":["Burst","Choke+1","Caltrops","Escape Plan+1","Blade Dance+1"],"picked":"SKIP","floor":38},{"not_picked":["Deadly Poison","Bouncing Flask","Reflex","Backflip","Flechettes"],"picked":"SKIP","floor":39},{"not_picked":["Wraith Form v2","Outmaneuver","Poisoned Stab","Blur","Backflip"],"picked":"SKIP","floor":40},{"not_picked":["Dash+1","Heel Hook+1","Well Laid Plans","Escape Plan+1","Acrobatics"],"picked":"SKIP","floor":46},{"not_picked":["MostiFishMod:PerfectParry","Quick Slash","Flying Knee","Backflip","Flechettes"],"picked":"SKIP","floor":48},{"not_picked":["Heel Hook","Setup","Deadly Poison+1","Blade Dance+1","Flechettes"],"picked":"SKIP","floor":55}],"player_experience":114641,"relics_obtained":[{"floor":1,"key":"SynthV:TestCard"},{"floor":6,"key":"reliquary:Firecrackers"},{"floor":11,"key":"Darkstone Periapt"},{"floor":25,"key":"Mango"},{"floor":26,"key":"Pen Nib"},{"floor":36,"key":"FossilizedHelix"},{"floor":40,"key":"Toy Ornithopter"},{"floor":43,"key":"Art of War"},{"floor":46,"key":"reliquary:TuningFork"},{"floor":55,"key":"Mummified Hand"}],"event_choices":[{"damage_healed":0,"gold_gain":0,"player_choice":"Donut","damage_taken":0,"max_hp_gain":5,"max_hp_loss":0,"event_name":"Big Fish","floor":12,"gold_loss":0},{"damage_healed":0,"gold_gain":0,"player_choice":"Joined the Cult","damage_taken":6,"max_hp_gain":0,"max_hp_loss":0,"event_name":"Nest","floor":19,"gold_loss":0,"cards_obtained":["RitualDagger"]},{"damage_healed":0,"gold_gain":0,"player_choice":"Read","damage_taken":0,"max_hp_gain":0,"max_hp_loss":0,"event_name":"The Library","floor":30,"gold_loss":0,"cards_obtained":["Flying Knee"]},{"damage_healed":0,"gold_gain":0,"player_choice":"Fight","damage_taken":0,"max_hp_gain":0,"max_hp_loss":0,"event_name":"MindBloom","floor":36,"gold_loss":0},{"cards_removed":["Strike_G"],"damage_healed":0,"gold_gain":0,"player_choice":"Upgrade and Remove","damage_taken":0,"max_hp_gain":0,"max_hp_loss":0,"event_name":"Designer","floor":37,"gold_loss":110,"cards_upgraded":["Strike_G"]},{"damage_healed":0,"gold_gain":0,"player_choice":"Gave Potion","damage_taken":0,"relics_obtained":["ArrowTower"],"max_hp_gain":0,"max_hp_loss":0,"event_name":"WeMeetAgain","floor":44,"gold_loss":0}],"is_beta":false,"boss_relics":[{"not_picked":["GuanYuAspect","SacredBark"],"picked":"Empty Cage"},{"not_picked":["JellyFishMachine","Busted Crown"],"picked":"ExusiaiGun"}],"items_purged_floors":[21,41,54],"is_endless":false,"potions_floor_spawned":[4,6,16,24,25,33,35,38,40],"killed_by":"The Heart","ascension_level":20}}