{"host":"8juwo4eokezucgda","time":1613671501,"event":{"mods":["AchievementEnabler","BaseMod","BetterRewards","Colored Map","Colored Powertips","DeckTracker","Downfall","Hubris","Minty Spire (QoL Compilation)","Rare Cards Sparkle","Relic Stats","Replay The Spire","StSLib"],"gold_per_floor":[110,126,210,224,46,46,46,78,103,103,124,402,438,467,467,591,591,619,619,692,129,155,216,216,283,283,331,362,85,85,131,131,266,266,311,311,253,470,503,503,547,547,547,547,547,578,578,30,30,72],"floor_reached":51,"language":"ENG","playtime":8979,"items_purged":["Strike_B","Strike_B","Defend_B","Defend_B","Defend_B","Defend_B+1","Zap+1","Crystallizer","Leap","All For One","Good Instincts+1","Crystallizer","Dualcast","Blizzard+1","ReplaySolidLightProjector+1"],"score":956,"play_id":"0903f9b6-9ed6-449a-a637-2e403a39181b","local_time":"20210219020501","is_ascension_mode":false,"campfire_choices":[{"data":"Double Energy","floor":6,"key":"SMITH"},{"data":"Double Energy","floor":15,"key":"SMITH"},{"data":"RitualDagger","floor":24,"key":"SMITH"},{"data":"hubris:SpecializedCircuitry","floor":32,"key":"SMITH"},{"data":"Sadistic Nature","floor":40,"key":"SMITH"},{"data":"Replay:Bootleg Shield Generator","floor":40,"key":"SMITH"},{"data":"Dramatic Entrance","floor":42,"key":"SMITH"},{"data":"Dramatic Entrance","floor":42,"key":"SMITH"},{"data":"Dark Shackles","floor":44,"key":"SMITH"},{"data":"Panacea","floor":44,"key":"SMITH"},{"data":"hubris:PowerSurge","floor":49,"key":"SMITH"}],"circlet_count":0,"master_deck":["Dark Shackles+1","Double Energy+1","Mayhem+1","Panic Button+1","Panacea+1","Double Energy+1","Cold Snap+1","Coolheaded+1","All For One+1","Chrysalis+1","Replay:Bootleg Shield Generator+1","Fusion+1","Fusion+1","Violence+1","Dramatic Entrance+1","Good Instincts+1","hubris:PowerSurge+1","Panic Button+1","Sadistic Nature+1","Blind+1","BootSequence+1","ReplayTheSpireMod:Omega Cannon+1","Glacier+1","Reboot+1","Double Energy+1","Dramatic Entrance+1","Master of Strategy+1","Secret Weapon+1","Good Instincts+1","White Noise+1","ReplaySort+1","Coolheaded+1","Chill+1","Steam+1","hubris:SpecializedCircuitry+1","White Noise+1","Chill+1","RitualDagger+1","Glacier+1","Amplify+1","Rainbow+1","Redo+1","BootSequence+1","ReplaySolidLightProjector+1","ReplaySolidLightProjector+1","Master of Strategy+1","Steam+1","hubris:Prefetch+1","Seek+1","Loop+1","Redo+1","Secret Technique+1","ReplayTheSpireMod:Fabricate Wheel+1","Panache+1","RitualDagger+1","hubris:DuctTapeCard","Buffer+1","Aggregate+1","FIFO Queue+1","Capacitor+1"],"relics":["Cracked Core","Blue Doll","Gambling Chip","hubris:SlimyHat","CaptainsWheel","TungstenRod","Shuriken","ClockworkSouvenir","Shovel","ReplayTheSpireMod:Shallot","TheAbacus","Thread and Needle","War Paint","Replay:Towering Pillar of Hats","Replay:Accelerometer","OrangePellets","Dead Branch","Pondfish Scales","Toxic Egg 2","Bird Faced Urn","Prayer Wheel","Toolbox","hubris:CuriousFeather","Strawberry","ReplayTheSpireMod:ShopPack","Bottled Lightning","Girya","Centennial Puzzle","Nunchaku","Strange Spoon","WingedGreaves","Gremlin Horn","Oddly Smooth Stone","Lee\u0027s Waffle","Replay:Multitool","Ice Cream","ReplayTheSpireMod:Ninjato","Eternal Feather","Orrery","Ornamental Fan","hubris:ToyBattleship","HandDrill","Question Card","Whetstone","Guide Book","Pocketwatch","Replay:Bandana","MealTicket","CultistMask","Replay:Wax Seal","Cauldron","hubris:DisguiseKit","hubris:Backtick","Frozen Egg 2","hubris:BallOfYels","Dream Catcher","hubris:BundleOfHerbs","Chemical X","Replay:Bottled Snecko","Lantern","Chameleon Ring","Prayer Wheel","Smiling Mask","Sundial","Boot","Replay:Frozen Program","Black Star","Replay:Arrowhead","Raider\u0027s Mask","hubris:Zylophone","hubris:TenFootPole","DollysMirror","hubris:DuctTape","Bag of Marbles","Meat on the Bone","hubris:SphereOfDissonance","Prayer Wheel","Prayer Wheel","Singing Bowl","PreservedInsect","hubris:EmptyBottle"],"acts_visited":["Exordium","TheCity","TheBeyond"],"potions_floor_usage":[],"damage_taken":[{"damage":0,"enemies":"Cultist","floor":1,"turns":3},{"damage":0,"enemies":"Jaw Worm","floor":2,"turns":2},{"damage":0,"enemies":"2 Louse","floor":4,"turns":1},{"damage":0,"enemies":"Lagavulin","floor":8,"turns":2},{"damage":0,"enemies":"Red Slaver","floor":11,"turns":1},{"damage":0,"enemies":"Exordium Thugs","floor":13,"turns":1},{"damage":0,"enemies":"3 Louse","floor":14,"turns":2},{"damage":0,"enemies":"The Guardian","floor":16,"turns":3},{"damage":0,"enemies":"Spheric Guardian","floor":18,"turns":2},{"damage":0,"enemies":"Chosen","floor":22,"turns":5},{"damage":0,"enemies":"Replay:Snechameleon","floor":23,"turns":4},{"damage":0,"enemies":"Gremlin Leader","floor":25,"turns":3},{"damage":0,"enemies":"3 Cultists","floor":27,"turns":2},{"damage":0,"enemies":"Book of Stabbing","floor":28,"turns":3},{"damage":0,"enemies":"Centurion and Healer","floor":31,"turns":2},{"damage":0,"enemies":"Collector","floor":33,"turns":3},{"damage":0,"enemies":"3 Shapes","floor":35,"turns":1},{"damage":0,"enemies":"3 Darklings","floor":39,"turns":1},{"damage":0,"enemies":"Nemesis","floor":41,"turns":1},{"damage":0,"enemies":"Maw","floor":46,"turns":3},{"damage":0,"enemies":"Replay:Hell Engine","floor":50,"turns":2}],"seed_played":"2341643744604493224","potions_obtained":[{"floor":1,"key":"Explosive Potion"},{"floor":4,"key":"Strength Potion"},{"floor":12,"key":"Adrenaline Potion"},{"floor":12,"key":"DistilledChaos"},{"floor":41,"key":"Energy Potion"}],"is_trial":false,"path_per_floor":["M","M","$","M","$","R","?","E","T","?","M","$","M","M","R","B",null,"M","?","?","$","M","E","R","E","T","M","E","$","?","M","R_BF","B",null,"M","?","$","$","M","R","E","R","T","R","?","M","?","$","R","B",null],"character_chosen":"DEFECT","items_purchased":["Mayhem","hubris:SlimyHat","CaptainsWheel","Crystallizer","Panic Button+1","TungstenRod","Shuriken","ClockworkSouvenir","Panacea","Double Energy","Blizzard+1","Cold Snap","Leap","ReplayTheSpireMod:Shallot","TheAbacus","Crystallizer","Coolheaded+1","All For One","War Paint","Replay:Towering Pillar of Hats","Replay:Accelerometer","OrangePellets","Chrysalis","Replay:Bootleg Shield Generator","Crystallizer","Pondfish Scales","Toxic Egg 2","Fusion+1","Prayer Wheel","Toolbox","Violence+1","Dramatic Entrance","Strawberry","ReplayTheSpireMod:ShopPack","Good Instincts+1","hubris:PowerSurge","Panic Button+1","Sadistic Nature","Bottled Lightning","Blind+1","Centennial Puzzle","Nunchaku","Strange Spoon","BootSequence+1","Gremlin Horn","Oddly Smooth Stone","Lee\u0027s Waffle","ReplayTheSpireMod:Omega Cannon","Glacier+1","ReplayTheSpireMod:Ninjato","Eternal Feather","Orrery","Ornamental Fan","hubris:ToyBattleship","HandDrill","Reflective Coating","Question Card","Secret Weapon+1","Good Instincts+1","White Noise+1","ReplaySort+1","Whetstone","Guide Book","Replay:Wax Seal","Cauldron","hubris:DisguiseKit","Dream Catcher","hubris:BundleOfHerbs","Chemical X","Amplify+1","Sundial","Boot","Replay:Frozen Program","ReplaySolidLightProjector+1","Master of Strategy+1","Replay:Arrowhead","Raider\u0027s Mask","Redo+1","Secret Technique+1","ReplayTheSpireMod:Fabricate Wheel+1","hubris:Zylophone","Panache+1","hubris:TenFootPole","DollysMirror","hubris:DuctTape","Singing Bowl","PreservedInsect","hubris:EmptyBottle"],"campfire_rested":0,"item_purchase_floors":[0,0,0,0,0,0,0,0,0,0,0,0,0,0,0,0,0,0,0,0,0,0,0,0,0,0,0,0,0,0,0,0,0,0,0,0,0,0,0,0,0,0,0,0,0,0,0,0,0,0,0,0,3,3,3,3,5,5,5,5,5,5,5,12,12,12,21,21,21,21,29,29,29,29,29,37,37,37,37,37,37,38,38,38,38,48,48,48],"current_hp_per_floor":[89,89,89,89,89,89,84,89,89,89,89,89,89,89,89,89,89,89,84,50,65,81,89,89,89,89,89,89,89,89,89,89,89,89,89,89,89,89,89,89,89,89,89,89,89,89,89,89,89,89],"gold":72,"neow_bonus":"","is_daily":false,"chose_seed":false,"campfire_upgraded":11,"win_rate":0.0,"timestamp":1613671501,"path_taken":["M","?","$","M","$","R","?","E","T","?","M","$","M","?","R","BOSS","M","?","?","$","?","E","R","E","T","M","E","$","?","?","R_BF","BOSS","M","?","?","$","M","R","E","R","T","R","?","?","?","$","R","BOSS"],"items_purchased_type":["Card","Relic","Relic","Card","Card","Relic","Relic","Relic","Card","Card","Card","Card","Card","Relic","Relic","Card","Card","Card","Relic","Relic","Relic","Relic","Card","Card","Card","Relic","Relic","Card","Relic","Relic","Card","Card","Relic","Relic","Card","Card","Card","Card","Relic","Card","Relic","Relic","Relic","Card","Relic","Relic","Relic","Card","Card","Relic","Relic","Relic","Relic","Relic","Relic","Potion","Relic","Card","Card","Card","Card","Relic","Relic","Relic","Relic","Relic","Relic","Relic","Relic","Card","Relic","Relic","Relic","Card","Card","Relic","Relic","Card","Card","Card","Relic","Card","Relic","Relic","Relic","Relic","Relic","Relic"],"build_version":"2020-12-22","purchased_purges":15,"victory":true,"max_hp_per_floor":[89,89,89,89,89,89,89,89,89,89,89,89,89,89,89,89,89,89,89,89,89,89,89,89,89,89,89,89,89,89,89,89,89,89,89,89,89,89,89,89,89,89,89,89,89,89,89,89,89,89],"relic_stats":{"Gremlin Horn":[15,15],"Singing Bowl":0,"Whetstone":["Cold Snap","All For One"],"Smiling Mask":1050,"Boot":[0],"Centennial Puzzle":[0],"Nunchaku":[11],"Dream Catcher":0,"Shovel":0,"TheAbacus":[84],"Sundial":[2],"Gambling Chip":[4],"Prayer Wheel":13,"MealTicket":15,"HandDrill":[18],"Chemical X":[8],"Lee\u0027s Waffle":15,"counters":[47,76],"Dead Branch":[127],"Eternal Feather":0,"PreservedInsect":0,"War Paint":["Defend_B","Zap"],"Question Card":36,"OrangePellets":[4],"Strange Spoon":[150],"Shuriken":[24],"Ornamental Fan":[92],"Bird Faced Urn":[29],"Black Star":1,"obtain_stats":[{"TwistedFunnel":0,"Golden Egg":0,"Replay:Accelerometer":0,"hubris:BallOfYels":20,"Ginger":0,"Whetstone":0,"Sling":0,"Boot":29,"Blood Vial":0,"hubris:HerbalPaste":0,"hubris:AstralHammer":0,"Sundial":0,"MealTicket":9,"HandDrill":0,"Replay:Wax Seal":0,"Pear":0,"Blue Candle":0,"hubris:SphereOfDissonance":0,"Tingsha":0,"Eternal Feather":0,"Pen Nib":0,"Paper Crane":0,"Bird Faced Urn":0,"MutagenicStrength":0,"Snecko Eye":0,"CultistMask":10,"hubris:TenFootPole":0,"Regal Pillow":0,"Lantern":25,"Torii":0,"Singing Bowl":0,"Blue Doll":0,"Replay:Multitool":0,"Bag of Preparation":0,"hubris:EmptyBottle":48,"Ancient Tea Set":0,"Smiling Mask":28,"Replay:Rubber Ducky":0,"Matryoshka":0,"Shovel":0,"hubris:Backtick":17,"Toolbox":0,"WingedGreaves":0,"hubris:FunFungus":0,"hubris:CuriousFeather":0,"Chemical X":0,"Replay:Bottled Eggs":0,"InkBottle":0,"Ring of the Snake":0,"Potion Belt":0,"Lee\u0027s Waffle":0,"The Specimen":0,"hubris:64BitClover":0,"Basket Of Snakes":0,"Circlet":0,"Thread and Needle":0,"PreservedInsect":0,"Omamori":0,"Frozen Egg 2":17,"Replay:Arrowhead":0,"Ornamental Fan":0,"hubris:Spice":0,"Orrery":0,"Durian":0,"Garlic":0,"Bottled Lightning":0,"ReplayTheSpireMod:Lightbulb":0,"Toy Ornithopter":0,"Ice Cream":0,"Calipers":0,"hubris:CrystalStatue":0,"Gremlin Horn":0,"Slimebound:ScrapOozeRelic":0,"Vajra":0,"Raider\u0027s Mask":37,"Centennial Puzzle":0,"Replay:Frozen Program":29,"DollysMirror":38,"Strawberry":0,"Prayer Wheel":0,"Iron Hammer":0,"Toxic Egg 2":0,"Girya":0,"hubris:Teleporter":0,"Happy Flower":0,"hubris:DuctTape":38,"Dead Branch":0,"Oddly Smooth Stone":0,"Letter Opener":0,"Replay:Kaleidoscope":0,"War Paint":0,"Question Card":0,"Du-Vu Doll":0,"hubris:Zylophone":0,"OrangePellets":0,"ReplayTheSpireMod:Shallot":0,"Shuriken":0,"Bronze Scales":0,"ReplayTheSpireMod:TigerMarble":0,"hubris:ToyBattleship":0,"Black Star":34,"Grinning Jar":0,"Mirror":0,"NlothsMask":0,"Pocketwatch":0,"Meat on the Bone":0,"Darkstone Periapt":0,"Replay:PocketPolymizer":0,"Juzu Bracelet":0,"hubris:SlimyHat":0,"Replay:Mystery Machine":0,"Empty Cage":0,"ClockworkSouvenir":0,"Frozen Eye":0,"Nunchaku":0,"Replay:Bandana":8,"Dream Catcher":21,"TheAbacus":0,"Chameleon Ring":26,"Mummified Hand":0,"Gambling Chip":0,"Tiny Chest":0,"Replay:Bottled Snecko":23,"Cracked Core":0,"Gremlin Food":0,"hubris:DisguiseKit":0,"BargainBundle":0,"ReplayTheSpireMod:Ninjato":0,"Replay:Towering Pillar of Hats":0,"Guide Book":0,"hubris:MedicalManual":0,"Replay:WaspNest":0,"Orichalcum":0,"Medical Kit":0,"White Beast Statue":0,"Mercury Hourglass":0,"Peace Pipe":0,"Cauldron":0,"Strange Spoon":0,"Pondfish Scales":0,"CaptainsWheel":0,"hubris:BundleOfHerbs":0,"Bag of Marbles":0,"Membership Card":0,"hubris:OldNail":0,"TungstenRod":0,"ReplayTheSpireMod:ShopPack":0},{"TwistedFunnel":0,"Golden Egg":0,"Replay:Accelerometer":26,"hubris:BallOfYels":35,"Ginger":0,"Whetstone":0,"Sling":0,"Boot":40,"Blood Vial":0,"hubris:HerbalPaste":0,"hubris:AstralHammer":0,"Sundial":26,"MealTicket":30,"HandDrill":0,"Replay:Wax Seal":0,"Pear":0,"Blue Candle":0,"hubris:SphereOfDissonance":0,"Tingsha":0,"Eternal Feather":0,"Pen Nib":0,"Paper Crane":0,"Bird Faced Urn":0,"MutagenicStrength":26,"Snecko Eye":26,"CultistMask":30,"hubris:TenFootPole":0,"Regal Pillow":0,"Lantern":38,"Torii":0,"Singing Bowl":0,"Blue Doll":26,"Replay:Multitool":0,"Bag of Preparation":0,"hubris:EmptyBottle":46,"Ancient Tea Set":0,"Smiling Mask":40,"Replay:Rubber Ducky":0,"Matryoshka":0,"Shovel":26,"hubris:Backtick":34,"Toolbox":0,"WingedGreaves":0,"hubris:FunFungus":0,"hubris:CuriousFeather":26,"Chemical X":26,"Replay:Bottled Eggs":0,"InkBottle":0,"Ring of the Snake":0,"Potion Belt":0,"Lee\u0027s Waffle":0,"The Specimen":0,"hubris:64BitClover":0,"Basket Of Snakes":0,"Circlet":0,"Thread and Needle":0,"PreservedInsect":0,"Omamori":0,"Frozen Egg 2":34,"Replay:Arrowhead":0,"Ornamental Fan":0,"hubris:Spice":0,"Orrery":26,"Durian":0,"Garlic":0,"Bottled Lightning":0,"ReplayTheSpireMod:Lightbulb":0,"Toy Ornithopter":0,"Ice Cream":26,"Calipers":0,"hubris:CrystalStatue":0,"Gremlin Horn":0,"Slimebound:ScrapOozeRelic":26,"Vajra":0,"Raider\u0027s Mask":43,"Centennial Puzzle":0,"Replay:Frozen Program":40,"DollysMirror":43,"Strawberry":0,"Prayer Wheel":26,"Iron Hammer":0,"Toxic Egg 2":26,"Girya":26,"hubris:Teleporter":0,"Happy Flower":0,"hubris:DuctTape":43,"Dead Branch":0,"Oddly Smooth Stone":0,"Letter Opener":0,"Replay:Kaleidoscope":0,"War Paint":0,"Question Card":26,"Du-Vu Doll":0,"hubris:Zylophone":0,"OrangePellets":0,"ReplayTheSpireMod:Shallot":26,"Shuriken":26,"Bronze Scales":0,"ReplayTheSpireMod:TigerMarble":0,"hubris:ToyBattleship":0,"Black Star":42,"Grinning Jar":26,"Mirror":0,"NlothsMask":0,"Pocketwatch":0,"Meat on the Bone":0,"Darkstone Periapt":0,"Replay:PocketPolymizer":0,"Juzu Bracelet":0,"hubris:SlimyHat":0,"Replay:Mystery Machine":0,"Empty Cage":0,"ClockworkSouvenir":26,"Frozen Eye":0,"Nunchaku":0,"Replay:Bandana":30,"Dream Catcher":35,"TheAbacus":0,"Chameleon Ring":38,"Mummified Hand":0,"Gambling Chip":26,"Tiny Chest":0,"Replay:Bottled Snecko":37,"Cracked Core":26,"Gremlin Food":0,"hubris:DisguiseKit":0,"BargainBundle":0,"ReplayTheSpireMod:Ninjato":0,"Replay:Towering Pillar of Hats":0,"Guide Book":0,"hubris:MedicalManual":0,"Replay:WaspNest":0,"Orichalcum":0,"Medical Kit":0,"White Beast Statue":0,"Mercury Hourglass":0,"Peace Pipe":0,"Cauldron":0,"Strange Spoon":26,"Pondfish Scales":0,"CaptainsWheel":26,"hubris:BundleOfHerbs":0,"Bag of Marbles":0,"Membership Card":0,"hubris:OldNail":0,"TungstenRod":0,"ReplayTheSpireMod:ShopPack":26},{"TwistedFunnel":0,"Golden Egg":0,"Replay:Accelerometer":29,"hubris:BallOfYels":46,"Ginger":0,"Whetstone":0,"Sling":0,"Boot":63,"Blood Vial":0,"hubris:HerbalPaste":0,"hubris:AstralHammer":0,"Sundial":29,"MealTicket":37,"HandDrill":0,"Replay:Wax Seal":0,"Pear":0,"Blue Candle":0,"hubris:SphereOfDissonance":0,"Tingsha":0,"Eternal Feather":0,"Pen Nib":0,"Paper Crane":0,"Bird Faced Urn":0,"MutagenicStrength":29,"Snecko Eye":29,"CultistMask":37,"hubris:TenFootPole":0,"Regal Pillow":0,"Lantern":58,"Torii":0,"Singing Bowl":0,"Blue Doll":29,"Replay:Multitool":0,"Bag of Preparation":0,"hubris:EmptyBottle":74,"Ancient Tea Set":0,"Smiling Mask":63,"Replay:Rubber Ducky":0,"Matryoshka":0,"Shovel":29,"hubris:Backtick":44,"Toolbox":0,"WingedGreaves":0,"hubris:FunFungus":0,"hubris:CuriousFeather":29,"Chemical X":29,"Replay:Bottled Eggs":0,"InkBottle":0,"Ring of the Snake":0,"Potion Belt":0,"Lee\u0027s Waffle":0,"The Specimen":0,"hubris:64BitClover":0,"Basket Of Snakes":0,"Circlet":0,"Thread and Needle":0,"PreservedInsect":0,"Omamori":0,"Frozen Egg 2":44,"Replay:Arrowhead":0,"Ornamental Fan":0,"hubris:Spice":0,"Orrery":29,"Durian":0,"Garlic":0,"Bottled Lightning":0,"ReplayTheSpireMod:Lightbulb":0,"Toy Ornithopter":0,"Ice Cream":29,"Calipers":0,"hubris:CrystalStatue":0,"Gremlin Horn":0,"Slimebound:ScrapOozeRelic":29,"Vajra":0,"Raider\u0027s Mask":69,"Centennial Puzzle":0,"Replay:Frozen Program":63,"DollysMirror":69,"Strawberry":0,"Prayer Wheel":29,"Iron Hammer":0,"Toxic Egg 2":29,"Girya":29,"hubris:Teleporter":0,"Happy Flower":0,"hubris:DuctTape":69,"Dead Branch":0,"Oddly Smooth Stone":0,"Letter Opener":0,"Replay:Kaleidoscope":0,"War Paint":0,"Question Card":29,"Du-Vu Doll":0,"hubris:Zylophone":0,"OrangePellets":0,"ReplayTheSpireMod:Shallot":29,"Shuriken":29,"Bronze Scales":0,"ReplayTheSpireMod:TigerMarble":0,"hubris:ToyBattleship":0,"Black Star":68,"Grinning Jar":29,"Mirror":0,"NlothsMask":0,"Pocketwatch":0,"Meat on the Bone":0,"Darkstone Periapt":0,"Replay:PocketPolymizer":0,"Juzu Bracelet":0,"hubris:SlimyHat":0,"Replay:Mystery Machine":0,"Empty Cage":0,"ClockworkSouvenir":29,"Frozen Eye":0,"Nunchaku":0,"Replay:Bandana":37,"Dream Catcher":46,"TheAbacus":0,"Chameleon Ring":58,"Mummified Hand":0,"Gambling Chip":29,"Tiny Chest":0,"Replay:Bottled Snecko":55,"Cracked Core":29,"Gremlin Food":0,"hubris:DisguiseKit":0,"BargainBundle":0,"ReplayTheSpireMod:Ninjato":0,"Replay:Towering Pillar of Hats":0,"Guide Book":0,"hubris:MedicalManual":0,"Replay:WaspNest":0,"Orichalcum":0,"Medical Kit":0,"White Beast Statue":0,"Mercury Hourglass":0,"Peace Pipe":0,"Cauldron":0,"Strange Spoon":29,"Pondfish Scales":0,"CaptainsWheel":29,"hubris:BundleOfHerbs":0,"Bag of Marbles":0,"Membership Card":0,"hubris:OldNail":0,"TungstenRod":0,"ReplayTheSpireMod:ShopPack":29}],"TungstenRod":4,"Pocketwatch":[0],"Meat on the Bone":0},"card_choices":[{"not_picked":["ReplayGash","Stack+1"],"picked":"Reboot+1","floor":0},{"not_picked":["Reinforced Body+1","Capacitor"],"picked":"Double Energy+1","floor":0},{"not_picked":["Crow Ritual","Thinking Ahead"],"picked":"Apotheosis","floor":0},{"not_picked":["Panacea","Blind"],"picked":"Dramatic Entrance","floor":0},{"not_picked":["Forethought","The Bomb"],"picked":"Master of Strategy","floor":0},{"not_picked":["Panic Button+1","Beam Cell","Sweeping Beam"],"picked":"SKIP","floor":1},{"not_picked":["Barrage","Tempest+1","Hello World"],"picked":"SKIP","floor":1},{"not_picked":["Leap+1","Streamline","Barrage"],"picked":"SKIP","floor":2},{"not_picked":["Go for the Eyes","Stack+1","Compile Driver"],"picked":"SKIP","floor":2},{"not_picked":["All For One","Barrage","Ball Lightning"],"picked":"SKIP","floor":4},{"not_picked":["Conserve Battery+1","Redo+1","Sweeping Beam"],"picked":"SKIP","floor":4},{"not_picked":["Heatsinks","Gash","Scrape"],"picked":"Coolheaded+1","floor":8},{"not_picked":["ReplayTheSpireMod:Calculation Training+1","FTL","ReplayTheSpireMod:GoodbyeWorld","Steam Power+1"],"picked":"SKIP","floor":11},{"not_picked":["BasicCrystalCard+1","Streamline","Conserve Battery+1","Panic Button+1"],"picked":"SKIP","floor":11},{"not_picked":["Sweeping Beam","Go for the Eyes","Gash","bronze:Invalidate"],"picked":"Chill+1","floor":13},{"not_picked":["ReplayTheSpireMod:Repulse+1","hubris:DoWhile+1","Reinforced Body+1","bronze:OilSpill"],"picked":"Steam+1","floor":13},{"not_picked":["Beam Cell","Sweeping Beam","ReplayGash","bronze:Overheat"],"picked":"Darkness+1","floor":14},{"not_picked":["BasicCrystalCard+1","Barrage","Fusion+1","Double Energy+1","bronze:BugBarrage"],"picked":"SKIP","floor":14},{"not_picked":["hubris:Prefetch+1","Creative AI","Thunder Strike","bronze:HardenedForm"],"picked":"hubris:SpecializedCircuitry","floor":16},{"not_picked":["Cold Snap","ReplayTheSpireMod:GoodbyeWorld+1","Hologram+1","bronze:Deprecate"],"picked":"White Noise+1","floor":18},{"not_picked":["Blizzard","hubris:PowerSurge+1","Compile Driver","bronze:GetLatest"],"picked":"Chill+1","floor":18},{"not_picked":["ReplayTheSpireMod:System Scan+1","Barrage","ReplayTheSpireMod:Calculation Training+1","bronze:ForLoop"],"picked":"Glacier+1","floor":20},{"not_picked":["Ball Lightning+1","Beam Cell","Melter+1","ReplayTheSpireMod:System Scan+1","bronze:OilSpill"],"picked":"SKIP","floor":22},{"not_picked":["Conserve Battery+1","Defragment+1","Gash","Leap+1","bronze:CleanCode"],"picked":"SKIP","floor":22},{"not_picked":["Compile Driver+1","ReplaySolidLightProjector+1","Stack+1","bronze:DelayedSlice"],"picked":"Rainbow+1","floor":23},{"not_picked":["Steam+1","Streamline+1","BasicCrystalCard+1","Chill+1","bronze:Fortify"],"picked":"SKIP","floor":25},{"not_picked":["Stack+1","Steam+1","Scrape","bronze:DelayedGuard"],"picked":"Redo+1","floor":27},{"not_picked":["Consume+1","Beam Cell+1","Tempest+1","Coolheaded+1","bronze:OilSpill"],"picked":"SKIP","floor":27},{"not_picked":["Compile Driver","Rainbow+1","Chill+1","bronze:Deprecate"],"picked":"BootSequence+1","floor":28},{"not_picked":["BasicCrystalCard+1","Streamline","Compile Driver","bronze:BronzeOrb"],"picked":"Steam+1","floor":31},{"not_picked":["Streamline","Ball Lightning","Chill+1","bronze:Backtrace"],"picked":"ReplaySolidLightProjector+1","floor":31},{"not_picked":["Beam Cell","Ball Lightning","ReplayTheSpireMod:Repulse+1","ReplayTheSpireMod:GoodbyeWorld+1","bronze:Frontload"],"picked":"SKIP","floor":31},{"not_picked":["Thunder Strike","Biased Cognition+1","ReplayTheSpireMod:Fabricate Wheel+1","bronze:Virus"],"picked":"hubris:Prefetch+1","floor":33},{"not_picked":["Compile Driver","Conserve Battery+1","Go for the Eyes+1","bronze:ForceShield"],"picked":"Seek+1","floor":35},{"not_picked":["Steam+1","Barrage+1","Coolheaded+1","bronze:ChildClass"],"picked":"Loop+1","floor":35},{"not_picked":["Ball Lightning+1","Go for the Eyes+1","Gash","Storm+1","bronze:CutThrough"],"picked":"SKIP","floor":35},{"not_picked":["Gash+1","Compile Driver+1","Panic Button+1","bronze:BronzeArmor"],"picked":"Buffer+1","floor":39},{"not_picked":["ReplayTheSpireMod:Calculation Training+1","Hologram+1","BasicCrystalCard+1","Streamline+1","bronze:Invalidate"],"picked":"SKIP","floor":39},{"not_picked":["Reprogram+1","Streamline+1","Barrage+1","BasicCrystalCard+1","bronze:Philosophize"],"picked":"SKIP","floor":39},{"not_picked":["Conserve Battery+1","Leap+1","Electrodynamics+1","bronze:WildBeam"],"picked":"Aggregate+1","floor":41},{"not_picked":["Streamline+1","Stack+1","Cold Snap+1","bronze:Repair"],"picked":"FIFO Queue+1","floor":46},{"not_picked":["Coolheaded+1","Stack+1","Darkness+1","bronze:RecursiveStrike"],"picked":"Capacitor+1","floor":46},{"not_picked":["Beam Cell","Steam+1","Panic Button+1","Cold Snap","bronze:Philosophize"],"picked":"SKIP","floor":46},{"not_picked":["Cold Snap","Compile Driver","Go for the Eyes+1","Panic Button+1","bronze:Philosophize"],"picked":"SKIP","floor":46},{"not_picked":["Darkness+1","Beam Cell+1","Ball Lightning","Glacier+1","bronze:MaxOutput"],"picked":"SKIP","floor":46}],"player_experience":98984,"relics_obtained":[{"floor":8,"key":"Replay:Bandana"},{"floor":9,"key":"MealTicket"},{"floor":20,"key":"hubris:BallOfYels"},{"floor":23,"key":"Replay:Bottled Snecko"},{"floor":25,"key":"Lantern"},{"floor":26,"key":"Chameleon Ring"},{"floor":28,"key":"Smiling Mask"},{"floor":41,"key":"Bag of Marbles"},{"floor":41,"key":"Meat on the Bone"},{"floor":43,"key":"hubris:SphereOfDissonance"}],"event_choices":[{"damage_healed":0,"gold_gain":0,"player_choice":"Success","damage_taken":7,"relics_obtained":["Pocketwatch"],"max_hp_gain":0,"max_hp_loss":0,"event_name":"Scrap Ooze","floor":7,"gold_loss":0},{"damage_healed":0,"gold_gain":0,"player_choice":"Trade","damage_taken":0,"relics_obtained":["CultistMask"],"max_hp_gain":0,"max_hp_loss":0,"event_name":"FaceTrader","floor":10,"gold_loss":0},{"damage_healed":0,"gold_gain":0,"player_choice":"Joined the Cult","damage_taken":6,"max_hp_gain":0,"max_hp_loss":0,"event_name":"Nest","floor":19,"gold_loss":0,"cards_obtained":["RitualDagger"]},{"damage_healed":0,"gold_gain":0,"player_choice":"Upgraded","damage_taken":0,"max_hp_gain":0,"max_hp_loss":0,"event_name":"Upgrade Shrine","floor":30,"gold_loss":0,"cards_upgraded":["Mayhem"]},{"damage_healed":0,"gold_gain":0,"player_choice":"Upgraded","damage_taken":0,"max_hp_gain":0,"max_hp_loss":0,"event_name":"Upgrade Shrine","floor":36,"gold_loss":0,"cards_upgraded":["Crystallizer"]},{"cards_removed":["Secret Technique"],"damage_healed":0,"gold_gain":0,"player_choice":"Purged","damage_taken":0,"max_hp_gain":0,"max_hp_loss":0,"event_name":"Purifier","floor":45,"gold_loss":0},{"cards_removed":["Darkness"],"damage_healed":0,"gold_gain":0,"player_choice":"Removed Skill","damage_taken":0,"max_hp_gain":0,"max_hp_loss":0,"event_name":"Falling","floor":47,"gold_loss":0}],"is_beta":false,"boss_relics":[{"not_picked":["Tiny House","Velvet Choker"],"picked":"hubris:Backtick"},{"not_picked":["hubris:BlackHole","Runic Dome"],"picked":"Black Star"}],"items_purged_floors":[0,0,0,0,0,0,0,0,3,5,12,21,29,37,38],"is_endless":false,"potions_floor_spawned":[1,4,11,14,22,27,31,35,41],"ascension_level":0}}