{"host":"br1k745010e75u9o","time":1613606887,"event":{"mods":["BaseMod","CCEM2","Conspire","Downfall","Friendly Minions","Hermit","Hubris","Infinite Spire","Mari Mod (Legacy)","Mari\u0027s V1 Patch","Minty Spire (QoL Compilation)","Rare Cards Sparkle","Replay The Spire","StSLib","The Cursed","Yohane!"],"gold_per_floor":[111,126,146,25,37,37,48,48,48,48,48,48,61,39,39,39,39,135,135,148,161,161,171,189,189,203,203,203,203,223,240,240,251,251,353,353,363,381,399,35,48,48,61,77,104,104,114,114,129,142,142,142,142],"floor_reached":52,"language":"ENG","playtime":3875,"items_purged":["Bouncing Flask"],"score":481,"play_id":"5cedb426-7cae-4a9b-8c14-6709024d15db","local_time":"20210218000807","is_ascension_mode":false,"campfire_choices":[{"data":"Noxious Fumes","floor":6,"key":"SMITH"},{"data":"Outmaneuver","floor":12,"key":"SMITH"},{"floor":25,"key":"REST"},{"floor":27,"key":"REST"},{"floor":34,"key":"REST"},{"floor":46,"key":"REST"}],"circlet_count":0,"master_deck":["Strike_G","Strike_G","Strike_G","Defend_G","Defend_G","Defend_G","Survivor","Neutralize","Outmaneuver+1","Noxious Fumes+1","Bane","Deadly Poison+1","Flying Knee","infinitespire:Neurotoxin","Deflect","Deadly Poison+1","Poisoned Stab","ReplayTheSpireMod:Necrosis","Slice+1","Footwork","Writhe"],"relics":["Ring of the Snake","NeowsBlessing","FaceOfCleric","conspire:TopHat","hubris:GrandSneckoEye","Replay:Drink Me","Replay:Ringing Soul","CCEMRelics:Barrel","Bag of Marbles","hubris:TenFootPole"],"acts_visited":["Exordium","TheCity","TheBeyond"],"potions_floor_usage":[18,18,18,35,35,47,52],"damage_taken":[{"damage":0,"enemies":"Small Slimes","floor":1,"turns":1},{"damage":0,"enemies":"Cultist","floor":2,"turns":1},{"damage":0,"enemies":"Jaw Worm","floor":3,"turns":1},{"damage":12,"enemies":"3 Louse","floor":5,"turns":4},{"damage":13,"enemies":"Red Slaver","floor":7,"turns":3},{"damage":8,"enemies":"2 Fungi Beasts","floor":13,"turns":4},{"damage":31,"enemies":"The Guardian","floor":18,"turns":8},{"damage":6,"enemies":"Shell Parasite","floor":20,"turns":5},{"damage":6,"enemies":"3 Byrds","floor":21,"turns":4},{"damage":26,"enemies":"Centurion and Healer","floor":23,"turns":5},{"damage":0,"enemies":"Cultist and Chosen","floor":24,"turns":6},{"damage":12,"enemies":"Snake Plant","floor":26,"turns":3},{"damage":0,"enemies":"Shelled Parasite and Fungi","floor":30,"turns":4},{"damage":15,"enemies":"Centurion and Healer","floor":31,"turns":4},{"damage":5,"enemies":"Snake Plant","floor":33,"turns":3},{"damage":16,"enemies":"Automaton","floor":35,"turns":7},{"damage":31,"enemies":"3 Darklings","floor":37,"turns":4},{"damage":6,"enemies":"Orb Walker","floor":38,"turns":3},{"damage":22,"enemies":"Sphere and 2 Shapes","floor":39,"turns":3},{"damage":15,"enemies":"Spire Growth","floor":41,"turns":4},{"damage":0,"enemies":"Maw","floor":43,"turns":5},{"damage":3,"enemies":"Transient","floor":44,"turns":5},{"damage":25,"enemies":"Writhing Mass","floor":47,"turns":4},{"damage":15,"enemies":"Spire Growth","floor":49,"turns":4},{"damage":0,"enemies":"Maw","floor":50,"turns":6},{"damage":42,"enemies":"conspire:OrnateMirror","floor":52,"turns":2}],"seed_played":"-6213830125458140465","potions_obtained":[{"floor":2,"key":"AttackPotion"},{"floor":3,"key":"Venom Potion"},{"floor":5,"key":"Swift Potion"},{"floor":7,"key":"Languid Potion"},{"floor":13,"key":"Energy Potion"},{"floor":24,"key":"Dexterity Potion"},{"floor":31,"key":"CultistPotion"},{"floor":35,"key":"GamblersBrew"},{"floor":44,"key":"ColorlessPotion"},{"floor":47,"key":"GhostInAJar"},{"floor":49,"key":"sneckomod:MuddlingPotion"},{"floor":50,"key":"DistilledChaos"}],"is_trial":false,"path_per_floor":["M","M","M","$","M","R","M","?","PTL","PTL","T","R","M","$","$","?","R","B",null,"M","M","AVR","M","M","R","M","R","T","?","M","M","?","M","R","B",null,"M","M","M","$","M","?","M","M","T","R","M","?","M","M","R","B"],"character_chosen":"THE_SILENT","items_purchased":["Noxious Fumes","Bane","Flying Knee","CCEMRelics:Barrel","Footwork","LiquidMemories"],"campfire_rested":4,"item_purchase_floors":[4,4,14,40,40,40],"current_hp_per_floor":[70,70,70,70,58,58,45,45,45,45,45,45,38,38,38,61,71,41,72,67,62,56,31,32,49,38,55,55,55,59,48,48,47,68,56,75,45,43,22,25,19,19,28,26,26,52,28,53,39,40,40,0,0],"gold":142,"neow_bonus":"THREE_ENEMY_KILL","is_daily":false,"chose_seed":false,"campfire_upgraded":2,"win_rate":0.0,"timestamp":1613606887,"path_taken":["M","M","M","$","M","R","M","?","PTL","PTL","T","R","?","?","$","?","R","BOSS","M","M","AVR","M","M","R","M","R","T","?","M","?","?","M","R","BOSS","M","M","M","$","M","?","?","M","T","R","M","?","M","M","R","BOSS"],"items_purchased_type":["Card","Card","Card","Relic","Card","Potion"],"build_version":"2020-12-22","purchased_purges":1,"victory":false,"max_hp_per_floor":[70,70,70,70,70,70,70,70,70,70,70,70,71,71,71,71,71,72,72,73,74,56,57,58,58,59,59,59,59,63,67,67,71,71,75,75,76,80,81,84,85,85,86,87,87,87,88,91,92,93,93,93,93],"card_choices":[{"not_picked":["Tactician","Prepared","Heel Hook"],"picked":"SKIP","floor":1},{"not_picked":["Sucker Punch","Slice"],"picked":"Outmaneuver","floor":2},{"not_picked":["Predator","Acrobatics","hubris:SlightOfHand"],"picked":"SKIP","floor":3},{"not_picked":["Backflip","Dagger Throw"],"picked":"Deadly Poison","floor":5},{"not_picked":["Terror","Deflect","Sucker Punch"],"picked":"SKIP","floor":7},{"not_picked":["Backflip","ReplayTheSpireMod:Tripwire","Flechettes"],"picked":"SKIP","floor":13},{"not_picked":["Doppelganger","Replay:Bag of Tricks"],"picked":"infinitespire:Neurotoxin","floor":18},{"not_picked":["hubris:Counter","Cloak And Dagger","Underhanded Strike"],"picked":"SKIP","floor":20},{"not_picked":["Deflect+1","Quick Slash","hubris:SlightOfHand"],"picked":"SKIP","floor":21},{"not_picked":["hubris:Sniper+1","Dagger Spray","ReplayTheSpireMod:Exploit Weakness"],"picked":"SKIP","floor":23},{"not_picked":["Backflip","Escape Plan","PiercingWail"],"picked":"SKIP","floor":24},{"not_picked":["Bane","Sucker Punch"],"picked":"Deflect","floor":26},{"not_picked":["Die Die Die","Dagger Throw"],"picked":"Bouncing Flask","floor":30},{"not_picked":["Tactician","Sucker Punch"],"picked":"Deadly Poison+1","floor":31},{"not_picked":["Heel Hook","PiercingWail"],"picked":"Poisoned Stab","floor":33},{"not_picked":["infinitespire:Neurotoxin","Night Terror"],"picked":"ReplayTheSpireMod:Necrosis","floor":35},{"not_picked":["Blur+1","Riddle With Holes","Outmaneuver"],"picked":"SKIP","floor":37},{"not_picked":["Outmaneuver+1","PiercingWail"],"picked":"Slice+1","floor":38},{"not_picked":["Dagger Spray+1","Finisher","Acrobatics+1"],"picked":"SKIP","floor":39},{"not_picked":["Cloak And Dagger+1","Masterful Stab+1","Caltrops+1"],"picked":"SKIP","floor":41},{"not_picked":["Riddle With Holes+1","Choke+1","Noxious Fumes"],"picked":"SKIP","floor":43},{"not_picked":["Footwork+1","Draining Mist+1","Terror"],"picked":"SKIP","floor":44},{"not_picked":["Hidden Blade+1","Dagger Spray+1","Dodge and Roll+1"],"picked":"SKIP","floor":47},{"not_picked":["Prepared","Underhanded Strike+1","Dagger Throw+1"],"picked":"SKIP","floor":49},{"not_picked":["Dodge and Roll+1","Skewer","Dash+1"],"picked":"SKIP","floor":50}],"player_experience":72223,"relics_obtained":[{"floor":11,"key":"conspire:TopHat"},{"floor":28,"key":"Replay:Ringing Soul"},{"floor":45,"key":"hubris:TenFootPole"}],"event_choices":[{"damage_healed":0,"gold_gain":0,"player_choice":"Trade","damage_taken":0,"relics_obtained":["FaceOfCleric"],"max_hp_gain":0,"max_hp_loss":0,"event_name":"FaceTrader","floor":8,"gold_loss":0},{"damage_healed":23,"gold_gain":0,"player_choice":"Banana","damage_taken":0,"max_hp_gain":0,"max_hp_loss":0,"event_name":"Big Fish","floor":16,"gold_loss":0},{"cards_removed":["Defend_G"],"damage_healed":0,"gold_gain":0,"player_choice":"Purged","damage_taken":0,"max_hp_gain":0,"max_hp_loss":0,"event_name":"Purifier","floor":29,"gold_loss":0},{"damage_healed":0,"gold_gain":0,"player_choice":"Gave Potion","damage_taken":0,"relics_obtained":["Bag of Marbles"],"max_hp_gain":0,"max_hp_loss":0,"event_name":"WeMeetAgain","floor":42,"gold_loss":0},{"damage_healed":22,"gold_gain":0,"player_choice":"Writhe","damage_taken":0,"max_hp_gain":0,"max_hp_loss":0,"event_name":"Winding Halls","floor":48,"gold_loss":0,"cards_obtained":["Writhe"]}],"is_beta":false,"boss_relics":[{"not_picked":["Honey Jar","CCEMRelics:DefectiveTurbocharger"],"picked":"hubris:GrandSneckoEye"},{"not_picked":["conspire:SlowCooker","ReplayTheSpireMod:SealedPack","Runic Dome"]}],"items_purged_floors":[40],"is_endless":false,"potions_floor_spawned":[2,3,5,7,13,24,31,35,44,47,49,50],"killed_by":"conspire:OrnateMirror","ascension_level":0}}