{"host":"1v3mnj67s3trvm6y","time":1613636499,"event":{"mods":["BaseMod","Challenge The Spire","Minty Spire (QoL Compilation)","StSLib","The Animator"],"gold_per_floor":[13,13,42,55,73,131,131,171,171,171,205,205,59,110,110,230,230,253,253,280,293,316,366,366,415,440,740,767,767,793,793,793,797,797],"floor_reached":33,"language":"ENG","playtime":2507,"items_purged":[],"score":367,"play_id":"35dece9c-14cb-4795-905d-fe57bda53427","local_time":"20210218172139","is_ascension_mode":false,"campfire_choices":[{"floor":7,"key":"REST"},{"data":"animator:EmiyaShirou","floor":10,"key":"SMITH"},{"data":"animator:MamiTomoe","floor":15,"key":"SMITH"},{"floor":24,"key":"REST"},{"floor":32,"key":"REST"}],"circlet_count":0,"master_deck":["animator:Strike_MadokaMagica","animator:Defend_MadokaMagica","animator:Defend","animator:IrohaTamaki","animator:YuiTsuruno","animator:Ciel","animator:Souei","animator:Ain","animator:SuzuneAmano","animator:Chris","animator:OrikoMikuni","animator:Shuna","animator:EmiyaShirou+1","animator:Priestess","animator:MamiTomoe+1","animator:Rimuru","animator:GuildGirl+1","animator:Ara+1","animator:Add","animator:NagisaMomoe","animator:EmiyaShirou","animator:Lu","animator:Albedo","animator:Wiz","animator:MamiTomoe","Writhe"],"relics":["animator:LivingPicture","animator:TheMissingPiece","Bag of Marbles","Lee\u0027s Waffle","MealTicket","Fusion Hammer","Bird Faced Urn","Calipers","Tiny Chest","Old Coin","Art of War","Juzu Bracelet"],"acts_visited":["Exordium","TheCity"],"potions_floor_usage":[14,18,23,25,30],"damage_taken":[{"damage":0,"enemies":"Jaw Worm","floor":1,"turns":5},{"damage":0,"enemies":"Small Slimes","floor":3,"turns":5},{"damage":0,"enemies":"Cultist","floor":4,"turns":5},{"damage":5,"enemies":"Exordium Thugs","floor":5,"turns":4},{"damage":35,"enemies":"Lagavulin","floor":6,"turns":10},{"damage":15,"enemies":"Large Slime","floor":8,"turns":9},{"damage":2,"enemies":"2 Fungi Beasts","floor":11,"turns":3},{"damage":6,"enemies":"3 Sentries","floor":14,"turns":7},{"damage":62,"enemies":"Hexaghost","floor":16,"turns":14},{"damage":1,"enemies":"Spheric Guardian","floor":18,"turns":4},{"damage":2,"enemies":"Chosen","floor":20,"turns":4},{"damage":16,"enemies":"Snake Plant","floor":21,"turns":3},{"damage":9,"enemies":"Shelled Parasite and Fungi","floor":22,"turns":5},{"damage":17,"enemies":"Book of Stabbing","floor":23,"turns":8},{"damage":20,"enemies":"Slavers","floor":25,"turns":5},{"damage":19,"enemies":"Cultist and Chosen","floor":28,"turns":6},{"damage":0,"enemies":"animator:HornedBat","floor":30,"turns":1},{"damage":58,"enemies":"Automaton","floor":33,"turns":10}],"seed_played":"8276598711845768959","potions_obtained":[{"floor":4,"key":"Energy Potion"},{"floor":6,"key":"DuplicationPotion"},{"floor":8,"key":"Ancient Potion"},{"floor":11,"key":"Fire Potion"},{"floor":21,"key":"AttackPotion"},{"floor":22,"key":"Block Potion"}],"is_trial":false,"path_per_floor":["M","?","M","M","M","E","R","M","T","R","M","?","$","E","R","B",null,"M","?","M","M","M","E","R","E","T","T","M","?","E","?","R","B"],"character_chosen":"THE_ANIMATOR","items_purchased":["Lee\u0027s Waffle"],"campfire_rested":3,"item_purchase_floors":[13],"current_hp_per_floor":[66,66,66,66,62,27,47,32,32,32,30,35,79,73,73,12,80,80,80,78,62,54,37,61,43,43,43,28,28,28,28,52,0,0],"gold":797,"neow_bonus":"TRANSFORM_TWO_CARDS","is_daily":false,"chose_seed":false,"campfire_upgraded":2,"win_rate":0.0,"timestamp":1613636499,"path_taken":["M","?","M","M","M","E","R","M","T","R","M","?","?","E","R","BOSS","M","?","M","M","M","E","R","E","T","?","M","?","E","?","R","BOSS"],"items_purchased_type":["Relic"],"build_version":"2020-12-22","purchased_purges":0,"victory":false,"max_hp_per_floor":[66,66,66,66,67,67,67,67,67,67,67,72,79,79,79,80,80,81,81,81,81,82,82,82,82,82,82,82,82,82,82,82,82,82],"card_choices":[{"not_picked":["animator:Vanir","animator:SayakaMiki"],"picked":"animator:Ain","floor":1},{"not_picked":["animator:Assassin","animator:Alexander"],"picked":"animator:SuzuneAmano","floor":3},{"not_picked":["animator:Aqua","animator:Shion"],"picked":"animator:Chris","floor":4},{"not_picked":["animator:SuzuneAmano","animator:YuiTsuruno"],"picked":"animator:OrikoMikuni","floor":5},{"not_picked":["animator:Shizu","animator:PandorasActor"],"picked":"animator:Shuna","floor":6},{"not_picked":["animator:YuiTsuruno","animator:LizardPriest"],"picked":"animator:EmiyaShirou","floor":8},{"not_picked":["animator:Vesta","animator:Cocytus"],"picked":"animator:Priestess","floor":11},{"not_picked":["animator:OrikoMikuni","animator:KyokoSakura"],"picked":"animator:MamiTomoe","floor":14},{"not_picked":["animator:Shizu","animator:Gilgamesh"],"picked":"animator:Rimuru","floor":16},{"not_picked":["animator:Ciel","animator:IrohaTamaki"],"picked":"animator:GuildGirl+1","floor":18},{"not_picked":["animator:Shuna","animator:Shion"],"picked":"animator:Ara+1","floor":20},{"not_picked":["animator:Souei","animator:Lancer"],"picked":"animator:Add","floor":21},{"not_picked":["animator:IrohaTamaki","animator:OrikoMikuni"],"picked":"animator:NagisaMomoe","floor":22},{"not_picked":["animator:Megumin","animator:SuzuneAmano","animator:Illya"],"picked":"SKIP","floor":23},{"not_picked":["animator:Chung","animator:YunYun+1"],"picked":"animator:EmiyaShirou","floor":25},{"not_picked":["animator:Evileye+1","animator:Priestess"],"picked":"animator:Lu","floor":28},{"not_picked":["animator:SuzuneAmano","animator:KyokoSakura"],"picked":"animator:MamiTomoe","floor":30}],"player_experience":2547180,"relics_obtained":[{"floor":6,"key":"Bag of Marbles"},{"floor":14,"key":"MealTicket"},{"floor":23,"key":"Bird Faced Urn"},{"floor":25,"key":"Calipers"},{"floor":26,"key":"Tiny Chest"},{"floor":27,"key":"Old Coin"},{"floor":30,"key":"Art of War"}],"event_choices":[{"cards_removed":["animator:Strike"],"damage_healed":0,"gold_gain":0,"player_choice":"Forget","damage_taken":0,"max_hp_gain":0,"max_hp_loss":0,"event_name":"Living Wall","floor":2,"gold_loss":0},{"damage_healed":0,"gold_gain":0,"player_choice":"Donut","damage_taken":0,"max_hp_gain":5,"max_hp_loss":0,"event_name":"Big Fish","floor":12,"gold_loss":0},{"damage_healed":0,"gold_gain":0,"player_choice":"Ignored","damage_taken":0,"max_hp_gain":0,"max_hp_loss":0,"event_name":"Vampires","floor":19,"gold_loss":0},{"damage_healed":0,"gold_gain":0,"cards_transformed":["animator:Defend","animator:Defend"],"player_choice":"Became Test Subject","damage_taken":0,"max_hp_gain":0,"max_hp_loss":0,"event_name":"Drug Dealer","floor":29,"gold_loss":0,"cards_obtained":["animator:Albedo","animator:Wiz"]},{"damage_healed":0,"gold_gain":0,"player_choice":"Opened","damage_taken":0,"relics_obtained":["Juzu Bracelet"],"max_hp_gain":0,"max_hp_loss":0,"event_name":"The Mausoleum","floor":31,"gold_loss":0,"cards_obtained":["Writhe"]}],"is_beta":false,"boss_relics":[{"not_picked":["animator:CrumblingOrb","SlaversCollar"],"picked":"Fusion Hammer"}],"items_purged_floors":[],"is_endless":false,"potions_floor_spawned":[4,6,8,11,21,22],"killed_by":"Automaton","ascension_level":0}}