{"host":"znvnxllcillb3rtw","time":1613646591,"event":{"mods":["BaseMod","DeckTracker","Minty Spire (QoL Compilation)","Relic Stats","StSLib","SuperFastMode","everything is the same but u backflip on backflip"],"gold_per_floor":[117,267,278,294,313,313,329,329,381,381,381],"floor_reached":10,"language":"KOR","playtime":246,"items_purged":[],"score":120,"play_id":"57516d27-d2d3-437f-9e9b-e462f3af777c","local_time":"20210218200951","is_ascension_mode":true,"campfire_choices":[{"data":"Rip and Tear","floor":6,"key":"SMITH"}],"circlet_count":0,"master_deck":["AscendersBane","Strike_B","Strike_B","Strike_B","Defend_B","Defend_B","Defend_B","Defend_B","Zap","Dualcast","Rip and Tear+1","Doubt","Glacier","Cold Snap","Lockon","Buffer"],"relics":["Cracked Core","NeowsBlessing","Blood Vial"],"acts_visited":["Exordium"],"potions_floor_usage":[7,10],"damage_taken":[{"damage":0,"enemies":"Jaw Worm","floor":1,"turns":1},{"damage":0,"enemies":"2 Louse","floor":3,"turns":1},{"damage":0,"enemies":"Small Slimes","floor":4,"turns":1},{"damage":17,"enemies":"Exordium Wildlife","floor":5,"turns":4},{"damage":0,"enemies":"Large Slime","floor":7,"turns":4},{"damage":42,"enemies":"3 Sentries","floor":10,"turns":12}],"seed_played":"-3759723855312527708","potions_obtained":[{"floor":3,"key":"SpeedPotion"},{"floor":5,"key":"Block Potion"},{"floor":7,"key":"EssenceOfSteel"}],"is_trial":false,"path_per_floor":["M","?","M","M","M","R","M","?","T","E"],"character_chosen":"DEFECT","items_purchased":[],"campfire_rested":0,"item_purchase_floors":[],"current_hp_per_floor":[64,64,64,64,47,47,47,40,40,0,0],"gold":381,"neow_bonus":"THREE_ENEMY_KILL","is_daily":false,"chose_seed":false,"campfire_upgraded":1,"win_rate":0.0,"timestamp":1613646591,"path_taken":["M","?","M","M","M","R","M","?","T","E"],"items_purchased_type":[],"build_version":"2020-12-22","purchased_purges":0,"victory":false,"max_hp_per_floor":[71,71,71,71,71,71,71,71,71,71,71],"relic_stats":{"Blood Vial":2,"counters":[6,23],"obtain_stats":[{"Blood Vial":9,"NeowsBlessing":0,"Cracked Core":0},{"Blood Vial":5,"NeowsBlessing":0,"Cracked Core":0},{"Blood Vial":11,"NeowsBlessing":0,"Cracked Core":0}]},"card_choices":[{"not_picked":["Coolheaded","White Noise"],"picked":"Rip and Tear","floor":1},{"not_picked":["Go for the Eyes","Stack"],"picked":"Glacier","floor":3},{"not_picked":["Stack","Scrape"],"picked":"Cold Snap","floor":4},{"not_picked":["Go for the Eyes","Gash"],"picked":"Lockon","floor":5},{"not_picked":["Conserve Battery","Redo"],"picked":"Buffer","floor":7}],"player_experience":2915196,"relics_obtained":[{"floor":9,"key":"Blood Vial"}],"event_choices":[{"damage_healed":0,"gold_gain":150,"player_choice":"AGREE","damage_taken":0,"max_hp_gain":0,"max_hp_loss":0,"event_name":"Liars Game","floor":2,"gold_loss":0,"cards_obtained":["Doubt"]},{"cards_removed":["Strike_B"],"damage_healed":0,"gold_gain":0,"player_choice":"Card Removal","damage_taken":7,"max_hp_gain":0,"max_hp_loss":0,"event_name":"Golden Wing","floor":8,"gold_loss":0}],"is_beta":false,"boss_relics":[],"items_purged_floors":[],"is_endless":false,"potions_floor_spawned":[3,5,7],"killed_by":"3 Sentries","ascension_level":20}}