{"host":"apr17x9d6644yr8l","time":1613627289,"event":{"mods":["BaseMod","Downfall","Hermit","Minty Spire (QoL Compilation)","StSLib","The Cursed","The Servant 0.9.4"],"gold_per_floor":[99,117,117,117,134,134,134,309,319,319,337,371,271,305,333,333,333,333],"floor_reached":16,"language":"ENG","playtime":1621,"items_purged":[],"score":135,"play_id":"baa1de9e-46fd-4891-9686-eb2e27ac3eb1","local_time":"20210217214809","is_ascension_mode":false,"campfire_choices":[{"floor":13,"key":"REST"}],"circlet_count":0,"master_deck":["sneckomod:Strike","sneckomod:Strike+1","sneckomod:Strike","sneckomod:Defend","sneckomod:Defend+1","sneckomod:TailWhip+1","sneckomod:SnekBite","hexamod:FifthSeal","sneckomod:Nope+1","sneckomod:SerpentIdol+1","SurpressingFire+1","Doubt","hexamod:SixthSeal","sneckomod:QuickBite","downfall:Malfunctioning","hexamod:ThirdSeal","sneckomod:TrashToTreasure","hexamod:FourthSeal","sneckomod:UnknownBlock","hexamod:SecondSeal","sneckomod:UnendingSupply","sneckomod:UnknownRareAttack","sneckomod:UnknownUncommonPower"],"relics":["sneckomod:SneckoSoul","Ornamental Fan","Incense Burner","downfall:HeartBlessingBlue","TungstenRod"],"acts_visited":["Exordium"],"potions_floor_usage":[14,14,15,16,16],"damage_taken":[{"damage":0,"enemies":"2 Louse","floor":2,"turns":2},{"damage":0,"enemies":"Small Slimes","floor":5,"turns":2},{"damage":16,"enemies":"Jaw Worm","floor":9,"turns":6},{"damage":19,"enemies":"2 Fungi Beasts","floor":11,"turns":4},{"damage":33,"enemies":"3 Sentries","floor":12,"turns":7},{"damage":11,"enemies":"Lagavulin","floor":14,"turns":6},{"damage":11,"enemies":"Red Slaver","floor":15,"turns":4},{"damage":39,"enemies":"DF_ARCHETYPE_STREAMLINE","floor":16,"turns":6}],"seed_played":"6709293079245599817","potions_obtained":[{"floor":11,"key":"BlessingOfTheForge"},{"floor":12,"key":"SneckoOil"},{"floor":14,"key":"LiquidMemories"},{"floor":14,"key":"sneckomod:DiceRollPotion"},{"floor":15,"key":"Block Potion"}],"is_trial":false,"path_per_floor":["R","M","?","?","M","R","T","?","M","?","M","E","R","E","M","B"],"character_chosen":"THE_SNECKO","items_purchased":[],"campfire_rested":1,"item_purchase_floors":[],"current_hp_per_floor":[99,99,99,87,87,87,87,87,71,71,52,19,61,50,39,0,0,0],"gold":333,"neow_bonus":"TEN_PERCENT_HP_BONUS","is_daily":false,"chose_seed":false,"campfire_upgraded":0,"win_rate":0.0,"timestamp":1613627289,"path_taken":["R","M","?","?","M","R","T","?","M","?","M","E","R","E","M","BOSS"],"items_purchased_type":[],"build_version":"2020-12-22","purchased_purges":0,"victory":false,"max_hp_per_floor":[99,99,99,99,99,99,99,99,99,99,99,99,109,109,109,109,109,109],"card_choices":[{"not_picked":["sneckomod:SnekBeam","sneckomod:UnknownBlock"],"picked":"sneckomod:Nope","floor":2},{"not_picked":["sneckomod:DiceCrush","sneckomod:QuickBite"],"picked":"sneckomod:SerpentIdol","floor":5},{"not_picked":["hexamod:ThirdSeal","hexamod:FirstSeal"],"picked":"hexamod:SixthSeal","floor":9},{"not_picked":["sneckomod:UnknownDraw","sneckomod:DiceCrush"],"picked":"sneckomod:QuickBite","floor":9},{"not_picked":["hexamod:SecondSeal","hexamod:SixthSeal"],"picked":"hexamod:ThirdSeal","floor":11},{"not_picked":["sneckomod:UnknownStrike","sneckomod:QuickBite"],"picked":"sneckomod:TrashToTreasure","floor":11},{"not_picked":["hexamod:SecondSeal","hexamod:SixthSeal"],"picked":"hexamod:FourthSeal","floor":12},{"not_picked":["sneckomod:SerpentIdol","sneckomod:WideSting"],"picked":"sneckomod:UnknownBlock","floor":12},{"not_picked":["hexamod:SixthSeal","hexamod:ThirdSeal"],"picked":"hexamod:SecondSeal","floor":14},{"not_picked":["sneckomod:TrashToTreasure","sneckomod:QuickBite"],"picked":"sneckomod:UnendingSupply","floor":14},{"not_picked":["sneckomod:QuickMove","sneckomod:TrashToTreasure"],"picked":"sneckomod:UnknownRareAttack","floor":15},{"not_picked":["sneckomod:IronFang","sneckomod:CheapStock"],"picked":"sneckomod:UnknownUncommonPower","floor":15}],"player_experience":262588,"relics_obtained":[{"floor":12,"key":"Incense Burner"},{"floor":14,"key":"TungstenRod"}],"event_choices":[{"cards_removed":["sneckomod:Defend"],"damage_healed":0,"gold_gain":0,"player_choice":"Card Removal","damage_taken":0,"max_hp_gain":0,"max_hp_loss":0,"event_name":"The Cleric","floor":3,"gold_loss":0},{"damage_healed":0,"gold_gain":0,"player_choice":"Success","damage_taken":12,"relics_obtained":["Ornamental Fan"],"max_hp_gain":0,"max_hp_loss":0,"event_name":"Scrap Ooze","floor":4,"gold_loss":0}],"is_beta":false,"boss_relics":[],"items_purged_floors":[],"is_endless":false,"potions_floor_spawned":[11,12,14],"killed_by":"DF_ARCHETYPE_STREAMLINE","ascension_level":0}}