{"host":"seujf6kmfn3ctpoe","time":1613645877,"event":{"mods":["BaseMod","Colored Map","Jedi Mod","Minty Spire (QoL Compilation)","Permanent Neow","Relic Sorter","Relic Stats","StSLib"],"gold_per_floor":[118,118,132,144,144,144,159,159,184,134,134,169,169,189,189,287,287,300,313,328,243,254,279,279,279,305,305,305,305,322,342,342,437,437,451,451,451,469,469,469,514,514,514,549,630,647,647,19,19,19],"floor_reached":51,"language":"ENG","playtime":1947,"items_purged":["Pain","Doubt"],"score":793,"play_id":"d785d786-adf8-4374-9977-235fdf998b83","local_time":"20210218115757","is_ascension_mode":false,"campfire_choices":[{"data":"Zap","floor":6,"key":"SMITH"},{"data":"Dualcast","floor":11,"key":"SMITH"},{"data":"Scrape","floor":13,"key":"SMITH"},{"floor":15,"key":"REST"},{"floor":25,"key":"REST"},{"data":"Creative AI","floor":27,"key":"SMITH"},{"data":"Defragment","floor":29,"key":"SMITH"},{"floor":32,"key":"REST"},{"data":"jedi:BurstFrost","floor":40,"key":"SMITH"},{"floor":42,"key":"REST"},{"data":"Gash","floor":49,"key":"SMITH"}],"circlet_count":0,"master_deck":["Defend_B","Defend_B","Defend_B","Zap+1","Dualcast+1","Gash+1","Gash","Scrape+1","Defragment+1","jedi:BurstFrost+1","Undo"],"relics":["Cracked Core","WarpedTongs","Gremlin Horn","Smiling Mask","Ornamental Fan","Empty Cage","DataDisk","Blood Vial","Tiny Chest","Busted Crown","jedi:crownofsimplicity","Peace Pipe","Shuriken","jedi:archwizardhat","Incense Burner","Chemical X","Dream Catcher"],"acts_visited":["Exordium","TheCity","TheBeyond"],"potions_floor_usage":[23,23,50,50],"damage_taken":[{"damage":1,"enemies":"Jaw Worm","floor":1,"turns":3},{"damage":4,"enemies":"Cultist","floor":3,"turns":3},{"damage":5,"enemies":"2 Louse","floor":4,"turns":2},{"damage":16,"enemies":"Blue Slaver","floor":7,"turns":3},{"damage":12,"enemies":"Lagavulin","floor":12,"turns":5},{"damage":0,"enemies":"Large Slime","floor":14,"turns":3},{"damage":25,"enemies":"The Guardian","floor":16,"turns":8},{"damage":1,"enemies":"Chosen","floor":18,"turns":3},{"damage":7,"enemies":"2 Thieves","floor":19,"turns":4},{"damage":15,"enemies":"Snake Plant","floor":20,"turns":4},{"damage":5,"enemies":"Cultist and Chosen","floor":22,"turns":3},{"damage":27,"enemies":"Book of Stabbing","floor":23,"turns":5},{"damage":6,"enemies":"Centurion and Healer","floor":30,"turns":3},{"damage":15,"enemies":"Snake Plant","floor":31,"turns":3},{"damage":14,"enemies":"Champ","floor":33,"turns":9},{"damage":0,"enemies":"3 Shapes","floor":35,"turns":4},{"damage":6,"enemies":"3 Darklings","floor":38,"turns":4},{"damage":60,"enemies":"2 Orb Walkers","floor":41,"turns":6},{"damage":0,"enemies":"Giant Head","floor":44,"turns":7},{"damage":0,"enemies":"Jaw Worm Horde","floor":46,"turns":4},{"damage":28,"enemies":"Awakened One","floor":50,"turns":11}],"seed_played":"-8287240853498774146","potions_obtained":[{"floor":1,"key":"FocusPotion"},{"floor":3,"key":"SteroidPotion"},{"floor":4,"key":"FocusPotion"},{"floor":31,"key":"PowerPotion"},{"floor":33,"key":"Energy Potion"},{"floor":35,"key":"Energy Potion"},{"floor":41,"key":"Block Potion"}],"is_trial":false,"path_per_floor":["M","?","M","M","?","R","M","T","T","$","R","E","R","M","R","B",null,"M","M","M","?","M","E","?","R","T","R","?","R","M","M","R","B",null,"M","?","T","M","?","R","?","R","T","E","T","M","?","$","R","B",null],"character_chosen":"DEFECT","items_purchased":["Incense Burner","Chemical X","Dream Catcher"],"campfire_rested":4,"item_purchase_floors":[48,48,48],"current_hp_per_floor":[67,67,63,58,58,58,42,42,42,42,42,30,30,30,50,25,68,67,60,45,45,40,13,13,33,33,33,33,33,29,16,36,24,68,68,68,68,62,62,62,4,24,24,26,26,28,68,68,68,40],"gold":19,"neow_bonus":"REMOVE_TWO","is_daily":false,"chose_seed":false,"campfire_upgraded":7,"win_rate":0.0,"timestamp":1613645877,"path_taken":["M","?","?","M","?","R","M","?","T","$","R","E","R","M","R","BOSS","M","M","M","?","M","E","?","R","T","R","?","R","M","?","R","BOSS","M","?","?","?","?","R","?","R","T","E","?","M","?","$","R","BOSS"],"items_purchased_type":["Relic","Relic","Relic"],"build_version":"2020-12-22","purchased_purges":2,"victory":true,"max_hp_per_floor":[68,68,68,68,68,68,68,68,68,68,68,68,68,68,68,68,68,68,68,68,68,68,68,68,68,68,68,68,68,68,68,68,68,68,68,68,68,68,68,68,68,68,68,68,68,68,68,68,68,68],"relic_stats":{"Gremlin Horn":[14,14],"counters":[21,97],"Smiling Mask":75,"WarpedTongs":[91],"Blood Vial":12,"Peace Pipe":0,"Dream Catcher":0,"Busted Crown":12,"Ornamental Fan":[128],"Shuriken":[5],"Tiny Chest":2,"Chemical X":[1],"obtain_stats":[{"Gremlin Horn":8,"Incense Burner":48,"jedi:crownofsimplicity":37,"jedi:archwizardhat":45,"Smiling Mask":9,"Empty Cage":17,"WarpedTongs":2,"Blood Vial":23,"Peace Pipe":41,"DataDisk":21,"Dream Catcher":48,"Busted Crown":34,"Ornamental Fan":12,"Shuriken":44,"Tiny Chest":26,"Chemical X":48,"Cracked Core":0},{"Gremlin Horn":4,"Incense Burner":20,"jedi:crownofsimplicity":16,"jedi:archwizardhat":19,"Smiling Mask":4,"Empty Cage":7,"WarpedTongs":1,"Blood Vial":12,"Peace Pipe":18,"DataDisk":10,"Dream Catcher":20,"Busted Crown":15,"Ornamental Fan":5,"Shuriken":19,"Tiny Chest":12,"Chemical X":20,"Cracked Core":0},{"Gremlin Horn":11,"Incense Burner":86,"jedi:crownofsimplicity":65,"jedi:archwizardhat":82,"Smiling Mask":11,"Empty Cage":27,"WarpedTongs":3,"Blood Vial":46,"Peace Pipe":75,"DataDisk":38,"Dream Catcher":86,"Busted Crown":61,"Ornamental Fan":16,"Shuriken":82,"Tiny Chest":46,"Chemical X":86,"Cracked Core":0}]},"card_choices":[{"not_picked":["jedi:BurstFrost","Stack"],"picked":"Gash","floor":1},{"not_picked":["Streamline","BootSequence","Turbo"],"picked":"SKIP","floor":3},{"not_picked":["Turbo","Darkness","jedi:hex"],"picked":"SKIP","floor":4},{"not_picked":["jedi:blockon","Meteor Strike"],"picked":"Gash","floor":7},{"not_picked":["Reprogram","Tempest"],"picked":"Scrape","floor":12},{"not_picked":["Turbo","Rebound","Cold Snap"],"picked":"SKIP","floor":14},{"not_picked":["Beam Cell","Blizzard+1"],"picked":"Defragment","floor":18},{"not_picked":["Blizzard","Stack","jedi:blockon"],"picked":"SKIP","floor":19},{"not_picked":["Force Field","Chaos"],"picked":"Creative AI","floor":20},{"not_picked":["Sweeping Beam","Stack+1"],"picked":"jedi:BurstFrost","floor":22},{"not_picked":["Genetic Algorithm+1","Aggregate","Coolheaded"],"picked":"SKIP","floor":23},{"not_picked":["Streamline+1","Chill","Beam Cell"],"picked":"SKIP","floor":30},{"not_picked":["jedi:blockon","Lockon+1","Gash"],"picked":"SKIP","floor":31},{"not_picked":[],"picked":"Undo","floor":35},{"not_picked":["Melter+1"],"picked":"SKIP","floor":38},{"not_picked":["Consume"],"picked":"SKIP","floor":44},{"not_picked":["Streamline+1"],"picked":"SKIP","floor":46}],"player_experience":451388,"relics_obtained":[{"floor":8,"key":"Gremlin Horn"},{"floor":9,"key":"Smiling Mask"},{"floor":12,"key":"Ornamental Fan"},{"floor":23,"key":"Blood Vial"},{"floor":26,"key":"Tiny Chest"},{"floor":37,"key":"jedi:crownofsimplicity"},{"floor":41,"key":"Peace Pipe"},{"floor":44,"key":"Shuriken"},{"floor":45,"key":"jedi:archwizardhat"}],"event_choices":[{"damage_healed":0,"gold_gain":0,"player_choice":"Rummage","damage_taken":0,"relics_obtained":["WarpedTongs"],"max_hp_gain":0,"max_hp_loss":0,"event_name":"Accursed Blacksmith","floor":2,"gold_loss":0,"cards_obtained":["Pain"]},{"damage_healed":0,"gold_gain":0,"player_choice":"Ignored","damage_taken":0,"max_hp_gain":0,"max_hp_loss":0,"event_name":"Liars Game","floor":5,"gold_loss":0},{"damage_healed":0,"gold_gain":0,"player_choice":"Obtained Relic","damage_taken":0,"relics_obtained":["DataDisk"],"max_hp_gain":0,"max_hp_loss":0,"event_name":"Addict","floor":21,"gold_loss":85},{"damage_healed":0,"gold_gain":0,"player_choice":"Ignored","damage_taken":0,"max_hp_gain":0,"max_hp_loss":0,"event_name":"Cursed Tome","floor":24,"gold_loss":0},{"cards_removed":["Strike_B"],"damage_healed":0,"gold_gain":0,"player_choice":"Purged","damage_taken":0,"max_hp_gain":0,"max_hp_loss":0,"event_name":"Purifier","floor":28,"gold_loss":0},{"damage_healed":0,"gold_gain":0,"player_choice":"Memory 1","damage_taken":0,"max_hp_gain":0,"max_hp_loss":0,"event_name":"SensoryStone","floor":36,"gold_loss":0},{"cards_removed":["Creative AI"],"damage_healed":0,"gold_gain":0,"player_choice":"Removed Power","damage_taken":0,"max_hp_gain":0,"max_hp_loss":0,"event_name":"Falling","floor":39,"gold_loss":0},{"damage_healed":0,"gold_gain":0,"player_choice":"Fight","damage_taken":0,"max_hp_gain":0,"max_hp_loss":0,"event_name":"Mysterious Sphere","floor":41,"gold_loss":0},{"damage_healed":40,"gold_gain":0,"player_choice":"Heal","damage_taken":0,"max_hp_gain":0,"max_hp_loss":0,"event_name":"MindBloom","floor":47,"gold_loss":0,"cards_obtained":["Doubt"]}],"is_beta":false,"boss_relics":[{"not_picked":["SlaversCollar","Tiny House"],"picked":"Empty Cage"},{"not_picked":["Coffee Dripper","Runic Pyramid"],"picked":"Busted Crown"}],"items_purged_floors":[10,48],"is_endless":false,"potions_floor_spawned":[1,3,4,20,22,31,33,35,41],"ascension_level":0}}