{"host":"72n3jwtrlpjobydj","time":1613667659,"event":{"mods":["AchievementEnabler","BaseMod","CapriCore","DeckTracker","Hermit","Koishi","KomeijiMod","Lobotomy","Marisa£¨Ùöéë¡¡Øª×âÞÞ£©","Minty Spire (QoL Compilation)","Permanent Neow","StSLib","SuperFastMode","The Cursed","The Hierophant","The Immortal"],"gold_per_floor":[118,118,118,131,10,10,10,35,35,60,25,35,35,45,45,45,45],"floor_reached":16,"language":"KOR","playtime":345,"items_purged":[],"score":133,"play_id":"b07f4bb4-b99c-4e75-8c68-0bbed5cb9306","local_time":"20210219020059","is_ascension_mode":false,"campfire_choices":[{"data":"Adaptation","floor":6,"key":"SMITH"},{"floor":13,"key":"REST"},{"floor":15,"key":"REST"}],"circlet_count":0,"master_deck":["Strike_P","Strike_P","Strike_P","Strike_P","Defend_P","Defend_P","Defend_P","Defend_P","Eruption","Vigilance","Adaptation+1","Indignation","Halt"],"relics":["PureWater","NeowsBlessing","PreservedInsect","Frozen Egg 2","Pantograph","Bottled Tornado"],"acts_visited":["Exordium"],"potions_floor_usage":[16],"damage_taken":[{"damage":0,"enemies":"Jaw Worm","floor":1,"turns":1},{"damage":0,"enemies":"2 Louse","floor":4,"turns":1},{"damage":0,"enemies":"Gremlin Nob","floor":8,"turns":2},{"damage":45,"enemies":"Lagavulin","floor":10,"turns":4},{"damage":18,"enemies":"Cultist","floor":12,"turns":5},{"damage":23,"enemies":"3 Louse","floor":14,"turns":5},{"damage":81,"enemies":"Hexaghost","floor":16,"turns":9}],"seed_played":"7071620901026126950","potions_obtained":[{"floor":1,"key":"AttackPotion"},{"floor":8,"key":"BlessingOfTheForge"}],"is_trial":false,"path_per_floor":["M","?","?","M","$","R","?","E","T","E","?","M","R","M","R","B"],"character_chosen":"WATCHER","items_purchased":["Indignation","Halt"],"campfire_rested":2,"item_purchase_floors":[5,5],"current_hp_per_floor":[72,77,77,77,77,77,77,77,77,32,51,33,56,33,56,0,0],"gold":45,"neow_bonus":"THREE_ENEMY_KILL","is_daily":false,"chose_seed":false,"campfire_upgraded":1,"win_rate":0.0,"timestamp":1613667659,"path_taken":["M","?","?","?","$","R","?","E","T","E","?","M","R","M","R","BOSS"],"items_purchased_type":["Card","Card"],"build_version":"2020-12-22","purchased_purges":0,"victory":false,"max_hp_per_floor":[72,77,77,77,77,77,77,77,77,77,77,77,77,77,77,77,77],"card_choices":[{"not_picked":["Vengeance","Evaluate","FlurryOfBlows"],"picked":"SKIP","floor":1},{"not_picked":["Worship","BowlingBash"],"picked":"Adaptation","floor":4},{"not_picked":["WreathOfFlame","SandsOfTime","ThirdEye"],"picked":"SKIP","floor":8},{"not_picked":["Fasting2+1","MasterReality+1","SashWhip"],"picked":"SKIP","floor":10},{"not_picked":["Collect","Consecrate","CutThroughFate"],"picked":"SKIP","floor":12},{"not_picked":["EmptyBody","WheelKick","Prostrate"],"picked":"SKIP","floor":14}],"player_experience":80046,"relics_obtained":[{"floor":8,"key":"Frozen Egg 2"},{"floor":9,"key":"Pantograph"},{"floor":10,"key":"Bottled Tornado"}],"event_choices":[{"damage_healed":0,"gold_gain":0,"player_choice":"Donut","damage_taken":0,"max_hp_gain":5,"max_hp_loss":0,"event_name":"Big Fish","floor":2,"gold_loss":0},{"damage_healed":0,"gold_gain":0,"player_choice":"Gave Potion","damage_taken":0,"relics_obtained":["PreservedInsect"],"max_hp_gain":0,"max_hp_loss":0,"event_name":"WeMeetAgain","floor":3,"gold_loss":0},{"damage_healed":0,"gold_gain":0,"player_choice":"Searched \u00270\u0027 times","damage_taken":0,"max_hp_gain":0,"max_hp_loss":0,"event_name":"Dead Adventurer","floor":7,"gold_loss":0},{"damage_healed":19,"gold_gain":0,"player_choice":"Healed","damage_taken":0,"max_hp_gain":0,"max_hp_loss":0,"event_name":"The Cleric","floor":11,"gold_loss":35}],"is_beta":false,"boss_relics":[],"items_purged_floors":[],"is_endless":false,"potions_floor_spawned":[1,8],"killed_by":"Hexaghost","ascension_level":0}}