{"host":"3rc9o2vvt7u1aztt","time":1613677508,"event":{"mods":["AchievementEnabler","Act Like it!","Ascension Reborn","Ascension Unlocker","BaseMod","Best Route Mod","Bestiary","Better Silent Start","Better Third Choice","Better Vampires","BetterRewards","Block Reminder","Card Forge","Colored Map","Defuse TimeMaze Blight","Disable Question Mark Monsters","Displayed Cursed Tome","Minty Spire (QoL Compilation)","Relic Stats","Reorder Act Four","Ruina","Shop Mod","Spicy Shops","StSLib","Transform Curses"],"gold_per_floor":[216,216,42,42,58,90,90,90,113,124,124,157,157,174,174,269,269,284,17,31,49,59,90,90,120,120,120,120,120,120,131,131,235,235,255,7,0,19,30,30,61,61,86,117,117,151,167,184,184,184,184,29,29,60,60],"floor_reached":56,"language":"ENG","playtime":3229,"items_purged":["CurseOfTheBell"],"score":1431,"play_id":"64438c91-84c8-43d5-8f9c-c29bca2ee5f6","local_time":"20210218204508","is_ascension_mode":true,"campfire_choices":[{"data":"Blade Dance","floor":7,"key":"SMITH"},{"data":"Dodge and Roll","floor":13,"key":"SMITH"},{"floor":15,"key":"REST"},{"floor":24,"key":"REST"},{"data":"ruina:CobaltScar","floor":27,"key":"SMITH"},{"data":"Accuracy","floor":30,"key":"SMITH"},{"floor":32,"key":"REST"},{"floor":40,"key":"RECALL"},{"data":"Night Terror","floor":42,"key":"SMITH"},{"data":"Prepared","floor":49,"key":"SMITH"},{"data":"Poisoned Stab","floor":53,"key":"SMITH"}],"circlet_count":0,"master_deck":["Strike_G","Strike_G","Strike_G","Strike_G","Defend_G","Defend_G","Defend_G","Defend_G","Survivor","Neutralize","Well Laid Plans","Burn","Accuracy+1","Blade Dance+1","Prepared+1","Sucker Punch","Backflip","Dodge and Roll+1","Poisoned Stab+1","Night Terror+1","Bouncing Flask","ruina:CobaltScar+1","Dagger Throw","Blade Dance+1","Terror+1","Wraith Form v2+1","Outmaneuver+1","Well Laid Plans+1","Caltrops+1","Skewer+1","Escape Plan+1"],"relics":["Ring of the Snake","Hammer of Thor","Seething Fire","Anvil of the Gods","HornCleat","FaceOfCleric","Mercury Hourglass","Calling Bell","Lantern","White Beast Statue","Bird Faced Urn","Matryoshka","Unceasing Top","Ancient Tea Set","Kunai","Orichalcum","Frozen Egg 2","ruina:PrescriptsGrace","SacredBark","Gremlin Horn","Red Mask","Shuriken","MealTicket","Oddly Smooth Stone","Bottled Lightning","Vajra","Sundial"],"acts_visited":["Exordium","ruina:Briah","TheBeyond","TheEnding"],"potions_floor_usage":[16,21,22,23,23,33,33,33,39,44,47,55,55],"damage_taken":[{"damage":2,"enemies":"Jaw Worm","floor":1,"turns":5},{"damage":0,"enemies":"2 Louse","floor":5,"turns":3},{"damage":26,"enemies":"Gremlin Nob","floor":6,"turns":5},{"damage":0,"enemies":"Cultist","floor":10,"turns":3},{"damage":17,"enemies":"Lagavulin","floor":12,"turns":5},{"damage":0,"enemies":"Looter","floor":14,"turns":3},{"damage":37,"enemies":"The Guardian","floor":16,"turns":10},{"damage":20,"enemies":"ruina:Nosferatu","floor":18,"turns":5},{"damage":6,"enemies":"ruina:3_Bats","floor":20,"turns":3},{"damage":11,"enemies":"ruina:3_Scarecrows","floor":21,"turns":5},{"damage":43,"enemies":"ruina:KnightOfDespair","floor":22,"turns":5},{"damage":21,"enemies":"ruina:RoadHome","floor":23,"turns":5},{"damage":10,"enemies":"ruina:Mountain","floor":25,"turns":7},{"damage":9,"enemies":"ruina:Woodsman","floor":31,"turns":4},{"damage":41,"enemies":"ruina:Red_and_Wolf","floor":33,"turns":7},{"damage":0,"enemies":"3 Darklings","floor":35,"turns":3},{"damage":5,"enemies":"3 Shapes","floor":38,"turns":3},{"damage":3,"enemies":"Maw","floor":39,"turns":7},{"damage":8,"enemies":"Reptomancer","floor":41,"turns":5},{"damage":0,"enemies":"Giant Head","floor":44,"turns":4},{"damage":40,"enemies":"Reptomancer","floor":46,"turns":5},{"damage":1,"enemies":"Transient","floor":47,"turns":5},{"damage":0,"enemies":"Jaw Worm Horde","floor":48,"turns":2},{"damage":61,"enemies":"Awakened One","floor":50,"turns":9},{"damage":30,"enemies":"Shield and Spear","floor":54,"turns":5},{"damage":161,"enemies":"The Heart","floor":55,"turns":9}],"seed_played":"-2772547795261805342","potions_obtained":[{"floor":6,"key":"Fruit Juice"},{"floor":12,"key":"SpeedPotion"},{"floor":18,"key":"Explosive Potion"},{"floor":20,"key":"Energy Potion"},{"floor":21,"key":"PowerPotion"},{"floor":22,"key":"Poison Potion"},{"floor":23,"key":"DuplicationPotion"},{"floor":25,"key":"Weak Potion"},{"floor":31,"key":"Strength Potion"},{"floor":33,"key":"AttackPotion"},{"floor":35,"key":"GamblersBrew"},{"floor":38,"key":"Regen Potion"},{"floor":39,"key":"SneckoOil"},{"floor":41,"key":"Energy Potion"},{"floor":44,"key":"FearPotion"},{"floor":47,"key":"Poison Potion"},{"floor":48,"key":"Fire Potion"},{"floor":54,"key":"FairyPotion"}],"is_trial":false,"path_per_floor":["M","?","$","?","M","E","R","?","T","M","?","E","R","M","R","B",null,"M","$","M","M","M","E","R","E","T","R","T","?","R","M","R","B",null,"M","$","?","M","M","R","E","R","T","E","?","E","M","M","R","B",null,"$","R","E","B",null],"character_chosen":"THE_SILENT","items_purchased":["Accuracy","Blade Dance","ruina:CobaltScar","Gremlin Horn","Vajra"],"campfire_rested":3,"item_purchase_floors":[3,3,19,36,52],"current_hp_per_floor":[68,68,68,68,68,42,42,47,47,47,47,31,31,32,55,19,78,59,59,58,57,21,7,33,30,30,30,30,30,30,28,55,21,91,92,92,92,88,90,90,89,89,89,96,96,65,75,82,82,36,100,100,100,77,57],"gold":60,"neow_bonus":"HUNDRED_GOLD","is_daily":false,"chose_seed":false,"campfire_upgraded":7,"win_rate":0.0,"timestamp":1613677508,"path_taken":["M","?","$","?","?","E","R","?","T","M","?","E","R","M","R","BOSS","M","$","?","?","M","E","R","E","T","R","?","?","R","?","R","BOSS","M","$","?","M","M","R","E","R","T","E","?","E","?","M","R","BOSS","$","R","E","BOSS"],"items_purchased_type":["Card","Card","Card","Relic","Relic"],"build_version":"2020-12-22","purchased_purges":1,"victory":true,"max_hp_per_floor":[70,70,70,70,70,70,70,75,75,75,75,76,76,77,77,78,78,79,79,80,86,87,88,88,89,89,89,89,89,89,90,90,91,91,92,92,92,93,94,94,95,95,95,96,96,97,98,99,99,100,100,100,100,101,102],"relic_stats":{"Gremlin Horn":[15,15],"counters":[26,132],"Orichalcum":[108],"Mercury Hourglass":[450],"FaceOfCleric":22,"Shuriken":[35],"Sundial":[0],"Bird Faced Urn":[110],"MealTicket":0,"Kunai":[53],"obtain_stats":[{"Lantern":17,"Gremlin Horn":36,"SacredBark":34,"Vajra":52,"Hammer of Thor":0,"Ancient Tea Set":26,"Frozen Eye":21,"HornCleat":6,"Matryoshka":23,"FaceOfCleric":11,"Sundial":54,"MealTicket":43,"ruina:Prescript":29,"ruina:PrescriptsGrace":45,"Red Mask":37,"Kunai":26,"Ring of the Snake":0,"Oddly Smooth Stone":44,"Seething Fire":0,"Orichalcum":28,"Frozen Egg 2":28,"White Beast Statue":17,"Mercury Hourglass":12,"Calling Bell":17,"Anvil of the Gods":0,"Shuriken":41,"Bird Faced Urn":17,"Bottled Lightning":46,"Unceasing Top":25},{"Lantern":7,"Gremlin Horn":16,"SacredBark":15,"Vajra":24,"Hammer of Thor":0,"Ancient Tea Set":13,"Frozen Eye":9,"HornCleat":3,"Matryoshka":12,"FaceOfCleric":4,"Sundial":25,"MealTicket":19,"ruina:Prescript":13,"ruina:PrescriptsGrace":20,"Red Mask":16,"Kunai":13,"Ring of the Snake":0,"Oddly Smooth Stone":20,"Seething Fire":0,"Orichalcum":13,"Frozen Egg 2":13,"White Beast Statue":7,"Mercury Hourglass":5,"Calling Bell":7,"Anvil of the Gods":0,"Shuriken":19,"Bird Faced Urn":7,"Bottled Lightning":21,"Unceasing Top":13},{"Lantern":34,"Gremlin Horn":78,"SacredBark":75,"Vajra":118,"Hammer of Thor":0,"Ancient Tea Set":64,"Frozen Eye":42,"HornCleat":13,"Matryoshka":57,"FaceOfCleric":16,"Sundial":123,"MealTicket":93,"ruina:Prescript":64,"ruina:PrescriptsGrace":97,"Red Mask":78,"Kunai":64,"Ring of the Snake":0,"Oddly Smooth Stone":97,"Seething Fire":0,"Orichalcum":64,"Frozen Egg 2":64,"White Beast Statue":34,"Mercury Hourglass":21,"Calling Bell":34,"Anvil of the Gods":0,"Shuriken":93,"Bird Faced Urn":34,"Bottled Lightning":102,"Unceasing Top":64}],"Unceasing Top":[23],"Ring of the Snake":[0]},"card_choices":[{"not_picked":["Deflect","Dash"],"picked":"Well Laid Plans","floor":1},{"not_picked":["Underhanded Strike","All Out Attack"],"picked":"Prepared","floor":5},{"not_picked":["Tactician","Prepared"],"picked":"Sucker Punch","floor":6},{"not_picked":["Dodge and Roll","Well Laid Plans"],"picked":"Backflip","floor":10},{"not_picked":["Dagger Spray","Tools of the Trade"],"picked":"Dodge and Roll","floor":12},{"not_picked":["Well Laid Plans","Dash"],"picked":"Poisoned Stab","floor":14},{"not_picked":["Corpse Explosion","Adrenaline"],"picked":"Night Terror","floor":16},{"not_picked":["Deadly Poison","Slice+1"],"picked":"Bouncing Flask","floor":18},{"not_picked":["Skewer","Endless Agony"],"picked":"Dagger Throw","floor":20},{"not_picked":["Setup+1","Catalyst","Poisoned Stab"],"picked":"SKIP","floor":21},{"not_picked":["Setup+1","Catalyst","Poisoned Stab"],"picked":"SKIP","floor":21},{"not_picked":["Sucker Punch","Deadly Poison+1"],"picked":"Blade Dance+1","floor":22},{"not_picked":["Dagger Spray","Dodge and Roll","Backflip"],"picked":"SKIP","floor":23},{"not_picked":["Malaise","Footwork+1"],"picked":"Terror+1","floor":25},{"not_picked":["Choke","Dodge and Roll","Eviscerate"],"picked":"SKIP","floor":31},{"not_picked":["Storm of Steel","A Thousand Cuts+1"],"picked":"Wraith Form v2+1","floor":33},{"not_picked":["Underhanded Strike","Prepared"],"picked":"Outmaneuver+1","floor":35},{"not_picked":["Dagger Throw+1","Deadly Poison","Prepared"],"picked":"SKIP","floor":38},{"not_picked":["Choke","Deadly Poison+1"],"picked":"Well Laid Plans+1","floor":39},{"not_picked":["Quick Slash+1","Bullet Time","Setup"],"picked":"SKIP","floor":41},{"not_picked":["Bane+1","Outmaneuver+1"],"picked":"Caltrops+1","floor":44},{"not_picked":["Die Die Die","Reflex","Quick Slash"],"picked":"SKIP","floor":46},{"not_picked":["Underhanded Strike+1","Bouncing Flask"],"picked":"Skewer+1","floor":47},{"not_picked":["Catalyst","Poisoned Stab"],"picked":"Escape Plan+1","floor":48},{"not_picked":["Endless Agony","Doppelganger","Crippling Poison"],"picked":"SKIP","floor":54}],"player_experience":369280,"relics_obtained":[{"floor":6,"key":"HornCleat"},{"floor":12,"key":"Mercury Hourglass"},{"floor":17,"key":"Lantern"},{"floor":17,"key":"White Beast Statue"},{"floor":17,"key":"Bird Faced Urn"},{"floor":23,"key":"Matryoshka"},{"floor":25,"key":"Unceasing Top"},{"floor":26,"key":"Ancient Tea Set"},{"floor":26,"key":"Kunai"},{"floor":28,"key":"Orichalcum"},{"floor":28,"key":"Frozen Egg 2"},{"floor":41,"key":"Shuriken"},{"floor":43,"key":"MealTicket"},{"floor":44,"key":"Oddly Smooth Stone"},{"floor":46,"key":"Bottled Lightning"},{"floor":54,"key":"Sundial"}],"event_choices":[{"damage_healed":68,"gold_gain":0,"player_choice":"Embrace Burn","damage_taken":0,"max_hp_gain":0,"max_hp_loss":70,"event_name":"betterThird:BetterShining","floor":2,"gold_loss":0},{"damage_healed":0,"gold_gain":0,"player_choice":"Ignored","damage_taken":0,"max_hp_gain":0,"max_hp_loss":0,"event_name":"NoteForYourself","floor":4,"gold_loss":0},{"damage_healed":0,"gold_gain":0,"player_choice":"Donut","damage_taken":0,"max_hp_gain":5,"max_hp_loss":0,"event_name":"Big Fish","floor":8,"gold_loss":0},{"damage_healed":0,"gold_gain":0,"player_choice":"Trade","damage_taken":0,"relics_obtained":["FaceOfCleric"],"max_hp_gain":0,"max_hp_loss":0,"event_name":"FaceTrader","floor":11,"gold_loss":0},{"damage_healed":0,"gold_gain":0,"player_choice":"Paid","damage_taken":0,"relics_obtained":["Red Mask"],"max_hp_gain":0,"max_hp_loss":0,"event_name":"Tomb of Lord Red Mask","floor":37,"gold_loss":7},{"damage_healed":0,"gold_gain":0,"player_choice":"0 cards matched","damage_taken":0,"max_hp_gain":0,"max_hp_loss":0,"event_name":"Match and Keep!","floor":45,"gold_loss":0,"cards_obtained":[]}],"is_beta":false,"boss_relics":[{"not_picked":["Pandora\u0027s Box","HoveringKite"],"picked":"Calling Bell"},{"not_picked":["Empty Cage","Fusion Hammer"],"picked":"SacredBark"}],"items_purged_floors":[19],"is_endless":false,"potions_floor_spawned":[6,12,18,20,21,22,23,25,31,33,35,38,39,41,44,46,47,48,54],"ascension_level":1}}