{"host":"xsuxkwaivmtd234a","time":1613657954,"event":{"mods":["BaseMod","Bestiary","Colored Map","Minty Spire (QoL Compilation)","Relic Stats","StSLib"],"gold_per_floor":[119,135,146,158,173,173,200,200,200,235,248,265,2,34,34,34,34],"floor_reached":16,"language":"ENG","playtime":902,"items_purged":[],"score":155,"play_id":"dbe88955-6476-4a1a-b53b-0814ff289bb8","local_time":"20210218091914","daily_mods":["SealedDeck"],"is_ascension_mode":true,"campfire_choices":[{"data":"Clothesline","floor":6,"key":"SMITH"},{"floor":15,"key":"DIG"}],"circlet_count":0,"master_deck":["Clothesline+1","Thunderclap","Dropkick","Burning Pact","Battle Trance","Shrug It Off","Ghostly Armor","Iron Wave","Twin Strike","Anger","Fire Breathing","Disarm","Disarm","Whirlwind","Entrench","Twin Strike","Dual Wield"],"relics":["Burning Blood","Singing Bowl","Shovel","Pear","HornCleat","TungstenRod","Ginger"],"acts_visited":["Exordium"],"potions_floor_usage":[5,7],"damage_taken":[{"damage":0,"enemies":"Cultist","floor":1,"turns":2},{"damage":2,"enemies":"Jaw Worm","floor":2,"turns":2},{"damage":2,"enemies":"2 Louse","floor":3,"turns":2},{"damage":0,"enemies":"Blue Slaver","floor":4,"turns":3},{"damage":0,"enemies":"Lots of Slimes","floor":5,"turns":2},{"damage":15,"enemies":"3 Sentries","floor":7,"turns":6},{"damage":9,"enemies":"Lagavulin","floor":10,"turns":7},{"damage":0,"enemies":"3 Louse","floor":11,"turns":1},{"damage":0,"enemies":"Large Slime","floor":12,"turns":3},{"damage":11,"enemies":"3 Sentries","floor":14,"turns":5},{"damage":24,"enemies":"Hexaghost","floor":16,"turns":8}],"seed_played":"-8242765618234077402","potions_obtained":[{"floor":1,"key":"AttackPotion"},{"floor":2,"key":"SkillPotion"},{"floor":12,"key":"Block Potion"},{"floor":14,"key":"LiquidMemories"}],"is_trial":true,"path_per_floor":["M","M","M","M","M","R","E","?","T","E","M","M","$","E","R","B"],"character_chosen":"IRONCLAD","items_purchased":["HornCleat","Twin Strike"],"campfire_rested":0,"item_purchase_floors":[13,13],"current_hp_per_floor":[80,80,80,80,80,80,73,78,78,85,93,94,94,89,89,65,65],"gold":34,"neow_bonus":"","is_daily":false,"chose_seed":false,"campfire_upgraded":1,"win_rate":0.0,"timestamp":1613657954,"path_taken":["M","M","M","M","M","R","E","?","T","E","M","?","$","E","R","BOSS"],"items_purchased_type":["Relic","Card"],"build_version":"2020-12-22","purchased_purges":0,"victory":false,"max_hp_per_floor":[80,80,80,80,80,80,82,82,82,92,94,94,94,94,94,94,94],"relic_stats":{"Shovel":1,"Singing Bowl":4,"counters":[11,41],"Ginger":[0],"obtain_stats":[{"Shovel":9,"Pear":10,"HornCleat":13,"Singing Bowl":7,"Ginger":15,"Burning Blood":0,"TungstenRod":14},{"Shovel":6,"Pear":7,"HornCleat":9,"Singing Bowl":6,"Ginger":10,"Burning Blood":0,"TungstenRod":10},{"Shovel":17,"Pear":24,"HornCleat":28,"Singing Bowl":17,"Ginger":33,"Burning Blood":0,"TungstenRod":33}],"Burning Blood":29,"TungstenRod":10},"card_choices":[{"not_picked":["Pummel","Iron Wave"],"picked":"Anger","floor":1},{"not_picked":["Wild Strike","True Grit","Havoc"],"picked":"SKIP","floor":2},{"not_picked":["Armaments","Dropkick"],"picked":"Fire Breathing","floor":3},{"not_picked":["True Grit","Dark Embrace"],"picked":"Disarm","floor":4},{"not_picked":["Sentinel","Flex"],"picked":"Disarm","floor":5},{"not_picked":["Cleave","Headbutt","Double Tap"],"picked":"Singing Bowl","floor":7},{"not_picked":["Pommel Strike","Shrug It Off"],"picked":"Whirlwind","floor":10},{"not_picked":["Armaments","Burning Pact","Ghostly Armor"],"picked":"Singing Bowl","floor":11},{"not_picked":["Heavy Blade","Headbutt"],"picked":"Entrench","floor":12},{"not_picked":["Berserk","Iron Wave"],"picked":"Dual Wield","floor":14}],"player_experience":1290058,"relics_obtained":[{"floor":7,"key":"Singing Bowl"},{"floor":9,"key":"Shovel"},{"floor":10,"key":"Pear"},{"floor":14,"key":"TungstenRod"},{"floor":15,"key":"Ginger"}],"event_choices":[{"cards_removed":["Headbutt"],"damage_healed":5,"gold_gain":0,"player_choice":"Offered Common","damage_taken":0,"max_hp_gain":0,"max_hp_loss":0,"event_name":"Bonfire Elementals","floor":8,"gold_loss":0},{"cards_removed":["Headbutt"],"damage_healed":5,"gold_gain":0,"player_choice":"Offered Special","damage_taken":0,"max_hp_gain":0,"max_hp_loss":0,"event_name":"Bonfire Elementals","floor":8,"gold_loss":0}],"is_beta":false,"boss_relics":[],"items_purged_floors":[],"is_endless":false,"potions_floor_spawned":[1,2,12,14],"killed_by":"Hexaghost","ascension_level":5}}