{"host":"rmsq46plbpwfbxcc","time":1613638530,"event":{"mods":["AchievementEnabler","BaseMod","Colored Map","Colored Powertips","DeckTracker","KOR Keyword Fix","Minty Spire (QoL Compilation)","Permanent Neow","Quick Restart","SuperFastMode"],"gold_per_floor":[111,127,127,141,161,189,189,207,207,207,223,223,251,269,269,365,365,378,223,223,223,238,238,238,238,265,265,300,314,214,239,239,337,337,350,362,362,375,101,101,133,133,133,148,159,174,203,203,203,203,203,203,53,87,87],"floor_reached":56,"language":"KOR","playtime":2213,"items_purged":["Defend_G","Defend_G","Strike_G","Strike_G"],"score":2021,"play_id":"2e53bceb-0c83-4d46-be2d-0a8795578a73","local_time":"20210218175530","is_ascension_mode":true,"campfire_choices":[{"data":"Blade Dance","floor":7.0,"key":"SMITH"},{"data":"Cloak And Dagger","floor":12.0,"key":"SMITH"},{"data":"Tactician","floor":15.0,"key":"SMITH"},{"data":"After Image","floor":23,"key":"SMITH"},{"data":"Accuracy","floor":25,"key":"SMITH"},{"data":"Neutralize","floor":27,"key":"SMITH"},{"data":"Choke","floor":32,"key":"SMITH"},{"data":"Bullet Time","floor":40,"key":"SMITH"},{"data":"Well Laid Plans","floor":42,"key":"SMITH"},{"floor":49,"key":"RECALL"},{"data":"Panache","floor":52,"key":"SMITH"}],"circlet_count":0,"master_deck":["AscendersBane","Defend_G","Defend_G","Survivor","Neutralize+1","Venomology+1","Flying Knee+1","PiercingWail","Blade Dance+1","Acrobatics","Backflip","Cloak And Dagger+1","Tactician+1","After Image+1","Accuracy+1","Choke+1","Bullet Time+1","Well Laid Plans+1","Adrenaline","Panache+1","Terror"],"relics":["Astrolabe","Pear","Strawberry","Omamori","Darkstone Periapt","WristBlade","WarpedTongs","Happy Flower","Bottled Lightning","Bag of Preparation","Coffee Dripper","Nunchaku","Shuriken","Mango","Orichalcum"],"acts_visited":["Exordium","TheCity","TheBeyond","TheEnding"],"potions_floor_usage":[22,28,29,31,33,50,54,54,55,55],"damage_taken":[{"damage":1.0,"enemies":"2 Louse","floor":1.0,"turns":3.0},{"damage":0.0,"enemies":"Cultist","floor":2.0,"turns":4.0},{"damage":0.0,"enemies":"Small Slimes","floor":4.0,"turns":5.0},{"damage":0.0,"enemies":"Exordium Thugs","floor":5.0,"turns":5.0},{"damage":29.0,"enemies":"Gremlin Nob","floor":6.0,"turns":5.0},{"damage":0.0,"enemies":"3 Louse","floor":8.0,"turns":1.0},{"damage":4.0,"enemies":"Red Slaver","floor":11.0,"turns":3.0},{"damage":9.0,"enemies":"3 Sentries","floor":13.0,"turns":9.0},{"damage":0.0,"enemies":"Looter","floor":14.0,"turns":4.0},{"damage":32.0,"enemies":"Slime Boss","floor":16.0,"turns":11.0},{"damage":0.0,"enemies":"Chosen","floor":18.0,"turns":5.0},{"damage":6,"enemies":"2 Thieves","floor":22,"turns":3},{"damage":8,"enemies":"Book of Stabbing","floor":28,"turns":4},{"damage":0,"enemies":"3 Cultists","floor":29,"turns":4},{"damage":21,"enemies":"Gremlin Leader","floor":31,"turns":6},{"damage":28,"enemies":"Collector","floor":33,"turns":9},{"damage":1,"enemies":"Orb Walker","floor":35,"turns":3},{"damage":0,"enemies":"3 Shapes","floor":36,"turns":4},{"damage":18,"enemies":"3 Darklings","floor":38,"turns":5},{"damage":0,"enemies":"Giant Head","floor":41,"turns":6},{"damage":1,"enemies":"Jaw Worm Horde","floor":44,"turns":4},{"damage":0,"enemies":"Sphere and 2 Shapes","floor":45,"turns":3},{"damage":6,"enemies":"Writhing Mass","floor":46,"turns":4},{"damage":0,"enemies":"Reptomancer","floor":47,"turns":6},{"damage":20,"enemies":"Time Eater","floor":50,"turns":6},{"damage":59,"enemies":"Shield and Spear","floor":54,"turns":5},{"damage":71,"enemies":"The Heart","floor":55,"turns":7}],"seed_played":"2463446338096472044","potions_obtained":[{"floor":2.0,"key":"LiquidMemories"},{"floor":29,"key":"Fire Potion"},{"floor":33,"key":"FairyPotion"},{"floor":54,"key":"Energy Potion"}],"is_trial":false,"path_per_floor":["M","M","?","M","M","E","R","M","T","?","M","R","E","M","R","B",null,"M","$","?","?","M","R","?","R","T","R","E","M","$","E","R","B",null,"M","M","?","M","$","R","E","R","T","M","M","M","E","?","R","B",null,"R","$","E","B",null],"character_chosen":"THE_SILENT","items_purchased":["Accuracy","Nunchaku"],"campfire_rested":0,"item_purchase_floors":[19,39],"current_hp_per_floor":[62,62,72,72,72,50,50,50,50,50,46,46,37,37,37,5,67,81,81,64,92,86,86,86,86,86,86,78,78,78,57,57,44,80,79,79,79,61,61,61,61,61,61,60,60,54,68,68,68,48,92,92,92,33,7],"gold":87,"neow_bonus":"BOSS_RELIC","is_daily":false,"chose_seed":false,"campfire_upgraded":10,"win_rate":0.0,"timestamp":1613638530,"path_taken":["M","M","?","M","M","E","R","?","T","?","M","R","E","M","R","BOSS","M","$","?","?","M","R","?","R","T","R","E","?","$","E","R","BOSS","M","M","?","M","$","R","E","R","T","M","?","M","E","?","R","BOSS","R","$","E","BOSS"],"items_purchased_type":["Card","Relic"],"build_version":"2020-12-22","purchased_purges":4,"victory":true,"max_hp_per_floor":[70,70,80,80,80,87,87,87,87,87,87,87,87,87,87,87,87,87,87,92,92,92,92,92,92,92,92,92,92,92,92,92,92,92,92,92,92,92,92,92,92,92,92,92,92,92,106,106,106,106,106,106,106,106,106],"card_choices":[{"not_picked":["Dagger Throw","Underhanded Strike"],"picked":"PiercingWail","floor":1.0},{"not_picked":["Infinite Blades","Dodge and Roll","Dagger Throw"],"picked":"SKIP","floor":2.0},{"not_picked":["Backflip","Caltrops"],"picked":"Blade Dance","floor":4.0},{"not_picked":["Flechettes","Poisoned Stab"],"picked":"Acrobatics","floor":5.0},{"not_picked":["Eviscerate","Slice","Prepared"],"picked":"SKIP","floor":6.0},{"not_picked":["Bouncing Flask","Acrobatics"],"picked":"Backflip","floor":8.0},{"not_picked":["Deadly Poison","Noxious Fumes"],"picked":"Cloak And Dagger","floor":11.0},{"not_picked":["Poisoned Stab","Flying Knee","Deflect"],"picked":"SKIP","floor":13.0},{"not_picked":["Masterful Stab","Bane"],"picked":"Tactician","floor":14.0},{"not_picked":["Tools of the Trade","Die Die Die"],"picked":"After Image","floor":16.0},{"not_picked":["Catalyst","Quick Slash","Bane+1"],"picked":"SKIP","floor":18.0},{"not_picked":["Infinite Blades","Prepared","Accuracy"],"picked":"SKIP","floor":22},{"not_picked":["Catalyst","Tactician","Concentrate"],"picked":"SKIP","floor":28},{"not_picked":["Slice+1","Eviscerate","Acrobatics"],"picked":"SKIP","floor":29},{"not_picked":["PiercingWail","Outmaneuver"],"picked":"Choke","floor":31},{"not_picked":["Die Die Die","Corpse Explosion"],"picked":"Bullet Time","floor":33},{"not_picked":["Setup","PiercingWail","Flying Knee"],"picked":"SKIP","floor":35},{"not_picked":["PiercingWail","Burst"],"picked":"Well Laid Plans","floor":36},{"not_picked":["Flying Knee","Poisoned Stab","Skewer"],"picked":"SKIP","floor":38},{"not_picked":["Flying Knee+1","A Thousand Cuts"],"picked":"Adrenaline","floor":41},{"not_picked":["Poisoned Stab","Sucker Punch","Deadly Poison"],"picked":"SKIP","floor":44},{"not_picked":["Calculated Gamble+1","Dodge and Roll+1","Quick Slash"],"picked":"SKIP","floor":45},{"not_picked":["Setup+1","Poisoned Stab+1","Bullet Time"],"picked":"SKIP","floor":46},{"not_picked":["Flying Knee","Backflip","Dagger Throw"],"picked":"SKIP","floor":47},{"not_picked":["Finesse","Impatience"],"picked":"Panache","floor":48},{"not_picked":["Phantasmal Killer","Poisoned Stab"],"picked":"Terror","floor":54}],"player_experience":657696,"relics_obtained":[{"floor":6.0,"key":"Strawberry"},{"floor":9.0,"key":"Omamori"},{"floor":13.0,"key":"Darkstone Periapt"},{"floor":26,"key":"Happy Flower"},{"floor":28,"key":"Bottled Lightning"},{"floor":31,"key":"Bag of Preparation"},{"floor":41,"key":"Shuriken"},{"floor":47,"key":"Mango"},{"floor":54,"key":"Orichalcum"}],"event_choices":[{"cards_removed":["Prepared"],"damage_healed":0.0,"max_hp_gain":0.0,"max_hp_loss":0.0,"gold_gain":0.0,"event_name":"WeMeetAgain","player_choice":"Gave Card","floor":3.0,"gold_loss":0.0,"damage_taken":0.0,"relics_obtained":["Pear"]},{"cards_removed":["Strike_G"],"damage_healed":0.0,"max_hp_gain":0.0,"max_hp_loss":0.0,"gold_gain":0.0,"event_name":"Purifier","player_choice":"Purged","floor":10.0,"gold_loss":0.0,"damage_taken":0.0},{"damage_healed":0.0,"max_hp_gain":5.0,"max_hp_loss":0.0,"gold_gain":0.0,"event_name":"Forgotten Altar","player_choice":"Shed Blood","floor":20.0,"gold_loss":0.0,"damage_taken":22.0},{"damage_healed":30,"gold_gain":0,"player_choice":"Heal","damage_taken":0,"max_hp_gain":0,"max_hp_loss":0,"event_name":"The Library","floor":21,"gold_loss":0},{"damage_healed":0,"gold_gain":0,"player_choice":"Rummage","damage_taken":0,"relics_obtained":["WarpedTongs"],"max_hp_gain":0,"max_hp_loss":0,"event_name":"Accursed Blacksmith","floor":24,"gold_loss":0,"cards_obtained":["Pain"]},{"damage_healed":0,"gold_gain":0,"player_choice":"0 cards matched","damage_taken":0,"max_hp_gain":0,"max_hp_loss":0,"event_name":"Match and Keep!","floor":37,"gold_loss":0,"cards_obtained":[]},{"damage_healed":0,"gold_gain":0,"player_choice":"Memory 1","damage_taken":0,"max_hp_gain":0,"max_hp_loss":0,"event_name":"SensoryStone","floor":48,"gold_loss":0}],"is_beta":false,"boss_relics":[{"not_picked":["Empty Cage","Cursed Key"],"picked":"WristBlade"},{"not_picked":["Black Star","Calling Bell"],"picked":"Coffee Dripper"}],"items_purged_floors":[19,30,39,53],"is_endless":false,"potions_floor_spawned":[2,5,16,29,33,41,45,54],"ascension_level":12}}