{"host":"zxd2l8an9de7z7b9","time":1613632177,"event":{"mods":["2.2 Compatiblity","AchievementEnabler","BaseMod","CapriCore","Colored Map","Colored Powertips","Minty Spire (QoL Compilation)","Rare Cards Sparkle","StSLib","SuperFastMode","everything is the same but u backflip on backflip"],"gold_per_floor":[109,120,21,96,110,143,8,8,8,8,25,25,59,59,59,155,155,174,49,249,262,278,278,295,295,319,344,356,356,356,373,373,470,470,481,118,118,129,0,30,30,79,79,79,7,21,33,49,49,49],"floor_reached":51,"language":"KOR","playtime":1703,"items_purged":["Strike_R","Strike_R","Havoc"],"score":780,"play_id":"71996b81-9716-4b6f-8149-8db44b8674a9","local_time":"20210218160937","is_ascension_mode":false,"campfire_choices":[{"data":"Sword Boomerang","floor":8.0,"key":"SMITH"},{"data":"Flex","floor":10.0,"key":"SMITH"},{"data":"Feed","floor":15.0,"key":"SMITH"},{"data":"Heavy Blade","floor":23.0,"key":"SMITH"},{"data":"Disarm","floor":25.0,"key":"SMITH"},{"data":"Pummel","floor":30.0,"key":"SMITH"},{"data":"Flex","floor":32.0,"key":"SMITH"},{"data":"Battle Trance","floor":41.0,"key":"SMITH"},{"floor":44,"key":"REST"},{"floor":49,"key":"REST"}],"circlet_count":0,"master_deck":["Bash","Feed+1","Iron Wave","Flex+1","Sword Boomerang+1","Disarm+1","Shockwave","Juggernaut","Brutality","Battle Trance+1","Feel No Pain","Shockwave","Evolve","Heavy Blade+1","Twin Strike","Pommel Strike+1","Shrug It Off+1","Flex+1","Pummel+1","Berserk+1","Demon Form+1","Blood for Blood+1","Clash+1","Rupture+1","Dark Embrace+1","Cleave+1","Impervious","Dropkick"],"relics":["Burning Blood","Mummified Hand","Pantograph","WingedGreaves","Pandora\u0027s Box","Vajra","Frozen Egg 2","Astrolabe","MealTicket","Omamori","Red Mask","Singing Bowl","Dead Branch"],"acts_visited":["Exordium","TheCity","TheBeyond"],"potions_floor_usage":[50,50,50],"damage_taken":[{"damage":8.0,"enemies":"Jaw Worm","floor":1.0,"turns":3.0},{"damage":5.0,"enemies":"Small Slimes","floor":2.0,"turns":3.0},{"damage":0.0,"enemies":"2 Louse","floor":5.0,"turns":2.0},{"damage":27.0,"enemies":"Lagavulin","floor":6.0,"turns":6.0},{"damage":14.0,"enemies":"Exordium Thugs","floor":11.0,"turns":5.0},{"damage":18.0,"enemies":"Gremlin Nob","floor":13.0,"turns":4.0},{"damage":47.0,"enemies":"The Guardian","floor":16.0,"turns":12.0},{"damage":17.0,"enemies":"3 Byrds","floor":18.0,"turns":6.0},{"damage":17.0,"enemies":"Spheric Guardian","floor":21.0,"turns":4.0},{"damage":18.0,"enemies":"Snake Plant","floor":22.0,"turns":3.0},{"damage":31.0,"enemies":"Centurion and Healer","floor":24.0,"turns":5.0},{"damage":22.0,"enemies":"Gremlin Leader","floor":27.0,"turns":7.0},{"damage":2.0,"enemies":"Sentry and Sphere","floor":28.0,"turns":3.0},{"damage":3.0,"enemies":"Cultist and Chosen","floor":31.0,"turns":4.0},{"damage":86.0,"enemies":"Champ","floor":33.0,"turns":8.0},{"damage":22.0,"enemies":"3 Shapes","floor":35.0,"turns":3.0},{"damage":12.0,"enemies":"Orb Walker","floor":38.0,"turns":2.0},{"damage":40.0,"enemies":"Reptomancer","floor":40.0,"turns":4.0},{"damage":36,"enemies":"2 Orb Walkers","floor":42,"turns":4},{"damage":20,"enemies":"4 Shapes","floor":46,"turns":5},{"damage":26,"enemies":"Sphere and 2 Shapes","floor":47,"turns":4},{"damage":3,"enemies":"Transient","floor":48,"turns":5},{"damage":103,"enemies":"Donu and Deca","floor":50,"turns":7}],"seed_played":"-4063179475664542287","potions_obtained":[{"floor":1.0,"key":"DistilledChaos"},{"floor":6.0,"key":"Weak Potion"},{"floor":13.0,"key":"DistilledChaos"},{"floor":18.0,"key":"Swift Potion"},{"floor":22.0,"key":"Dexterity Potion"},{"floor":27.0,"key":"BloodPotion"},{"floor":31.0,"key":"SneckoOil"},{"floor":35.0,"key":"Explosive Potion"},{"floor":46,"key":"CultistPotion"}],"is_trial":false,"path_per_floor":["M","M","$","?","M","E","$","R","T","R","M","?","E","?","R","B",null,"M","$","?","M","M","R","M","R","T","E","M","?","R","M","R","B",null,"M","$","?","M","?","E","R","?","T","R","$","M","M","M","R","B",null],"character_chosen":"IRONCLAD","items_purchased":["Sword Boomerang","Shockwave","Dark Embrace+1","MealTicket","Omamori","Impervious"],"campfire_rested":2,"item_purchase_floors":[3,7,36,36,36,45],"current_hp_per_floor":[78,82,82,71,80,59,59,59,59,59,54,83,74,67,67,55,96,89,89,89,78,70,70,49,49,49,59,67,67,67,74,74,23,124,108,108,108,106,106,74,74,46,46,85,100,92,74,77,119,47],"gold":49,"neow_bonus":"ONE_RANDOM_RARE_CARD","is_daily":false,"chose_seed":false,"campfire_upgraded":8,"win_rate":0.0,"timestamp":1613632177,"path_taken":["M","M","$","?","M","E","$","R","T","R","M","?","E","?","R","BOSS","M","$","?","M","M","R","M","R","T","E","?","?","R","?","R","BOSS","M","$","?","M","?","E","R","?","T","R","?","M","?","M","R","BOSS"],"items_purchased_type":["Card","Card","Card","Relic","Relic","Card"],"build_version":"2020-12-22","purchased_purges":3,"victory":true,"max_hp_per_floor":[80,83,83,83,86,86,86,86,86,86,89,89,92,92,92,96,96,100,100,100,100,104,104,108,108,108,112,116,116,116,120,120,124,124,124,124,124,128,128,130,130,132,132,132,132,138,140,140,140,144],"card_choices":[{"not_picked":["Feel No Pain","Wild Strike"],"picked":"Iron Wave","floor":1.0},{"not_picked":["Body Slam","Dark Embrace"],"picked":"Flex","floor":2.0},{"not_picked":["Headbutt","Body Slam"],"picked":"Disarm","floor":5.0},{"not_picked":["Havoc","Power Through","Sentinel"],"picked":"SKIP","floor":6.0},{"not_picked":["Havoc","Sentinel"],"picked":"Warcry","floor":11.0},{"not_picked":["Shockwave","Iron Wave"],"picked":"Juggernaut","floor":13.0},{"not_picked":["Double Tap","Berserk"],"picked":"Brutality","floor":16.0},{"not_picked":["Shockwave+1","Havoc"],"picked":"Heavy Blade","floor":18.0},{"not_picked":["Armaments","Iron Wave"],"picked":"Twin Strike","floor":21.0},{"not_picked":["Dual Wield","Combust+1"],"picked":"Pommel Strike+1","floor":22.0},{"not_picked":["Pommel Strike","Infernal Blade"],"picked":"Shrug It Off+1","floor":24.0},{"not_picked":["Dropkick","Second Wind"],"picked":"Flex","floor":27.0},{"not_picked":["Juggernaut+1","Body Slam"],"picked":"Pummel","floor":28.0},{"not_picked":["Sword Boomerang","Body Slam"],"picked":"Intimidate","floor":31.0},{"not_picked":["Impervious","Brutality+1"],"picked":"Berserk+1","floor":33.0},{"not_picked":["Armaments","Anger+1"],"picked":"Rupture+1","floor":35.0},{"not_picked":["True Grit+1","Anger+1"],"picked":"Cleave+1","floor":38.0},{"not_picked":["Twin Strike","Cleave+1","Ghostly Armor"],"picked":"Singing Bowl","floor":40.0},{"not_picked":["Uppercut","True Grit","Heavy Blade+1"],"picked":"Singing Bowl","floor":42},{"not_picked":["Feel No Pain+1","Hemokinesis","Entrench"],"picked":"Singing Bowl","floor":46},{"not_picked":["Iron Wave+1","Sword Boomerang+1","Whirlwind"],"picked":"Singing Bowl","floor":47},{"not_picked":["Reaper","Clash+1"],"picked":"Dropkick","floor":48}],"player_experience":382185,"relics_obtained":[{"floor":6.0,"key":"Mummified Hand"},{"floor":9.0,"key":"Pantograph"},{"floor":13.0,"key":"WingedGreaves"},{"floor":26.0,"key":"Vajra"},{"floor":27.0,"key":"Frozen Egg 2"},{"floor":40.0,"key":"Singing Bowl"},{"floor":42,"key":"Dead Branch"}],"event_choices":[{"damage_healed":0.0,"max_hp_gain":0.0,"max_hp_loss":0.0,"gold_gain":75.0,"event_name":"World of Goop","player_choice":"Gather Gold","floor":4.0,"gold_loss":0.0,"damage_taken":11.0},{"damage_healed":29.0,"max_hp_gain":0.0,"max_hp_loss":0.0,"gold_gain":0.0,"event_name":"Big Fish","player_choice":"Banana","floor":12.0,"gold_loss":0.0,"damage_taken":0.0},{"cards_removed":["Strike_R"],"damage_healed":0.0,"max_hp_gain":0.0,"max_hp_loss":0.0,"gold_gain":0.0,"event_name":"Golden Wing","player_choice":"Card Removal","floor":14.0,"gold_loss":0.0,"damage_taken":7.0},{"damage_healed":0.0,"max_hp_gain":0.0,"max_hp_loss":0.0,"gold_gain":200.0,"event_name":"Wheel of Change","player_choice":"Gold","floor":20.0,"gold_loss":0.0,"damage_taken":0.0},{"damage_healed":0.0,"max_hp_gain":0.0,"max_hp_loss":0.0,"gold_gain":0.0,"event_name":"Match and Keep!","player_choice":"1 cards matched","floor":29.0,"gold_loss":0.0,"damage_taken":0.0,"cards_obtained":["Bash"]},{"cards_removed":["Rampage"],"damage_healed":0.0,"max_hp_gain":0.0,"max_hp_loss":0.0,"gold_gain":0.0,"event_name":"Falling","player_choice":"Removed Attack","floor":37.0,"gold_loss":0.0,"damage_taken":0.0},{"damage_healed":0.0,"max_hp_gain":0.0,"max_hp_loss":0.0,"gold_gain":0.0,"event_name":"Tomb of Lord Red Mask","player_choice":"Paid","floor":39.0,"gold_loss":129.0,"damage_taken":0.0,"relics_obtained":["Red Mask"]},{"damage_healed":0,"gold_gain":0,"player_choice":"Fight","damage_taken":0,"max_hp_gain":0,"max_hp_loss":0,"event_name":"Mysterious Sphere","floor":42,"gold_loss":0}],"is_beta":false,"boss_relics":[{"not_picked":["Snecko Eye","Black Star"],"picked":"Pandora\u0027s Box"},{"not_picked":["Calling Bell","Sozu"],"picked":"Astrolabe"}],"items_purged_floors":[3,7,19],"is_endless":false,"potions_floor_spawned":[1,6,13,18,22,24,27,31,35,46],"ascension_level":0}}