{"host":"bc298c4gavna5tx2","time":1613656410,"event":{"mods":["ATMod(阿瑾Mod)","Act Like it!","BaseMod","Challenge The Spire","Energized Spire","Lobotomy","LobotomyExtend","Minty Spire (QoL Compilation)","MostiFishMod","Quarter Circle Forward PUNCH!","Quick Restart","Replay The Spire","Spicy Shops","StSLib","The Marked","【功能Mod】混沌之环修复补丁","【功能Mod】聪明的最终Boss","【遗物卡牌】REMEMod"],"gold_per_floor":[109,109,128,140,154,179,179,192,192,221,71,97,97,112,112,212,212,228,153,5,5,16,42,42,92,92,92,123,398,417,428,428,525,525,542,558,558,612,673,707,707,723,723,723,735,749,783,62,62,62],"floor_reached":51,"language":"ZHS","playtime":2049,"items_purged":["Regret"],"score":1449,"play_id":"a08d3344-6b98-47be-855f-0bb1587994d1","local_time":"20210218215330","is_ascension_mode":true,"campfire_choices":[{"data":"AT_FamilyPortrait","floor":7.0,"key":"SMITH"},{"data":"Replay:Undeath\u0027s Touch","floor":15.0,"key":"SMITH"},{"floor":24,"key":"RECALL"},{"data":"Limit Break","floor":27,"key":"SMITH"},{"data":"Dropkick","floor":32,"key":"SMITH"},{"data":"Replay:Many Hands","floor":41,"key":"SMITH"},{"data":"SolemnVow","floor":44,"key":"SMITH"},{"data":"Defend_R","floor":49,"key":"PURGE"}],"circlet_count":0,"master_deck":["AscendersBane","Strike_R","Strike_R","Strike_R","Strike_R","Defend_R","Defend_R","Defend_R","Bash","SolemnVow+1","AT_FamilyPortrait+1","Replay:Undeath\u0027s Touch+1","Pommel Strike+1","Dropkick+1","Reaper","AT_ShrugMaster","Limit Break+1","MostiFishMod:FlyOverUtopia","Replay:Many Hands+1","REME_ACTH+1"],"relics":["Burning Blood","AT_ATBox","DaveBox","REME_ComplimentaryCards","PatriotShield","FossilizedHelix","SynthV:TestCard","LetterFromLob","Meat on the Bone","AT_ArcaneBoots","HandDrill","Charon\u0027s Ashes","xbg","Sling","Ornamental Fan","Art of War","AT_SilvercatRing","Blue Doll","Busted Crown","AT_BellDemon","Mango","Bottled Flame","AT_ForceNature","Mirror","Replay:Bottled Steam","Frozen Egg 2","ReplayTheSpireMod:Spearhead","AT_ChloranthyRing","Letter Opener","Replay:Multitool","Gremlin Horn","PreservedInsect","SynthV:C4","Chemical X","ReplayTheSpireMod:Lightbulb"],"acts_visited":["Exordium","TheCity","TheBeyond"],"potions_floor_usage":[17,30,33,33,47,47],"damage_taken":[{"damage":0.0,"enemies":"Jaw Worm","floor":1.0,"turns":2.0},{"damage":0.0,"enemies":"Cultist","floor":3.0,"turns":2.0},{"damage":0.0,"enemies":"2 Louse","floor":4.0,"turns":1.0},{"damage":0.0,"enemies":"Exordium Thugs","floor":5.0,"turns":4.0},{"damage":0.0,"enemies":"Lagavulin","floor":6.0,"turns":2.0},{"damage":0.0,"enemies":"Looter","floor":8.0,"turns":1.0},{"damage":0.0,"enemies":"Gremlin Nob","floor":10.0,"turns":3.0},{"damage":0.0,"enemies":"Lagavulin","floor":12.0,"turns":3.0},{"damage":0.0,"enemies":"Blue Slaver","floor":14.0,"turns":2.0},{"damage":0,"enemies":"Fading Forest","floor":16,"turns":11},{"damage":0,"enemies":"Shell Parasite","floor":18,"turns":1},{"damage":11,"enemies":"2 Thieves","floor":22,"turns":2},{"damage":0,"enemies":"Slavers","floor":23,"turns":2},{"damage":12,"enemies":"Gremlin Leader","floor":28,"turns":3},{"damage":0,"enemies":"Shelled Parasite and Fungi","floor":30,"turns":2},{"damage":8,"enemies":"Snake Plant","floor":31,"turns":2},{"damage":65,"enemies":"Automaton","floor":33,"turns":8},{"damage":0,"enemies":"Orb Walker","floor":35,"turns":2},{"damage":0,"enemies":"3 Darklings","floor":36,"turns":2},{"damage":34,"enemies":"2 Orb Walkers","floor":38,"turns":2},{"damage":0,"enemies":"Giant Head","floor":40,"turns":3},{"damage":14,"enemies":"4 Shapes","floor":42,"turns":1},{"damage":0,"enemies":"Writhing Mass","floor":45,"turns":1},{"damage":0,"enemies":"3 Darklings","floor":46,"turns":1},{"damage":36,"enemies":"R_Hoarder","floor":47,"turns":5},{"damage":0,"enemies":"Replay:Hell Engine","floor":50,"turns":2},{"damage":0,"enemies":"Malkuth","floor":51,"turns":1},{"damage":16,"enemies":"Hod","floor":51,"turns":2},{"damage":0,"enemies":"Chesed","floor":51,"turns":1}],"seed_played":"-5987197576150910584","potions_obtained":[{"floor":1.0,"key":"Swift Potion"},{"floor":6.0,"key":"FearPotion"},{"floor":12.0,"key":"Energy Potion"},{"floor":16,"key":"REME_GoldPotion"},{"floor":18,"key":"FearPotion"},{"floor":30,"key":"Weak Potion"},{"floor":42,"key":"BlessingOfTheForge"},{"floor":46,"key":"Strength Potion"},{"floor":47,"key":"CultistPotion"}],"is_trial":false,"path_per_floor":["M","?","M","M","M","E","R","M","T","E","$","E","?","M","R","B",null,"M","?","$","?","M","E","R","T","T","R","E","?","M","M","R","B",null,"M","M","T","?","?","E","R","M","T","R","M","M","E","$","R","B",null],"character_chosen":"IRONCLAD","items_purchased":["HandDrill","Sling","PreservedInsect","SynthV:C4","Chemical X","ReplayTheSpireMod:Lightbulb"],"campfire_rested":0,"item_purchase_floors":[11,20,48,48,48,48],"current_hp_per_floor":[78,78,80,80,80,80,80,80,80,80,80,80,80,80,80,80,80,80,80,80,80,80,80,80,80,80,80,74,74,80,78,78,55,74,80,80,80,66,43,76,76,94,94,94,94,94,64,64,64,70],"gold":62,"neow_bonus":"ONE_RARE_RELIC","is_daily":false,"chose_seed":false,"campfire_upgraded":6,"win_rate":0.0,"timestamp":1613656410,"path_taken":["M","?","M","M","?","E","R","M","T","E","$","E","?","M","R","BOSS","M","?","$","?","M","E","R","?","T","R","E","?","?","M","R","BOSS","M","?","?","?","?","E","R","M","T","R","?","M","E","$","R","BOSS"],"items_purchased_type":["Relic","Relic","Relic","Relic","Relic","Relic"],"build_version":"2020-12-22","purchased_purges":1,"victory":true,"max_hp_per_floor":[80,80,80,80,80,80,80,80,80,80,80,80,80,80,80,80,80,80,80,80,80,80,80,80,80,80,80,80,80,80,80,80,80,80,80,80,80,94,94,94,94,94,94,94,94,94,94,94,94,94],"card_choices":[{"not_picked":["Iron Wave","Anger","Evolve"],"picked":"SKIP","floor":1.0},{"not_picked":["Second Wind","Run Through","Defy Death","AT_IchimonjiDouble","ReplayTheSpireMod:LeadingStrike"],"picked":"SKIP","floor":3.0},{"not_picked":["Dual Wield","Uppercut","Anger","Pommel Strike"],"picked":"Replay:Undeath\u0027s Touch","floor":4.0},{"not_picked":["Combust","Disarm","Replay:Undeath\u0027s Touch","Twin Strike"],"picked":"Pommel Strike","floor":5.0},{"not_picked":["True Grit","Havoc","Shrug It Off","Flame Barrier"],"picked":"Dropkick","floor":6.0},{"not_picked":["Replay:Undeath\u0027s Touch","Fire Breathing","Clothesline","Anger"],"picked":"Reaper","floor":8.0},{"not_picked":["ReplayTheSpireMod:Corrosion Curse","MostiFishMod:Chiaki","Life Link","Body Slam"],"picked":"AT_ShrugMaster","floor":10.0},{"not_picked":["Reaper","Pommel Strike","Sentinel","Replay:Undeath\u0027s Touch","Anger"],"picked":"SKIP","floor":12.0},{"not_picked":["ReplayTheSpireMod:Corrosion Curse","True Grit","Iron Wave","Reckless Charge","Clash"],"picked":"SKIP","floor":14.0},{"not_picked":["Offering","MostiFishMod:RainCloud","Juggernaut","MostiFishMod:FireWorks"],"picked":"Limit Break","floor":16},{"not_picked":["Thunderclap","Cleave","Abandon","Twin Strike","Fire Breathing"],"picked":"SKIP","floor":18},{"not_picked":["Entrench","MostiFishMod:BrandingRite","Warcry","Twin Strike","Headbutt+1"],"picked":"SKIP","floor":22},{"not_picked":["Cleave","Shockwave","Dropkick","AT_CaressingTears+1","Sword Boomerang+1"],"picked":"SKIP","floor":23},{"not_picked":["Hemokinesis","True Grit","Burning Pact","ReplayReversal","Wild Strike"],"picked":"SKIP","floor":28},{"not_picked":["Replay:Undeath\u0027s Touch","Warcry","Thunderclap","Corruption","Fire Breathing+1"],"picked":"SKIP","floor":30},{"not_picked":["Warcry","Power Through","Clothesline","AT_BodySlamDance","Wild Strike"],"picked":"SKIP","floor":31},{"not_picked":["Hemogenesis","Replay:Many Hands","REME_Fury","MostiFishMod:Mania"],"picked":"MostiFishMod:FlyOverUtopia","floor":33},{"not_picked":["Perfected Strike+1","Havoc+1","Cleave"],"picked":"SKIP","floor":35},{"not_picked":["Armaments+1","Twin Strike","ReplayTheSpireMod:Corrosion Curse"],"picked":"SKIP","floor":36},{"not_picked":["True Grit+1","Inflame"],"picked":"Replay:Many Hands","floor":40},{"not_picked":["AT_BodySlamDance","True Grit+1","Run Through"],"picked":"SKIP","floor":42},{"not_picked":["Carnage","AT_IchimonjiDouble","Defy Death"],"picked":"SKIP","floor":45},{"not_picked":["Wild Strike+1","Armaments"],"picked":"REME_ACTH","floor":46},{"not_picked":["Sword Boomerang+1","True Grit+1","MostiFishMod:NewArrival"],"picked":"SKIP","floor":47}],"player_experience":146776,"relics_obtained":[{"floor":1.0,"key":"SynthV:TestCard"},{"floor":1.0,"key":"LetterFromLob"},{"floor":6.0,"key":"Meat on the Bone"},{"floor":10.0,"key":"AT_SpeedBoots"},{"floor":12.0,"key":"Charon\u0027s Ashes"},{"floor":23,"key":"Ornamental Fan"},{"floor":25,"key":"Art of War"},{"floor":26,"key":"AT_SilvercatRing"},{"floor":28,"key":"Blue Doll"},{"floor":37,"key":"AT_BellDemon"},{"floor":38,"key":"Mango"},{"floor":38,"key":"Bottled Flame"},{"floor":39,"key":"AT_ForceNature"},{"floor":40,"key":"Mirror"},{"floor":40,"key":"Replay:Bottled Steam"},{"floor":42,"key":"Frozen Egg 2"},{"floor":43,"key":"ReplayTheSpireMod:Spearhead"},{"floor":45,"key":"AT_ChloranthyRing"},{"floor":46,"key":"Letter Opener"},{"floor":47,"key":"Replay:Multitool"},{"floor":47,"key":"Gremlin Horn"}],"event_choices":[{"cards_removed":["Injury"],"damage_healed":0.0,"max_hp_gain":0.0,"max_hp_loss":0.0,"gold_gain":0.0,"event_name":"Fountain of Cleansing","player_choice":"Removed Curses","floor":2.0,"gold_loss":0.0,"damage_taken":0.0},{"damage_healed":0.0,"max_hp_gain":0.0,"max_hp_loss":0.0,"gold_gain":0.0,"event_name":"Match and Keep!","player_choice":"0 cards matched","floor":13.0,"gold_loss":0.0,"damage_taken":0.0,"cards_obtained":[]},{"cards_removed":["Strike_R"],"damage_healed":0,"gold_gain":0,"player_choice":"Gave Gold","damage_taken":0,"max_hp_gain":0,"max_hp_loss":0,"event_name":"Beggar","floor":19,"gold_loss":75},{"damage_healed":0,"gold_gain":0,"player_choice":"Ignored","damage_taken":0,"max_hp_gain":0,"max_hp_loss":0,"event_name":"Ghosts","floor":21,"gold_loss":0},{"damage_healed":0,"gold_gain":275,"player_choice":"Desecrate","damage_taken":0,"max_hp_gain":0,"max_hp_loss":0,"event_name":"Golden Shrine","floor":29,"gold_loss":0,"cards_obtained":["Regret"]},{"damage_healed":0,"gold_gain":0,"player_choice":"Fight","damage_taken":0,"max_hp_gain":0,"max_hp_loss":0,"event_name":"Mysterious Sphere","floor":38,"gold_loss":0}],"is_beta":false,"boss_relics":[{"not_picked":["EE1DDrone","Electric Blood"],"picked":"xbg"},{"not_picked":["HereWithMe","Sozu"],"picked":"Busted Crown"}],"items_purged_floors":[48],"is_endless":false,"potions_floor_spawned":[1,6,12,16,18,28,30,31,38,42,46,47],"ascension_level":12}}