{"host":"5ezk7t18wcb10u1o","time":1613648267,"event":{"mods":["BaseMod","Bestiary","Colored Powertips","Minty Spire (QoL Compilation)","Relic Sorter"],"gold_per_floor":[112,123,123,133,149,149,175,175,199,199,216,216,216,216,216,346,346,365,365,111,36,52,52,68,88,143,143,152,152,181,181,181,181,181],"floor_reached":33,"language":"ENG","playtime":3177,"items_purged":["Injury"],"score":392,"play_id":"a7ff5096-06b0-46c3-bcdb-3a8be91548de","local_time":"20210218113747","is_ascension_mode":true,"campfire_choices":[{"floor":6.0,"key":"REST"},{"floor":8.0,"key":"REST"},{"data":"Setup","floor":12,"key":"SMITH"},{"floor":15,"key":"DIG"},{"floor":23,"key":"REST"},{"floor":27,"key":"REST"},{"floor":29,"key":"DIG"},{"floor":32,"key":"REST"}],"circlet_count":0,"master_deck":["AscendersBane","Strike_G","Strike_G","Strike_G","Defend_G","Defend_G","Defend_G","Defend_G","Defend_G","Survivor","Neutralize","Sucker Punch","Dagger Throw","Setup+1","Terror","Dagger Throw","Envenom+1","Doppelganger+1","Deflect+1","Crippling Poison+1","Backflip","Footwork+1","Footwork+1","Blade Dance","Reflex","Writhe","Slice+1"],"relics":["HoveringKite","Tiny Chest","Frozen Egg 2","Golden Idol","Shovel","Astrolabe","Mango","Vajra","CeramicFish","Smiling Mask","Bottled Flame","Pen Nib","Nunchaku"],"acts_visited":["Exordium","TheCity"],"potions_floor_usage":[25,30,33],"damage_taken":[{"damage":5.0,"enemies":"Cultist","floor":1.0,"turns":5.0},{"damage":2.0,"enemies":"Jaw Worm","floor":2.0,"turns":5.0},{"damage":1.0,"enemies":"Small Slimes","floor":4.0,"turns":3.0},{"damage":25.0,"enemies":"Exordium Thugs","floor":5.0,"turns":6.0},{"damage":13.0,"enemies":"Gremlin Nob","floor":7.0,"turns":4.0},{"damage":0.0,"enemies":"Large Slime","floor":11.0,"turns":4.0},{"damage":29,"enemies":"The Guardian","floor":16,"turns":13},{"damage":37,"enemies":"Chosen","floor":18,"turns":6},{"damage":12,"enemies":"3 Byrds","floor":22,"turns":5},{"damage":17,"enemies":"Cultist and Chosen","floor":24,"turns":8},{"damage":24,"enemies":"Snake Plant","floor":25,"turns":3},{"damage":12,"enemies":"Centurion and Healer","floor":30,"turns":4},{"damage":64,"enemies":"Champ","floor":33,"turns":16}],"seed_played":"6146960384207506952","potions_obtained":[{"floor":1.0,"key":"FearPotion"},{"floor":7.0,"key":"Fire Potion"},{"floor":22,"key":"SteroidPotion"},{"floor":24,"key":"Strength Potion"},{"floor":25,"key":"SteroidPotion"}],"is_trial":false,"path_per_floor":["M","M","T","M","M","R","E","R","T","?","M","R","?","T","R","B",null,"M","T","$","$","M","R","M","M","T","R","?","R","M","?","R","B"],"character_chosen":"THE_SILENT","items_purchased":["Footwork+1","Vajra","Footwork+1"],"campfire_rested":5,"item_purchase_floors":[20,20,21],"current_hp_per_floor":[58,56,56,55,30,51,38,59,59,70,70,70,70,70,70,41,63,26,40,40,40,28,53,36,12,12,37,37,37,25,25,50,0,0],"gold":181,"neow_bonus":"BOSS_RELIC","is_daily":false,"chose_seed":false,"campfire_upgraded":1,"win_rate":0.0,"timestamp":1613648267,"path_taken":["M","M","?","M","?","R","E","R","T","?","M","R","?","?","R","BOSS","M","?","?","$","M","R","M","M","T","R","?","R","M","?","R","BOSS"],"items_purchased_type":["Card","Relic","Card"],"build_version":"2020-12-22","purchased_purges":1,"victory":false,"max_hp_per_floor":[70,70,70,70,70,70,70,70,70,70,70,70,70,70,70,70,70,70,84,84,84,84,84,84,84,84,84,84,84,84,84,84,84,84],"card_choices":[{"not_picked":["Backstab","Flying Knee"],"picked":"Sucker Punch","floor":1.0},{"not_picked":["Underhanded Strike","Sucker Punch"],"picked":"Dagger Throw","floor":2.0},{"not_picked":["Underhanded Strike","After Image"],"picked":"Setup","floor":4.0},{"not_picked":["Underhanded Strike","Blade Dance"],"picked":"Terror","floor":5.0},{"not_picked":["Dodge and Roll","Sucker Punch"],"picked":"Infinite Blades","floor":7.0},{"not_picked":["PiercingWail","Outmaneuver"],"picked":"Dagger Throw","floor":11},{"not_picked":["Unload","Phantasmal Killer"],"picked":"Envenom+1","floor":16},{"not_picked":["Dagger Throw","Acrobatics"],"picked":"Backflip","floor":18},{"not_picked":["Poisoned Stab","Bane"],"picked":"Blade Dance","floor":22},{"not_picked":["Well Laid Plans+1","Terror"],"picked":"Reflex","floor":24},{"not_picked":["Eviscerate","Poisoned Stab","Outmaneuver+1"],"picked":"SKIP","floor":25},{"not_picked":["Underhanded Strike","Acrobatics"],"picked":"Slice+1","floor":30}],"player_experience":1229799,"relics_obtained":[{"floor":3.0,"key":"Bottled Flame"},{"floor":7.0,"key":"Pen Nib"},{"floor":9.0,"key":"Tiny Chest"},{"floor":14,"key":"Shovel"},{"floor":15,"key":"Frozen Egg 2"},{"floor":19,"key":"Mango"},{"floor":26,"key":"CeramicFish"},{"floor":29,"key":"Nunchaku"}],"event_choices":[{"damage_healed":23.0,"max_hp_gain":0.0,"max_hp_loss":0.0,"gold_gain":0.0,"event_name":"Big Fish","player_choice":"Banana","floor":10.0,"gold_loss":0.0,"damage_taken":0.0},{"damage_healed":0,"gold_gain":0,"player_choice":"Take Wound","damage_taken":0,"relics_obtained":["Golden Idol"],"max_hp_gain":0,"max_hp_loss":0,"event_name":"Golden Idol","floor":13,"gold_loss":0,"cards_obtained":["Injury"]},{"damage_healed":0,"gold_gain":0,"player_choice":"Opened","damage_taken":0,"relics_obtained":["Smiling Mask"],"max_hp_gain":0,"max_hp_loss":0,"event_name":"The Mausoleum","floor":28,"gold_loss":0,"cards_obtained":["Writhe"]},{"damage_healed":0,"gold_gain":0,"player_choice":"Ignored","damage_taken":0,"max_hp_gain":0,"max_hp_loss":0,"event_name":"Cursed Tome","floor":31,"gold_loss":0}],"is_beta":false,"boss_relics":[{"not_picked":["Busted Crown","Runic Pyramid"],"picked":"Astrolabe"}],"items_purged_floors":[20],"is_endless":false,"potions_floor_spawned":[1,7,22,24,25],"killed_by":"Champ","ascension_level":12}}