{"host":"qc8gw3x1c8jlo9fx","time":1613627993,"event":{"mods":["AchievementEnabler","BaseMod","Better Note","BetterRewards","Conspire","Hubris","Infinite Spire","Jedi Mod","Minty Spire (QoL Compilation)","Reliquary","Replay The Spire","StSLib","The IronCluck"],"gold_per_floor":[114,114,129,129,78,108,108,158,183,198,213,213,228,243,243,343,343,358,373,388,403,410,410,440,448,523,523,523],"floor_reached":27,"language":"ENG","playtime":888,"items_purged":[],"score":310,"play_id":"2047b088-c8b4-487e-9bf6-5a35409a48bb","local_time":"20210217225953","daily_mods":["Cursed Run","Uncertain Future","Lethality"],"is_ascension_mode":false,"campfire_choices":[{"floor":7,"key":"REST"},{"data":"jedi:fear","floor":12,"key":"SMITH"},{"data":"Inflame","floor":15,"key":"SMITH"},{"floor":23,"key":"REST"}],"circlet_count":0,"master_deck":["Strike_R","Strike_R","Strike_R","Strike_R","Strike_R","Defend_R","Defend_R","Defend_R","Defend_R","Bash","jedi:fear+1","Sword Boomerang+1","Anger","Cleave","Heavy Blade+1","hubris:Despair","Disarm","infinitespire:OneForAll","Intimidate","Inflame+1","hubris:Disease","Barricade","ReplayTheSpireMod:LeadingStrike","Armaments+1","Heavy Blade+1","Wild Strike","ReplayTheSpireMod:Muscle Training","Wild Strike","Metallicize","Twin Strike+1","jedi:thedog"],"relics":["Cursed Key","Darkstone Periapt","Du-Vu Doll","Blue Candle","Dream Catcher","reliquary:Buckler","reliquary:WritOfMandamus","Red Mask","Garlic","conspire:InfiniteJournal","conspire:Dentures"],"acts_visited":["Exordium","TheCity"],"potions_floor_usage":[19,22,25,25,25,25,27],"damage_taken":[{"damage":4,"enemies":"Jaw Worm","floor":1,"turns":2},{"damage":8,"enemies":"2 Louse","floor":3,"turns":2},{"damage":13,"enemies":"Gremlin Nob","floor":6,"turns":3},{"damage":0,"enemies":"Small Slimes","floor":10,"turns":1},{"damage":10,"enemies":"Exordium Wildlife","floor":11,"turns":3},{"damage":0,"enemies":"Large Slime","floor":13,"turns":3},{"damage":3,"enemies":"Looter","floor":14,"turns":2},{"damage":0,"enemies":"Slime Boss","floor":16,"turns":3},{"damage":9,"enemies":"Shell Parasite","floor":18,"turns":2},{"damage":5,"enemies":"3 Byrds","floor":19,"turns":3},{"damage":10,"enemies":"Snecko","floor":20,"turns":3},{"damage":21,"enemies":"Snake Plant","floor":21,"turns":2},{"damage":10,"enemies":"Masked Bandits","floor":22,"turns":3},{"damage":28,"enemies":"Nightmare","floor":24,"turns":6},{"damage":53,"enemies":"conspire:MimicChest","floor":25,"turns":5},{"damage":12,"enemies":"Centurion and Healer","floor":27,"turns":1}],"seed_played":"-4060160915487772418","potions_obtained":[{"floor":1,"key":"Fire Potion"},{"floor":3,"key":"Fire Potion"},{"floor":11,"key":"ColorlessPotion"},{"floor":20,"key":"ElixirPotion"},{"floor":21,"key":"EntropicBrew"},{"floor":25,"key":"Swift Potion"}],"is_trial":false,"path_per_floor":["M","?","M","?","$","E","R","?","T","M","M","R","M","M","R","B",null,"M","M","M","M","?","R","NM","?","T","M"],"character_chosen":"IRONCLAD","items_purchased":["Anger"],"campfire_rested":2,"item_purchase_floors":[5],"current_hp_per_floor":[76,76,68,65,65,52,76,76,82,82,72,72,72,69,69,75,92,83,78,68,47,37,64,36,1,7,0,0],"gold":523,"neow_bonus":"","is_daily":true,"chose_seed":false,"campfire_upgraded":2,"win_rate":0.0,"timestamp":1613627993,"path_taken":["M","?","M","?","$","E","R","?","T","M","M","R","M","M","R","BOSS","M","M","M","M","?","R","NM","?","T","M"],"items_purchased_type":["Card"],"build_version":"2020-12-22","purchased_purges":0,"victory":false,"max_hp_per_floor":[80,80,80,80,80,80,80,80,86,86,86,86,86,86,86,92,92,92,92,92,92,92,92,92,92,98,98,98],"card_choices":[{"not_picked":["Cleave","Life Link"],"picked":"jedi:fear","floor":1},{"not_picked":["Carnage","Searing Blow"],"picked":"Sword Boomerang","floor":3},{"not_picked":["Replay:Undeath\u0027s Touch","Clothesline"],"picked":"Cleave","floor":6},{"not_picked":["Sword Boomerang","Wild Strike"],"picked":"Heavy Blade","floor":7},{"not_picked":["Abandon","True Grit"],"picked":"Disarm","floor":10},{"not_picked":["Cleave","Second Wind"],"picked":"infinitespire:OneForAll","floor":11},{"not_picked":["Clash","hubris:SharpeningStone"],"picked":"Intimidate","floor":13},{"not_picked":["Flame Barrier","Cleave"],"picked":"Inflame","floor":14},{"not_picked":["Brutality","Bludgeon"],"picked":"Barricade","floor":16},{"not_picked":["Dark Embrace","ReplayTheSpireMod:Muscle Training"],"picked":"ReplayTheSpireMod:LeadingStrike","floor":18},{"not_picked":["Entrench","Pommel Strike"],"picked":"Armaments+1","floor":19},{"not_picked":["Shrug It Off","ReplayTheSpireMod:LeadingStrike"],"picked":"Heavy Blade+1","floor":20},{"not_picked":["Blood for Blood","Run Through"],"picked":"Wild Strike","floor":21},{"not_picked":["ReplayReversal","Demonic Infusion"],"picked":"ReplayTheSpireMod:Muscle Training","floor":22},{"not_picked":["Havoc","Warcry"],"picked":"Wild Strike","floor":23},{"not_picked":["Clash+1","True Grit"],"picked":"Metallicize","floor":24},{"not_picked":["Entrench","Searing Blow"],"picked":"Twin Strike+1","floor":25}],"player_experience":219900,"relics_obtained":[{"floor":6,"key":"Dream Catcher"},{"floor":9,"key":"reliquary:Buckler"},{"floor":22,"key":"Red Mask"},{"floor":24,"key":"Garlic"},{"floor":25,"key":"conspire:InfiniteJournal"},{"floor":26,"key":"conspire:Dentures"}],"event_choices":[{"damage_healed":0,"gold_gain":0,"player_choice":"Success","damage_taken":3,"relics_obtained":["Blue Candle"],"max_hp_gain":0,"max_hp_loss":0,"event_name":"Scrap Ooze","floor":4,"gold_loss":0},{"damage_healed":0,"gold_gain":50,"player_choice":"Gained Gold","damage_taken":0,"max_hp_gain":0,"max_hp_loss":0,"event_name":"Golden Wing","floor":8,"gold_loss":0},{"damage_healed":0,"gold_gain":0,"player_choice":"Fought Bandits","damage_taken":0,"max_hp_gain":0,"max_hp_loss":0,"event_name":"Masked Bandits","floor":22,"gold_loss":0}],"is_beta":false,"boss_relics":[{"not_picked":["Runic Pyramid","hubris:GrandSneckoEye"],"picked":"reliquary:WritOfMandamus"}],"items_purged_floors":[],"is_endless":true,"potions_floor_spawned":[1,3,11,16,18,20,21,25],"killed_by":"Centurion and Healer","ascension_level":0}}