{"host":"by8i6f8xc0ywpsd5","time":1613658981,"event":{"mods":["BaseMod","Colored Map","Downfall","Minty Spire (QoL Compilation)","Relic Stats","StSLib"],"gold_per_floor":[99,109,128,146,11,21,75,75,106,122,137,149,149,60,70,70,70,70],"floor_reached":16,"language":"ENG","playtime":1021,"items_purged":["champ:Strike"],"score":117,"play_id":"17cfbe05-ef08-4490-9303-dd30bd29246c","local_time":"20210218163621","is_ascension_mode":true,"campfire_choices":[{"floor":1.0,"key":"RECALL"},{"data":"champ:Taunt","floor":8.0,"key":"SMITH"},{"data":"champ:PreciseThrust","floor":13.0,"key":"SMITH"}],"circlet_count":0,"master_deck":["champ:Strike","champ:Strike","champ:Strike","champ:Defend","champ:Defend","champ:Defend","champ:Defend+1","champ:Execute+1","champ:Taunt+1","champ:PerfectedStrike","champ:AdrenalArmor+1","champ:PreciseThrust+1","champ:BerserkersShout","champ:AdrenalArmor","champ:FanOfKnives","champ:Backstep","champ:ShieldSigil","champ:Endure","champ:RapidStrikes","champ:TripleStrike"],"relics":["champ:ChampionCrown","War Paint"],"acts_visited":["Exordium"],"potions_floor_usage":[16],"damage_taken":[{"damage":10.0,"enemies":"Cultist","floor":2.0,"turns":3.0},{"damage":10.0,"enemies":"Small Slimes","floor":3.0,"turns":2.0},{"damage":10.0,"enemies":"2 Louse","floor":4.0,"turns":2.0},{"damage":15.0,"enemies":"downfall:FleeingMerchant","floor":5.0,"turns":4.0},{"damage":24.0,"enemies":"downfall:LooterAlt","floor":6.0,"turns":4.0},{"damage":24.0,"enemies":"3 Sentries","floor":9.0,"turns":5.0},{"damage":20.0,"enemies":"Blue Slaver","floor":10.0,"turns":4.0},{"damage":0.0,"enemies":"Gremlin Gang","floor":11.0,"turns":1.0},{"damage":6.0,"enemies":"downfall:LooterAlt","floor":12.0,"turns":3.0},{"damage":22.0,"enemies":"downfall:FleeingMerchant","floor":14.0,"turns":4.0},{"damage":30.0,"enemies":"Red Slaver","floor":15.0,"turns":4.0},{"damage":105,"enemies":"WA_ARCHETYPE_RETAIN","floor":16,"turns":10}],"seed_played":"-6673310398224543079","potions_obtained":[{"floor":3.0,"key":"LiquidBronze"},{"floor":6.0,"key":"Weak Potion"},{"floor":10.0,"key":"Explosive Potion"},{"floor":11.0,"key":"BlessingOfTheForge"}],"is_trial":false,"path_per_floor":["R","M","M","M","$","M","T","R","E","M","M","M","R","$","M","B"],"character_chosen":"THE_CHAMP","items_purchased":["champ:AdrenalArmor","champ:RapidStrikes"],"campfire_rested":0,"item_purchase_floors":[5,14],"current_hp_per_floor":[90,90,90,90,85,81,81,81,77,77,77,76,76,69,59,0,0,0],"gold":70,"neow_bonus":"UPGRADE_CARD","is_daily":false,"chose_seed":false,"campfire_upgraded":2,"win_rate":0.0,"timestamp":1613658981,"path_taken":["R","M","M","M","$","M","T","R","E","?","M","M","R","$","M","BOSS"],"items_purchased_type":["Card","Card"],"build_version":"2020-12-22","purchased_purges":1,"victory":false,"max_hp_per_floor":[90,90,90,90,90,90,90,90,90,90,90,90,90,90,90,90,90,90],"relic_stats":{"counters":[12,46],"War Paint":["champ:AdrenalArmor","champ:Defend"],"obtain_stats":[{"champ:ChampionCrown":0,"War Paint":9},{"champ:ChampionCrown":0,"War Paint":6},{"champ:ChampionCrown":0,"War Paint":20}]},"card_choices":[{"not_picked":["champ:Shatter","champ:BladeFlurry"],"picked":"champ:PerfectedStrike","floor":2.0},{"not_picked":["champ:Parry","champ:EnragedBash"],"picked":"champ:AdrenalArmor","floor":3.0},{"not_picked":["champ:FancyFootwork","champ:FaceSlap"],"picked":"champ:PreciseThrust","floor":4.0},{"not_picked":["champ:FalseCounter","champ:DancingMaster"],"picked":"champ:BerserkersShout","floor":5.0},{"not_picked":["champ:DefensiveShout","champ:BerserkersShout"],"picked":"champ:FanOfKnives","floor":6.0},{"not_picked":["champ:IronFortress","champ:PreemptiveStrike"],"picked":"champ:Backstep","floor":9.0},{"not_picked":["champ:Parry","champ:FaceSlap","champ:Shatter"],"picked":"SKIP","floor":10.0},{"not_picked":["champ:FocusedDefense","champ:ArenaPreparation"],"picked":"champ:ShieldSigil","floor":11.0},{"not_picked":["champ:FaceSlap","champ:ArenaPreparation"],"picked":"champ:Endure","floor":12.0},{"not_picked":["champ:Haymaker","champ:AdrenalArmor","champ:PreemptiveStrike"],"picked":"SKIP","floor":14.0},{"not_picked":["champ:BerserkersShout","champ:DefensiveShout"],"picked":"champ:TripleStrike","floor":15.0}],"player_experience":1817417,"relics_obtained":[{"floor":9.0,"key":"War Paint"}],"event_choices":[],"is_beta":false,"boss_relics":[],"items_purged_floors":[5],"is_endless":false,"potions_floor_spawned":[3,6,10,11],"killed_by":"WA_ARCHETYPE_RETAIN","ascension_level":2}}