{"host":"rq6soridv5n2augj","time":1613634356,"event":{"mods":["BaseMod","Downfall","Googly Eyes","Hermit","Marisa????????","Minty Spire (QoL Compilation)","READ ME - Guardian Mod","Remilia??????","Replay The Spire","StSLib","The Animator","The Cursed","The Hierophant","The Necromancer","The Senshi","The Servant 0.9.4"],"gold_per_floor":[117,131,111,126,219,219,219],"floor_reached":6,"language":"ENG","playtime":245,"items_purged":[],"score":50,"play_id":"c93a1922-c63b-49e6-9cf7-e660562c165f","local_time":"20210217234556","is_ascension_mode":true,"campfire_choices":[],"circlet_count":0,"master_deck":["Strike_B","Strike_B","Strike_B","Strike_B","Defend_B","Defend_B","Defend_B","Defend_B","Zap","Dualcast","Ball Lightning","Sweeping Beam","Conserve Battery","Storm","Heatsinks"],"relics":["Cracked Core","ReplayTheSpireMod:Lightbulb"],"acts_visited":["Exordium"],"potions_floor_usage":[6],"damage_taken":[{"damage":7,"enemies":"Small Slimes","floor":1,"turns":3},{"damage":0,"enemies":"Cultist","floor":2,"turns":2},{"damage":7,"enemies":"Jaw Worm","floor":4,"turns":3},{"damage":34,"enemies":"Gremlin Nob","floor":6,"turns":3}],"seed_played":"9036926427423711030","potions_obtained":[{"floor":3,"key":"Guardian:BlockOnCardUsePotion"},{"floor":4,"key":"DuplicationPotion"}],"is_trial":false,"path_per_floor":["M","M","?","M","?","E"],"character_chosen":"DEFECT","items_purchased":[],"campfire_rested":0,"item_purchase_floors":[],"current_hp_per_floor":[61,61,61,54,24,0,0],"gold":219,"neow_bonus":"RANDOM_COMMON_RELIC","is_daily":false,"chose_seed":false,"campfire_upgraded":0,"win_rate":0.0,"timestamp":1613634356,"path_taken":["M","M","?","?","?","E"],"items_purchased_type":[],"build_version":"2020-12-22","purchased_purges":0,"victory":false,"max_hp_per_floor":[75,75,75,75,75,75,75],"card_choices":[{"not_picked":["BasicCrystalCard","Doom and Gloom"],"picked":"Ball Lightning","floor":1},{"not_picked":["Go for the Eyes","Reinforced Body"],"picked":"Sweeping Beam","floor":2},{"not_picked":["Hologram","Gash","BootSequence"],"picked":"SKIP","floor":4},{"not_picked":["Rebound","Hologram"],"picked":"Conserve Battery","floor":5},{"not_picked":["Blizzard","Cold Snap"],"picked":"Storm","floor":5},{"not_picked":["Time Bomb","Ball Lightning"],"picked":"Heatsinks","floor":5}],"player_experience":399133,"relics_obtained":[],"event_choices":[{"damage_healed":0,"gold_gain":0,"player_choice":"Bought 1 Potion","damage_taken":0,"max_hp_gain":0,"max_hp_loss":0,"event_name":"The Woman in Blue","floor":3,"gold_loss":0}],"is_beta":false,"boss_relics":[],"items_purged_floors":[],"is_endless":false,"potions_floor_spawned":[4],"killed_by":"Gremlin Nob","ascension_level":8}}