{"host":"s509oin3ptw7n5v1","time":1613625580,"event":{"mods":["2.2 Compatiblity","AchievementEnabler","BaseMod","Colored Map","Colored Powertips","Highlight Path","Minty Spire (QoL Compilation)","Rare Cards Sparkle","Relic Stats","Spicy Shops","StSLib"],"gold_per_floor":[118,5,15,15,31,31,62,124,150,177,196,196,208,222,222,298,298,317,317,337,186,198,198,213,213,239,84,84,95,130,130,130,208,208,221,221,221,234,234,234],"floor_reached":39,"language":"ENG","playtime":3190,"items_purged":[],"score":699,"play_id":"01cfece1-452b-4864-a5fb-9579b61ace6d","local_time":"20210218001940","is_ascension_mode":true,"campfire_choices":[{"floor":6.0,"key":"REST"},{"floor":12.0,"key":"REST"},{"data":"Hologram","floor":15.0,"key":"SMITH"},{"floor":23.0,"key":"REST"},{"floor":25.0,"key":"REST"},{"data":"Creative AI","floor":32.0,"key":"SMITH"}],"circlet_count":0,"master_deck":["AscendersBane","Strike_B+1","Strike_B","Strike_B","Strike_B","Defend_B+1","Defend_B+1","Defend_B","Defend_B","Zap","Dualcast+1","Sunder","Loop","Doom and Gloom","Ball Lightning","Leap","Hologram+1","Glacier","Amplify","Sweeping Beam","White Noise","Echo Form","Darkness","FTL+1","Melter","Conserve Battery","Self Repair","Redo","Storm","Creative AI+1","Electrodynamics","Conserve Battery","Gash","Double Energy"],"relics":["Cracked Core","Smiling Mask","Centennial Puzzle","Turnip","Sozu","HornCleat","Runic Capacitor","Oddly Smooth Stone","Akabeko","War Paint","Inserter"],"acts_visited":["Exordium","TheCity","TheBeyond"],"potions_floor_usage":[],"damage_taken":[{"damage":7.0,"enemies":"Jaw Worm","floor":1.0,"turns":3.0},{"damage":8.0,"enemies":"2 Louse","floor":3.0,"turns":2.0},{"damage":0.0,"enemies":"Cultist","floor":5.0,"turns":2.0},{"damage":13.0,"enemies":"Gremlin Nob","floor":7.0,"turns":4.0},{"damage":21.0,"enemies":"Lagavulin Event","floor":8.0,"turns":6.0},{"damage":5.0,"enemies":"Lagavulin","floor":10.0,"turns":7.0},{"damage":0.0,"enemies":"2 Fungi Beasts","floor":11.0,"turns":3.0},{"damage":0.0,"enemies":"Blue Slaver","floor":13.0,"turns":3.0},{"damage":0.0,"enemies":"Large Slime","floor":14.0,"turns":4.0},{"damage":33.0,"enemies":"Hexaghost","floor":16.0,"turns":9.0},{"damage":5.0,"enemies":"3 Byrds","floor":18.0,"turns":5.0},{"damage":1.0,"enemies":"Spheric Guardian","floor":20.0,"turns":4.0},{"damage":42.0,"enemies":"Chosen and Byrds","floor":22.0,"turns":6.0},{"damage":8.0,"enemies":"Cultist and Chosen","floor":24.0,"turns":5.0},{"damage":2.0,"enemies":"Centurion and Healer","floor":29.0,"turns":6.0},{"damage":10.0,"enemies":"Gremlin Leader","floor":30.0,"turns":5.0},{"damage":47.0,"enemies":"Automaton","floor":33.0,"turns":7.0},{"damage":36.0,"enemies":"3 Darklings","floor":35.0,"turns":3.0},{"damage":11.0,"enemies":"Orb Walker","floor":38.0,"turns":3.0},{"damage":50,"enemies":"4 Shapes","floor":39,"turns":3}],"seed_played":"-8671530206641939777","potions_obtained":[{"floor":3.0,"key":"Regen Potion"},{"floor":5.0,"key":"ColorlessPotion"},{"floor":10.0,"key":"Block Potion"},{"floor":14.0,"key":"SpeedPotion"},{"floor":16.0,"key":"LiquidMemories"}],"is_trial":false,"path_per_floor":["M","$","M","?","M","R","E","?","T","E","M","R","M","M","R","B",null,"M","?","M","$","M","R","M","R","T","$","T","M","E","?","R","B",null,"M","?","?","M","M"],"character_chosen":"DEFECT","items_purchased":["Loop","Doom and Gloom","Runic Capacitor","Conserve Battery","Self Repair","Redo"],"campfire_rested":4,"item_purchase_floors":[2,2,21,27,27,27],"current_hp_per_floor":[53,53,45,28,28,53,52,31,31,26,26,51,51,51,51,18,68,63,63,62,62,20,45,37,62,62,62,62,74,64,64,64,24,70,41,41,41,30,0,0],"gold":234,"neow_bonus":"TWENTY_PERCENT_HP_BONUS","is_daily":false,"chose_seed":false,"campfire_upgraded":2,"win_rate":0.0,"timestamp":1613625580,"path_taken":["M","$","M","?","M","R","E","?","T","E","M","R","M","M","R","BOSS","M","?","M","$","M","R","M","R","T","$","?","M","E","?","R","BOSS","M","?","?","?","M"],"items_purchased_type":["Card","Card","Relic","Card","Card","Card"],"build_version":"2020-12-22","purchased_purges":0,"victory":false,"max_hp_per_floor":[85,85,85,85,85,85,85,85,85,85,85,85,85,85,85,85,85,85,85,85,85,85,85,85,85,85,85,85,85,85,85,85,85,85,85,85,85,85,85,85],"relic_stats":{"Sozu":2,"Centennial Puzzle":[36],"Inserter":[4],"counters":[20,90],"Turnip":[9],"War Paint":["Defend_B","Dualcast"],"Smiling Mask":0,"obtain_stats":[{"Sozu":17,"Centennial Puzzle":8,"HornCleat":19,"Inserter":34,"Oddly Smooth Stone":26,"Turnip":10,"Runic Capacitor":21,"War Paint":30,"Cracked Core":0,"Smiling Mask":7,"Akabeko":28},{"Sozu":10,"Centennial Puzzle":5,"HornCleat":11,"Inserter":17,"Oddly Smooth Stone":14,"Turnip":6,"Runic Capacitor":12,"War Paint":16,"Cracked Core":0,"Smiling Mask":4,"Akabeko":14},{"Sozu":43,"Centennial Puzzle":17,"HornCleat":48,"Inserter":81,"Oddly Smooth Stone":63,"Turnip":24,"Runic Capacitor":52,"War Paint":74,"Cracked Core":0,"Smiling Mask":11,"Akabeko":63}]},"card_choices":[{"not_picked":["Steam","Turbo"],"picked":"Sunder","floor":1.0},{"not_picked":["Redo","Gash"],"picked":"Ball Lightning","floor":3.0},{"not_picked":["Recycle","Double Energy"],"picked":"Leap","floor":5.0},{"not_picked":["Streamline","Leap"],"picked":"Hologram","floor":7.0},{"not_picked":["Auto Shields","Genetic Algorithm"],"picked":"Glacier","floor":8.0},{"not_picked":["Ball Lightning","Rebound"],"picked":"Amplify","floor":10.0},{"not_picked":["Beam Cell","Coolheaded"],"picked":"Sweeping Beam","floor":11.0},{"not_picked":["Compile Driver","Fusion"],"picked":"White Noise","floor":13.0},{"not_picked":["Coolheaded","Beam Cell","Scrape"],"picked":"SKIP","floor":14.0},{"not_picked":["Thunder Strike","All For One"],"picked":"Echo Form","floor":16.0},{"not_picked":["Steam Power","Tempest"],"picked":"Darkness","floor":18.0},{"not_picked":["Beam Cell","Rip and Tear"],"picked":"FTL+1","floor":20.0},{"not_picked":["Sweeping Beam+1","Barrage"],"picked":"Melter","floor":22.0},{"not_picked":["Blizzard","Sweeping Beam","Beam Cell"],"picked":"SKIP","floor":24.0},{"not_picked":["Chill","Turbo"],"picked":"Storm","floor":29.0},{"not_picked":["Genetic Algorithm","Redo"],"picked":"Creative AI","floor":30.0},{"not_picked":["Buffer","Biased Cognition"],"picked":"Electrodynamics","floor":33.0},{"not_picked":["Barrage","Beam Cell"],"picked":"Conserve Battery","floor":35.0},{"not_picked":["Streamline+1","Conserve Battery"],"picked":"Double Energy","floor":38.0}],"player_experience":1211651,"relics_obtained":[{"floor":7.0,"key":"Smiling Mask"},{"floor":8.0,"key":"Centennial Puzzle"},{"floor":10.0,"key":"Turnip"},{"floor":19.0,"key":"HornCleat"},{"floor":26.0,"key":"Oddly Smooth Stone"},{"floor":28.0,"key":"Akabeko"},{"floor":30.0,"key":"War Paint"}],"event_choices":[{"damage_healed":0.0,"max_hp_gain":0.0,"max_hp_loss":0.0,"gold_gain":0.0,"event_name":"Shining Light","player_choice":"Entered Light","floor":4.0,"gold_loss":0.0,"damage_taken":17.0,"cards_upgraded":["Defend_B","Strike_B"]},{"damage_healed":0.0,"max_hp_gain":0.0,"max_hp_loss":0.0,"gold_gain":0.0,"event_name":"Dead Adventurer","player_choice":"Searched \u00271\u0027 times","floor":8.0,"gold_loss":0.0,"damage_taken":0.0},{"damage_healed":0.0,"max_hp_gain":0.0,"max_hp_loss":0.0,"gold_gain":0.0,"event_name":"Wheel of Change","player_choice":"Relic","floor":19.0,"gold_loss":0.0,"damage_taken":0.0},{"damage_healed":0.0,"max_hp_gain":0.0,"max_hp_loss":0.0,"gold_gain":0.0,"event_name":"Ghosts","player_choice":"Ignored","floor":31.0,"gold_loss":0.0,"damage_taken":0.0},{"damage_healed":0.0,"max_hp_gain":0.0,"max_hp_loss":0.0,"gold_gain":0.0,"event_name":"Tomb of Lord Red Mask","player_choice":"Ignored","floor":36.0,"gold_loss":0.0,"damage_taken":0.0},{"damage_healed":0.0,"max_hp_gain":0.0,"max_hp_loss":0.0,"gold_gain":0.0,"event_name":"Match and Keep!","player_choice":"1 cards matched","floor":37.0,"gold_loss":0.0,"damage_taken":0.0,"cards_obtained":["Gash"]}],"is_beta":false,"boss_relics":[{"not_picked":["Busted Crown","Velvet Choker"],"picked":"Sozu"},{"not_picked":["Snecko Eye","Pandora\u0027s Box"],"picked":"Inserter"}],"items_purged_floors":[],"is_endless":false,"potions_floor_spawned":[3,5,10,14,16,18,29],"killed_by":"4 Shapes","ascension_level":14}}