{"host":"lnnm69al9x392px5","time":1613623417,"event":{"mods":["BaseMod","Downfall","Minty Spire (QoL Compilation)","Reliquary","Replay The Spire","StSLib"],"gold_per_floor":[99,119,137,155,155,190,190,190,190,58,86,71,97,9,27,127,127,127,127,141,51,66,11,11,11,29,59,59,289,311,311,325,425,425,425,443,543,563,585,267,293,293,308,83,83,118,118,118,140,140,140,140],"floor_reached":50,"language":"ENG","playtime":2568,"items_purged":["hexamod:Strike","hexamod:Strike"],"score":625,"play_id":"67cd96ac-ccab-4540-97a1-fd20c2aba191","local_time":"20210217204337","is_ascension_mode":false,"campfire_choices":[{"data":"hexamod:VolcanoVisage","floor":1,"key":"SMITH"},{"data":"hexamod:Sear","floor":9,"key":"SMITH"},{"floor":18,"key":"RECALL"},{"data":"hexamod:HexaLevel","floor":28,"key":"SMITH"},{"floor":42,"key":"REST"},{"data":"Sadistic Nature","floor":45,"key":"SMITH"},{"floor":47,"key":"REST"}],"circlet_count":0,"master_deck":["hexamod:Defend","hexamod:Defend","hexamod:Defend","hexamod:Defend+1","hexamod:Sear+1","hexamod:Float","hexamod:VolcanoVisage+1","hexamod:FirstSeal","hexamod:Again","hexamod:SecondSeal","hexamod:ThirdSeal","hexamod:BurningTouch","hexamod:ExtraCrispy+1","hexamod:NightmareGuise+1","hexamod:AdvancingGuard","hexamod:ShieldOfDarkness+1","hexamod:FourthSeal","hexamod:Hexaguard","hexamod:GhostLash+1","hexamod:ExtraCrispy","hexamod:HexaLevel+1","hexamod:SwordOfDarkness","hexamod:FlamesFromBeyond","hexamod:Toasty","hexamod:BurningTouch","hexamod:GhostflameBarrier+1","hexamod:SpectersWail+1","hexamod:BurningTouch","hexamod:SoulSteal+1","hexamod:ThermalTransfer+1","hexamod:VolcanoVisage","hexamod:FifthSeal","hexamod:HeatCrush+1","hexamod:EtherealExpedition","hexamod:Incineration","Sadistic Nature+1","hexamod:SixthSeal","hexamod:Incineration+1","hexamod:PhantomCloak","hexamod:RainOfEmbers+1","hexamod:Firestarter+1"],"relics":["hexamod:SpiritBrand","Turnip","reliquary:PrincelyHelmet","reliquary:Buckler","expansioncontent:StudyCardRelic","Pondfish Scales","Lee\u0027s Waffle","Busted Crown","Chemical X","Shuriken","Red Mask","downfall:RedIOUUpgrade"],"acts_visited":["Exordium","TheCity","TheBeyond"],"potions_floor_usage":[16,23,27,29,38,43,46,46,49,50],"damage_taken":[{"damage":0,"enemies":"Cultist","floor":2,"turns":3},{"damage":5,"enemies":"2 Louse","floor":3,"turns":5},{"damage":8,"enemies":"Jaw Worm","floor":4,"turns":4},{"damage":43,"enemies":"3 Sentries","floor":6,"turns":11},{"damage":0,"enemies":"downfall:FleeingMerchant","floor":10,"turns":4},{"damage":0,"enemies":"Replay:BlueRogue","floor":11,"turns":7},{"damage":0,"enemies":"downfall:FleeingMerchant","floor":12,"turns":4},{"damage":1,"enemies":"Exordium Thugs","floor":13,"turns":5},{"damage":14,"enemies":"downfall:FleeingMerchant","floor":14,"turns":4},{"damage":13,"enemies":"Gremlin Gang","floor":15,"turns":5},{"damage":14,"enemies":"WA_ARCHETYPE_RETAIN","floor":16,"turns":6},{"damage":0,"enemies":"Shell Parasite","floor":20,"turns":4},{"damage":15,"enemies":"downfall:FleeingMerchant","floor":21,"turns":4},{"damage":0,"enemies":"Chosen","floor":22,"turns":4},{"damage":2,"enemies":"downfall:FleeingMerchant","floor":23,"turns":4},{"damage":1,"enemies":"Sentry and Sphere","floor":26,"turns":5},{"damage":27,"enemies":"Replay:Snechameleon","floor":27,"turns":7},{"damage":1,"enemies":"downfall:FleeingMerchant","floor":29,"turns":3},{"damage":20,"enemies":"Centurion and Healer","floor":30,"turns":5},{"damage":0,"enemies":"3 Cultists","floor":32,"turns":4},{"damage":66,"enemies":"SI_MIRROR_ARCHETYPE","floor":33,"turns":13},{"damage":11,"enemies":"Orb Walker","floor":36,"turns":3},{"damage":37,"enemies":"3 Darklings","floor":38,"turns":4},{"damage":3,"enemies":"Writhing Mass","floor":39,"turns":5},{"damage":12,"enemies":"4 Shapes","floor":43,"turns":4},{"damage":37,"enemies":"Nemesis","floor":46,"turns":7},{"damage":22,"enemies":"Transient","floor":49,"turns":5},{"damage":49,"enemies":"IC_BLOCK_ARCHETYPE","floor":50,"turns":2}],"seed_played":"6277989890559915216","potions_obtained":[{"floor":4,"key":"Dexterity Potion"},{"floor":11,"key":"hexamod:EctoCoolerPotion"},{"floor":13,"key":"sneckomod:MuddlingPotion"},{"floor":16,"key":"SteroidPotion"},{"floor":27,"key":"Swift Potion"},{"floor":29,"key":"Fruit Juice"},{"floor":30,"key":"GamblersBrew"},{"floor":39,"key":"AttackPotion"},{"floor":43,"key":"Weak Potion"},{"floor":46,"key":"Elixir"},{"floor":49,"key":"Regen Potion"}],"is_trial":false,"path_per_floor":["R","M","M","M","?","E","T","?","R","$","E","$","M","$","M","B",null,"R","?","M","$","M","$","T","?","M","E","R","$","M","?","M","B",null,"R","M","?","M","M","$","T","R","M","$","R","E","R","?","M","B"],"character_chosen":"THE_SPIRIT","items_purchased":["hexamod:ExtraCrispy","hexamod:NightmareGuise","hexamod:RainOfEmbers","hexamod:BurningTouch","Lee\u0027s Waffle","hexamod:Incineration","Sadistic Nature","Chemical X","hexamod:PhantomCloak"],"campfire_rested":2,"item_purchase_floors":[10,10,14,23,29,40,40,44,44],"current_hp_per_floor":[70,70,70,69,69,33,33,38,38,45,52,59,65,58,52,38,75,75,75,75,60,67,65,65,65,71,51,51,87,67,67,67,1,87,87,76,76,39,36,36,36,62,50,50,50,13,39,39,17,0,0,0],"gold":140,"neow_bonus":"ONE_RANDOM_RARE_CARD","is_daily":false,"chose_seed":false,"campfire_upgraded":4,"win_rate":0.0,"timestamp":1613623417,"path_taken":["R","M","M","M","?","E","T","?","R","$","E","$","M","?","M","BOSS","R","?","M","$","?","?","T","?","?","E","R","?","M","?","M","BOSS","R","M","?","M","?","$","T","R","M","$","R","E","R","?","M","BOSS"],"items_purchased_type":["Card","Card","Card","Card","Relic","Card","Card","Relic","Card"],"build_version":"2020-12-22","purchased_purges":2,"victory":false,"max_hp_per_floor":[70,70,70,70,70,70,70,75,75,75,75,75,75,75,75,75,75,75,75,75,75,75,75,75,75,75,75,75,87,87,87,87,87,87,87,87,87,87,87,87,87,87,87,87,87,87,87,87,87,87,87,87],"card_choices":[{"not_picked":["hexamod:GhostShield","hexamod:EmpoweredFlame"],"picked":"hexamod:FirstSeal","floor":2},{"not_picked":["hexamod:SuperheatedStrike","hexamod:FastForward"],"picked":"hexamod:Again","floor":3},{"not_picked":["hexamod:GhostLash","hexamod:NightmareGuise"],"picked":"hexamod:SecondSeal","floor":4},{"not_picked":["hexamod:HauntingEcho","hexamod:FirstSeal"],"picked":"hexamod:ThirdSeal","floor":6},{"not_picked":["hexamod:RadiantFlame","hexamod:HauntingEcho"],"picked":"hexamod:BurningTouch","floor":10},{"not_picked":["hexamod:FirstSeal","hexamod:SecondSeal"],"picked":"hexamod:AdvancingGuard","floor":11},{"not_picked":["hexamod:AdvancingGuard","hexamod:FirstSeal"],"picked":"hexamod:ShieldOfDarkness","floor":11},{"not_picked":["hexamod:ShieldOfDarkness","hexamod:NightmareGuise"],"picked":"hexamod:FourthSeal","floor":12},{"not_picked":["hexamod:PowerFromBeyond","hexamod:TurnItUp"],"picked":"hexamod:Hexaguard","floor":12},{"not_picked":["hexamod:NightmareStrike","hexamod:FastForward"],"picked":"hexamod:GhostLash","floor":13},{"not_picked":["hexamod:BacktrackSmack","hexamod:HauntingEcho"],"picked":"hexamod:ExtraCrispy","floor":13},{"not_picked":["hexamod:ShieldOfDarkness","hexamod:Firestarter"],"picked":"hexamod:HexaLevel","floor":14},{"not_picked":["hexamod:SpectersWail","hexamod:HeatMetal"],"picked":"hexamod:SwordOfDarkness","floor":15},{"not_picked":["hexamod:Again","hexamod:HauntingEcho"],"picked":"hexamod:FlamesFromBeyond","floor":15},{"not_picked":["hexamod:TimeWarp","hexamod:ApocalypticArmor"],"picked":"hexamod:Toasty","floor":16},{"not_picked":["hexamod:NecessarySacrifice","hexamod:PhantomFireball+1"],"picked":"hexamod:BurningTouch","floor":20},{"not_picked":["hexamod:FourthSeal","hexamod:Hexaguard"],"picked":"hexamod:GhostflameBarrier","floor":21},{"not_picked":["hexamod:GhostLash","hexamod:HeatCrush","hexamod:NightmareGuise+1"],"picked":"SKIP","floor":22},{"not_picked":["hexamod:HeatMetal","hexamod:BacktrackSmack"],"picked":"hexamod:SpectersWail+1","floor":23},{"not_picked":["hexamod:PhantomFireball","hexamod:PowerFromBeyond","hexamod:SpectralAdrenaline"],"picked":"SKIP","floor":26},{"not_picked":["hexamod:GhostShield","hexamod:NightmareStrike"],"picked":"hexamod:SoulSteal+1","floor":27},{"not_picked":["hexamod:FirstSeal","hexamod:SoulSteal","hexamod:NightmareStrike"],"picked":"SKIP","floor":27},{"not_picked":["hexamod:SwordOfDarkness","hexamod:GhostLash"],"picked":"hexamod:ThermalTransfer+1","floor":29},{"not_picked":["hexamod:GhostLash","hexamod:Hexaguard","hexamod:Toasty"],"picked":"SKIP","floor":30},{"not_picked":["hexamod:PowerFromBeyond","hexamod:NightmareStrike","hexamod:HeatShield"],"picked":"SKIP","floor":32},{"not_picked":["hexamod:TimeWarp","hexamod:SearingWound"],"picked":"hexamod:VolcanoVisage","floor":33},{"not_picked":[],"picked":"hexamod:HeatCrush+1","floor":36},{"not_picked":["hexamod:InspiringFlames"],"picked":"SKIP","floor":36},{"not_picked":["hexamod:HauntingEcho"],"picked":"SKIP","floor":38},{"not_picked":[],"picked":"hexamod:EtherealExpedition","floor":39},{"not_picked":["hexamod:ThermalTransfer"],"picked":"SKIP","floor":39},{"not_picked":["hexamod:FourthSeal","hexamod:FirstSeal"],"picked":"hexamod:SixthSeal","floor":43},{"not_picked":[],"picked":"hexamod:Incineration+1","floor":43},{"not_picked":[],"picked":"hexamod:RainOfEmbers+1","floor":46},{"not_picked":[],"picked":"hexamod:Firestarter+1","floor":49}],"player_experience":312595,"relics_obtained":[{"floor":6,"key":"Turnip"},{"floor":7,"key":"reliquary:PrincelyHelmet"},{"floor":11,"key":"reliquary:Buckler"},{"floor":24,"key":"Pondfish Scales"},{"floor":27,"key":"War Paint"},{"floor":46,"key":"Shuriken"}],"event_choices":[{"cards_removed":["hexamod:Strike"],"damage_healed":0,"gold_gain":0,"player_choice":"Card Removal","damage_taken":0,"max_hp_gain":0,"max_hp_loss":0,"event_name":"The Cleric","floor":5,"gold_loss":0},{"damage_healed":0,"gold_gain":0,"player_choice":"Donut","damage_taken":0,"max_hp_gain":5,"max_hp_loss":0,"event_name":"Big Fish","floor":8,"gold_loss":0},{"damage_healed":0,"gold_gain":0,"player_choice":"Got Potions","damage_taken":0,"max_hp_gain":0,"max_hp_loss":0,"event_name":"Lab","floor":19,"gold_loss":0},{"damage_healed":0,"gold_gain":0,"player_choice":"Ignored","damage_taken":0,"max_hp_gain":0,"max_hp_loss":0,"event_name":"NoteForYourself","floor":25,"gold_loss":0}],"is_beta":false,"boss_relics":[{"not_picked":["hexamod:IceCube","Replay:Bronze Core"],"picked":"expansioncontent:StudyCardRelic"},{"not_picked":["Replay:Ancient Bell","Tiny House"],"picked":"Busted Crown"}],"items_purged_floors":[21,40],"is_endless":false,"potions_floor_spawned":[4,11,13,15,16,22,27,30,33,39,43,46],"killed_by":"IC_BLOCK_ARCHETYPE","ascension_level":0}}