{"host":"5mo0809oo9tcrmpl","time":1613622107,"event":{"mods":["BaseMod","Highlight Path","Minty Spire (QoL Compilation)","Relic Stats","Slay the Relics Exporter"],"gold_per_floor":[118,135,148,165,181,181,207,224,224,257,257,267,296,315,315,392,392,404,128,152,162,172,172,172,201,201,301,301,25,25,25,25,101,101,114,126,138,155,155,155,105,105,105,116,116,149,174,204,204,204,204],"floor_reached":50,"language":"ENG","playtime":1853,"items_purged":["Injury"],"score":1109,"play_id":"d9a92dcf-c458-4184-b25c-203b4810f6fe","local_time":"20210217222147","is_ascension_mode":true,"campfire_choices":[{"data":"Perfected Strike","floor":6.0,"key":"SMITH"},{"data":"Perfected Strike","floor":11.0,"key":"SMITH"},{"data":"Disarm","floor":15.0,"key":"SMITH"},{"data":"Metallicize","floor":23.0,"key":"SMITH"},{"floor":28.0,"key":"REST"},{"floor":32.0,"key":"REST"},{"floor":40.0,"key":"REST"},{"data":"Demon Form","floor":42.0,"key":"SMITH"},{"floor":45.0,"key":"REST"},{"floor":49.0,"key":"RECALL"}],"circlet_count":0,"master_deck":["AscendersBane","Strike_R","Strike_R","Strike_R","Strike_R","Strike_R","Defend_R","Defend_R","Defend_R","Defend_R","Bash","Perfected Strike+1","Metallicize+1","Cleave","Perfected Strike+1","Headbutt+1","Spot Weakness","Perfected Strike+1","Immolate","Disarm+1","Impervious","Shrug It Off","Doubt","True Grit+1","Battle Trance+1","Power Through+1","Shockwave+1","Ghostly Armor+1","Limit Break+1","Pommel Strike","Twin Strike+1","Parasite","Demon Form+1","Perfected Strike"],"relics":["Burning Blood","Orichalcum","Blue Candle","Smiling Mask","Vajra","Lantern","Cursed Key","Toxic Egg 2","Whetstone","Singing Bowl","Torii","Question Card","Bag of Marbles","Mark of Pain","CaptainsWheel","Prayer Wheel","Centennial Puzzle"],"acts_visited":["Exordium","TheCity","TheBeyond"],"potions_floor_usage":[50],"damage_taken":[{"damage":0.0,"enemies":"Cultist","floor":1.0,"turns":3.0},{"damage":12.0,"enemies":"Small Slimes","floor":2.0,"turns":3.0},{"damage":6.0,"enemies":"Jaw Worm","floor":3.0,"turns":2.0},{"damage":4.0,"enemies":"Looter","floor":4.0,"turns":3.0},{"damage":3.0,"enemies":"Large Slime","floor":5.0,"turns":6.0},{"damage":2.0,"enemies":"Gremlin Nob","floor":7.0,"turns":3.0},{"damage":7.0,"enemies":"2 Fungi Beasts","floor":8.0,"turns":3.0},{"damage":7.0,"enemies":"3 Sentries","floor":10.0,"turns":6.0},{"damage":5.0,"enemies":"Looter","floor":12.0,"turns":2.0},{"damage":20.0,"enemies":"Lagavulin","floor":13.0,"turns":5.0},{"damage":0.0,"enemies":"Gremlin Gang","floor":14.0,"turns":1.0},{"damage":23.0,"enemies":"The Guardian","floor":16.0,"turns":10.0},{"damage":17.0,"enemies":"3 Byrds","floor":18.0,"turns":3.0},{"damage":12.0,"enemies":"Shell Parasite","floor":21.0,"turns":2.0},{"damage":24.0,"enemies":"Shelled Parasite and Fungi","floor":22.0,"turns":4.0},{"damage":6.0,"enemies":"Book of Stabbing","floor":25.0,"turns":7.0},{"damage":20.0,"enemies":"Colosseum Slavers","floor":27.0,"turns":4.0},{"damage":13.0,"enemies":"Colosseum Nobs","floor":27.0,"turns":4.0},{"damage":41.0,"enemies":"Champ","floor":33.0,"turns":10.0},{"damage":6.0,"enemies":"Orb Walker","floor":35.0,"turns":3.0},{"damage":2.0,"enemies":"3 Shapes","floor":36.0,"turns":6.0},{"damage":47.0,"enemies":"Transient","floor":37.0,"turns":6.0},{"damage":9.0,"enemies":"Writhing Mass","floor":38.0,"turns":5.0},{"damage":10.0,"enemies":"Sphere and 2 Shapes","floor":44.0,"turns":5.0},{"damage":7.0,"enemies":"Giant Head","floor":46.0,"turns":5.0},{"damage":2.0,"enemies":"Mind Bloom Boss Battle","floor":47.0,"turns":5.0},{"damage":48.0,"enemies":"Nemesis","floor":48.0,"turns":7.0},{"damage":37,"enemies":"Awakened One","floor":50,"turns":2}],"seed_played":"3001415198017842418","potions_obtained":[{"floor":1.0,"key":"Block Potion"},{"floor":3.0,"key":"FearPotion"},{"floor":10.0,"key":"BlessingOfTheForge"},{"floor":13.0,"key":"PowerPotion"},{"floor":25.0,"key":"SkillPotion"},{"floor":27.0,"key":"Dexterity Potion"},{"floor":36.0,"key":"Strength Potion"},{"floor":38.0,"key":"AttackPotion"},{"floor":47.0,"key":"Energy Potion"},{"floor":48.0,"key":"Strength Potion"}],"is_trial":false,"path_per_floor":["M","M","M","M","M","R","E","M","T","E","R","M","E","M","R","B",null,"M","$","T","M","M","R","?","E","T","?","R","$","$","T","R","B",null,"M","M","M","M","?","R","$","R","T","M","R","E","?","E","R","B"],"character_chosen":"IRONCLAD","items_purchased":["Toxic Egg 2","Bag of Marbles","CultistPotion"],"campfire_rested":4,"item_purchase_floors":[19,29,29],"current_hp_per_floor":[74,68,68,70,73,73,75,74,74,73,73,74,60,66,66,49,69,58,58,58,52,34,34,34,34,34,13,35,35,35,35,57,22,62,62,66,27,24,24,47,47,47,47,43,66,67,73,33,33,0,0],"gold":204,"neow_bonus":"RANDOM_COMMON_RELIC","is_daily":false,"chose_seed":false,"campfire_upgraded":5,"win_rate":0.0,"timestamp":1613622107,"path_taken":["M","?","M","M","M","R","E","M","T","E","R","M","E","M","R","BOSS","M","$","?","M","M","R","?","E","T","?","R","$","?","?","R","BOSS","M","M","M","M","?","R","$","R","T","M","R","E","?","E","R","BOSS"],"items_purchased_type":["Relic","Relic","Potion"],"build_version":"2020-12-22","purchased_purges":1,"victory":false,"max_hp_per_floor":[75,75,75,75,75,75,75,75,75,75,75,75,75,75,75,75,75,75,75,75,75,75,75,75,75,75,75,75,75,75,75,75,75,75,75,75,77,77,77,77,77,77,77,77,77,79,81,83,83,83,83],"relic_stats":{"Singing Bowl":8,"Torii":7,"counters":[28,125],"Blue Candle":[10],"Whetstone":["Perfected Strike","Headbutt"],"Orichalcum":[390],"Smiling Mask":25,"Cursed Key":2,"Question Card":9,"Burning Blood":160,"Centennial Puzzle":[3],"Prayer Wheel":0,"obtain_stats":[{"Lantern":13,"Singing Bowl":25,"Torii":27,"Blue Candle":7,"Vajra":10,"Whetstone":20,"Orichalcum":0,"Smiling Mask":9,"Cursed Key":17,"Question Card":27,"Burning Blood":0,"CaptainsWheel":46,"Centennial Puzzle":48,"Prayer Wheel":47,"Mark of Pain":34,"Bag of Marbles":29,"Toxic Egg 2":19},{"Lantern":10,"Singing Bowl":16,"Torii":18,"Blue Candle":6,"Vajra":8,"Whetstone":13,"Orichalcum":0,"Smiling Mask":7,"Cursed Key":12,"Question Card":18,"Burning Blood":0,"CaptainsWheel":25,"Centennial Puzzle":27,"Prayer Wheel":26,"Mark of Pain":19,"Bag of Marbles":18,"Toxic Egg 2":13},{"Lantern":36,"Singing Bowl":63,"Torii":71,"Blue Candle":20,"Vajra":29,"Whetstone":50,"Orichalcum":0,"Smiling Mask":23,"Cursed Key":47,"Question Card":71,"Burning Blood":0,"CaptainsWheel":111,"Centennial Puzzle":123,"Prayer Wheel":116,"Mark of Pain":81,"Bag of Marbles":71,"Toxic Egg 2":50}]},"card_choices":[{"not_picked":["Seeing Red","Dual Wield"],"picked":"Perfected Strike","floor":1.0},{"not_picked":["Shrug It Off","Rupture"],"picked":"Metallicize","floor":2.0},{"not_picked":["Heavy Blade","Thunderclap"],"picked":"Cleave","floor":3.0},{"not_picked":["Shockwave","Headbutt"],"picked":"Perfected Strike","floor":4.0},{"not_picked":["Sword Boomerang","Power Through"],"picked":"Headbutt","floor":5.0},{"not_picked":["Clothesline","Iron Wave"],"picked":"Spot Weakness","floor":7.0},{"not_picked":["Cleave","Sword Boomerang","Pummel"],"picked":"SKIP","floor":8.0},{"not_picked":["True Grit","Feel No Pain"],"picked":"Perfected Strike","floor":10.0},{"not_picked":["Dropkick","Hemokinesis","Flex"],"picked":"SKIP","floor":12.0},{"not_picked":["Combust","Headbutt"],"picked":"Immolate","floor":13.0},{"not_picked":["Anger","Seeing Red"],"picked":"Disarm","floor":14.0},{"not_picked":["Immolate","Offering"],"picked":"Impervious","floor":16.0},{"not_picked":["Inflame","Clothesline"],"picked":"Shrug It Off","floor":18.0},{"not_picked":["Warcry+1","Hemokinesis"],"picked":"True Grit+1","floor":21.0},{"not_picked":["Clothesline","Flex+1"],"picked":"Battle Trance+1","floor":22.0},{"not_picked":["Sword Boomerang","Iron Wave"],"picked":"Shockwave+1","floor":25.0},{"not_picked":["Cleave","Havoc+1"],"picked":"Ghostly Armor+1","floor":27.0},{"not_picked":["Berserk","Fiend Fire","Impervious+1"],"picked":"Limit Break+1","floor":33.0},{"not_picked":["Sword Boomerang","Heavy Blade","Flame Barrier+1"],"picked":"Pommel Strike","floor":35.0},{"not_picked":["Heavy Blade","Flex+1","Reckless Charge+1"],"picked":"Twin Strike+1","floor":36.0},{"not_picked":["Body Slam","Entrench+1","Anger+1","Bloodletting+1"],"picked":"Singing Bowl","floor":37.0},{"not_picked":["Havoc+1","Thunderclap","Seeing Red+1"],"picked":"Demon Form","floor":38.0},{"not_picked":["Havoc+1","Clash","Pommel Strike"],"picked":"Perfected Strike","floor":44.0},{"not_picked":["Flex+1","Fire Breathing","Second Wind+1","Pummel"],"picked":"Singing Bowl","floor":46.0},{"not_picked":["Anger","Feel No Pain","Blood for Blood","Wild Strike+1"],"picked":"Singing Bowl","floor":47.0},{"not_picked":["Dual Wield+1","Combust","Intimidate+1","Warcry+1"],"picked":"Singing Bowl","floor":48.0}],"player_experience":1293414,"relics_obtained":[{"floor":7.0,"key":"Blue Candle"},{"floor":9.0,"key":"Smiling Mask"},{"floor":10.0,"key":"Vajra"},{"floor":13.0,"key":"Lantern"},{"floor":20.0,"key":"Whetstone"},{"floor":25.0,"key":"Singing Bowl"},{"floor":27.0,"key":"Torii"},{"floor":27.0,"key":"Question Card"},{"floor":46.0,"key":"CaptainsWheel"},{"floor":47.0,"key":"Prayer Wheel"},{"floor":48.0,"key":"Centennial Puzzle"}],"event_choices":[{"damage_healed":0.0,"max_hp_gain":0.0,"max_hp_loss":0.0,"gold_gain":0.0,"event_name":"The Library","player_choice":"Read","floor":24.0,"gold_loss":0.0,"damage_taken":0.0,"cards_obtained":["Power Through"]},{"damage_healed":0.0,"max_hp_gain":0.0,"max_hp_loss":0.0,"gold_gain":0.0,"event_name":"Colosseum","player_choice":"Fight","floor":27.0,"gold_loss":0.0,"damage_taken":0.0},{"damage_healed":0.0,"max_hp_gain":0.0,"max_hp_loss":0.0,"gold_gain":0.0,"event_name":"Colosseum","player_choice":"Fought Nobs","floor":27.0,"gold_loss":0.0,"damage_taken":0.0},{"damage_healed":0.0,"max_hp_gain":0.0,"max_hp_loss":0.0,"gold_gain":0.0,"event_name":"Mysterious Sphere","player_choice":"Ignored","floor":39.0,"gold_loss":0.0,"damage_taken":0.0},{"damage_healed":0.0,"max_hp_gain":0.0,"max_hp_loss":0.0,"gold_gain":0.0,"event_name":"MindBloom","player_choice":"Fight","floor":47.0,"gold_loss":0.0,"damage_taken":0.0}],"is_beta":false,"boss_relics":[{"not_picked":["Black Star","SlaversCollar"],"picked":"Cursed Key"},{"not_picked":["Pandora\u0027s Box","Sozu"],"picked":"Mark of Pain"}],"items_purged_floors":[41],"is_endless":false,"potions_floor_spawned":[1,3,4,10,13,16,25,27,27,36,38,47,48],"killed_by":"Awakened One","ascension_level":20}}