{"host":"ju1b3c4x8n2jtjm7","time":1613644822,"event":{"mods":["AchievementEnabler","BaseMod","Colored Map","Colored Powertips","Highlight Path","Minty Spire (QoL Compilation)","Quick Restart","Rare Cards Sparkle","Relic Stats"],"gold_per_floor":[116,133,146,146,161,161,193,193,193,193,209,209,225,240,240,345,395,414,5,104,122,138,138,164,164,189,189,221,232,31,43,43,142,142,158,177,177,52,67,67,117,117,117,152,162,175,201,214,214,214,214,214,14,42,42],"floor_reached":56,"language":"ENG","playtime":4835,"items_purged":["Strike_P","Strike_P","Strike_P","Defend_P"],"score":1609,"play_id":"9148ce05-6c8d-48e2-8414-c306116729fb","local_time":"20210218114022","is_ascension_mode":true,"campfire_choices":[{"data":"Eruption","floor":6.0,"key":"SMITH"},{"data":"Trip","floor":10.0,"key":"SMITH"},{"data":"Wallop","floor":12.0,"key":"SMITH"},{"data":"ThirdEye","floor":15.0,"key":"SMITH"},{"floor":23.0,"key":"REST"},{"data":"Adaptation","floor":25.0,"key":"SMITH"},{"floor":32.0,"key":"REST"},{"floor":40.0,"key":"RECALL"},{"data":"Vigilance","floor":42.0,"key":"SMITH"},{"data":"Tantrum","floor":49.0,"key":"SMITH"},{"data":"SandsOfTime","floor":52.0,"key":"SMITH"}],"circlet_count":0,"master_deck":["Defend_P+1","Defend_P","Defend_P","Eruption+1","Vigilance+1","Trip+1","Wallop+1","EmptyFist","Adaptation+1","Consecrate","SandsOfTime+1","MentalFortress+1","ThirdEye+1","Devotion+1","DevaForm+1","Fasting2+1","Nirvana+1","Tantrum+1","ClearTheMind","MentalFortress+1","ClearTheMind","Halt","SpiritShield","Adaptation+1","EmptyFist+1","SashWhip+1","FearNoEvil+1","WaveOfTheHand+1"],"relics":["PureWater","Regal Pillow","Frozen Egg 2","Sundial","Tiny House","Mummified Hand","Gambling Chip","Question Card","Snecko Eye","Bird Faced Urn","Dream Catcher","Darkstone Periapt","Boot"],"acts_visited":["Exordium","TheCity","TheBeyond","TheEnding"],"potions_floor_usage":[55],"damage_taken":[{"damage":0.0,"enemies":"Cultist","floor":1.0,"turns":2.0},{"damage":0.0,"enemies":"Jaw Worm","floor":2.0,"turns":4.0},{"damage":0.0,"enemies":"Small Slimes","floor":3.0,"turns":4.0},{"damage":5.0,"enemies":"Red Slaver","floor":5.0,"turns":3.0},{"damage":2.0,"enemies":"Lagavulin","floor":7.0,"turns":5.0},{"damage":0.0,"enemies":"3 Louse","floor":11.0,"turns":2.0},{"damage":2.0,"enemies":"Exordium Wildlife","floor":13.0,"turns":3.0},{"damage":0.0,"enemies":"2 Fungi Beasts","floor":14.0,"turns":3.0},{"damage":23.0,"enemies":"Hexaghost","floor":16.0,"turns":6.0},{"damage":19.0,"enemies":"Spheric Guardian","floor":18.0,"turns":5.0},{"damage":28.0,"enemies":"2 Thieves","floor":21.0,"turns":3.0},{"damage":18.0,"enemies":"Shelled Parasite and Fungi","floor":22.0,"turns":4.0},{"damage":32.0,"enemies":"Slavers","floor":24.0,"turns":4.0},{"damage":0.0,"enemies":"Book of Stabbing","floor":28.0,"turns":3.0},{"damage":12.0,"enemies":"Snake Plant","floor":29.0,"turns":2.0},{"damage":2.0,"enemies":"Centurion and Healer","floor":31.0,"turns":4.0},{"damage":22.0,"enemies":"Automaton","floor":33.0,"turns":8.0},{"damage":0.0,"enemies":"3 Darklings","floor":35.0,"turns":4.0},{"damage":0.0,"enemies":"Orb Walker","floor":36.0,"turns":2.0},{"damage":0.0,"enemies":"Jaw Worm Horde","floor":39.0,"turns":4.0},{"damage":5.0,"enemies":"Mind Bloom Boss Battle","floor":41.0,"turns":4.0},{"damage":0.0,"enemies":"Reptomancer","floor":44.0,"turns":4.0},{"damage":15.0,"enemies":"Transient","floor":45.0,"turns":5.0},{"damage":0.0,"enemies":"Sphere and 2 Shapes","floor":46.0,"turns":3.0},{"damage":0.0,"enemies":"Nemesis","floor":47.0,"turns":3.0},{"damage":20.0,"enemies":"Writhing Mass","floor":48.0,"turns":2.0},{"damage":15.0,"enemies":"Awakened One","floor":50.0,"turns":7.0},{"damage":25.0,"enemies":"Shield and Spear","floor":54.0,"turns":5.0},{"damage":64,"enemies":"The Heart","floor":55,"turns":7}],"seed_played":"-7230186989345228235","potions_obtained":[{"floor":2.0,"key":"Fruit Juice"},{"floor":5.0,"key":"AttackPotion"},{"floor":7.0,"key":"Fire Potion"},{"floor":11.0,"key":"SteroidPotion"},{"floor":13.0,"key":"PowerPotion"},{"floor":17.0,"key":"Dexterity Potion"},{"floor":21.0,"key":"Energy Potion"},{"floor":22.0,"key":"Regen Potion"},{"floor":28.0,"key":"Strength Potion"},{"floor":36.0,"key":"ColorlessPotion"},{"floor":39.0,"key":"AttackPotion"},{"floor":41.0,"key":"PowerPotion"},{"floor":44.0,"key":"DuplicationPotion"}],"is_trial":false,"path_per_floor":["M","M","M","?","M","R","E","T","T","R","M","R","M","M","R","B",null,"M","$","?","M","M","R","E","R","T","?","E","M","$","M","R","B",null,"M","M","?","$","M","R","?","R","T","E","M","M","E","M","R","B",null,"R","$","E","B",null],"character_chosen":"WATCHER","items_purchased":["Mummified Hand","Nirvana+1","Block Potion","Fire Potion","ColorlessPotion"],"campfire_rested":2,"item_purchase_floors":[19,19,30,30,53],"current_hp_per_floor":[65,65,65,70,65,65,63,63,63,63,68,68,66,66,66,43,77,58,58,58,30,12,53,33,33,33,21,21,9,9,7,48,26,72,72,72,72,72,72,72,67,67,67,83,84,87,87,73,73,74,84,84,84,74,24],"gold":42,"neow_bonus":"RANDOM_COLORLESS","is_daily":false,"chose_seed":false,"campfire_upgraded":8,"win_rate":0.0,"timestamp":1613644822,"path_taken":["M","M","M","?","M","R","E","?","T","R","M","R","?","M","R","BOSS","M","$","?","M","M","R","E","R","T","?","E","?","$","M","R","BOSS","M","M","?","$","M","R","?","R","T","E","M","M","E","M","R","BOSS","R","$","E","BOSS"],"items_purchased_type":["Relic","Card","Potion","Potion","Potion"],"build_version":"2020-12-22","purchased_purges":4,"victory":true,"max_hp_per_floor":[72,72,72,77,77,77,77,77,77,77,82,82,82,82,82,82,87,87,87,87,87,87,87,87,87,87,87,87,87,87,87,87,87,87,87,87,87,87,87,87,87,87,87,87,87,87,87,87,87,87,87,87,87,87,87],"relic_stats":{"Darkstone Periapt":0,"Regal Pillow":30,"Dream Catcher":0,"counters":[29,115],"Sundial":[14],"Mummified Hand":[210],"Gambling Chip":[39],"Bird Faced Urn":[86],"Snecko Eye":[137,118,131,112],"Question Card":14,"Boot":[6],"obtain_stats":[{"Darkstone Periapt":44,"Regal Pillow":7,"Tiny House":17,"Frozen Egg 2":8,"Question Card":28,"Boot":47,"Dream Catcher":43,"Sundial":9,"Mummified Hand":19,"Gambling Chip":24,"Bird Faced Urn":41,"Snecko Eye":34,"PureWater":0},{"Darkstone Periapt":22,"Regal Pillow":5,"Tiny House":9,"Frozen Egg 2":5,"Question Card":14,"Boot":25,"Dream Catcher":21,"Sundial":5,"Mummified Hand":10,"Gambling Chip":13,"Bird Faced Urn":21,"Snecko Eye":17,"PureWater":0},{"Darkstone Periapt":83,"Regal Pillow":18,"Tiny House":32,"Frozen Egg 2":18,"Question Card":51,"Boot":94,"Dream Catcher":79,"Sundial":18,"Mummified Hand":37,"Gambling Chip":48,"Bird Faced Urn":79,"Snecko Eye":65,"PureWater":0}]},"card_choices":[{"not_picked":["Blind","Madness"],"picked":"Trip","floor":0.0},{"not_picked":["WindmillStrike","Crescendo"],"picked":"Wallop","floor":1.0},{"not_picked":["ReachHeaven","WindmillStrike"],"picked":"EmptyFist","floor":2.0},{"not_picked":["Indignation","FlyingSleeves"],"picked":"Adaptation","floor":3.0},{"not_picked":["Prostrate","FollowUp"],"picked":"Consecrate","floor":5.0},{"not_picked":["FollowUp","Vengeance"],"picked":"SandsOfTime","floor":7.0},{"not_picked":["FlyingSleeves","JustLucky"],"picked":"MentalFortress+1","floor":11.0},{"not_picked":["Prostrate","Consecrate"],"picked":"ThirdEye","floor":13.0},{"not_picked":["ClearTheMind","Protect"],"picked":"Devotion+1","floor":14.0},{"not_picked":["Brilliance","SpiritShield"],"picked":"DevaForm+1","floor":16.0},{"not_picked":["FollowUp+1","JustLucky"],"picked":"Fasting2+1","floor":18.0},{"not_picked":["Nirvana+1","Crescendo","WaveOfTheHand+1"],"picked":"SKIP","floor":21.0},{"not_picked":["PathToVictory","Consecrate+1"],"picked":"Tantrum","floor":22.0},{"not_picked":["CutThroughFate","ThirdEye"],"picked":"ClearTheMind","floor":24.0},{"not_picked":["Crescendo","Collect"],"picked":"MentalFortress+1","floor":28.0},{"not_picked":["Weave","Protect","Prostrate"],"picked":"ClearTheMind","floor":29.0},{"not_picked":["Crescendo","Evaluate","Devotion+1"],"picked":"Halt","floor":31.0},{"not_picked":["LessonLearned","Devotion+1","MasterReality+1"],"picked":"SpiritShield","floor":33.0},{"not_picked":["Wireheading+1","ClearTheMind+1","FlurryOfBlows+1"],"picked":"Adaptation+1","floor":35.0},{"not_picked":["CarveReality","PathToVictory+1","Prostrate","WaveOfTheHand+1"],"picked":"SKIP","floor":36.0},{"not_picked":["CutThroughFate+1","ClearTheMind","MentalFortress+1","BattleHymn+1"],"picked":"SKIP","floor":39.0},{"not_picked":["FollowUp","SpiritShield","Evaluate"],"picked":"EmptyFist+1","floor":41.0},{"not_picked":["Halt+1","Prostrate","FlurryOfBlows"],"picked":"SashWhip+1","floor":44.0},{"not_picked":["FollowUp","PathToVictory+1","CutThroughFate+1","EmptyBody+1"],"picked":"SKIP","floor":45.0},{"not_picked":["Evaluate+1","Halt+1","BowlingBash+1","EmptyBody"],"picked":"SKIP","floor":46.0},{"not_picked":["FlyingSleeves","EmptyMind+1","WindmillStrike+1"],"picked":"FearNoEvil+1","floor":47.0},{"not_picked":["EmptyBody+1","Crescendo+1","CrushJoints+1","Consecrate"],"picked":"SKIP","floor":48.0},{"not_picked":["SandsOfTime","Alpha","FlyingSleeves"],"picked":"WaveOfTheHand+1","floor":54.0}],"player_experience":373027,"relics_obtained":[{"floor":7.0,"key":"Regal Pillow"},{"floor":8.0,"key":"Frozen Egg 2"},{"floor":9.0,"key":"Sundial"},{"floor":24.0,"key":"Gambling Chip"},{"floor":28.0,"key":"Question Card"},{"floor":41.0,"key":"Bird Faced Urn"},{"floor":43.0,"key":"Dream Catcher"},{"floor":44.0,"key":"Darkstone Periapt"},{"floor":47.0,"key":"Boot"}],"event_choices":[{"damage_healed":0.0,"max_hp_gain":5.0,"max_hp_loss":0.0,"gold_gain":0.0,"event_name":"Big Fish","player_choice":"Donut","floor":4.0,"gold_loss":0.0,"damage_taken":0.0},{"damage_healed":0.0,"max_hp_gain":0.0,"max_hp_loss":0.0,"gold_gain":99.0,"event_name":"Nest","player_choice":"Stole From Cult","floor":20.0,"gold_loss":0.0,"damage_taken":0.0},{"damage_healed":0.0,"max_hp_gain":0.0,"max_hp_loss":0.0,"gold_gain":0.0,"event_name":"Knowing Skull","player_choice":"POTION ","floor":27.0,"potions_obtained":["SneckoOil"],"gold_loss":0.0,"damage_taken":12.0,"cards_obtained":[]},{"cards_removed":["Strike_P"],"damage_healed":0.0,"max_hp_gain":0.0,"max_hp_loss":0.0,"gold_gain":0.0,"event_name":"Falling","player_choice":"Removed Attack","floor":37.0,"gold_loss":0.0,"damage_taken":0.0},{"damage_healed":0.0,"max_hp_gain":0.0,"max_hp_loss":0.0,"gold_gain":0.0,"event_name":"MindBloom","player_choice":"Fight","floor":41.0,"gold_loss":0.0,"damage_taken":0.0}],"is_beta":false,"boss_relics":[{"not_picked":["Cursed Key","Velvet Choker"],"picked":"Tiny House"},{"not_picked":["Black Star","Fusion Hammer"],"picked":"Snecko Eye"}],"items_purged_floors":[19,30,38,53],"is_endless":false,"potions_floor_spawned":[2,5,7,11,13,21,22,28,36,39,41,44],"ascension_level":6}}