{"host":"ox77rn1xcurm2t5a","time":1613607067,"event":{"mods":["2.2 Compatiblity","AchievementEnabler","Act Like it!","Aspiration","BaseMod","Best Route Mod","Better Match","Better Note","Better Sensory Stone","Block Reminder","Colored Map","Colored Powertips","Conjunction","Conspire","Custom Start","Energized Spire","GifTheSpireLib","Gold Saver","Gremlin Skip","Halation","Highlight Path","Hubris","Infinite Spire","Minty Spire (QoL Compilation)","Pale of the Ancients","Quick Restart","Replay The Spire","Reworked Bosses","ShortenTheSpire","Spire Exporter","StSLib","Stuff the Spire","Wandering Minibosses"],"gold_per_floor":[317,332,342,342,356,387,387,418,472,486,540,3,34,52,52,148,148,160,120,71,87,287,287,315,315,315],"floor_reached":25,"language":"ENG","playtime":696,"items_purged":["Defend_R"],"score":372,"play_id":"9f0f2a2d-b418-4a6b-8017-59e8f744cd5a","local_time":"20210218021107","is_ascension_mode":true,"campfire_choices":[{"floor":7,"key":"RECALL"},{"data":"Bash","floor":15,"key":"SMITH"},{"data":"Perfected Strike","floor":23,"key":"SMITH"}],"circlet_count":0,"master_deck":["Strike_R","Strike_R","Strike_R","Strike_R","Strike_R","Defend_R","Defend_R","Defend_R","Bash+1","Thunderclap","Clash","Thunderclap","Perfected Strike+1","Cleave","Perfected Strike","Cleave","Perfected Strike","Anger","Pommel Strike","Inflame"],"relics":["Burning Blood","NeowsBlessing","Gremlin Horn","Chameleon Ring","Replay:Baseball","ReplayTheSpireMod:Lightbulb","Gremlin Food","Blue Doll","infinitespire:Cupcake","Calipers"],"acts_visited":["Exordium","TheCity"],"potions_floor_usage":[6,6,13,13,16,21,21,21,24],"damage_taken":[{"damage":0.0,"enemies":"Cultist","floor":1.0,"turns":1.0},{"damage":0.0,"enemies":"2 Louse","floor":2.0,"turns":1.0},{"damage":0.0,"enemies":"Jaw Worm","floor":3.0,"turns":1.0},{"damage":7.0,"enemies":"Exordium Wildlife","floor":5.0,"turns":4.0},{"damage":23,"enemies":"3 Sentries","floor":6,"turns":4},{"damage":34,"enemies":"Lagavulin","floor":8,"turns":5},{"damage":0,"enemies":"2 Fungi Beasts","floor":10,"turns":2},{"damage":0,"enemies":"3 Sentries","floor":13,"turns":2},{"damage":0,"enemies":"Blue Slaver","floor":14,"turns":1},{"damage":35,"enemies":"Fading Forest","floor":16,"turns":11},{"damage":11,"enemies":"Spheric Guardian","floor":18,"turns":3},{"damage":2,"enemies":"2 Thieves","floor":21,"turns":2},{"damage":60,"enemies":"Nightmare","floor":24,"turns":7},{"damage":18,"enemies":"Snecko","floor":25,"turns":2}],"seed_played":"-5784807043486835350","potions_obtained":[{"floor":2.0,"key":"PowerPotion"},{"floor":5.0,"key":"Ancient Potion"},{"floor":8,"key":"EssenceOfSteel"},{"floor":13,"key":"PowerPotion"},{"floor":18,"key":"Explosive Potion"},{"floor":19,"key":"HeartOfIron"},{"floor":19,"key":"Swift Potion"},{"floor":21,"key":"Explosive Potion"}],"is_trial":false,"path_per_floor":["M","M","M","?","M","E","R","E","T","M","T","$","E","M","R","B",null,"M","?","$","M","?","R","NM","M"],"character_chosen":"IRONCLAD","items_purchased":["Cleave","ReplayTheSpireMod:Lightbulb","Gremlin Food","Adrenaline Potion","Anger"],"campfire_rested":0,"item_purchase_floors":[12,12,12,12,20],"current_hp_per_floor":[78,80,80,80,79,62,62,34,34,40,40,40,46,52,52,31,68,63,63,63,67,67,67,13,0,0],"gold":315,"neow_bonus":"THREE_ENEMY_KILL","is_daily":false,"chose_seed":false,"campfire_upgraded":2,"win_rate":0.0,"timestamp":1613607067,"path_taken":["M","?","M","?","M","E","R","E","T","M","?","$","E","M","R","BOSS","M","?","$","M","?","R","NM","?"],"items_purchased_type":["Card","Relic","Relic","Potion","Card"],"build_version":"2020-12-22","purchased_purges":1,"victory":false,"max_hp_per_floor":[80,80,80,80,80,80,80,80,80,80,80,80,80,80,80,80,80,80,80,80,80,80,80,80,80,80],"card_choices":[{"not_picked":["ReplayTheSpireMod:Corrosion Curse","Rage"],"picked":"Thunderclap","floor":1.0},{"not_picked":["Run Through","StuffTheSpire:Slingshot"],"picked":"Clash","floor":2.0},{"not_picked":["Anger","Iron Wave"],"picked":"Thunderclap","floor":3.0},{"not_picked":["ReplayTheSpireMod:Strike From Hell","hubris:StunningStrike"],"picked":"Perfected Strike","floor":5.0},{"not_picked":["ReplayTheSpireMod:Limb From Limb","Replay:Many Hands","StuffTheSpire:Incineration"],"picked":"SKIP","floor":6},{"not_picked":["True Grit","Wild Strike"],"picked":"Cleave","floor":8},{"not_picked":["Evolve","Warcry"],"picked":"Perfected Strike","floor":10},{"not_picked":["Warcry","Anger"],"picked":"Perfected Strike","floor":13},{"not_picked":["True Grit","Twin Strike","Searing Blow"],"picked":"SKIP","floor":14},{"not_picked":["infinitespire:OneForAll","Evolve","True Grit"],"picked":"SKIP","floor":18},{"not_picked":["Heavy Blade","StuffTheSpire:RockThrow+1"],"picked":"Pommel Strike","floor":21},{"not_picked":["Heavy Blade+1","conspire:Charge"],"picked":"Inflame","floor":24}],"player_experience":3151225,"relics_obtained":[{"floor":6,"key":"Gremlin Horn"},{"floor":8,"key":"Chameleon Ring"},{"floor":11,"key":"Replay:Baseball"},{"floor":13,"key":"Blue Doll"},{"floor":24,"key":"Calipers"}],"event_choices":[{"damage_healed":0.0,"max_hp_gain":0.0,"max_hp_loss":0.0,"gold_gain":0.0,"event_name":"Liars Game","player_choice":"Ignored","floor":4.0,"gold_loss":0.0,"damage_taken":0.0},{"damage_healed":0,"gold_gain":0,"player_choice":"Bought 3 Potions","damage_taken":0,"max_hp_gain":0,"max_hp_loss":0,"event_name":"The Woman in Blue","floor":19,"gold_loss":0},{"damage_healed":0,"gold_gain":200,"player_choice":"Gold","damage_taken":0,"max_hp_gain":0,"max_hp_loss":0,"event_name":"Wheel of Change","floor":22,"gold_loss":0}],"is_beta":false,"boss_relics":[{"not_picked":["aspiration:WatcherSkillbook","Kintsugi"],"picked":"infinitespire:Cupcake"}],"items_purged_floors":[12],"is_endless":false,"potions_floor_spawned":[2,5,8,13,18,21],"killed_by":"Snecko","ascension_level":8}}