{"host":"l7ku00cw7dmofayg","time":1613612336,"event":{"mods":["ATMod(°¢èªMod)","BaseMod","Marisa£¨ìFÓê¡¡Ä§ÀíÉ³£©","Minty Spire (QoL Compilation)","StSLib","The Invoker Mod"],"gold_per_floor":[113,56,56,56,56,87,87,87,87,128,128,71,71,91,91,200,200,219,219,242,2,2,177,177,236,259,342,408,474,389,473,473,664,664,774,774,824,974,974,1039,1039,400,423,119,304,398,517,665,665,715,740],"floor_reached":52,"language":"ZHS","playtime":1814,"items_purged":["Strike_MRS","WitchOfGreed+1","Strike_MRS"],"score":2387,"play_id":"7d09a4bc-6b00-4131-88b2-2a63fbd3e8fb","local_time":"20210218093856","is_ascension_mode":true,"campfire_choices":[{"data":"AT_Desolate","floor":7.0,"key":"SMITH"},{"floor":15.0,"key":"REST"},{"data":"IllusionStar","floor":24.0,"key":"SMITH"},{"floor":32.0,"key":"REST"},{"data":"AT_EmpoweredMortalDraw","floor":49,"key":"SMITH"}],"circlet_count":0,"master_deck":["AscendersBane","Strike_MRS","Defend_MRS+1","Defend_MRS","Defend_MRS+1","MasterSpark","UpSweep","AT_Desolate+1","CasketOfStar","CasketOfStar","PropBag","UltimateShortwave","6A","IllusionStar+1","Singularity+1","NonDirectionalLaser","AsteroidBelt","MagicAbsorber","UltimateShortwave","AT_EmpoweredMortalDraw+1","Acceleration","EarthLightRay","Madness","Madness","GalacticHalo+1","EarthLightRay","Impatience","PulseMagic","EarthLightRay+1"],"relics":["MiniHakkero","AT_ATBox","NeowsBlessing","War Paint","Golden Idol","Kunai","Pocketwatch","AT_Manta","Sundial","AT_TrinityForce","AT_MibuBalloonWealth","MealTicket","AT_EbonyIvory","Blood Vial","AT_SunfireAegis","AT_MortalBlade","AT_ArchangelStaff","Membership Card","AT_TimeSand","Bottled Lightning","Ancient Tea Set","MagicBroom","AT_RedTearstoneRing","CatCart","TungstenRod"],"acts_visited":["Exordium","TheCity","TheBeyond"],"potions_floor_usage":[51,51],"damage_taken":[{"damage":0.0,"enemies":"2 Louse","floor":1.0,"turns":1.0},{"damage":0.0,"enemies":"Gremlin Nob","floor":6.0,"turns":1.0},{"damage":0.0,"enemies":"Lagavulin","floor":10.0,"turns":1.0},{"damage":10.0,"enemies":"Small Slimes","floor":14.0,"turns":3.0},{"damage":16.0,"enemies":"Slime Boss","floor":16.0,"turns":9.0},{"damage":0.0,"enemies":"Spheric Guardian","floor":18.0,"turns":1.0},{"damage":4.0,"enemies":"Shell Parasite","floor":20.0,"turns":2.0},{"damage":21.0,"enemies":"Gremlin Leader","floor":23.0,"turns":4.0},{"damage":8.0,"enemies":"Snecko","floor":25.0,"turns":3.0},{"damage":1.0,"enemies":"Book of Stabbing","floor":27.0,"turns":3.0},{"damage":0.0,"enemies":"Snake Plant","floor":28.0,"turns":2.0},{"damage":0.0,"enemies":"Sentry and Sphere","floor":29.0,"turns":2.0},{"damage":14.0,"enemies":"Centurion and Healer","floor":31.0,"turns":3.0},{"damage":25.0,"enemies":"Collector","floor":33.0,"turns":4.0},{"damage":15.0,"enemies":"3 Shapes","floor":35.0,"turns":3.0},{"damage":11.0,"enemies":"Orb Walker","floor":37.0,"turns":2.0},{"damage":15.0,"enemies":"4 Shapes","floor":38.0,"turns":3.0},{"damage":0.0,"enemies":"Nemesis","floor":40.0,"turns":2.0},{"damage":0,"enemies":"Orin","floor":45,"turns":4},{"damage":0,"enemies":"Jaw Worm Horde","floor":46,"turns":1},{"damage":0,"enemies":"Reptomancer","floor":47,"turns":1},{"damage":0,"enemies":"3 Darklings","floor":48,"turns":2},{"damage":0,"enemies":"Donu and Deca","floor":50,"turns":3},{"damage":41,"enemies":"Time Eater","floor":51,"turns":3}],"seed_played":"1619785495205189432","potions_obtained":[{"floor":1.0,"key":"GamblersBrew"},{"floor":16.0,"key":"Fruit Juice"},{"floor":18.0,"key":"SkillPotion"},{"floor":23.0,"key":"Swift Potion"},{"floor":28.0,"key":"AttackPotion"},{"floor":33.0,"key":"Dexterity Potion"},{"floor":35.0,"key":"Weak Potion"},{"floor":37.0,"key":"DistilledChaos"}],"is_trial":false,"path_per_floor":["M","$","?","?","?","E","R","?","T","E","?","$","?","M","R","B",null,"M","?","M","$","$","E","R","M","T","E","M","M","?","M","R","B",null,"M","?","M","M","?","E","?","$","T","$","?","M","E","M","R","B","B",null],"character_chosen":"MARISA","items_purchased":["WitchOfGreed","Strength Potion","AT_MibuBalloonWealth","Membership Card","AT_TimeSand","Bottled Lightning","EarthLightRay","SkillPotion","Weak Potion","Impatience","MagicBroom","AT_RedTearstoneRing"],"campfire_rested":2,"item_purchase_floors":[2,12,21,42,42,42,42,42,42,42,44,44],"current_hp_per_floor":[63,63,63,39,32,32,32,14,14,14,14,14,14,4,25,14,60,60,60,56,56,56,35,35,27,27,26,28,42,42,30,52,29,64,51,51,42,29,15,17,17,32,32,47,57,59,61,63,63,75,42],"gold":740,"neow_bonus":"THREE_ENEMY_KILL","is_daily":false,"chose_seed":false,"campfire_upgraded":3,"win_rate":0.0,"timestamp":1613612336,"path_taken":["M","$","?","?","?","E","R","?","T","E","?","?","?","M","R","BOSS","M","?","?","?","$","E","R","M","T","E","M","M","?","M","R","BOSS","M","?","?","M","?","E","?","$","T","$","?","?","E","M","R","BOSS","BOSS"],"items_purchased_type":["Card","Potion","Relic","Relic","Relic","Relic","Card","Potion","Potion","Card","Relic","Relic"],"build_version":"2020-12-22","purchased_purges":3,"victory":true,"max_hp_per_floor":[70,70,70,70,70,70,70,70,70,70,70,70,70,70,70,75,75,75,75,75,75,75,75,75,75,75,75,75,75,75,75,75,75,75,75,75,75,75,75,75,75,75,75,75,75,75,75,75,75,75,75],"card_choices":[{"not_picked":["Singularity","DoubleSpark","DC"],"picked":"SKIP","floor":1.0},{"not_picked":["MysteriousBeam","MilkyWay"],"picked":"CasketOfStar","floor":6.0},{"not_picked":["DragonMeteor","Robbery"],"picked":"CasketOfStar","floor":10.0},{"not_picked":["MysteriousBeam","OrrerysSun"],"picked":"PropBag","floor":14.0},{"not_picked":["JA","SatelliteIllusion"],"picked":"UltimateShortwave","floor":16.0},{"not_picked":["SporeBomb+1","WitchLeyline","StarBarrage"],"picked":"SKIP","floor":18.0},{"not_picked":["MilkyWay+1","WitchOfGreed"],"picked":"IllusionStar","floor":20.0},{"not_picked":["SuperNova","SporeBomb"],"picked":"Singularity+1","floor":23.0},{"not_picked":["PowerUp","WitchLeyline"],"picked":"NonDirectionalLaser","floor":25.0},{"not_picked":["EscapeVelocity","IllusionStar","OneTimeOff"],"picked":"SKIP","floor":27.0},{"not_picked":["NonDirectionalLaser","SprinkleStarSeal"],"picked":"AsteroidBelt","floor":28.0},{"not_picked":["NonDirectionalLaser","MysteriousBeam"],"picked":"MagicAbsorber","floor":29.0},{"not_picked":["EnergyRecoil","EventHorizon","PowerUp"],"picked":"SKIP","floor":31.0},{"not_picked":["EscapeVelocity","CollectingQuirk"],"picked":"UltimateShortwave","floor":33.0},{"not_picked":["SporeBomb","GalacticHalo"],"picked":"WitchOfGreed+1","floor":35.0},{"not_picked":["IllusionStar","DC+1","AlicesGift"],"picked":"SKIP","floor":37.0},{"not_picked":["NonDirectionalLaser","GrandCross+1"],"picked":"EarthLightRay","floor":38.0},{"not_picked":["Occultation","MysteriousBeam"],"picked":"GalacticHalo+1","floor":40.0},{"not_picked":["WitchOfGreed","Acceleration","MilkyWay"],"picked":"SKIP","floor":46},{"not_picked":["StarDustReverie","DeepEcoloBomb"],"picked":"PulseMagic","floor":47},{"not_picked":["GalacticHalo+1","6A+1"],"picked":"EarthLightRay+1","floor":48}],"player_experience":78987,"relics_obtained":[{"floor":6.0,"key":"Kunai"},{"floor":9.0,"key":"AT_Manta"},{"floor":10.0,"key":"Sundial"},{"floor":23.0,"key":"MealTicket"},{"floor":26.0,"key":"AT_EbonyIvory"},{"floor":27.0,"key":"Blood Vial"},{"floor":40.0,"key":"AT_ArchangelStaff"},{"floor":43,"key":"Ancient Tea Set"},{"floor":45,"key":"CatCart"},{"floor":47,"key":"TungstenRod"}],"event_choices":[{"damage_healed":0.0,"max_hp_gain":0.0,"max_hp_loss":0.0,"gold_gain":0.0,"event_name":"Big Fish","player_choice":"Box","floor":3.0,"gold_loss":0.0,"damage_taken":0.0,"relics_obtained":["War Paint"],"cards_obtained":["Regret"]},{"damage_healed":0.0,"max_hp_gain":0.0,"max_hp_loss":0.0,"gold_gain":0.0,"event_name":"Golden Idol","player_choice":"Take Damage","floor":4.0,"gold_loss":0.0,"damage_taken":24.0,"relics_obtained":["Golden Idol"]},{"cards_removed":["Regret"],"damage_healed":0.0,"max_hp_gain":0.0,"max_hp_loss":0.0,"gold_gain":0.0,"event_name":"Golden Wing","player_choice":"Card Removal","floor":5.0,"gold_loss":0.0,"damage_taken":7.0},{"damage_healed":0.0,"max_hp_gain":0.0,"max_hp_loss":0.0,"gold_gain":0.0,"event_name":"Scrap Ooze","player_choice":"Success","floor":8.0,"gold_loss":0.0,"damage_taken":18.0,"relics_obtained":["Pocketwatch"]},{"damage_healed":0.0,"max_hp_gain":0.0,"max_hp_loss":0.0,"gold_gain":0.0,"event_name":"Shining Light","player_choice":"Ignored","floor":11.0,"gold_loss":0.0,"damage_taken":0.0},{"cards_removed":["Strike_MRS"],"damage_healed":0.0,"max_hp_gain":0.0,"max_hp_loss":0.0,"gold_gain":0.0,"event_name":"Purifier","player_choice":"Purged","floor":13.0,"gold_loss":0.0,"damage_taken":0.0},{"damage_healed":0.0,"max_hp_gain":0.0,"max_hp_loss":0.0,"gold_gain":0.0,"cards_transformed":["Defend_MRS"],"event_name":"Transmorgrifier","player_choice":"Transformed","floor":19.0,"gold_loss":0.0,"damage_taken":0.0,"cards_obtained":["6A"]},{"damage_healed":0.0,"max_hp_gain":0.0,"max_hp_loss":0.0,"gold_gain":0.0,"event_name":"Addict","player_choice":"Obtained Relic","floor":30.0,"gold_loss":85.0,"damage_taken":0.0,"relics_obtained":["AT_SunfireAegis"]},{"damage_healed":0.0,"max_hp_gain":0.0,"max_hp_loss":0.0,"gold_gain":0.0,"cards_transformed":["WitchOfGreed"],"event_name":"Transmorgrifier","player_choice":"Transformed","floor":36.0,"gold_loss":0.0,"damage_taken":0.0,"cards_obtained":["Acceleration"]},{"damage_healed":0.0,"max_hp_gain":0.0,"max_hp_loss":0.0,"gold_gain":0.0,"event_name":"Winding Halls","player_choice":"Embrace Madness","floor":39.0,"gold_loss":0.0,"damage_taken":14.0,"cards_obtained":["Madness","Madness"]},{"damage_healed":0.0,"max_hp_gain":0.0,"max_hp_loss":0.0,"gold_gain":0.0,"event_name":"Tomb of Lord Red Mask","player_choice":"Ignored","floor":41.0,"gold_loss":0.0,"damage_taken":0.0},{"damage_healed":0,"gold_gain":0,"player_choice":"Fight","damage_taken":0,"max_hp_gain":0,"max_hp_loss":0,"event_name":"OrinTheCat","floor":45,"gold_loss":0}],"is_beta":false,"boss_relics":[{"not_picked":["RampagingMagicTools","Philosopher\u0027s Stone"],"picked":"AT_TrinityForce"},{"not_picked":["Calling Bell","Runic Pyramid"],"picked":"AT_MortalBlade"}],"items_purged_floors":[21,42,44],"is_endless":false,"potions_floor_spawned":[1,18,28,35,37,48],"ascension_level":20}}