{"host":"6pietnjer90du4bs","time":1613652817,"event":{"mods":["Aspiration","BaseMod","Bossed Relics","Colored Map","Infinite Spire","Minty Spire (QoL Compilation)","Replay The Spire","StSLib"],"gold_per_floor":[114,164,183,68,81,106,106,106,106,126,137,137,137,137,137,37,37,37,37],"floor_reached":18,"language":"ENG","playtime":266,"items_purged":["Defend_R","Defend_R"],"score":218,"play_id":"b7b6c79b-8581-4f5a-b75a-00012b83ab9a","local_time":"20210218135337","is_ascension_mode":true,"campfire_choices":[{"floor":8,"key":"REST"},{"floor":14,"key":"REST"},{"data":"Whirlwind","floor":17,"key":"SMITH"}],"circlet_count":0,"master_deck":["AscendersBane","Strike_R","Strike_R","Strike_R","Strike_R","Strike_R","Defend_R","Defend_R","Bash","ReplayTheSpireMod:Muscle Training","Whirlwind+1","Bloodletting","Limit Break","Flex"],"relics":["Burning Blood","NeowsBlessing","Boot","Blue Candle"],"acts_visited":["Exordium"],"potions_floor_usage":[6,11,15,18],"damage_taken":[{"damage":0,"enemies":"2 Louse","floor":1,"turns":1},{"damage":0,"enemies":"Cultist","floor":3,"turns":1},{"damage":0,"enemies":"Jaw Worm","floor":5,"turns":1},{"damage":48,"enemies":"Gremlin Nob","floor":6,"turns":4},{"damage":28,"enemies":"Lots of Slimes","floor":10,"turns":3},{"damage":14,"enemies":"Red Slaver","floor":11,"turns":3},{"damage":0,"enemies":"Exordium Thugs","floor":15,"turns":1},{"damage":70,"enemies":"The Guardian","floor":18,"turns":5}],"seed_played":"-5139932513186521120","potions_obtained":[{"floor":1,"key":"BloodPotion"},{"floor":3,"key":"Ancient Potion"},{"floor":6,"key":"Toxic Potion"},{"floor":10,"key":"ColorlessPotion"},{"floor":11,"key":"SmokeBomb"}],"is_trial":false,"path_per_floor":["M","?","M","$","M","E","?","R","T","M","M","PTL","PTL","R","M","$","R","B"],"character_chosen":"IRONCLAD","items_purchased":["Bloodletting"],"campfire_rested":2,"item_purchase_floors":[4],"current_hp_per_floor":[74,74,75,75,75,48,48,70,70,48,40,40,40,62,68,68,68,0,0],"gold":37,"neow_bonus":"THREE_ENEMY_KILL","is_daily":false,"chose_seed":false,"campfire_upgraded":1,"win_rate":0.0,"timestamp":1613652817,"path_taken":["M","?","M","$","?","E","?","R","T","M","?","PTL","PTL","R","M","?","R","BOSS"],"items_purchased_type":["Card"],"build_version":"2020-12-22","purchased_purges":2,"victory":false,"max_hp_per_floor":[75,75,75,75,75,75,75,75,75,75,75,75,75,75,75,75,75,75,75],"card_choices":[{"not_picked":["True Grit","Clash"],"picked":"ReplayTheSpireMod:Muscle Training","floor":1},{"not_picked":["Burning Pact","Power Through"],"picked":"Whirlwind","floor":3},{"not_picked":["Cleave","Thunderclap"],"picked":"Limit Break","floor":5},{"not_picked":["Armaments","ReplayReversal"],"picked":"Flex","floor":6},{"not_picked":["Flame Barrier","Anger","Replay:Undeath\u0027s Touch"],"picked":"SKIP","floor":10},{"not_picked":["Dual Wield","Second Wind","Run Through"],"picked":"SKIP","floor":11}],"player_experience":738778,"relics_obtained":[{"floor":6,"key":"Boot"},{"floor":9,"key":"Blue Candle"}],"event_choices":[{"damage_healed":0,"gold_gain":50,"player_choice":"Pray","damage_taken":0,"max_hp_gain":0,"max_hp_loss":0,"event_name":"Golden Shrine","floor":2,"gold_loss":0},{"damage_healed":0,"gold_gain":0,"player_choice":"Got Potions","damage_taken":0,"max_hp_gain":0,"max_hp_loss":0,"event_name":"Lab","floor":7,"gold_loss":0}],"is_beta":false,"boss_relics":[],"items_purged_floors":[4,16],"is_endless":false,"potions_floor_spawned":[1,3,6,10,11],"killed_by":"The Guardian","ascension_level":19}}