{"host":"tzz1a4lp7gkxiavd","time":1613651703,"event":{"mods":["BaseMod","KomeijiMod","Minty Spire (QoL Compilation)","Youmu£¨»êÆÇÑýÃÎ£©","¡¾¹¦ÄÜMod¡¿Neow½±Àø"],"gold_per_floor":[118,130,130,50,125,125,50,68,68,68,20,20,56,71,71,195,195,184,203,203,26,26,26,26,26],"floor_reached":24,"language":"ZHS","playtime":785,"items_purged":["Strike_B"],"score":250,"play_id":"078d75b8-3c38-4d45-9e5b-5fa2f024fb3f","local_time":"20210218203503","is_ascension_mode":true,"campfire_choices":[{"floor":6,"key":"REST"},{"floor":15,"key":"REST"},{"floor":23,"key":"REST"}],"circlet_count":0,"master_deck":["Strike_B+1","Strike_B","Defend_B","Defend_B","Defend_B","Defend_B","Zap+1","Dualcast","Skim","Defragment","Conserve Battery","Self Repair","Conserve Battery","RidiculousThoughts"],"relics":["Busted Crown","Golden Idol","Matryoshka","SlaversCollar"],"acts_visited":["Exordium","TheCity"],"potions_floor_usage":[13,13],"damage_taken":[{"damage":0,"enemies":"Cultist","floor":1,"turns":3},{"damage":2,"enemies":"Jaw Worm","floor":2,"turns":3},{"damage":7,"enemies":"Small Slimes","floor":8,"turns":3},{"damage":27,"enemies":"Gremlin Nob","floor":13,"turns":5},{"damage":4,"enemies":"Blue Slaver","floor":14,"turns":4},{"damage":31,"enemies":"Slime Boss","floor":16,"turns":10},{"damage":22,"enemies":"2 Thieves","floor":18,"turns":4},{"damage":31,"enemies":"Chosen","floor":19,"turns":7},{"damage":53,"enemies":"3 Cultists","floor":24,"turns":5}],"seed_played":"7462339176157895626","potions_obtained":[{"floor":1,"key":"FocusPotion"},{"floor":8,"key":"RedTea"}],"is_trial":false,"path_per_floor":["M","M","?","$","?","R","$","M","T","?","$","?","E","M","R","B",null,"M","M","?","$","?","R","M"],"character_chosen":"DEFECT","items_purchased":["Defragment","Conserve Battery","RidiculousThoughts"],"campfire_rested":3,"item_purchase_floors":[4,11,21],"current_hp_per_floor":[68,66,51,51,40,62,62,55,55,60,60,60,33,29,51,27,62,47,23,23,23,23,45,0,0],"gold":26,"neow_bonus":"BOSS_RELIC","is_daily":false,"chose_seed":false,"campfire_upgraded":0,"win_rate":0.0,"timestamp":1613651703,"path_taken":["M","M","?","$","?","R","$","M","T","?","?","?","E","M","R","BOSS","M","M","?","?","?","R","M"],"items_purchased_type":["Card","Card","Card"],"build_version":"2020-12-22","purchased_purges":1,"victory":false,"max_hp_per_floor":[75,75,75,75,75,75,75,75,75,80,80,74,74,74,74,74,74,74,74,74,74,74,74,74,74],"card_choices":[{"not_picked":[],"picked":"Skim","floor":1},{"not_picked":["Go for the Eyes"],"picked":"SKIP","floor":2},{"not_picked":["Leap"],"picked":"SKIP","floor":8},{"not_picked":["Gash"],"picked":"SKIP","floor":13},{"not_picked":[],"picked":"Self Repair","floor":14},{"not_picked":["Barrage"],"picked":"SKIP","floor":18},{"not_picked":["Genetic Algorithm+1"],"picked":"SKIP","floor":19}],"player_experience":126203,"relics_obtained":[{"floor":13,"key":"Matryoshka"}],"event_choices":[{"damage_healed":0,"gold_gain":0,"player_choice":"Entered Light","damage_taken":15,"max_hp_gain":0,"max_hp_loss":0,"event_name":"Shining Light","floor":3,"gold_loss":0,"cards_upgraded":["Strike_B","Zap"]},{"damage_healed":0,"gold_gain":75,"player_choice":"Gather Gold","damage_taken":11,"max_hp_gain":0,"max_hp_loss":0,"event_name":"World of Goop","floor":5,"gold_loss":0},{"damage_healed":0,"gold_gain":0,"player_choice":"Donut","damage_taken":0,"max_hp_gain":5,"max_hp_loss":0,"event_name":"Big Fish","floor":10,"gold_loss":0},{"damage_healed":0,"gold_gain":0,"player_choice":"Lose Max HP","damage_taken":0,"relics_obtained":["Golden Idol"],"max_hp_gain":0,"max_hp_loss":6,"event_name":"Golden Idol","floor":12,"gold_loss":0},{"damage_healed":0,"gold_gain":0,"player_choice":"Copied","damage_taken":0,"max_hp_gain":0,"max_hp_loss":0,"event_name":"Duplicator","floor":20,"gold_loss":0,"cards_obtained":["Conserve Battery"]},{"cards_removed":["Strike_B"],"damage_healed":0,"gold_gain":0,"player_choice":"Offered Basic","damage_taken":0,"max_hp_gain":0,"max_hp_loss":0,"event_name":"Bonfire Elementals","floor":22,"gold_loss":0}],"is_beta":false,"boss_relics":[{"not_picked":["Philosopher\u0027s Stone","Sozu"],"picked":"SlaversCollar"}],"items_purged_floors":[7],"is_endless":false,"potions_floor_spawned":[1,8],"killed_by":"3 Cultists","ascension_level":6}}