{"host":"xltl1aroowo69o4n","time":1613625852,"event":{"mods":["BaseMod","Colored Map","Colored Powertips","Downfall","Marisa????????","Minty Spire (QoL Compilation)","Replay The Spire","StSLib","The Cursed","The Hierophant","The Mystic","The Necromancer","The Servant 0.9.4"],"gold_per_floor":[15,25,45,45,45,45,62,78,78,78,102,112,112,128,128,223,223,236,236,236,135,146,146,156,172,197,197,197,208,208,208,208],"floor_reached":31,"language":"ENG","playtime":1630,"items_purged":[],"score":227,"play_id":"08a83e98-bea5-497d-aa40-eb2d4217db45","local_time":"20210218002412","is_ascension_mode":false,"campfire_choices":[{"floor":6,"key":"REST"},{"floor":10,"key":"REST"},{"floor":13,"key":"REST"},{"floor":15,"key":"DIG"},{"floor":23,"key":"REST"},{"floor":28,"key":"REST"},{"floor":30,"key":"REST"}],"circlet_count":0,"master_deck":["mysticmod:Strike_Mystic","mysticmod:Strike_Mystic","mysticmod:Strike_Mystic","mysticmod:Strike_Mystic","mysticmod:Defend_Mystic","mysticmod:Defend_Mystic","mysticmod:Defend_Mystic","mysticmod:Defend_Mystic","mysticmod:ArcaneDodge","mysticmod:ShockingGrasp","mysticmod:Momentum+1","mysticmod:HeavyStrike","mysticmod:Stoneskin","mysticmod:BladedDash","mysticmod:MagicWeapon","mysticmod:PowerSlash","mysticmod:CorrosiveTouch","mysticmod:PowerAttack","mysticmod:EnchantedMoulinet","mysticmod:MagicMissile","mysticmod:LightningBolt","mysticmod:ChargedParry","mysticmod:CureLightWounds","mysticmod:Alacrity","mysticmod:HunkerDown"],"relics":["mysticmod:SpellBook","Calipers","Potion Belt","Replay:Bottled Flurry","Runic Pyramid","Nilry\u0027s Codex","Dream Catcher","Nloth\u0027s Gift"],"acts_visited":["Exordium","TheCity"],"potions_floor_usage":[22,29,29,29,31],"damage_taken":[{"damage":7,"enemies":"2 Louse","floor":1,"turns":4},{"damage":2,"enemies":"Small Slimes","floor":2,"turns":3},{"damage":6,"enemies":"Jaw Worm","floor":7,"turns":5},{"damage":21,"enemies":"Lots of Slimes","floor":8,"turns":4},{"damage":21,"enemies":"Exordium Thugs","floor":12,"turns":6},{"damage":4,"enemies":"Large Slime","floor":14,"turns":6},{"damage":56,"enemies":"Fading Forest","floor":16,"turns":11},{"damage":17,"enemies":"Chosen","floor":18,"turns":5},{"damage":11,"enemies":"3 Byrds","floor":22,"turns":5},{"damage":26,"enemies":"Snake Plant","floor":24,"turns":4},{"damage":33,"enemies":"Cultist and Chosen","floor":25,"turns":8},{"damage":41,"enemies":"Sentry and Sphere","floor":29,"turns":9},{"damage":36,"enemies":"Centurion and Healer","floor":31,"turns":4}],"seed_played":"-3176351289594408113","potions_obtained":[{"floor":1,"key":"Flashbang"},{"floor":7,"key":"Dexterity Potion"},{"floor":25,"key":"Adrenaline Potion"},{"floor":29,"key":"BlessingOfTheForge"}],"is_trial":false,"path_per_floor":["M","M","?","?","$","R","M","M","T","R","T","M","R","M","R_BF","B",null,"M","?","?","$","M","R","M","M","T","?","R","M","R","M"],"character_chosen":"MYSTIC_CLASS","items_purchased":["mysticmod:LightningBolt","LifebloodPotion"],"campfire_rested":6,"item_purchase_floors":[21,21],"current_hp_per_floor":[70,68,49,49,49,72,66,45,45,68,68,47,70,66,66,24,77,60,44,69,69,58,77,51,21,21,21,44,6,29,0,0],"gold":208,"neow_bonus":"THREE_RARE_CARDS","is_daily":false,"chose_seed":false,"campfire_upgraded":0,"win_rate":0.0,"timestamp":1613625852,"path_taken":["M","M","?","?","?","R","M","?","T","R","?","M","R","M","R_BF","BOSS","M","?","?","?","M","R","M","M","T","?","R","?","R","M"],"items_purchased_type":["Card","Potion"],"build_version":"2020-12-13","purchased_purges":0,"victory":false,"max_hp_per_floor":[77,77,77,77,77,77,77,77,77,77,77,77,77,77,77,77,77,77,77,77,77,77,77,77,77,77,77,77,77,77,77,77],"card_choices":[{"not_picked":["mysticmod:Doublecast","mysticmod:SpellRecall"],"picked":"mysticmod:Momentum","floor":0},{"not_picked":["mysticmod:Feint","mysticmod:PreparedCaster"],"picked":"mysticmod:HeavyStrike","floor":1},{"not_picked":["mysticmod:TomeOfSpells","mysticmod:PureInstinct"],"picked":"mysticmod:Stoneskin","floor":2},{"not_picked":["mysticmod:BulkUp","mysticmod:Daze"],"picked":"mysticmod:BladedDash","floor":3},{"not_picked":["mysticmod:EarthenWall","mysticmod:Flourish"],"picked":"mysticmod:MagicWeapon","floor":7},{"not_picked":["mysticmod:HeavyStrike","mysticmod:DiviningBlow"],"picked":"mysticmod:PowerSlash","floor":8},{"not_picked":["mysticmod:DiviningBlow","mysticmod:HunkerDown"],"picked":"mysticmod:CorrosiveTouch","floor":12},{"not_picked":["mysticmod:CorrosiveTouch","mysticmod:DiviningBlow"],"picked":"mysticmod:PowerAttack","floor":14},{"not_picked":["mysticmod:Haste","mysticmod:ClosingBarrage"],"picked":"mysticmod:EnchantedMoulinet","floor":16},{"not_picked":["mysticmod:Alacrity","mysticmod:ArcaneAccuracy"],"picked":"mysticmod:MagicMissile","floor":18},{"not_picked":["mysticmod:PureInstinct","mysticmod:Shield"],"picked":"mysticmod:ChargedParry","floor":22},{"not_picked":["mysticmod:PureInstinct","mysticmod:EnergizedRift"],"picked":"mysticmod:CureLightWounds","floor":24},{"not_picked":["mysticmod:ComboCaster","mysticmod:SuddenClarity"],"picked":"mysticmod:Alacrity","floor":25},{"not_picked":["mysticmod:CorrosiveTouch","mysticmod:Snowball+1"],"picked":"mysticmod:HunkerDown","floor":29}],"player_experience":208307,"relics_obtained":[{"floor":3,"key":"Calipers"},{"floor":9,"key":"WingedGreaves"},{"floor":11,"key":"Potion Belt"},{"floor":15,"key":"Replay:Bottled Flurry"},{"floor":19,"key":"Nilry\u0027s Codex"},{"floor":26,"key":"Dream Catcher"}],"event_choices":[{"damage_healed":0,"gold_gain":0,"player_choice":"Grow","damage_taken":0,"max_hp_gain":0,"max_hp_loss":0,"event_name":"Living Wall","floor":4,"gold_loss":0,"cards_upgraded":["mysticmod:Momentum"]},{"damage_healed":0,"gold_gain":0,"player_choice":"Obtained Book","damage_taken":16,"max_hp_gain":0,"max_hp_loss":0,"event_name":"Cursed Tome","floor":19,"gold_loss":0},{"damage_healed":25,"gold_gain":0,"player_choice":"Heal","damage_taken":0,"max_hp_gain":0,"max_hp_loss":0,"event_name":"The Library","floor":20,"gold_loss":0},{"damage_healed":0,"gold_gain":0,"player_choice":"Traded Relic","damage_taken":0,"relics_obtained":["Nloth\u0027s Gift"],"max_hp_gain":0,"max_hp_loss":0,"event_name":"N\u0027loth","floor":27,"relics_lost":["WingedGreaves"],"gold_loss":0}],"is_beta":false,"boss_relics":[{"not_picked":["bronze:MakeshiftBattery","Runic Dome"],"picked":"Runic Pyramid"}],"items_purged_floors":[],"is_endless":false,"potions_floor_spawned":[1,7,25,29],"killed_by":"Centurion and Healer","ascension_level":0}}