{"host":"tq99ucv8ezzqzioe","time":1613660279,"event":{"mods":["BaseMod","Colored Map","Downfall","Highlight Path","Minty Spire (QoL Compilation)","StSLib"],"gold_per_floor":[110,110,124,141,66,66,92,22,22,22,122,22,22,22],"floor_reached":13,"language":"ENG","playtime":433,"items_purged":["Strike_P","Strike_P"],"score":113,"play_id":"82c6b97a-e48f-49f7-90e8-70431d2adfac","local_time":"20210218095759","is_ascension_mode":true,"campfire_choices":[{"data":"Eruption","floor":6,"key":"SMITH"},{"floor":10,"key":"RECALL"}],"circlet_count":0,"master_deck":["Strike_P","Strike_P","Defend_P","Defend_P","Defend_P","Defend_P","Eruption+1","Vigilance","SignatureMove","ThirdEye","Sanctity","Worship","ThirdEye","Study"],"relics":["PureWater","Ginger","TeardropLocket"],"acts_visited":["Exordium"],"potions_floor_usage":[7],"damage_taken":[{"damage":0,"enemies":"Cultist","floor":1,"turns":3},{"damage":0,"enemies":"2 Louse","floor":3,"turns":2},{"damage":4,"enemies":"Jaw Worm","floor":4,"turns":3},{"damage":4,"enemies":"3 Sentries","floor":7,"turns":5},{"damage":67,"enemies":"Gremlin Nob","floor":13,"turns":3}],"seed_played":"-6552715960888165949","potions_obtained":[{"floor":3,"key":"Dexterity Potion"},{"floor":4,"key":"SneckoOil"}],"is_trial":false,"path_per_floor":["M","T","M","M","$","R","E","$","T","R","?","$","E"],"character_chosen":"WATCHER","items_purchased":["Study"],"campfire_rested":0,"item_purchase_floors":[8],"current_hp_per_floor":[65,65,65,61,61,61,57,57,57,57,57,57,0,0],"gold":22,"neow_bonus":"THREE_CARDS","is_daily":false,"chose_seed":false,"campfire_upgraded":1,"win_rate":0.0,"timestamp":1613660279,"path_taken":["M","?","M","?","$","R","E","?","T","R","?","$","E"],"items_purchased_type":["Card"],"build_version":"2020-12-22","purchased_purges":2,"victory":false,"max_hp_per_floor":[72,72,72,72,72,72,72,72,72,72,72,72,72,72],"card_choices":[{"not_picked":["BowlingBash","Prostrate"],"picked":"SignatureMove","floor":0},{"not_picked":["Crescendo","Evaluate"],"picked":"ThirdEye","floor":1},{"not_picked":["Halt","Crescendo"],"picked":"Sanctity","floor":3},{"not_picked":["ClearTheMind","BattleHymn"],"picked":"Worship","floor":4},{"not_picked":["Crescendo","Wireheading"],"picked":"ThirdEye","floor":7}],"player_experience":1010603,"relics_obtained":[{"floor":7,"key":"Ginger"},{"floor":9,"key":"TeardropLocket"}],"event_choices":[{"damage_healed":0,"gold_gain":100,"player_choice":"Pray","damage_taken":0,"max_hp_gain":0,"max_hp_loss":0,"event_name":"Golden Shrine","floor":11,"gold_loss":0}],"is_beta":false,"boss_relics":[],"items_purged_floors":[5,12],"is_endless":false,"potions_floor_spawned":[3,4],"killed_by":"Gremlin Nob","ascension_level":8}}