{"host":"tlbbab9afexrkdtf","time":1613609954,"event":{"mods":["2.2 Compatiblity","AchievementEnabler","BaseMod","Colored Map","Colored Powertips","Minty Spire (QoL Compilation)","Rare Cards Sparkle","StSLib"],"gold_per_floor":[112,112,129,148,3,34,34,34,34,34,62,62,74,90,90,192,192,211,211,211,231,8,8,8,24,24,24,24,51,163,185,197,209,209],"floor_reached":33,"language":"ENG","playtime":1026,"items_purged":[],"score":379,"play_id":"85b3f37c-3800-4d4b-aaa3-e3e879ba3632","local_time":"20210217195914","is_ascension_mode":true,"campfire_choices":[{"floor":8,"key":"REST"},{"floor":12,"key":"RECALL"},{"data":"Fire Breathing","floor":15,"key":"SMITH"},{"floor":23,"key":"REST"},{"floor":27,"key":"REST"},{"floor":32,"key":"REST"}],"circlet_count":0,"master_deck":["Strike_R","Strike_R","Defend_R","Defend_R","Defend_R","Defend_R","Bash","Fire Breathing+1","Disarm","Rage+1","Infernal Blade","Iron Wave","Havoc","Rage","Anger","Feed","Metallicize+1","Flex+1","Shame","Feel No Pain+1","Shockwave+1","Armaments+1","Perfected Strike+1"],"relics":["Burning Blood","Tiny Chest","MealTicket","Matryoshka","Bag of Preparation","HornCleat","StrikeDummy","Fusion Hammer","Toxic Egg 2","Molten Egg 2","Membership Card","PreservedInsect","Shovel","MawBank","WingedGreaves","Darkstone Periapt"],"acts_visited":["Exordium","TheCity"],"potions_floor_usage":[11,11,16,30,33],"damage_taken":[{"damage":4,"enemies":"Small Slimes","floor":1,"turns":4},{"damage":3,"enemies":"Cultist","floor":3,"turns":4},{"damage":7,"enemies":"Jaw Worm","floor":4,"turns":3},{"damage":25,"enemies":"3 Sentries","floor":6,"turns":7},{"damage":13,"enemies":"Lagavulin","floor":11,"turns":9},{"damage":1,"enemies":"Looter","floor":13,"turns":3},{"damage":0,"enemies":"Large Slime","floor":14,"turns":6},{"damage":4,"enemies":"Slime Boss","floor":16,"turns":7},{"damage":18,"enemies":"Chosen","floor":18,"turns":5},{"damage":19,"enemies":"Shell Parasite","floor":21,"turns":7},{"damage":32,"enemies":"3 Cultists","floor":25,"turns":6},{"damage":6,"enemies":"Colosseum Slavers","floor":30,"turns":6},{"damage":19,"enemies":"Colosseum Nobs","floor":30,"turns":5},{"damage":10,"enemies":"Shelled Parasite and Fungi","floor":31,"turns":8},{"damage":94,"enemies":"Collector","floor":33,"turns":11}],"seed_played":"2406625929531283240","potions_obtained":[{"floor":1,"key":"SpeedPotion"},{"floor":6,"key":"FearPotion"},{"floor":14,"key":"AttackPotion"},{"floor":25,"key":"SteroidPotion"},{"floor":31,"key":"DuplicationPotion"}],"is_trial":false,"path_per_floor":["M","?","M","M","$","E","?","R","T","T","E","R","M","M","R","B",null,"M","?","T","M","$","R","?","M","T","R","?","T","?","M","R","B"],"character_chosen":"IRONCLAD","items_purchased":["Tiny Chest","Membership Card","PreservedInsect"],"campfire_rested":4,"item_purchase_floors":[5,22,22],"current_hp_per_floor":[72,72,72,71,71,52,45,66,66,66,59,59,64,70,70,72,72,60,60,60,50,65,75,75,52,52,75,75,75,65,65,85,0,0],"gold":209,"neow_bonus":"TRANSFORM_TWO_CARDS","is_daily":false,"chose_seed":false,"campfire_upgraded":1,"win_rate":0.0,"timestamp":1613609954,"path_taken":["M","?","M","M","?","E","?","R","T","?","E","R","M","M","R","BOSS","M","?","?","M","$","R","?","?","T","R","?","?","?","?","R","BOSS"],"items_purchased_type":["Relic","Relic","Relic"],"build_version":"2020-12-22","purchased_purges":0,"victory":false,"max_hp_per_floor":[72,72,72,72,72,72,72,72,72,72,72,72,72,72,72,72,72,72,72,72,75,75,75,75,78,78,78,78,78,81,85,85,85,85],"card_choices":[{"not_picked":["Flex","Headbutt"],"picked":"Rage","floor":1},{"not_picked":["Entrench","Clothesline"],"picked":"Infernal Blade","floor":3},{"not_picked":["Sword Boomerang","Searing Blow"],"picked":"Iron Wave","floor":4},{"not_picked":["Sword Boomerang","Twin Strike"],"picked":"Havoc","floor":6},{"not_picked":["Anger","Twin Strike"],"picked":"Rage","floor":11},{"not_picked":["Wild Strike","Sword Boomerang"],"picked":"Anger","floor":13},{"not_picked":["Havoc","Pommel Strike"],"picked":"Brutality","floor":14},{"not_picked":["Exhume","Corruption"],"picked":"Feed","floor":16},{"not_picked":["Warcry+1","Armaments"],"picked":"Metallicize+1","floor":18},{"not_picked":["True Grit+1","Heavy Blade+1"],"picked":"Flex+1","floor":21},{"not_picked":["Clothesline+1","Armaments+1"],"picked":"Feel No Pain+1","floor":25},{"not_picked":["Clothesline+1","Evolve"],"picked":"Armaments+1","floor":30},{"not_picked":["Flame Barrier+1","Power Through+1"],"picked":"Perfected Strike+1","floor":31}],"player_experience":325898,"relics_obtained":[{"floor":6,"key":"MealTicket"},{"floor":9,"key":"Matryoshka"},{"floor":10,"key":"Bag of Preparation"},{"floor":10,"key":"HornCleat"},{"floor":11,"key":"StrikeDummy"},{"floor":20,"key":"Toxic Egg 2"},{"floor":20,"key":"Molten Egg 2"},{"floor":29,"key":"MawBank"},{"floor":30,"key":"WingedGreaves"},{"floor":30,"key":"Darkstone Periapt"}],"event_choices":[{"damage_healed":0,"gold_gain":0,"player_choice":"Upgraded","damage_taken":0,"max_hp_gain":0,"max_hp_loss":0,"event_name":"Upgrade Shrine","floor":2,"gold_loss":0,"cards_upgraded":["Rage"]},{"cards_removed":["Strike_R"],"damage_healed":0,"gold_gain":0,"player_choice":"Card Removal","damage_taken":7,"max_hp_gain":0,"max_hp_loss":0,"event_name":"Golden Wing","floor":7,"gold_loss":0},{"damage_healed":0,"gold_gain":0,"player_choice":"Ignored","damage_taken":0,"max_hp_gain":0,"max_hp_loss":0,"event_name":"Vampires","floor":19,"gold_loss":0},{"damage_healed":0,"gold_gain":0,"player_choice":"Stole Relic","damage_taken":0,"relics_obtained":["Shovel"],"max_hp_gain":0,"max_hp_loss":0,"event_name":"Addict","floor":24,"gold_loss":0,"cards_obtained":["Shame"]},{"damage_healed":0,"gold_gain":0,"cards_transformed":["Brutality"],"player_choice":"Transformed","damage_taken":0,"max_hp_gain":0,"max_hp_loss":0,"event_name":"Transmorgrifier","floor":28,"gold_loss":0,"cards_obtained":["Shockwave"]},{"damage_healed":0,"gold_gain":0,"player_choice":"Fight","damage_taken":0,"max_hp_gain":0,"max_hp_loss":0,"event_name":"Colosseum","floor":30,"gold_loss":0},{"damage_healed":0,"gold_gain":0,"player_choice":"Fought Nobs","damage_taken":0,"max_hp_gain":0,"max_hp_loss":0,"event_name":"Colosseum","floor":30,"gold_loss":0}],"is_beta":false,"boss_relics":[{"not_picked":["SacredBark","Ectoplasm"],"picked":"Fusion Hammer"}],"items_purged_floors":[],"is_endless":false,"potions_floor_spawned":[1,6,14,25,30,31],"killed_by":"Collector","ascension_level":5}}