{"host":"bgptblc1sp470rxq","time":1613624611,"event":{"mods":["BaseMod","BetterRewards","Colored Map","Downfall","Highlight Path","Minty Spire (QoL Compilation)","Quick Restart","StSLib","Waifu the Spire"],"gold_per_floor":[99,99,99,24,24,24,24,24,24,24,38,48,68,79,89,89,89,89],"floor_reached":16,"language":"ZHS","playtime":616,"items_purged":["Guardian:Strike_Guardian"],"score":90,"play_id":"b569e155-44f4-4161-886e-463019c647e6","local_time":"20210218130331","is_ascension_mode":false,"campfire_choices":[{"floor":1,"key":"RECALL"},{"data":"Guardian:RefractedBeam","floor":6,"key":"SMITH"},{"data":"Guardian:RefractedBeam+1","floor":9,"key":"SMITH"}],"circlet_count":0,"master_deck":["Guardian:Defend_Guardian","Guardian:Defend_Guardian","Guardian:Defend_Guardian","Guardian:Defend_Guardian","Guardian:CurlUp","Guardian:TwinSlam","Guardian:Planning","Guardian:RefractedBeam+2","Guardian:GuardianWhirl","Guardian:Gem_Synthetic","Guardian:RollAttack","downfall:Bewildered","Guardian:PrismaticBarrier","Guardian:Gem_Red","Guardian:ShieldCharger","Guardian:TemporalStrike"],"relics":["Guardian:ModeShifter","downfall:HeartsMalice","Sundial"],"acts_visited":["Exordium"],"potions_floor_usage":[],"damage_taken":[{"damage":0,"enemies":"2 Louse","floor":2,"turns":1},{"damage":0,"enemies":"downfall:FleeingMerchant","floor":4,"turns":1},{"damage":0,"enemies":"Small Slimes","floor":5,"turns":1},{"damage":0,"enemies":"Cultist","floor":8,"turns":1},{"damage":7,"enemies":"2 Fungi Beasts","floor":11,"turns":3},{"damage":7,"enemies":"Blue Slaver","floor":12,"turns":4},{"damage":11,"enemies":"Exordium Wildlife","floor":13,"turns":6},{"damage":5,"enemies":"2 Fungi Beasts","floor":14,"turns":4},{"damage":16,"enemies":"downfall:LooterAlt","floor":15,"turns":5},{"damage":37,"enemies":"WA_ARCHETYPE_RETAIN","floor":16,"turns":9}],"seed_played":"-5859306749824755580","potions_obtained":[{"floor":11,"key":"LiquidBronze"},{"floor":12,"key":"Fire Potion"},{"floor":15,"key":"Fire Potion"}],"is_trial":false,"path_per_floor":["R","M","?","$","M","R","T","M","R","?","M","M","M","M","M","B"],"character_chosen":"GUARDIAN","items_purchased":[],"campfire_rested":0,"item_purchase_floors":[],"current_hp_per_floor":[80,80,80,80,80,80,80,80,80,80,73,66,55,50,34,0,0,0],"gold":89,"neow_bonus":"THREE_ENEMY_KILL","is_daily":false,"chose_seed":false,"campfire_upgraded":2,"win_rate":0.0,"timestamp":1613624611,"path_taken":["R","M","?","$","M","R","T","M","R","?","M","M","M","?","M","BOSS"],"items_purchased_type":[],"build_version":"2020-12-22","purchased_purges":1,"victory":false,"max_hp_per_floor":[80,80,80,80,80,80,80,80,80,80,80,80,80,80,80,80,80,80],"card_choices":[{"not_picked":["Guardian:SentryBeam","Guardian:TemporalShield"],"picked":"Guardian:Planning","floor":2},{"not_picked":["Guardian:Gem_Lightblue","Guardian:ShieldCharger"],"picked":"Guardian:RefractedBeam","floor":4},{"not_picked":["Guardian:Planning","Guardian:Suspension"],"picked":"Guardian:GuardianWhirl","floor":5},{"not_picked":["Guardian:Gem_Red","Guardian:WalkerClaw"],"picked":"Guardian:Gem_Green","floor":8},{"not_picked":["Guardian:Gem_Lightblue","Guardian:ChargeCore"],"picked":"Guardian:Gem_Red","floor":11},{"not_picked":["Guardian:Recover","Guardian:RollAttack","Guardian:Planning"],"picked":"SKIP","floor":12},{"not_picked":["Guardian:PiercingHide","Guardian:PolyBeam"],"picked":"Guardian:ShieldCharger","floor":13},{"not_picked":["Guardian:DecasProtection","Guardian:VentSteam"],"picked":"Guardian:TemporalStrike","floor":14},{"not_picked":["Guardian:PrimingBeam","Guardian:RollAttack","Guardian:PrismaticBeam"],"picked":"SKIP","floor":15}],"player_experience":270014,"relics_obtained":[{"floor":7,"key":"Sundial"}],"event_choices":[],"is_beta":false,"boss_relics":[],"items_purged_floors":[4],"is_endless":false,"potions_floor_spawned":[11,12,15],"killed_by":"WA_ARCHETYPE_RETAIN","ascension_level":0}}