{"host":"v6bx4j78sqvho3ll","time":1613679490,"event":{"mods":["AchievementEnabler","BaseMod","Colored Map","Colored Powertips","Minty Spire (QoL Compilation)","Relic Stats","StSLib"],"gold_per_floor":[111,125,143,143,162,162,162,162,210,228,228,247,247,298,298,401,401,414,414,432,432,214,214,245,257,305,305,41,41,53,72,72,167,217,234,253,253,266,14,43,43,43],"floor_reached":41,"language":"ENG","playtime":2473,"items_purged":["Strike_B","Strike_B"],"score":533,"play_id":"e3842ce5-67da-437e-910c-9b148df1a441","local_time":"20210218211810","is_ascension_mode":false,"campfire_choices":[{"data":"Streamline","floor":6.0,"key":"SMITH"},{"data":"Buffer","floor":11.0,"key":"SMITH"},{"data":"Genetic Algorithm","floor":13.0,"key":"SMITH"},{"data":"Sweeping Beam","floor":15.0,"key":"SMITH"},{"data":"Meteor Strike","floor":23.0,"key":"SMITH"},{"data":"Ghostly","floor":27.0,"key":"SMITH"},{"data":"Buffer","floor":32.0,"key":"SMITH"}],"circlet_count":0,"master_deck":["Strike_B","Defend_B","Defend_B","Defend_B+1","Zap","Dualcast","Streamline+1","Cold Snap+1","Genetic Algorithm+1","Sweeping Beam+1","Buffer+1","Meteor Strike+1","Rebound","Ghostly+1","Ghostly","Ghostly","Ghostly+1","Ghostly","Heatsinks","Auto Shields","Beam Cell+1","Conserve Battery","Buffer+1","Rebound","Streamline","Amplify","Hello World+1","Strike_B","Double Energy","Doom and Gloom"],"relics":["Philosopher\u0027s Stone","HornCleat","Eternal Feather","Bag of Marbles","Sozu","Sling","Kunai","Ancient Tea Set","Tiny House","Lantern","PreservedInsect"],"acts_visited":["Exordium","TheCity","TheBeyond"],"potions_floor_usage":[],"damage_taken":[{"damage":0.0,"enemies":"Cultist","floor":1.0,"turns":3.0},{"damage":4.0,"enemies":"2 Louse","floor":2.0,"turns":3.0},{"damage":2.0,"enemies":"Jaw Worm","floor":3.0,"turns":3.0},{"damage":0.0,"enemies":"Large Slime","floor":5.0,"turns":6.0},{"damage":6.0,"enemies":"Exordium Thugs","floor":10.0,"turns":4.0},{"damage":7.0,"enemies":"Exordium Wildlife","floor":12.0,"turns":4.0},{"damage":53.0,"enemies":"Hexaghost","floor":16.0,"turns":12.0},{"damage":0.0,"enemies":"Shell Parasite","floor":18.0,"turns":5.0},{"damage":0.0,"enemies":"Chosen","floor":20.0,"turns":4.0},{"damage":18.0,"enemies":"Slavers","floor":24.0,"turns":8.0},{"damage":1.0,"enemies":"Shelled Parasite and Fungi","floor":25.0,"turns":6.0},{"damage":0.0,"enemies":"Snecko","floor":30.0,"turns":7.0},{"damage":1.0,"enemies":"Centurion and Healer","floor":31.0,"turns":6.0},{"damage":0.0,"enemies":"Automaton","floor":33.0,"turns":14.0},{"damage":10.0,"enemies":"3 Shapes","floor":35.0,"turns":5.0},{"damage":4.0,"enemies":"3 Darklings","floor":36.0,"turns":6.0},{"damage":2.0,"enemies":"Maw","floor":38.0,"turns":9.0},{"damage":0.0,"enemies":"Nemesis","floor":40.0,"turns":7.0}],"seed_played":"-6394242033306021373","potions_obtained":[{"floor":2.0,"key":"Ancient Potion"},{"floor":5.0,"key":"Strength Potion"},{"floor":10.0,"key":"Strength Potion"}],"is_trial":false,"path_per_floor":["M","M","M","T","M","R","?","?","T","M","R","M","R","?","R","B",null,"M","?","M","?","$","R","E","M","T","R","$","?","M","M","R","B",null,"M","M","?","M","$","E","$"],"character_chosen":"DEFECT","items_purchased":["Sling","Buffer","Lantern","Double Energy","Doom and Gloom"],"campfire_rested":0,"item_purchase_floors":[22,28,39,39,39],"current_hp_per_floor":[75,71,69,69,69,69,57,42,42,36,45,38,47,47,56,3,75,75,37,37,37,37,37,19,18,18,30,30,30,30,29,37,37,42,32,28,28,26,26,26,26,26],"gold":43,"neow_bonus":"BOSS_RELIC","is_daily":false,"chose_seed":false,"campfire_upgraded":7,"win_rate":0.0,"timestamp":1613679490,"path_taken":["M","M","M","?","?","R","?","?","T","M","R","M","R","?","R","BOSS","M","?","M","?","$","R","E","?","T","R","$","?","?","M","R","BOSS","M","M","?","M","$","E","$"],"items_purchased_type":["Relic","Card","Relic","Card","Card"],"build_version":"2020-12-13","purchased_purges":2,"victory":false,"max_hp_per_floor":[75,75,75,75,75,75,75,75,75,75,75,75,75,75,75,75,75,75,37,37,37,37,37,37,37,37,37,37,37,37,37,37,37,42,42,42,42,42,42,42,42,42],"relic_stats":{"Sozu":6,"counters":[18,112],"Eternal Feather":47,"PreservedInsect":0,"Kunai":[17],"obtain_stats":[{"Sozu":17,"Lantern":39,"HornCleat":4,"Tiny House":34,"Philosopher\u0027s Stone":0,"Eternal Feather":7,"PreservedInsect":40,"Bag of Marbles":9,"Kunai":24,"Cracked Core":0,"Sling":22,"Ancient Tea Set":26},{"Sozu":7,"Lantern":17,"HornCleat":3,"Tiny House":14,"Philosopher\u0027s Stone":0,"Eternal Feather":4,"PreservedInsect":18,"Bag of Marbles":4,"Kunai":10,"Cracked Core":0,"Sling":9,"Ancient Tea Set":11},{"Sozu":35,"Lantern":105,"HornCleat":9,"Tiny House":85,"Philosopher\u0027s Stone":0,"Eternal Feather":15,"PreservedInsect":112,"Bag of Marbles":15,"Kunai":52,"Cracked Core":0,"Sling":44,"Ancient Tea Set":58}]},"card_choices":[{"not_picked":["Steam","Sweeping Beam"],"picked":"Streamline","floor":1.0},{"not_picked":["Consume","Stack"],"picked":"Cold Snap","floor":2.0},{"not_picked":["Hologram","Cold Snap"],"picked":"Genetic Algorithm","floor":3.0},{"not_picked":["Double Energy","Turbo"],"picked":"Sweeping Beam","floor":5.0},{"not_picked":["Hologram","Steam Power"],"picked":"Buffer","floor":10.0},{"not_picked":["FTL","Stack","Gash"],"picked":"SKIP","floor":12.0},{"not_picked":["Fission","Thunder Strike"],"picked":"Meteor Strike","floor":16.0},{"not_picked":["Leap","Turbo+1"],"picked":"Rebound","floor":18.0},{"not_picked":["BootSequence","Barrage"],"picked":"Heatsinks","floor":20.0},{"not_picked":["Ball Lightning","Reinforced Body"],"picked":"Beam Cell+1","floor":24.0},{"not_picked":["Hologram","Rebound"],"picked":"Conserve Battery","floor":25.0},{"not_picked":["Compile Driver+1","All For One"],"picked":"Rebound","floor":30.0},{"not_picked":["Turbo+1","Conserve Battery"],"picked":"Streamline","floor":31.0},{"not_picked":["Meteor Strike","Reboot"],"picked":"Amplify","floor":33.0},{"not_picked":["Turbo","Chaos"],"picked":"Hello World+1","floor":34.0},{"not_picked":["Heatsinks","Ball Lightning+1","Compile Driver+1"],"picked":"SKIP","floor":35.0},{"not_picked":["Rebound+1","Leap","Gash"],"picked":"SKIP","floor":36.0},{"not_picked":["Redo+1","Cold Snap","Stack"],"picked":"SKIP","floor":38.0},{"not_picked":["Fission","Cold Snap","Doom and Gloom"],"picked":"SKIP","floor":40.0}],"player_experience":57270,"relics_obtained":[{"floor":4.0,"key":"HornCleat"},{"floor":9.0,"key":"Bag of Marbles"},{"floor":24.0,"key":"Kunai"},{"floor":26.0,"key":"Ancient Tea Set"},{"floor":40.0,"key":"PreservedInsect"}],"event_choices":[{"damage_healed":0.0,"max_hp_gain":0.0,"max_hp_loss":0.0,"gold_gain":0.0,"event_name":"Scrap Ooze","player_choice":"Success","floor":7.0,"gold_loss":0.0,"damage_taken":12.0,"relics_obtained":["Eternal Feather"]},{"damage_healed":0.0,"max_hp_gain":0.0,"max_hp_loss":0.0,"gold_gain":0.0,"event_name":"Shining Light","player_choice":"Entered Light","floor":8.0,"gold_loss":0.0,"damage_taken":15.0,"cards_upgraded":["Cold Snap","Defend_B"]},{"damage_healed":0.0,"max_hp_gain":0.0,"max_hp_loss":0.0,"gold_gain":51.0,"event_name":"Golden Wing","player_choice":"Gained Gold","floor":14.0,"gold_loss":0.0,"damage_taken":0.0},{"damage_healed":0.0,"max_hp_gain":0.0,"max_hp_loss":38.0,"gold_gain":0.0,"event_name":"Ghosts","player_choice":"Became a Ghost","floor":19.0,"gold_loss":0.0,"damage_taken":0.0,"cards_obtained":["Ghostly","Ghostly","Ghostly","Ghostly","Ghostly"]},{"damage_healed":0.0,"max_hp_gain":0.0,"max_hp_loss":0.0,"gold_gain":0.0,"cards_transformed":["Strike_B"],"event_name":"Transmorgrifier","player_choice":"Transformed","floor":21.0,"gold_loss":0.0,"damage_taken":0.0,"cards_obtained":["Auto Shields"]},{"damage_healed":0.0,"max_hp_gain":0.0,"max_hp_loss":0.0,"gold_gain":0.0,"event_name":"Match and Keep!","player_choice":"0 cards matched","floor":29.0,"gold_loss":0.0,"damage_taken":0.0,"cards_obtained":[]},{"cards_removed":["Defend_B"],"damage_healed":0.0,"max_hp_gain":0.0,"max_hp_loss":0.0,"gold_gain":0.0,"event_name":"NoteForYourself","player_choice":"Took Card","floor":37.0,"gold_loss":0.0,"damage_taken":0.0,"cards_obtained":["Strike_B"]}],"is_beta":false,"boss_relics":[{"not_picked":["Fusion Hammer","SlaversCollar"],"picked":"Sozu"},{"not_picked":["SacredBark","Empty Cage"],"picked":"Tiny House"}],"items_purged_floors":[22,28],"is_endless":false,"potions_floor_spawned":[2,5,10,20,24,30,35,40],"ascension_level":0}}