{"host":"bg8va46pgqgvtzim","time":1613650565,"event":{"mods":["BaseMod","Minty Spire (QoL Compilation)","Quick Restart","StSLib","SuperFastMode"],"gold_per_floor":[110,128,142,142,112,130,144,144,174,174,215,290,300,339,410,410,438,458,458,480,499,499,526,526,526,636,636,656,676,694,543,543,558,576,476,517,517,551,590,619,644,644,665,665,705,718,633,649,649,649,649,754,754,773,783,805,805,825,843,482,518,518,538,241,273,301,328,328,339,339,164,164,164,208,218,218,218,218,218,18,43,43],"floor_reached":83,"language":"ZHS","playtime":7249,"items_purged":["Strike_G","Strike_G","Predator","Dagger Throw+1","Deadly Poison+1","Defend_G"],"score":1987,"play_id":"bb001e66-deb6-480f-a45a-ba2b93af3cc0","local_time":"20210218201605","is_ascension_mode":true,"campfire_choices":[{"data":"Deadly Poison","floor":10.0,"key":"SMITH"},{"data":"Noxious Fumes","floor":22.0,"key":"SMITH"},{"data":"Prepared","floor":25.0,"key":"SMITH"},{"data":"Prepared","floor":37.0,"key":"SMITH"},{"data":"Acrobatics","floor":44.0,"key":"SMITH"},{"data":"Calculated Gamble","floor":50.0,"key":"SMITH"},{"data":"Flechettes","floor":51.0,"key":"SMITH"},{"data":"Calculated Gamble","floor":62.0,"key":"SMITH"},{"data":"Expertise","floor":70.0,"key":"SMITH"},{"data":"Purity","floor":72.0,"key":"SMITH"},{"floor":76.0,"key":"RECALL"},{"data":"Panacea","floor":79.0,"key":"SMITH"}],"circlet_count":0,"master_deck":["Defend_G","Defend_G","Defend_G","Defend_G","Survivor","Neutralize+1","Prepared+1","Footwork","Acrobatics+1","Noxious Fumes+1","Blur","Expertise+1","Adrenaline","Acrobatics+1","Concentrate+1","A Thousand Cuts","Panacea+1","Prepared+1","Reflex","Flechettes+1","Calculated Gamble+1","Reflex","After Image","Tactician+1","Purity+1","Calculated Gamble+1","Prepared+1","After Image"],"relics":["Ring of the Snake","NeowsBlessing","Eternal Feather","CeramicFish","Snake Skull","Letter Opener","Singing Bowl","Pantograph","Gambling Chip","HoveringKite","Juzu Bracelet","Pear","Red Mask","Ornamental Fan","Vajra","Kunai","Ninja Scroll","Black Star","Strawberry","TheAbacus","InkBottle","Whetstone","ClockworkSouvenir","HornCleat","Paper Crane","Nunchaku","Centennial Puzzle","Pocketwatch","Gremlin Horn","War Paint"],"acts_visited":["Exordium","TheCity","TheBeyond","TheEnding"],"potions_floor_usage":[82,82],"damage_taken":[{"damage":0.0,"enemies":"Small Slimes","floor":1.0,"turns":1.0},{"damage":0.0,"enemies":"Cultist","floor":2.0,"turns":1.0},{"damage":0.0,"enemies":"Jaw Worm","floor":3.0,"turns":1.0},{"damage":11.0,"enemies":"Exordium Wildlife","floor":6.0,"turns":7.0},{"damage":7.0,"enemies":"Large Slime","floor":7.0,"turns":10.0},{"damage":15.0,"enemies":"Gremlin Nob","floor":9.0,"turns":5.0},{"damage":11.0,"enemies":"Lagavulin","floor":11.0,"turns":6.0},{"damage":0.0,"enemies":"2 Fungi Beasts","floor":13.0,"turns":3.0},{"damage":10.0,"enemies":"3 Sentries","floor":14.0,"turns":9.0},{"damage":10.0,"enemies":"Lagavulin","floor":17.0,"turns":6.0},{"damage":1.0,"enemies":"3 Louse","floor":18.0,"turns":3.0},{"damage":0.0,"enemies":"Large Slime","floor":20.0,"turns":9.0},{"damage":0.0,"enemies":"Looter","floor":21.0,"turns":3.0},{"damage":1.0,"enemies":"Lagavulin","floor":23.0,"turns":5.0},{"damage":3.0,"enemies":"Hexaghost","floor":26.0,"turns":8.0},{"damage":0.0,"enemies":"Shell Parasite","floor":28.0,"turns":5.0},{"damage":1.0,"enemies":"3 Byrds","floor":29.0,"turns":4.0},{"damage":0.0,"enemies":"Snecko","floor":33.0,"turns":5.0},{"damage":2.0,"enemies":"Snake Plant","floor":34.0,"turns":4.0},{"damage":29.0,"enemies":"Gremlin Leader","floor":36.0,"turns":6.0},{"damage":0.0,"enemies":"Book of Stabbing","floor":38.0,"turns":7.0},{"damage":0.0,"enemies":"Masked Bandits","floor":39.0,"turns":2.0},{"damage":13.0,"enemies":"Slavers","floor":40.0,"turns":3.0},{"damage":0.0,"enemies":"3 Cultists","floor":43.0,"turns":4.0},{"damage":3.0,"enemies":"Gremlin Leader","floor":45.0,"turns":6.0},{"damage":0.0,"enemies":"Snecko","floor":46.0,"turns":2.0},{"damage":0.0,"enemies":"Cultist and Chosen","floor":48.0,"turns":2.0},{"damage":0.0,"enemies":"Champ","floor":52.0,"turns":6.0},{"damage":0.0,"enemies":"3 Darklings","floor":54.0,"turns":2.0},{"damage":0.0,"enemies":"3 Shapes","floor":55.0,"turns":2.0},{"damage":0.0,"enemies":"Jaw Worm Horde","floor":56.0,"turns":1.0},{"damage":0.0,"enemies":"Transient","floor":58.0,"turns":5.0},{"damage":0.0,"enemies":"3 Darklings","floor":59.0,"turns":2.0},{"damage":0.0,"enemies":"Nemesis","floor":61.0,"turns":1.0},{"damage":0.0,"enemies":"Spire Growth","floor":63.0,"turns":1.0},{"damage":0.0,"enemies":"Reptomancer","floor":65.0,"turns":1.0},{"damage":0.0,"enemies":"Writhing Mass","floor":66.0,"turns":2.0},{"damage":0.0,"enemies":"Sphere and 2 Shapes","floor":69.0,"turns":3.0},{"damage":0.0,"enemies":"Nemesis","floor":74.0,"turns":1.0},{"damage":0.0,"enemies":"4 Shapes","floor":75.0,"turns":1.0},{"damage":0.0,"enemies":"Awakened One","floor":77.0,"turns":2.0},{"damage":0.0,"enemies":"Shield and Spear","floor":81.0,"turns":2.0},{"damage":0,"enemies":"The Heart","floor":82,"turns":5}],"seed_played":"9078859395600573876","potions_obtained":[{"floor":1.0,"key":"ColorlessPotion"},{"floor":2.0,"key":"Energy Potion"},{"floor":13.0,"key":"Strength Potion"},{"floor":17.0,"key":"SpeedPotion"},{"floor":18.0,"key":"Poison Potion"},{"floor":21.0,"key":"SkillPotion"},{"floor":36.0,"key":"Block Potion"},{"floor":43.0,"key":"AttackPotion"},{"floor":45.0,"key":"Explosive Potion"},{"floor":58.0,"key":"DuplicationPotion"},{"floor":66.0,"key":"SteroidPotion"},{"floor":81.0,"key":"Strength Potion"}],"is_trial":false,"path_per_floor":["M","M","M","?","M","M","M","$","E","R","E","?","M","E","T","T","E","M","E","M","M","R","E","?","R","B",null,"M","M","?","$","?","M","M","$","E","R","E","?","E","T","T","M","R","E","M","?","M","?","R","R","B",null,"M","M","M","?","M","M","$","E","R","M","$","E","M","T","T","M","R","$","R","?","E","M","R","B",null,"R","$","E","B",null],"character_chosen":"THE_SILENT","items_purchased":["Panacea","TheAbacus","Purity","ClockworkSouvenir"],"campfire_rested":0,"item_purchase_floors":[31,60,60,64],"current_hp_per_floor":[70,70,70,70,70,59,52,52,37,46,35,24,24,14,14,14,6,5,4,4,6,15,16,16,25,47,76,76,75,75,75,75,77,77,77,48,60,70,70,59,59,59,59,74,71,73,73,75,75,90,96,96,96,98,100,100,107,109,111,111,111,111,113,113,115,115,115,115,117,117,117,117,117,117,119,119,119,119,119,119,121,121],"gold":43,"neow_bonus":"THREE_ENEMY_KILL","is_daily":false,"chose_seed":false,"campfire_upgraded":11,"win_rate":0.0,"timestamp":1613650565,"path_taken":["M","M","M","?","?","M","M","?","E","R","E","?","M","E","T","T","E","M","E","M","M","R","E","?","R","BOSS","M","M","?","$","?","M","M","$","E","R","E","?","E","T","T","M","R","E","M","?","M","?","R","R","BOSS","M","M","M","?","M","M","?","E","R","M","$","E","M","T","T","M","R","$","R","?","E","M","R","BOSS","R","$","E","BOSS"],"items_purchased_type":["Card","Relic","Card","Relic"],"build_version":"2020-12-22","purchased_purges":6,"victory":true,"max_hp_per_floor":[70,70,70,70,70,70,70,70,70,70,70,70,70,70,70,70,72,72,72,72,74,74,76,76,76,76,76,76,76,76,76,76,78,80,80,80,80,90,90,92,92,92,92,92,92,94,94,96,96,96,96,96,96,98,100,100,107,109,111,111,111,111,113,113,115,115,115,115,117,117,117,117,117,117,119,119,119,119,119,119,121,121],"card_choices":[{"not_picked":["Distraction","Choke"],"picked":"Deadly Poison","floor":1.0},{"not_picked":["Bane","Dagger Spray"],"picked":"Prepared","floor":2.0},{"not_picked":["Slice","Sucker Punch"],"picked":"Footwork","floor":3.0},{"not_picked":["Prepared","Bane","Heel Hook"],"picked":"SKIP","floor":6.0},{"not_picked":["Concentrate","Setup","Riddle With Holes"],"picked":"SKIP","floor":7.0},{"not_picked":["Finisher","Prepared"],"picked":"Dagger Throw","floor":9.0},{"not_picked":["Skewer","Dodge and Roll"],"picked":"Acrobatics","floor":11.0},{"not_picked":["Quick Slash","Deadly Poison","Slice"],"picked":"SKIP","floor":13.0},{"not_picked":["Choke","Catalyst"],"picked":"Noxious Fumes","floor":14.0},{"not_picked":["Quick Slash","Dash","Catalyst"],"picked":"Singing Bowl","floor":17.0},{"not_picked":["Storm of Steel","Bane"],"picked":"Blur","floor":18.0},{"not_picked":["Dodge and Roll","Heel Hook"],"picked":"Expertise","floor":20.0},{"not_picked":["Dagger Spray","Backflip","Blade Dance"],"picked":"Singing Bowl","floor":21.0},{"not_picked":["Infinite Blades","All Out Attack","Flying Knee"],"picked":"Singing Bowl","floor":23.0},{"not_picked":["Envenom","Grand Finale"],"picked":"Adrenaline","floor":26.0},{"not_picked":["Bane","Flying Knee"],"picked":"Acrobatics","floor":28.0},{"not_picked":["All Out Attack","Burst"],"picked":"Concentrate","floor":29.0},{"not_picked":["Dagger Throw","Expertise","Outmaneuver"],"picked":"Singing Bowl","floor":33.0},{"not_picked":["Accuracy+1","Blade Dance","Caltrops"],"picked":"Singing Bowl","floor":34.0},{"not_picked":["Poisoned Stab","Deadly Poison"],"picked":"Prepared","floor":36.0},{"not_picked":["Burst","Deadly Poison"],"picked":"Reflex","floor":38.0},{"not_picked":["Backflip","All Out Attack"],"picked":"Flechettes","floor":39.0},{"not_picked":["Concentrate","Dodge and Roll","Sucker Punch+1"],"picked":"Singing Bowl","floor":40.0},{"not_picked":["Backflip","Bane+1"],"picked":"Calculated Gamble","floor":43.0},{"not_picked":["Catalyst+1","Footwork+1"],"picked":"Reflex","floor":45.0},{"not_picked":["Expertise","Prepared","Finisher"],"picked":"Singing Bowl","floor":46.0},{"not_picked":["Terror","Outmaneuver","Choke+1"],"picked":"Singing Bowl","floor":48.0},{"not_picked":["Wraith Form v2","Burst"],"picked":"After Image","floor":52.0},{"not_picked":["Infinite Blades","Underhanded Strike","Prepared"],"picked":"Singing Bowl","floor":54.0},{"not_picked":["Blade Dance+1","Bane","Outmaneuver+1"],"picked":"Singing Bowl","floor":55.0},{"not_picked":["Backstab","Distraction"],"picked":"Tactician+1","floor":56.0},{"not_picked":["Crippling Poison","Blade Dance+1","Predator"],"picked":"Singing Bowl","floor":58.0},{"not_picked":["Crippling Poison+1","Poisoned Stab","Dodge and Roll+1"],"picked":"Singing Bowl","floor":59.0},{"not_picked":["Wraith Form v2","Cloak And Dagger"],"picked":"Calculated Gamble","floor":61.0},{"not_picked":["Sucker Punch+1","Deadly Poison+1","Heel Hook+1"],"picked":"Singing Bowl","floor":63.0},{"not_picked":["Dagger Spray","Backflip","Noxious Fumes+1"],"picked":"Singing Bowl","floor":65.0},{"not_picked":["Dagger Spray","Cloak And Dagger"],"picked":"Prepared+1","floor":66.0},{"not_picked":["Tactician","Deflect","Cloak And Dagger+1"],"picked":"Singing Bowl","floor":69.0},{"not_picked":["Venomology","Blur+1"],"picked":"After Image","floor":74.0},{"not_picked":["Slice","Dagger Throw","Flying Knee+1"],"picked":"Singing Bowl","floor":75.0},{"not_picked":["Backflip","Slice","Finisher+1"],"picked":"Singing Bowl","floor":81.0}],"player_experience":2488020,"relics_obtained":[{"floor":9.0,"key":"Eternal Feather"},{"floor":11.0,"key":"CeramicFish"},{"floor":14.0,"key":"Snake Skull"},{"floor":15.0,"key":"Letter Opener"},{"floor":16.0,"key":"Singing Bowl"},{"floor":17.0,"key":"Pantograph"},{"floor":23.0,"key":"Gambling Chip"},{"floor":36.0,"key":"Juzu Bracelet"},{"floor":38.0,"key":"Pear"},{"floor":39.0,"key":"Red Mask"},{"floor":40.0,"key":"Ornamental Fan"},{"floor":41.0,"key":"Vajra"},{"floor":42.0,"key":"Kunai"},{"floor":61.0,"key":"InkBottle"},{"floor":61.0,"key":"Whetstone"},{"floor":65.0,"key":"HornCleat"},{"floor":65.0,"key":"Paper Crane"},{"floor":67.0,"key":"Nunchaku"},{"floor":74.0,"key":"Centennial Puzzle"},{"floor":74.0,"key":"Pocketwatch"},{"floor":81.0,"key":"Gremlin Horn"},{"floor":81.0,"key":"War Paint"}],"event_choices":[{"cards_removed":["Strike_G"],"damage_healed":0.0,"max_hp_gain":0.0,"max_hp_loss":0.0,"gold_gain":0.0,"event_name":"Bonfire Elementals","player_choice":"Offered Basic","floor":4.0,"gold_loss":0.0,"damage_taken":0.0},{"damage_healed":0.0,"max_hp_gain":0.0,"max_hp_loss":0.0,"gold_gain":75.0,"event_name":"World of Goop","player_choice":"Gather Gold","floor":12.0,"gold_loss":0.0,"damage_taken":11.0},{"damage_healed":0.0,"max_hp_gain":0.0,"max_hp_loss":0.0,"gold_gain":0.0,"event_name":"Liars Game","player_choice":"Ignored","floor":24.0,"gold_loss":0.0,"damage_taken":0.0},{"damage_healed":0.0,"max_hp_gain":0.0,"max_hp_loss":0.0,"gold_gain":0.0,"cards_transformed":["Strike_G","Strike_G"],"event_name":"Drug Dealer","player_choice":"Became Test Subject","floor":30.0,"gold_loss":0.0,"damage_taken":0.0,"cards_obtained":["Predator","A Thousand Cuts"]},{"damage_healed":0.0,"max_hp_gain":0.0,"max_hp_loss":0.0,"gold_gain":0.0,"event_name":"Ghosts","player_choice":"Ignored","floor":32.0,"gold_loss":0.0,"damage_taken":0.0},{"damage_healed":0.0,"max_hp_gain":0.0,"max_hp_loss":0.0,"gold_gain":0.0,"event_name":"Masked Bandits","player_choice":"Fought Bandits","floor":39.0,"gold_loss":0.0,"damage_taken":0.0},{"damage_healed":0.0,"max_hp_gain":0.0,"max_hp_loss":0.0,"gold_gain":0.0,"event_name":"Addict","player_choice":"Obtained Relic","floor":47.0,"gold_loss":85.0,"damage_taken":0.0,"relics_obtained":["Ninja Scroll"]},{"damage_healed":0.0,"max_hp_gain":0.0,"max_hp_loss":0.0,"gold_gain":0.0,"event_name":"Vampires","player_choice":"Ignored","floor":49.0,"gold_loss":0.0,"damage_taken":0.0},{"damage_healed":0.0,"max_hp_gain":0.0,"max_hp_loss":0.0,"gold_gain":0.0,"event_name":"WeMeetAgain","player_choice":"Gave Potion","floor":57.0,"gold_loss":0.0,"damage_taken":0.0,"relics_obtained":["Strawberry"]},{"damage_healed":0.0,"max_hp_gain":0.0,"max_hp_loss":0.0,"gold_gain":0.0,"event_name":"NoteForYourself","player_choice":"Ignored","floor":73.0,"gold_loss":0.0,"damage_taken":0.0}],"is_beta":false,"boss_relics":[{"not_picked":["Cursed Key","Philosopher\u0027s Stone"],"picked":"HoveringKite"},{"not_picked":["Sozu","SacredBark"],"picked":"Black Star"}],"items_purged_floors":[31,35,60,64,71,80],"is_endless":false,"potions_floor_spawned":[1,2,13,17,18,21,23,28,29,36,43,45,46,54,55,58,66,69,74,81],"ascension_level":1}}