{"host":"z37g2hkgkh2zjyzk","time":1613668057,"event":{"mods":["2.2 Compatiblity","AchievementEnabler","BaseMod","Bestiary","Colored Map","Colored Powertips","Curses Come First","Keyboard Shortcuts","Minty Spire (QoL Compilation)","Relic Stats","StSLib","SuperFastMode"],"gold_per_floor":[365,377,31,48,123,123,158,158,237,266,283,65,85,105,105,210,210,221,241,257,132,132,165,165,4,4,17,116,126,140,160,160,264,264,283,293,293,305,45,45,91,5,32,32,48,48,48,58,58,58],"floor_reached":51,"language":"ENG","playtime":6167,"items_purged":["Defend_B","Strike_B","Defend_B","Strike_B"],"score":656,"play_id":"4d53a280-db6c-4c5d-a3fd-69cbc0b4edd2","local_time":"20210218180737","is_ascension_mode":false,"campfire_choices":[{"data":"Zap","floor":6.0,"key":"SMITH"},{"data":"Loop","floor":8.0,"key":"SMITH"},{"data":"Barrage","floor":15,"key":"SMITH"},{"data":"Echo Form","floor":24,"key":"SMITH"},{"floor":32,"key":"REST"},{"data":"Defragment","floor":40,"key":"SMITH"},{"floor":44,"key":"REST"},{"floor":49,"key":"REST"}],"circlet_count":0,"master_deck":["Strike_B","Strike_B","Defend_B","Defend_B","Zap+1","Dualcast","Conserve Battery","Echo Form+1","Cold Snap","Bandage Up","Streamline","Loop+1","Barrage+1","Cold Snap","Capacitor","Hologram+1","Reboot+1","Seek+1","Fusion+1","Genetic Algorithm+1","Defragment+1","Double Energy+1","Amplify+1","Loop","Buffer","Barrage+1","Coolheaded+1","Barrage+1","Skim+1","Defragment","Bandage Up+1","Skim+1","Purity+1","Double Energy+1"],"relics":["Cracked Core","MealTicket","Potion Belt","Sundial","Toxic Egg 2","Inserter","Peace Pipe","Smiling Mask","Girya","Philosopher\u0027s Stone","Bag of Preparation","Ice Cream","Omamori"],"acts_visited":["Exordium","TheCity","TheBeyond"],"potions_floor_usage":[16,16,23,27,31,36,41,50,50],"damage_taken":[{"damage":1.0,"enemies":"Jaw Worm","floor":1.0,"turns":3.0},{"damage":0.0,"enemies":"2 Louse","floor":2.0,"turns":2.0},{"damage":0.0,"enemies":"Small Slimes","floor":4.0,"turns":3.0},{"damage":12.0,"enemies":"Gremlin Nob","floor":7.0,"turns":3.0},{"damage":18.0,"enemies":"3 Sentries","floor":10.0,"turns":7.0},{"damage":3.0,"enemies":"Looter","floor":11.0,"turns":3.0},{"damage":5.0,"enemies":"Blue Slaver","floor":13.0,"turns":3.0},{"damage":3.0,"enemies":"3 Louse","floor":14.0,"turns":3.0},{"damage":1,"enemies":"Slime Boss","floor":16,"turns":10},{"damage":3,"enemies":"3 Byrds","floor":18,"turns":5},{"damage":0,"enemies":"Chosen","floor":19,"turns":4},{"damage":0,"enemies":"Snecko","floor":20,"turns":5},{"damage":40,"enemies":"Slavers","floor":23,"turns":7},{"damage":22,"enemies":"3 Cultists","floor":27,"turns":6},{"damage":1,"enemies":"Centurion and Healer","floor":29,"turns":7},{"damage":32,"enemies":"Snake Plant","floor":30,"turns":6},{"damage":0,"enemies":"Snecko","floor":31,"turns":4},{"damage":30,"enemies":"Automaton","floor":33,"turns":10},{"damage":24,"enemies":"3 Shapes","floor":35,"turns":7},{"damage":25,"enemies":"Orb Walker","floor":36,"turns":4},{"damage":8,"enemies":"Spire Growth","floor":38,"turns":6},{"damage":37,"enemies":"2 Orb Walkers","floor":41,"turns":6},{"damage":26,"enemies":"Jaw Worm Horde","floor":45,"turns":7},{"damage":28,"enemies":"4 Shapes","floor":48,"turns":7},{"damage":14,"enemies":"Donu and Deca","floor":50,"turns":7}],"seed_played":"-6397755559647288164","potions_obtained":[{"floor":4.0,"key":"Strength Potion"},{"floor":10.0,"key":"ColorlessPotion"},{"floor":14,"key":"PowerPotion"},{"floor":16,"key":"SteroidPotion"},{"floor":19,"key":"ColorlessPotion"},{"floor":20,"key":"FocusPotion"},{"floor":30,"key":"DistilledChaos"},{"floor":31,"key":"SteroidPotion"},{"floor":38,"key":"SkillPotion"},{"floor":45,"key":"Regen Potion"},{"floor":48,"key":"FocusPotion"}],"is_trial":false,"path_per_floor":["M","M","$","M","?","R","E","R","T","E","M","$","M","M","R","B",null,"M","M","M","$","?","E","R","$","T","M","?","M","M","M","R","B",null,"M","M","?","M","$","R","?","$","T","R","M","?","?","M","R","B",null],"character_chosen":"DEFECT","items_purchased":["MealTicket","Cold Snap","Bandage Up","Capacitor","Hologram+1","Defragment","Double Energy+1","Bag of Preparation","Skim+1","Defragment","Bandage Up+1"],"campfire_rested":3,"item_purchase_floors":[3,3,3,12,12,25,25,39,39,39,42],"current_hp_per_floor":[67,67,67,68,57,57,49,49,49,35,32,47,42,43,43,46,68,68,68,68,68,68,32,32,47,47,29,29,36,8,12,32,10,68,44,19,19,15,30,30,1,16,16,36,26,59,59,35,52,59],"gold":58,"neow_bonus":"TWO_FIFTY_GOLD","is_daily":false,"chose_seed":false,"campfire_upgraded":5,"win_rate":0.0,"timestamp":1613668057,"path_taken":["M","M","$","M","?","R","E","R","T","E","M","$","M","M","R","BOSS","M","M","M","$","?","E","R","$","T","M","?","M","M","M","R","BOSS","M","M","?","M","$","R","?","$","T","R","M","?","?","M","R","BOSS"],"items_purchased_type":["Relic","Card","Card","Card","Card","Card","Card","Relic","Card","Card","Card"],"build_version":"2020-12-22","purchased_purges":4,"victory":true,"max_hp_per_floor":[68,68,68,68,68,68,68,68,68,68,68,68,68,68,68,68,68,68,68,68,68,68,68,68,68,68,68,68,68,68,68,68,68,68,68,68,68,68,68,68,68,68,68,68,68,59,59,59,59,59],"relic_stats":{"Peace Pipe":0,"Inserter":[48],"counters":[25,132],"Sundial":[22],"MealTicket":60,"Bag of Preparation":[8],"Smiling Mask":100,"obtain_stats":[{"Potion Belt":7,"Ice Cream":41,"Girya":26,"Inserter":17,"Bag of Preparation":39,"Omamori":43,"Smiling Mask":23,"Peace Pipe":22,"Sundial":9,"MealTicket":3,"Philosopher\u0027s Stone":34,"Toxic Egg 2":10,"Cracked Core":0},{"Potion Belt":4,"Ice Cream":22,"Girya":13,"Inserter":9,"Bag of Preparation":21,"Omamori":22,"Smiling Mask":13,"Peace Pipe":12,"Sundial":4,"MealTicket":2,"Philosopher\u0027s Stone":18,"Toxic Egg 2":5,"Cracked Core":0},{"Potion Belt":11,"Ice Cream":112,"Girya":58,"Inserter":37,"Bag of Preparation":106,"Omamori":112,"Smiling Mask":58,"Peace Pipe":51,"Sundial":11,"MealTicket":5,"Philosopher\u0027s Stone":91,"Toxic Egg 2":18,"Cracked Core":0}]},"card_choices":[{"not_picked":["Beam Cell","Rebound"],"picked":"Conserve Battery","floor":1.0},{"not_picked":["Cold Snap","Consume"],"picked":"Echo Form","floor":2.0},{"not_picked":["Static Discharge","Go for the Eyes"],"picked":"Streamline","floor":4.0},{"not_picked":["Aggregate","Reboot"],"picked":"Loop","floor":7.0},{"not_picked":["Auto Shields+1","Scrape"],"picked":"Barrage","floor":10.0},{"not_picked":["Rip and Tear","Leap+1"],"picked":"Cold Snap","floor":11.0},{"not_picked":["Compile Driver","Ball Lightning"],"picked":"Reboot+1","floor":13.0},{"not_picked":["Cold Snap","Darkness+1"],"picked":"Compile Driver","floor":14},{"not_picked":["Multi-Cast+1","Fission+1"],"picked":"Seek+1","floor":16},{"not_picked":["Hello World","Scrape","Gash"],"picked":"SKIP","floor":18},{"not_picked":["Go for the Eyes","Redo+1","Scrape+1"],"picked":"SKIP","floor":19},{"not_picked":["Go for the Eyes+1","Streamline"],"picked":"Fusion+1","floor":20},{"not_picked":["Ball Lightning","Gash"],"picked":"Genetic Algorithm+1","floor":23},{"not_picked":["Rip and Tear","Steam+1","Beam Cell"],"picked":"SKIP","floor":27},{"not_picked":["Rip and Tear","Streamline"],"picked":"Amplify+1","floor":29},{"not_picked":["Go for the Eyes+1","Cold Snap+1","Redo+1"],"picked":"SKIP","floor":30},{"not_picked":["Beam Cell","Static Discharge+1"],"picked":"Loop","floor":31},{"not_picked":["Reboot+1","Seek+1"],"picked":"Buffer","floor":33},{"not_picked":["Conserve Battery+1","Rip and Tear"],"picked":"Barrage+1","floor":35},{"not_picked":["Streamline","Steam Power+1"],"picked":"Coolheaded+1","floor":36},{"not_picked":["Go for the Eyes+1","Gash+1"],"picked":"Barrage+1","floor":38},{"not_picked":["Cold Snap","Beam Cell"],"picked":"Skim+1","floor":45},{"not_picked":["Discovery+1","Violence+1"],"picked":"Purity+1","floor":47},{"not_picked":["Gash","Chaos+1"],"picked":"Double Energy+1","floor":48}],"player_experience":91194,"relics_obtained":[{"floor":7.0,"key":"Potion Belt"},{"floor":9.0,"key":"Sundial"},{"floor":10.0,"key":"Toxic Egg 2"},{"floor":23,"key":"Smiling Mask"},{"floor":26,"key":"Girya"},{"floor":41,"key":"Ice Cream"},{"floor":43,"key":"Omamori"}],"event_choices":[{"damage_healed":0.0,"max_hp_gain":0.0,"max_hp_loss":0.0,"gold_gain":75.0,"event_name":"World of Goop","player_choice":"Gather Gold","floor":5.0,"gold_loss":0.0,"damage_taken":11.0},{"damage_healed":0,"gold_gain":0,"player_choice":"Opened","damage_taken":0,"relics_obtained":["Peace Pipe"],"max_hp_gain":0,"max_hp_loss":0,"event_name":"The Mausoleum","floor":22,"gold_loss":0},{"damage_healed":0,"gold_gain":99,"player_choice":"Stole From Cult","damage_taken":0,"max_hp_gain":0,"max_hp_loss":0,"event_name":"Nest","floor":28,"gold_loss":0},{"cards_removed":["Compile Driver"],"damage_healed":0,"gold_gain":0,"player_choice":"Removed Attack","damage_taken":0,"max_hp_gain":0,"max_hp_loss":0,"event_name":"Falling","floor":37,"gold_loss":0},{"damage_healed":0,"gold_gain":0,"player_choice":"Fight","damage_taken":0,"max_hp_gain":0,"max_hp_loss":0,"event_name":"Mysterious Sphere","floor":41,"gold_loss":0},{"damage_healed":59,"gold_gain":0,"player_choice":"Heal","damage_taken":0,"max_hp_gain":0,"max_hp_loss":9,"event_name":"The Moai Head","floor":46,"gold_loss":0},{"damage_healed":0,"gold_gain":0,"player_choice":"Memory 1","damage_taken":0,"max_hp_gain":0,"max_hp_loss":0,"event_name":"SensoryStone","floor":47,"gold_loss":0}],"is_beta":false,"boss_relics":[{"not_picked":["Runic Pyramid","FrozenCore"],"picked":"Inserter"},{"not_picked":["Fusion Hammer","Empty Cage"],"picked":"Philosopher\u0027s Stone"}],"items_purged_floors":[3,12,21,25],"is_endless":false,"potions_floor_spawned":[4,10,14,16,19,20,30,31,38,45,48],"ascension_level":0}}