{"host":"Jedit","time":1613691611,"event":{"mods":["BaseMod","Minty Spire (QoL Compilation)","Relic Stats","StSLib"],"gold_per_floor":[119,41,55,55,55,80,80,107,107,134,205,224,257,276,276,349,349,362,382,307,307,326,326,340,372,397,408,441,457,457,557,557,634,634,651,651,663,674,684,684,704,731,758,188,205,205,205,205,205,205,205,205,205,38,64,64],"floor_reached":57,"language":"ENG","playtime":2301,"items_purged":["Pain"],"score":2804,"play_id":"84de2aca-7b57-48a1-b9e1-611c61845a2b","local_time":"20210218234011","is_ascension_mode":true,"campfire_choices":[{"data":"Corpse Explosion","floor":7,"key":"SMITH"},{"data":"Catalyst","floor":15,"key":"SMITH"},{"data":"Bouncing Flask","floor":23,"key":"SMITH"},{"data":"Bouncing Flask","floor":30,"key":"SMITH"},{"floor":32,"key":"REST"},{"floor":40,"key":"RECALL"},{"data":"Catalyst","floor":47,"key":"SMITH"},{"data":"Deadly Poison","floor":49,"key":"SMITH"},{"data":"Neutralize","floor":53,"key":"SMITH"}],"circlet_count":0,"master_deck":["AscendersBane","Strike_G","Defend_G","Defend_G","Defend_G","Defend_G","Defend_G","Survivor","Neutralize+1","Bouncing Flask+1","Catalyst+1","Corpse Explosion+1","Die Die Die","Deadly Poison+1","Bouncing Flask+1","Acrobatics","Cloak And Dagger","Dash","Leg Sweep","Prepared+1","Acrobatics","PiercingWail+1","Catalyst+1"],"relics":["Ring of the Snake","NeowsBlessing","Letter Opener","Singing Bowl","Pear","Meat on the Bone","Mango","Busted Crown","Gremlin Horn","Lantern","Paper Crane","CaptainsWheel","Ninja Scroll","Empty Cage","WarpedTongs","Pantograph","Art of War","Pocketwatch","ClockworkSouvenir","Blood Vial"],"acts_visited":["Exordium","TheCity","TheBeyond","TheEnding"],"potions_floor_usage":[10,16,22,28,28,31,42,45,50],"damage_taken":[{"damage":0,"enemies":"2 Louse","floor":1,"turns":1},{"damage":0,"enemies":"Jaw Worm","floor":3,"turns":1},{"damage":0,"enemies":"Lagavulin","floor":6,"turns":1},{"damage":8,"enemies":"Gremlin Nob","floor":8,"turns":3},{"damage":9,"enemies":"3 Sentries","floor":10,"turns":3},{"damage":0,"enemies":"Cultist","floor":12,"turns":3},{"damage":27,"enemies":"Lagavulin","floor":13,"turns":5},{"damage":1,"enemies":"Blue Slaver","floor":14,"turns":3},{"damage":13,"enemies":"The Guardian","floor":16,"turns":6},{"damage":22,"enemies":"Spheric Guardian","floor":18,"turns":4},{"damage":0,"enemies":"Chosen","floor":19,"turns":3},{"damage":3,"enemies":"Snecko","floor":22,"turns":3},{"damage":0,"enemies":"Cultist and Chosen","floor":24,"turns":3},{"damage":8,"enemies":"Gremlin Leader","floor":25,"turns":6},{"damage":34,"enemies":"Sentry and Sphere","floor":27,"turns":5},{"damage":12,"enemies":"Slavers","floor":28,"turns":3},{"damage":0,"enemies":"Snecko","floor":29,"turns":4},{"damage":0,"enemies":"Colosseum Slavers","floor":31,"turns":1},{"damage":22,"enemies":"Colosseum Nobs","floor":31,"turns":3},{"damage":25,"enemies":"Champ","floor":33,"turns":8},{"damage":0,"enemies":"3 Shapes","floor":35,"turns":1},{"damage":10,"enemies":"Orb Walker","floor":37,"turns":3},{"damage":6,"enemies":"Transient","floor":38,"turns":6},{"damage":8,"enemies":"Sphere and 2 Shapes","floor":39,"turns":5},{"damage":9,"enemies":"Jaw Worm Horde","floor":41,"turns":2},{"damage":13,"enemies":"Reptomancer","floor":42,"turns":6},{"damage":9,"enemies":"4 Shapes","floor":45,"turns":2},{"damage":3,"enemies":"Awakened One","floor":50,"turns":17},{"damage":70,"enemies":"Donu and Deca","floor":51,"turns":7},{"damage":67,"enemies":"Shield and Spear","floor":55,"turns":5},{"damage":51,"enemies":"The Heart","floor":56,"turns":8}],"seed_played":"-62122050412080608","potions_obtained":[{"floor":6,"key":"Explosive Potion"},{"floor":8,"key":"Fire Potion"},{"floor":13,"key":"SkillPotion"},{"floor":16,"key":"SkillPotion"},{"floor":24,"key":"SpeedPotion"},{"floor":25,"key":"PowerPotion"},{"floor":28,"key":"Swift Potion"},{"floor":33,"key":"LiquidMemories"},{"floor":35,"key":"Poison Potion"},{"floor":42,"key":"ColorlessPotion"}],"is_trial":false,"path_per_floor":["M","$","M","?","$","E","R","E","T","E","?","M","E","M","R","B",null,"M","M","?","?","M","R","M","E","T","M","E","M","R","?","R","B",null,"M","?","M","M","M","R","M","E","T","$","M","?","R","?","R","B","B",null,"R","$","E","B",null],"character_chosen":"THE_SILENT","items_purchased":["Bouncing Flask","Art of War","Pocketwatch","ClockworkSouvenir"],"campfire_rested":1,"item_purchase_floors":[2,44,44,54],"current_hp_per_floor":[59,59,59,59,59,59,59,51,61,54,54,56,55,54,54,55,86,66,68,68,38,47,47,61,65,65,43,45,57,57,49,82,59,100,102,102,92,86,80,80,73,60,60,60,65,65,65,65,65,87,54,100,100,100,47,35],"gold":64,"neow_bonus":"THREE_ENEMY_KILL","is_daily":false,"chose_seed":false,"campfire_upgraded":7,"win_rate":0.0,"timestamp":1613691611,"path_taken":["M","$","M","?","$","E","R","E","T","E","?","M","E","M","R","BOSS","M","M","?","?","M","R","M","E","T","M","E","M","R","?","R","BOSS","M","?","M","M","M","R","?","E","T","$","M","?","R","?","R","BOSS","BOSS","R","$","E","BOSS"],"items_purchased_type":["Card","Relic","Relic","Relic"],"build_version":"2020-12-18","purchased_purges":1,"victory":true,"max_hp_per_floor":[66,66,66,66,66,66,66,66,76,78,78,80,94,94,94,96,96,98,100,100,105,105,105,107,107,107,107,109,109,109,111,111,113,113,115,115,115,115,117,117,119,119,119,119,121,115,115,115,115,115,115,115,115,115,117,117],"relic_stats":{"Singing Bowl":28,"Gremlin Horn":[14,14],"counters":[31,131],"Letter Opener":[337],"WarpedTongs":[56],"Blood Vial":2,"Busted Crown":36,"Pantograph":75,"Art of War":[12],"obtain_stats":[{"Lantern":26,"Pear":9,"NeowsBlessing":0,"Singing Bowl":8,"Gremlin Horn":25,"Mango":13,"Letter Opener":6,"Paper Crane":28,"Empty Cage":34,"WarpedTongs":36,"ClockworkSouvenir":54,"Blood Vial":55,"CaptainsWheel":31,"Busted Crown":17,"Ninja Scroll":31,"Pantograph":42,"Art of War":44,"Ring of the Snake":0,"Meat on the Bone":10,"Pocketwatch":44},{"Lantern":14,"Pear":4,"NeowsBlessing":0,"Singing Bowl":4,"Gremlin Horn":14,"Mango":7,"Letter Opener":3,"Paper Crane":16,"Empty Cage":20,"WarpedTongs":21,"ClockworkSouvenir":29,"Blood Vial":30,"CaptainsWheel":19,"Busted Crown":9,"Ninja Scroll":19,"Pantograph":26,"Art of War":26,"Ring of the Snake":0,"Meat on the Bone":5,"Pocketwatch":26},{"Lantern":45,"Pear":6,"NeowsBlessing":0,"Singing Bowl":6,"Gremlin Horn":45,"Mango":17,"Letter Opener":3,"Paper Crane":53,"Empty Cage":69,"WarpedTongs":70,"ClockworkSouvenir":118,"Blood Vial":123,"CaptainsWheel":61,"Busted Crown":26,"Ninja Scroll":61,"Pantograph":92,"Art of War":92,"Ring of the Snake":0,"Meat on the Bone":9,"Pocketwatch":92}],"Ring of the Snake":[62],"Meat on the Bone":156,"Pocketwatch":[51]},"card_choices":[{"not_picked":["Cloak And Dagger","Sucker Punch"],"picked":"Dagger Throw","floor":1},{"not_picked":["Outmaneuver","Dagger Spray"],"picked":"Catalyst","floor":3},{"not_picked":["PiercingWail","Backflip"],"picked":"Die Die Die","floor":6},{"not_picked":["Infinite Blades","Finisher"],"picked":"Deadly Poison","floor":8},{"not_picked":["Infinite Blades","Caltrops","Bane"],"picked":"Singing Bowl","floor":10},{"not_picked":["Poisoned Stab","Accuracy","Quick Slash"],"picked":"Singing Bowl","floor":12},{"not_picked":["Underhanded Strike","PiercingWail"],"picked":"Bouncing Flask","floor":13},{"not_picked":["Finisher","Dagger Spray"],"picked":"Acrobatics","floor":14},{"not_picked":["After Image","Storm of Steel","Phantasmal Killer"],"picked":"Singing Bowl","floor":16},{"not_picked":["Reflex"],"picked":"Singing Bowl","floor":18},{"not_picked":["Flying Knee"],"picked":"Singing Bowl","floor":19},{"not_picked":[],"picked":"Cloak And Dagger","floor":22},{"not_picked":["Endless Agony"],"picked":"Singing Bowl","floor":24},{"not_picked":[],"picked":"Dash","floor":25},{"not_picked":[],"picked":"Leg Sweep","floor":27},{"not_picked":["Blade Dance"],"picked":"Singing Bowl","floor":28},{"not_picked":[],"picked":"Prepared+1","floor":29},{"not_picked":["Bane"],"picked":"Singing Bowl","floor":31},{"not_picked":["Unload"],"picked":"Singing Bowl","floor":33},{"not_picked":["Bane"],"picked":"Singing Bowl","floor":35},{"not_picked":[],"picked":"Acrobatics","floor":37},{"not_picked":[],"picked":"PiercingWail+1","floor":38},{"not_picked":["Quick Slash"],"picked":"Singing Bowl","floor":39},{"not_picked":["Acrobatics"],"picked":"Singing Bowl","floor":41},{"not_picked":[],"picked":"Catalyst","floor":42},{"not_picked":["Outmaneuver+1"],"picked":"Singing Bowl","floor":45},{"not_picked":["Outmaneuver"],"picked":"Singing Bowl","floor":55}],"player_experience":3486148,"relics_obtained":[{"floor":6,"key":"Letter Opener"},{"floor":8,"key":"Singing Bowl"},{"floor":9,"key":"Pear"},{"floor":10,"key":"Meat on the Bone"},{"floor":13,"key":"Mango"},{"floor":25,"key":"Gremlin Horn"},{"floor":26,"key":"Lantern"},{"floor":28,"key":"Paper Crane"},{"floor":31,"key":"CaptainsWheel"},{"floor":31,"key":"Ninja Scroll"},{"floor":42,"key":"Pantograph"},{"floor":55,"key":"Blood Vial"}],"event_choices":[{"damage_healed":0,"gold_gain":0,"cards_transformed":["Strike_G"],"player_choice":"Change","damage_taken":0,"max_hp_gain":0,"max_hp_loss":0,"event_name":"Living Wall","floor":4,"gold_loss":0,"cards_obtained":["Corpse Explosion"]},{"damage_healed":0,"gold_gain":71,"player_choice":"Gained Gold","damage_taken":0,"max_hp_gain":0,"max_hp_loss":0,"event_name":"Golden Wing","floor":11,"gold_loss":0},{"cards_removed":["Strike_G"],"damage_healed":0,"gold_gain":0,"player_choice":"Gave Gold","damage_taken":0,"max_hp_gain":0,"max_hp_loss":0,"event_name":"Beggar","floor":20,"gold_loss":75},{"damage_healed":0,"gold_gain":0,"player_choice":"Shed Blood","damage_taken":35,"max_hp_gain":5,"max_hp_loss":0,"event_name":"Forgotten Altar","floor":21,"gold_loss":0},{"damage_healed":0,"gold_gain":0,"player_choice":"Fight","damage_taken":0,"max_hp_gain":0,"max_hp_loss":0,"event_name":"Colosseum","floor":31,"gold_loss":0},{"damage_healed":0,"gold_gain":0,"player_choice":"Fought Nobs","damage_taken":0,"max_hp_gain":0,"max_hp_loss":0,"event_name":"Colosseum","floor":31,"gold_loss":0},{"damage_healed":0,"gold_gain":0,"player_choice":"Rummage","damage_taken":0,"relics_obtained":["WarpedTongs"],"max_hp_gain":0,"max_hp_loss":0,"event_name":"Accursed Blacksmith","floor":36,"gold_loss":0,"cards_obtained":["Pain"]},{"damage_healed":0,"gold_gain":0,"player_choice":"Max HP","damage_taken":0,"max_hp_gain":0,"max_hp_loss":6,"event_name":"Winding Halls","floor":46,"gold_loss":0},{"cards_removed":["Dagger Throw"],"damage_healed":0,"gold_gain":0,"player_choice":"Removed Attack","damage_taken":0,"max_hp_gain":0,"max_hp_loss":0,"event_name":"Falling","floor":48,"gold_loss":0}],"is_beta":true,"boss_relics":[{"not_picked":["Ectoplasm","WristBlade"],"picked":"Busted Crown"},{"not_picked":["Black Star","Calling Bell"],"picked":"Empty Cage"}],"items_purged_floors":[44],"is_endless":false,"potions_floor_spawned":[6,8,13,16,24,25,28,31,33,35,39,41,42],"ascension_level":20}}