{"host":"b1k9tvirjqaexfiq","time":1613628574,"event":{"mods":["AchievementEnabler","BaseMod","Bestiary","Better Third Choice","BetterRewards","Bossed Relics","Colored Powertips","Conspire","Curses Come First","Energized Spire","Filter the Spire","Highlight Path","Hubris","Infinite Spire","Marisa????????","Marked Mod","Minty Spire (QoL Compilation)","Permanent Neow","Quick Restart","Rare Cards Sparkle","Reliquary","Replay The Spire","Shop Mod","StSLib","The Animator","The Bug Knight","The Marked","The Servant 0.9.4","Together in Spire","Waifu the Spire","??????REMEMod"],"gold_per_floor":[132,59,85,118,39,39,84,84,111,159,185,202,214,243,243,355,355,372,135,135,169,183,183,199,225,225,225,235,262,5,24,24,123,123,123,123],"floor_reached":35,"language":"ENG","playtime":2540,"items_purged":[],"score":512,"play_id":"5506c9f6-de04-4b5a-aa9c-5aeb1c20bbc0","local_time":"20210218000934","is_ascension_mode":true,"campfire_choices":[{"data":"Infinite Blades","floor":6.0,"key":"SMITH"},{"floor":8.0,"key":"REST"},{"floor":15.0,"key":"REST"},{"floor":23.0,"key":"REST"},{"floor":27.0,"key":"REST"},{"floor":32,"key":"REST"}],"circlet_count":0,"master_deck":["Strike_G","Strike_G","Strike_G","Strike_G","Strike_G","Defend_G","Defend_G","Defend_G","Defend_G","Defend_G","Survivor","Neutralize","WitchOfGreed","Acrobatics","Outmaneuver","Blade Dance","Backflip","hubris:SlightOfHand","Infinite Blades+1","Flying Knee","Expertise","Flying Knee+1","Backflip","Adrenaline","Crippling Poison","ReplayTheSpireMod:Shiv Toss","Infinite Blades+1","Expertise","REME_GreenPollution","Blade Dance+1","Prepared","Underhanded Strike+1","Wraith Form v2","Backstab","Leg Sweep","Underhanded Strike","Calculated Gamble","Adrenaline"],"relics":["REME_ComplimentaryCards","infinitespire:Cupcake","Bag of Preparation","REME_HandOfSuture","REME_PuzzleBoxRelic","hubris:Stopwatch","Prayer Wheel","reliquary:FingerTrap","reliquary:Buckler","infinitespire:EmpoweringShard","conspire:BottledYoYo","energizedSpire:SpiderWeb"],"acts_visited":["Exordium","TheCity","TheBeyond"],"potions_floor_usage":[31,33,33],"damage_taken":[{"damage":6.0,"enemies":"Cultist","floor":1.0,"turns":6.0},{"damage":8.0,"enemies":"2 Louse","floor":3.0,"turns":4.0},{"damage":2.0,"enemies":"Jaw Worm","floor":4.0,"turns":4.0},{"damage":25.0,"enemies":"Lagavulin","floor":7.0,"turns":4.0},{"damage":37.0,"enemies":"3 Sentries","floor":10.0,"turns":11.0},{"damage":0.0,"enemies":"Large Slime","floor":11.0,"turns":2.0},{"damage":0.0,"enemies":"Blue Slaver","floor":12.0,"turns":2.0},{"damage":4.0,"enemies":"2 Fungi Beasts","floor":13.0,"turns":2.0},{"damage":0.0,"enemies":"Looter","floor":14.0,"turns":3.0},{"damage":0.0,"enemies":"Fading Forest","floor":16.0,"turns":11.0},{"damage":19.0,"enemies":"conspire:FuzzyDice","floor":18.0,"turns":3.0},{"damage":1.0,"enemies":"Chosen","floor":21.0,"turns":5.0},{"damage":28.0,"enemies":"Snake Plant","floor":22.0,"turns":6.0},{"damage":14.0,"enemies":"Centurion and Healer","floor":24.0,"turns":8.0},{"damage":21.0,"enemies":"Gremlin Leader","floor":25.0,"turns":5.0},{"damage":13.0,"enemies":"Snecko","floor":28.0,"turns":4.0},{"damage":15,"enemies":"Shelled Parasite and Fungi","floor":29,"turns":5},{"damage":0,"enemies":"Centurion and Healer","floor":31,"turns":4},{"damage":19,"enemies":"hubris:MusketHawk","floor":33,"turns":7},{"damage":0,"enemies":"3 Darklings","floor":35,"turns":2}],"seed_played":"2004268242481433776","potions_obtained":[{"floor":1.0,"key":"REME_GoldPotion"},{"floor":1.0,"key":"Death Potion"},{"floor":3.0,"key":"SpeedPotion"},{"floor":4.0,"key":"EssenceOfSteel"},{"floor":10.0,"key":"BlessingOfTheForge"},{"floor":11.0,"key":"SneckoOil"},{"floor":12.0,"key":"Adrenaline Potion"},{"floor":13.0,"key":"LifebloodPotion"},{"floor":14.0,"key":"Energy Potion"},{"floor":21.0,"key":"Regen Potion"},{"floor":24.0,"key":"EntropicBrew"},{"floor":28.0,"key":"ColorlessPotion"},{"floor":31,"key":"REME_GoldPotion"}],"is_trial":false,"path_per_floor":["M","$","M","M","$","R","E","R","T","E","M","M","M","M","R","B",null,"M","$","?","M","M","R","M","E","T","R","M","M","$","M","R","B",null,"M"],"character_chosen":"THE_SILENT","items_purchased":["Outmaneuver","Blade Dance","Infinite Blades","reliquary:FingerTrap","Infinite Blades","conspire:BottledYoYo"],"campfire_rested":5,"item_purchase_floors":[2,2,5,19,19,30],"current_hp_per_floor":[64,64,56,54,54,54,29,50,50,13,13,13,11,11,32,42,72,53,53,53,52,36,57,43,22,22,43,30,15,15,15,36,17,72,72,72],"gold":123,"neow_bonus":"BOSS_RELIC","is_daily":false,"chose_seed":false,"campfire_upgraded":1,"win_rate":0.0,"timestamp":1613628574,"path_taken":["M","$","M","?","$","R","E","R","T","E","M","M","M","M","R","BOSS","M","$","?","M","M","R","M","E","T","R","M","M","$","M","R","BOSS","M"],"items_purchased_type":["Card","Card","Card","Relic","Card","Relic"],"build_version":"2020-12-22","purchased_purges":0,"victory":false,"max_hp_per_floor":[70,70,70,70,70,70,70,70,70,70,70,70,72,72,72,72,72,72,72,72,72,72,72,72,72,72,72,72,72,72,72,72,72,72,72,72],"card_choices":[{"not_picked":["Prepared","Cloak And Dagger"],"picked":"Acrobatics","floor":1.0},{"not_picked":["ReplayTheSpireMod:Speed Training","Quick Slash"],"picked":"Backflip","floor":3.0},{"not_picked":["Heel Hook","Eviscerate"],"picked":"hubris:SlightOfHand","floor":4.0},{"not_picked":["hubris:SlightOfHand","Toxin Wave"],"picked":"Flying Knee","floor":7.0},{"not_picked":["Sneak Up","Flechettes"],"picked":"Expertise","floor":10.0},{"not_picked":["Endless Agony","Reflex","Bane"],"picked":"SKIP","floor":11.0},{"not_picked":["Heel Hook","Acrobatics"],"picked":"Flying Knee","floor":12.0},{"not_picked":["Bane","Footwork","Replay:Poison Smokescreen"],"picked":"SKIP","floor":13.0},{"not_picked":["Slice","Hidden Blade"],"picked":"Backflip","floor":14.0},{"not_picked":["After Image","Wraith Form v2"],"picked":"Adrenaline","floor":16.0},{"not_picked":["Choke","Poisoned Stab"],"picked":"Crippling Poison","floor":18.0},{"not_picked":["PiercingWail","Poisoned Stab"],"picked":"ReplayTheSpireMod:Shiv Toss","floor":18.0},{"not_picked":["Acrobatics","Backflip"],"picked":"Expertise","floor":21.0},{"not_picked":["Masterful Stab+1","ReplayTheSpireMod:Speed Training","Sucker Punch"],"picked":"SKIP","floor":21.0},{"not_picked":["Choke","ReplayTheSpireMod:Shiv Toss"],"picked":"REME_GreenPollution","floor":22.0},{"not_picked":["Backflip","Slice"],"picked":"Blade Dance+1","floor":22.0},{"not_picked":["Dagger Spray","Underhanded Strike+1"],"picked":"Prepared","floor":24.0},{"not_picked":["Deflect","Dagger Spray"],"picked":"Underhanded Strike+1","floor":24.0},{"not_picked":["REME_GreenPollution","Expertise"],"picked":"Wraith Form v2","floor":25.0},{"not_picked":["Deflect","PiercingWail+1"],"picked":"Backstab","floor":28.0},{"not_picked":["Deadly Poison","Bane"],"picked":"Leg Sweep","floor":28.0},{"not_picked":["Dodge and Roll","Skewer","Backflip"],"picked":"SKIP","floor":29},{"not_picked":["Replay:Poison Smokescreen","Draining Mist","Flechettes"],"picked":"SKIP","floor":29},{"not_picked":["hubris:SlightOfHand","Dodge and Roll+1"],"picked":"Underhanded Strike","floor":31},{"not_picked":["ReplayTheSpireMod:Shiv Toss","Backflip"],"picked":"Calculated Gamble","floor":31},{"not_picked":["Tools of the Trade","Venomology"],"picked":"Adrenaline","floor":33}],"player_experience":76571,"relics_obtained":[{"floor":7.0,"key":"Bag of Preparation"},{"floor":9.0,"key":"REME_HandOfSuture"},{"floor":10.0,"key":"REME_PuzzleBoxRelic"},{"floor":25.0,"key":"reliquary:Buckler"},{"floor":26.0,"key":"infinitespire:EmpoweringShard"}],"event_choices":[],"is_beta":false,"boss_relics":[{"not_picked":["ReplayTheSpireMod:DimensionalGlitch","hubris:GrandSneckoEye"],"picked":"hubris:Stopwatch"},{"not_picked":["Replay:Drink Me","reliquary:RustamsPendant"],"picked":"energizedSpire:SpiderWeb"}],"items_purged_floors":[],"is_endless":false,"potions_floor_spawned":[1,12,13,24,28,29,31],"killed_by":"3 Darklings","ascension_level":2}}