{"host":"4k1o517shm2ba6vh","time":1613684485,"event":{"mods":["AchievementEnabler","BaseMod","Card Forge","Downfall","Minty Spire (QoL Compilation)","Smile Girya","StSLib","everything is the same but u backflip on backflip"],"gold_per_floor":[215,227,238,238,238,238,238,264,338,349,349,349,349,368,368,468,468,485,485,504,504,504,531,531,531,531,556,556,567,567,567,567,669,669,669],"floor_reached":34,"language":"ENG","playtime":471,"items_purged":[],"score":518,"play_id":"24220259-7c02-49d0-9452-1c944658b557","local_time":"20210218154125","is_ascension_mode":false,"campfire_choices":[{"floor":11,"key":"REST"},{"floor":15,"key":"REST"},{"floor":24,"key":"REST"},{"floor":30,"key":"REST"},{"floor":32,"key":"REST"}],"circlet_count":0,"master_deck":["Dropkick","Feed","Searing Blow+15","Thunderclap","Dropkick"],"relics":["Burning Blood","Hammer of Thor","Seething Fire","Anvil of the Gods","Eternal Feather","HornCleat","Mummified Hand","StoneCalendar","Prayer Wheel","Question Card","PreservedInsect","Fusion Hammer"],"acts_visited":["Exordium","TheCity","TheBeyond"],"potions_floor_usage":[],"damage_taken":[{"damage":2,"enemies":"Small Slimes","floor":1,"turns":3},{"damage":11,"enemies":"Jaw Worm","floor":2,"turns":2},{"damage":5,"enemies":"2 Louse","floor":3,"turns":2},{"damage":18,"enemies":"3 Sentries","floor":8,"turns":4},{"damage":0,"enemies":"Looter","floor":10,"turns":1},{"damage":0,"enemies":"Exordium Thugs","floor":14,"turns":1},{"damage":0,"enemies":"Slime Boss","floor":16,"turns":1},{"damage":0,"enemies":"Chosen","floor":18,"turns":1},{"damage":0,"enemies":"Spheric Guardian","floor":20,"turns":1},{"damage":0,"enemies":"Book of Stabbing","floor":23,"turns":1},{"damage":0,"enemies":"Centurion and Healer","floor":29,"turns":1},{"damage":0,"enemies":"Chosen and Byrds","floor":31,"turns":2},{"damage":0,"enemies":"Automaton","floor":33,"turns":2}],"seed_played":"8499701938005773942","potions_obtained":[{"floor":1,"key":"SteroidPotion"},{"floor":10,"key":"Strength Potion"},{"floor":14,"key":"Energy Potion"}],"is_trial":false,"path_per_floor":["M","M","M","?","T","?","?","E","T","M","R","$","T","M","R","B",null,"M","?","M","?","$","E","R","$","T","T","?","M","R","M","R","B",null],"character_chosen":"IRONCLAD","items_purchased":[],"campfire_rested":5,"item_purchase_floors":[],"current_hp_per_floor":[80,78,82,82,82,82,82,70,70,76,86,86,86,86,86,86,86,86,86,86,86,86,86,86,86,86,86,86,86,86,86,86,86,86,86],"gold":669,"neow_bonus":"HUNDRED_GOLD","is_daily":false,"chose_seed":false,"campfire_upgraded":0,"win_rate":0.0,"timestamp":1613684485,"path_taken":["M","M","M","?","?","?","?","E","T","M","R","$","?","?","R","BOSS","M","?","?","?","$","E","R","$","T","?","?","M","R","M","R","BOSS"],"items_purchased_type":[],"build_version":"2020-12-22","purchased_purges":0,"victory":false,"max_hp_per_floor":[80,83,86,86,86,86,86,86,86,86,86,86,86,86,86,86,86,86,86,86,86,86,86,86,86,86,86,86,86,86,86,86,86,86,86],"card_choices":[{"not_picked":["Dark Embrace","Armaments","Clothesline"],"picked":"SKIP","floor":1},{"not_picked":["Iron Wave","Heavy Blade","Searing Blow"],"picked":"SKIP","floor":2},{"not_picked":["Bloodletting","Twin Strike","Fire Breathing"],"picked":"SKIP","floor":3},{"not_picked":["Warcry","Pommel Strike","Blood for Blood"],"picked":"SKIP","floor":8},{"not_picked":["Combust","Pommel Strike","Armaments"],"picked":"SKIP","floor":10},{"not_picked":["Second Wind","Ghostly Armor","Warcry"],"picked":"SKIP","floor":14},{"not_picked":["Warcry","Inflame+1","Whirlwind"],"picked":"SKIP","floor":18},{"not_picked":["Feel No Pain","Perfected Strike","Rupture"],"picked":"SKIP","floor":20},{"not_picked":["Sentinel","Shrug It Off","Twin Strike"],"picked":"SKIP","floor":23},{"not_picked":["Thunderclap","Warcry","Combust","Blood for Blood"],"picked":"SKIP","floor":29},{"not_picked":["Iron Wave+1","Warcry+1","Thunderclap+1","Armaments"],"picked":"SKIP","floor":29},{"not_picked":["Perfected Strike","Sentinel","Flame Barrier+1","Thunderclap"],"picked":"SKIP","floor":31},{"not_picked":["Feel No Pain","Clash","Perfected Strike+1","Iron Wave"],"picked":"SKIP","floor":31}],"player_experience":499935,"relics_obtained":[{"floor":5,"key":"Eternal Feather"},{"floor":8,"key":"HornCleat"},{"floor":9,"key":"Mummified Hand"},{"floor":13,"key":"StoneCalendar"},{"floor":23,"key":"Prayer Wheel"},{"floor":26,"key":"Question Card"},{"floor":27,"key":"PreservedInsect"}],"event_choices":[{"damage_healed":0,"gold_gain":0,"player_choice":"Fled","damage_taken":0,"max_hp_gain":0,"max_hp_loss":0,"event_name":"Scrap Ooze","floor":4,"gold_loss":0},{"damage_healed":0,"gold_gain":0,"player_choice":"Leave","damage_taken":0,"max_hp_gain":0,"max_hp_loss":0,"event_name":"The Cleric","floor":6,"gold_loss":0},{"damage_healed":0,"gold_gain":0,"player_choice":"Ignored","damage_taken":0,"max_hp_gain":0,"max_hp_loss":0,"event_name":"Shining Light","floor":7,"gold_loss":0},{"damage_healed":0,"gold_gain":0,"player_choice":"Ignored","damage_taken":0,"max_hp_gain":0,"max_hp_loss":0,"event_name":"Transmorgrifier","floor":19,"gold_loss":0},{"damage_healed":0,"gold_gain":0,"player_choice":"Ignored","damage_taken":0,"max_hp_gain":0,"max_hp_loss":0,"event_name":"Beggar","floor":21,"gold_loss":0},{"damage_healed":0,"gold_gain":0,"player_choice":"Ignored","damage_taken":0,"max_hp_gain":0,"max_hp_loss":0,"event_name":"Vampires","floor":28,"gold_loss":0}],"is_beta":false,"boss_relics":[{"not_picked":[]},{"not_picked":["Tiny House","Philosopher\u0027s Stone"],"picked":"Fusion Hammer"}],"items_purged_floors":[],"is_endless":false,"potions_floor_spawned":[1,10,14,18,23,29],"ascension_level":0}}