{"host":"pqs17sqrgflf4eqa","time":1613606851,"event":{"mods":["AchievementEnabler","BaseMod","Bestiary","Better Altar","Better Match","Better Skull","Block Reminder","Bossed Relics","Colored Map","Colored Powertips","Curses Come First","Dark Map","DeckTracker","Defective Defect","Displayed Cursed Tome","Emptier Cage","Googly Eyes","Highlight Path","Minty Spire (QoL Compilation)","Quick Restart","Slay-I","StSLib","SuperFastMode","Synergy Search","Thieving Mod","Transform Curses","everything is the same but u backflip on backflip","slay the spire mod where everything is the same but ironclad has a cowboy hat"],"gold_per_floor":[113,113,113,134,234,267,290,8,31,64,28,53,53,53,53,177,177,190,190,204,204,227,227,268,289,365,365,365,414,19,118,118,247,256,286,66,66,103,142,142,181,203,203,234,257,257,0,78,78,78,78],"floor_reached":50,"language":"ENG","playtime":885,"items_purged":[],"score":853,"play_id":"15e1da6c-1de0-42e9-9e72-fe2643c0a0cc","local_time":"20210217190731","is_ascension_mode":true,"campfire_choices":[{"data":"Eruption","floor":13.0,"key":"SMITH"},{"data":"ForeignInfluence","floor":15.0,"key":"SMITH"},{"data":"Ragnarok","floor":23.0,"key":"SMITH"},{"data":"Ragnarok","floor":32.0,"key":"SMITH"},{"data":"Vault","floor":40.0,"key":"SMITH"},{"data":"Devotion","floor":46,"key":"SMITH"},{"floor":49,"key":"REST"}],"circlet_count":0,"master_deck":["Strike_P","Strike_P","Strike_P+1","Defend_P+1","Defend_P","Defend_P","Defend_P","Eruption+1","Vigilance","CrushJoints","EmptyBody+1","DeceiveReality","Ragnarok+1","Halt","ForeignInfluence+1","Ragnarok+1","ClearTheMind","Consecrate+1","BowlingBash","Ragnarok+1","Vault+1","CurseOfTheBell","Halt+1","Pray+1","Devotion+1","LikeWater+1","WaveOfTheHand+1","Tantrum+1","Crescendo+1","Worship+1"],"relics":["PureWater","NeowsBlessing","Golden Idol","Akabeko","Whetstone","Bag of Marbles","PreservedInsect","Philosopher\u0027s Stone","Unceasing Top","Kunai","CeramicFish","Melange","Anchor","Calling Bell","Mercury Hourglass","Prayer Wheel","War Paint","Frozen Eye","Centennial Puzzle","Happy Flower","Red Mask","StoneCalendar"],"acts_visited":["Exordium","TheCity","TheBeyond"],"potions_floor_usage":[45,45,50],"damage_taken":[{"damage":0.0,"enemies":"Small Slimes","floor":1.0,"turns":2.0},{"damage":0.0,"enemies":"Cultist","floor":4.0,"turns":1.0},{"damage":0.0,"enemies":"3 Sentries","floor":6.0,"turns":1.0},{"damage":0.0,"enemies":"Jaw Worm","floor":7.0,"turns":2.0},{"damage":0.0,"enemies":"Lagavulin","floor":10.0,"turns":1.0},{"damage":0.0,"enemies":"Lots of Slimes","floor":12.0,"turns":1.0},{"damage":34.0,"enemies":"Hexaghost","floor":16.0,"turns":8.0},{"damage":0.0,"enemies":"Shell Parasite","floor":18.0,"turns":2.0},{"damage":0.0,"enemies":"2 Thieves","floor":20.0,"turns":1.0},{"damage":10.0,"enemies":"Centurion and Healer","floor":22.0,"turns":3.0},{"damage":2.0,"enemies":"Slavers","floor":24.0,"turns":2.0},{"damage":1.0,"enemies":"Snecko","floor":25.0,"turns":3.0},{"damage":0.0,"enemies":"Gremlin Leader","floor":29.0,"turns":1.0},{"damage":25.0,"enemies":"Champ","floor":33.0,"turns":7.0},{"damage":10.0,"enemies":"Orb Walker","floor":35.0,"turns":3.0},{"damage":0.0,"enemies":"3 Shapes","floor":38.0,"turns":1.0},{"damage":0.0,"enemies":"Spire Growth","floor":39.0,"turns":2.0},{"damage":0.0,"enemies":"Nemesis","floor":41.0,"turns":1.0},{"damage":12.0,"enemies":"Sphere and 2 Shapes","floor":42.0,"turns":4.0},{"damage":12.0,"enemies":"Jaw Worm Horde","floor":44.0,"turns":5.0},{"damage":16,"enemies":"3 Darklings","floor":45,"turns":3},{"damage":0,"enemies":"2 Orb Walkers","floor":48,"turns":3},{"damage":69,"enemies":"Awakened One","floor":50,"turns":6}],"seed_played":"-6615616131106843512","potions_obtained":[{"floor":10.0,"key":"Block Potion"},{"floor":12.0,"key":"SpeedPotion"},{"floor":16.0,"key":"GamblersBrew"},{"floor":18.0,"key":"SneckoOil"},{"floor":22.0,"key":"PowerPotion"},{"floor":24.0,"key":"Strength Potion"},{"floor":29.0,"key":"Block Potion"},{"floor":38.0,"key":"Regen Potion"},{"floor":42.0,"key":"SpeedPotion"}],"is_trial":false,"path_per_floor":["M","?","?","M","?","E","M","$","T","E","$","M","R","$","R","B",null,"M","?","M","?","M","R","E","M","T","?","?","E","$","?","R","B",null,"M","$","?","M","M","R","E","M","T","M","M","R","?","?","R","B"],"character_chosen":"WATCHER","items_purchased":["Whetstone","StancePotion","PowerPotion","ForeignInfluence","Melange","Anchor","Fruit Juice","Frozen Eye","DuplicationPotion"],"campfire_rested":1,"item_purchase_floors":[8,8,8,11,30,30,30,36,36],"current_hp_per_floor":[65,70,70,70,70,70,70,70,70,70,70,70,70,70,70,36,62,62,62,62,62,52,52,50,49,49,49,49,49,54,54,54,29,64,54,54,76,76,76,76,76,64,64,52,45,45,45,45,67,0,0],"gold":78,"neow_bonus":"THREE_ENEMY_KILL","is_daily":false,"chose_seed":false,"campfire_upgraded":6,"win_rate":0.0,"timestamp":1613606851,"path_taken":["M","?","?","M","?","E","M","$","T","E","$","?","R","?","R","BOSS","M","?","?","?","M","R","E","M","T","?","?","E","$","?","R","BOSS","M","$","?","M","M","R","E","M","T","M","?","R","?","?","R","BOSS"],"items_purchased_type":["Relic","Potion","Potion","Card","Relic","Relic","Potion","Relic","Potion"],"build_version":"2020-12-22","purchased_purges":0,"victory":false,"max_hp_per_floor":[72,77,71,71,71,71,71,71,71,71,71,71,71,71,71,71,71,71,71,71,71,71,71,71,71,71,71,71,71,76,76,76,76,76,76,76,76,76,76,76,76,76,76,76,76,76,76,76,76,76,76],"card_choices":[{"not_picked":["FlurryOfBlows","Collect"],"picked":"CrushJoints","floor":1.0},{"not_picked":["Wireheading","Sanctity"],"picked":"EmptyBody","floor":4.0},{"not_picked":["FlyingSleeves","FlurryOfBlows"],"picked":"DeceiveReality","floor":6.0},{"not_picked":["EmptyMind","Consecrate"],"picked":"Ragnarok","floor":7.0},{"not_picked":["Consecrate","EmptyBody"],"picked":"Halt","floor":10.0},{"not_picked":["Pray","PathToVictory","Halt"],"picked":"SKIP","floor":12.0},{"not_picked":["Blasphemy","Judgement"],"picked":"Ragnarok","floor":16.0},{"not_picked":["Wallop","JustLucky"],"picked":"ClearTheMind","floor":18.0},{"not_picked":["Fasting2","MentalFortress","FollowUp"],"picked":"SKIP","floor":20.0},{"not_picked":["ReachHeaven","Pray"],"picked":"Consecrate+1","floor":22.0},{"not_picked":["ClearTheMind","ThirdEye","CutThroughFate"],"picked":"SKIP","floor":24.0},{"not_picked":["Nirvana+1","FlurryOfBlows","Protect"],"picked":"SKIP","floor":25.0},{"not_picked":["Prostrate","WaveOfTheHand+1"],"picked":"Ragnarok","floor":29.0},{"not_picked":["Omniscience","Ragnarok"],"picked":"Vault","floor":33.0},{"not_picked":["Evaluate","TalkToTheHand"],"picked":"Worship","floor":35.0},{"not_picked":["WheelKick+1","WaveOfTheHand+1","WindmillStrike"],"picked":"SKIP","floor":35.0},{"not_picked":["BattleHymn","Crescendo"],"picked":"Halt+1","floor":38.0},{"not_picked":["Sanctity+1","Crescendo"],"picked":"Pray+1","floor":38.0},{"not_picked":["FearNoEvil","CrushJoints+1"],"picked":"Devotion","floor":39.0},{"not_picked":["EmptyBody+1","Weave"],"picked":"LikeWater+1","floor":39.0},{"not_picked":["CrushJoints","Crescendo","SandsOfTime"],"picked":"SKIP","floor":41.0},{"not_picked":["Meditate+1","Wish"],"picked":"WaveOfTheHand+1","floor":42.0},{"not_picked":["ThirdEye+1","SandsOfTime","Evaluate+1"],"picked":"SKIP","floor":42.0},{"not_picked":["CutThroughFate","Prostrate"],"picked":"Tantrum+1","floor":44.0},{"not_picked":["SandsOfTime+1","FlyingSleeves"],"picked":"Crescendo+1","floor":44.0},{"not_picked":["Evaluate","CrushJoints+1","Consecrate+1"],"picked":"SKIP","floor":45},{"not_picked":["JustLucky+1","Pray","EmptyBody"],"picked":"SKIP","floor":45},{"not_picked":["Protect","ClearTheMind"],"picked":"Worship+1","floor":48}],"player_experience":234478,"relics_obtained":[{"floor":6.0,"key":"Akabeko"},{"floor":9.0,"key":"Bag of Marbles"},{"floor":10.0,"key":"PreservedInsect"},{"floor":24.0,"key":"Unceasing Top"},{"floor":26.0,"key":"Kunai"},{"floor":29.0,"key":"CeramicFish"},{"floor":34.0,"key":"Mercury Hourglass"},{"floor":34.0,"key":"Prayer Wheel"},{"floor":34.0,"key":"War Paint"},{"floor":41.0,"key":"Centennial Puzzle"},{"floor":43.0,"key":"Happy Flower"},{"floor":48,"key":"StoneCalendar"}],"event_choices":[{"damage_healed":0.0,"max_hp_gain":5.0,"max_hp_loss":0.0,"gold_gain":0.0,"event_name":"Big Fish","player_choice":"Donut","floor":2.0,"gold_loss":0.0,"damage_taken":0.0},{"damage_healed":0.0,"max_hp_gain":0.0,"max_hp_loss":6.0,"gold_gain":0.0,"event_name":"Golden Idol","player_choice":"Lose Max HP","floor":3.0,"gold_loss":0.0,"damage_taken":0.0,"relics_obtained":["Golden Idol"]},{"damage_healed":0.0,"max_hp_gain":0.0,"max_hp_loss":0.0,"gold_gain":100.0,"event_name":"Wheel of Change","player_choice":"Gold","floor":5.0,"gold_loss":0.0,"damage_taken":0.0},{"cards_removed":["Strike_P"],"damage_healed":0.0,"max_hp_gain":0.0,"max_hp_loss":0.0,"gold_gain":0.0,"event_name":"Purifier","player_choice":"Purged","floor":19.0,"gold_loss":0.0,"damage_taken":0.0},{"damage_healed":0.0,"max_hp_gain":0.0,"max_hp_loss":0.0,"gold_gain":0.0,"event_name":"Ghosts","player_choice":"Ignored","floor":21.0,"gold_loss":0.0,"damage_taken":0.0},{"damage_healed":0.0,"max_hp_gain":0.0,"max_hp_loss":0.0,"gold_gain":0.0,"event_name":"Vampires","player_choice":"Ignored","floor":27.0,"gold_loss":0.0,"damage_taken":0.0},{"damage_healed":0.0,"max_hp_gain":0.0,"max_hp_loss":0.0,"gold_gain":0.0,"event_name":"The Library","player_choice":"Read","floor":28.0,"gold_loss":0.0,"damage_taken":0.0,"cards_obtained":["BowlingBash"]},{"damage_healed":0.0,"max_hp_gain":0.0,"max_hp_loss":0.0,"gold_gain":99.0,"event_name":"Nest","player_choice":"Stole From Cult","floor":31.0,"gold_loss":0.0,"damage_taken":0.0},{"cards_removed":["Worship"],"damage_healed":22.0,"max_hp_gain":0.0,"max_hp_loss":0.0,"gold_gain":0.0,"event_name":"Bonfire Elementals","player_choice":"Offered Uncommon","floor":37.0,"gold_loss":0.0,"damage_taken":0.0},{"damage_healed":0,"gold_gain":0,"player_choice":"Paid","damage_taken":0,"relics_obtained":["Red Mask"],"max_hp_gain":0,"max_hp_loss":0,"event_name":"Tomb of Lord Red Mask","floor":47,"gold_loss":257},{"damage_healed":0,"gold_gain":0,"player_choice":"Fight","damage_taken":0,"max_hp_gain":0,"max_hp_loss":0,"event_name":"Mysterious Sphere","floor":48,"gold_loss":0}],"is_beta":false,"boss_relics":[{"not_picked":["VioletLotus","Runic Dome"],"picked":"Philosopher\u0027s Stone"},{"not_picked":["Fusion Hammer","Cursed Key"],"picked":"Calling Bell"}],"items_purged_floors":[],"is_endless":false,"potions_floor_spawned":[10,12,16,18,22,24,29,38,42,44],"killed_by":"Awakened One","ascension_level":6}}