{"host":"ibtxpp7hbhk6t4eo","time":1613622257,"event":{"mods":["Act Like it!","Arknights","BaseMod","Gensokyo","Minty Spire (QoL Compilation)","MostiFishMod","Relic Filter Mod","StSLib"],"gold_per_floor":[113,133,21,40,51,83,83,83,107,107,317,330,363,388,388,491,491,511,523,503,503,522,522,522,549,549,549,549,560,579,592,592,697,697,712,712,712,725,725,725,741,751,751,761,761,761,779,811,811,811],"floor_reached":51,"language":"ZHS","playtime":5206,"items_purged":[],"score":798,"play_id":"de3c1782-4f03-4ef3-a4d8-5291a9459501","local_time":"20210218122417","is_ascension_mode":false,"campfire_choices":[{"data":"ats:Closed Bolt Burst Fire","floor":7.0,"key":"SMITH"},{"data":"ats:Emotion Absorption","floor":10.0,"key":"SMITH"},{"floor":15.0,"key":"DIG"},{"data":"ats:Part Time Job","floor":24.0,"key":"SMITH"},{"floor":27.0,"key":"DIG"},{"floor":32.0,"key":"DIG"},{"floor":40,"key":"DIG"},{"floor":49,"key":"DIG"}],"circlet_count":0,"master_deck":["ats:Strike G","ats:Strike S","ats:Strike V","ats:Armor Crushing Shot","ats:Defend","ats:Defend","ats:Defend","ats:Defend","ats:Emotion Absorption+1","ats:Part Time Job+1","ats:Part Time Job","ats:Guard Mode","ats:Automatic Cover","ats:Closed Bolt Burst Fire+1","ats:Apocalypse","ats:Thorns","ats:Closed Bolt Burst Fire","ats:Durian","ats:Calcification","ats:Sword Rain","ats:Wolf Pack","ats:Song Of Battle","Gensokyo:FourOfAKind","Gensokyo:FourOfAKind","Gensokyo:FourOfAKind","Gensokyo:FourOfAKind","ats:Curse Doll+1","ats:Shadow Assault","ats:Shell Defense","Gensokyo:ShootingStar","ats:Dogmatic Field","ats:Sword Rain","Gensokyo:LifeSpringInfinity+1","Gensokyo:PrivateSquare","Pride","ats:Shell Defense","ats:Composite Medical Shells+1","ats:Healing Strengthening","ats:Composite Medical Shells","ats:Absolute Focus+1"],"relics":["ats:Sanity","DaveBox","TimeKeys","SynthV:TestCard","ats:Originium","Ancient Tea Set","Pear","SynthV:C4","StoneCalendar","Regal Pillow","Shovel","Pen Nib","RhineCircuit","Meat on the Bone","Mercury Hourglass","Orichalcum","Gensokyo:RedStar","ImprovedEquipment","Philosopher\u0027s Stone","ats:Industrial Water Cannon","Dream Catcher","White Beast Statue","Gensokyo:EmptyGrave","InkBottle","Nunchaku"],"acts_visited":["Exordium","Gensokyo:Gensokyo","Gensokyo:Gensokyoer"],"potions_floor_usage":[37,46,48],"damage_taken":[{"damage":0.0,"enemies":"Gensokyo:2_Kodama","floor":1.0,"turns":2.0},{"damage":10.0,"enemies":"Gensokyo:3_Fairies","floor":2.0,"turns":6.0},{"damage":12.0,"enemies":"Gensokyo:Gryphon","floor":4.0,"turns":3.0},{"damage":0.0,"enemies":"Gensokyo:LivingMonolith","floor":5.0,"turns":3.0},{"damage":9.0,"enemies":"Gensokyo:Mamizou","floor":6.0,"turns":6.0},{"damage":0.0,"enemies":"Gensokyo:VengefulSpirit","floor":11.0,"turns":3.0},{"damage":0.0,"enemies":"Gensokyo:5_Fairies","floor":12.0,"turns":3.0},{"damage":5.0,"enemies":"Gensokyo:Cirno","floor":13.0,"turns":8.0},{"damage":0.0,"enemies":"Gensokyo:Aya","floor":14.0,"turns":3.0},{"damage":24.0,"enemies":"Gensokyo:Yukari","floor":16.0,"turns":6.0},{"damage":18.0,"enemies":"Gensokyo:3_Dogs","floor":18.0,"turns":2.0},{"damage":15.0,"enemies":"Gensokyo:CosmicMonolith","floor":19.0,"turns":3.0},{"damage":19.0,"enemies":"Gensokyo:Slime_Group","floor":22.0,"turns":6.0},{"damage":45.0,"enemies":"Gensokyo:Koishi","floor":25.0,"turns":7.0},{"damage":0.0,"enemies":"Gensokyo:Chomper_and_Gloop","floor":29.0,"turns":2.0},{"damage":24.0,"enemies":"Gensokyo:Mirror_and_Dog","floor":30.0,"turns":4.0},{"damage":33.0,"enemies":"Gensokyo:Slime_Group","floor":31.0,"turns":4.0},{"damage":38.0,"enemies":"Gensokyo:Eternal_Rivals","floor":33.0,"turns":8.0},{"damage":0.0,"enemies":"Gensokyo:3_Bats","floor":35.0,"turns":2.0},{"damage":3,"enemies":"Gensokyo:3_Bats","floor":37,"turns":6},{"damage":0,"enemies":"Gensokyo:3_Boulders","floor":38,"turns":2},{"damage":0,"enemies":"Gensokyo:SeedOfUnknown","floor":41,"turns":6},{"damage":15,"enemies":"Gensokyo:Sharpion","floor":42,"turns":3},{"damage":0,"enemies":"Gensokyo:3_Boulders","floor":44,"turns":2},{"damage":0,"enemies":"Gensokyo:Rafflesia","floor":46,"turns":2},{"damage":0,"enemies":"Gensokyo:4_Bats","floor":47,"turns":2},{"damage":41,"enemies":"Gensokyo:Kasen","floor":48,"turns":5},{"damage":12,"enemies":"Gensokyo:Yuyuko","floor":50,"turns":7}],"seed_played":"-8643741861488472856","potions_obtained":[{"floor":1.0,"key":"AttackPotion"},{"floor":4.0,"key":"AttackPotion"},{"floor":11.0,"key":"LiquidBronze"},{"floor":13.0,"key":"PowerPotion"},{"floor":18.0,"key":"Strength Potion"},{"floor":30.0,"key":"DistilledChaos"},{"floor":33.0,"key":"SmokeBomb"},{"floor":35.0,"key":"GamblersBrew"},{"floor":38,"key":"ats:Emergency Sanity Potion"},{"floor":44,"key":"GamblersBrew"},{"floor":47,"key":"ats:Burn Small Potion"},{"floor":48,"key":"SmokeBomb"}],"is_trial":false,"path_per_floor":["M","M","COS","M","M","E","R","?","T","R","M","M","E","?","R","B",null,"M","M","?","?","M","?","R","E","T","R","?","M","M","M","R","B",null,"M","T","?","M","?","R","M","M","T","M","?","M","M","E","R","B",null],"character_chosen":"DOCTOR_CLASS","items_purchased":[],"campfire_rested":0,"item_purchase_floors":[],"current_hp_per_floor":[72,67,67,61,66,72,72,67,67,67,72,76,82,82,82,69,82,64,54,72,72,70,58,58,34,34,34,34,36,37,28,28,50,58,58,58,58,58,58,58,58,49,49,51,51,51,54,54,54,54],"gold":811,"neow_bonus":"TRANSFORM_CARD","is_daily":false,"chose_seed":false,"campfire_upgraded":3,"win_rate":0.0,"timestamp":1613622257,"path_taken":["M","M","COS","M","M","E","R","?","T","R","?","M","E","?","R","BOSS","M","M","?","?","M","?","R","E","T","R","?","M","?","M","R","BOSS","M","?","?","?","?","R","M","M","T","M","?","M","M","E","R","BOSS"],"items_purchased_type":[],"build_version":"2020-12-22","purchased_purges":0,"victory":true,"max_hp_per_floor":[72,72,72,72,72,72,72,82,82,82,82,82,82,82,82,82,82,82,82,82,82,82,58,58,58,58,58,58,58,58,58,58,58,58,58,58,58,58,58,58,58,58,58,58,54,54,54,54,54,54],"card_choices":[{"not_picked":["ats:Red Shift","ats:Chain Hook"],"picked":"ats:Part Time Job","floor":1.0},{"not_picked":["ats:Curse Doll","ats:Shell Defense","ats:Ignite","ats:Apocalypse"],"picked":"ats:Flexible Camouflage","floor":2.0},{"not_picked":["ats:Rapid Magazine","ats:Hammer On","ats:Leaping Hammer","ats:Collapsing Strike"],"picked":"ats:Guard Mode","floor":4.0},{"not_picked":["ats:Very Hot Blade","ats:Assault Order","ats:Ignite","ats:Cat Scratch"],"picked":"ats:Automatic Cover","floor":5.0},{"not_picked":["ats:Very Hot Blade","ats:Hammer On","ats:Roar Of Ursus","ats:Poison Spread"],"picked":"ats:Closed Bolt Burst Fire","floor":6.0},{"not_picked":["ats:Steam Pump","ats:Shell Defense","ats:Powerful Strike","ats:Blood Oath"],"picked":"ats:Apocalypse","floor":11.0},{"not_picked":["ats:Part Time Job","ats:Guard Mode","ats:Guardian Obelisk","ats:Blood Oath"],"picked":"ats:Thorns","floor":12.0},{"not_picked":["ats:Guard Mode","ats:Powerful Strike","ats:Support Order","ats:Encircling Forest"],"picked":"ats:Closed Bolt Burst Fire","floor":13.0},{"not_picked":["ats:Cat Scratch","ats:Hammer On","ats:Very Hot Blade","ats:Revitalization"],"picked":"ats:Durian","floor":14.0},{"not_picked":["ats:Roar Of Ursus","ats:Ambush","ats:Wolf Pack","ats:Nebulous Foxfire"],"picked":"ats:Calcification","floor":16.0},{"not_picked":["ats:Leaping Hammer+1","ats:Red Shift","ats:Poison Spread","ats:Cat Scratch"],"picked":"ats:Apocalypse","floor":18.0},{"not_picked":["ats:Steam Pump","ats:Shell Defense+1","ats:Powerful Strike","ats:Red Shift"],"picked":"ats:Sword Rain","floor":19.0},{"not_picked":["ats:Serious Mode","ats:Guard Mode","ats:Cat Scratch","ats:Flexible Camouflage"],"picked":"ats:Song Of Battle","floor":22.0},{"not_picked":["ats:Revitalization","ats:Fractured Body","ats:Hammer On","ats:Apocalypse"],"picked":"ats:Curse Doll+1","floor":25.0},{"not_picked":["ats:Hammer On","ats:Cat Scratch+1","ats:Steam Pump","ats:Revitalization+1","ats:Very Hot Blade"],"picked":"SKIP","floor":29.0},{"not_picked":["ats:Blood Oath","ats:Leaping Hammer","ats:Apocalypse","ats:Cat Scratch"],"picked":"ats:Shadow Assault","floor":30.0},{"not_picked":["ats:Ignite","ats:Song Of Battle","ats:Curse Doll","ats:Closed Bolt Burst Fire"],"picked":"ats:Shell Defense","floor":31.0},{"not_picked":[],"picked":"Gensokyo:ShootingStar","floor":33.0},{"not_picked":["ats:Durian","ats:Soul Rend","ats:Shadow Assault","ats:Wolf Pack"],"picked":"ats:Dogmatic Field","floor":33.0},{"not_picked":["ats:Spore Proliferation","ats:Leaping Hammer","ats:Assault Order","ats:Revitalization+1"],"picked":"ats:Sword Rain","floor":35.0},{"not_picked":["Gensokyo:RainbowDanmaku+1","Gensokyo:RisingWorld+1"],"picked":"Gensokyo:LifeSpringInfinity+1","floor":37},{"not_picked":["ats:Curse Doll+1","ats:Revitalization","ats:Apocalypse","ats:Cat Scratch+1","ats:Mental Burst"],"picked":"SKIP","floor":38},{"not_picked":["ats:Spore Proliferation","ats:Blood Oath+1","ats:Ignite","ats:Magnetic Hammer+1"],"picked":"ats:Shell Defense","floor":41},{"not_picked":["ats:Durian","ats:Guard Mode","ats:Shell Defense+1","ats:Ignite+1"],"picked":"ats:Composite Medical Shells+1","floor":42},{"not_picked":["ats:Blood Oath","ats:Rapid Magazine","ats:Serious Mode+1","ats:Demon Strength+1"],"picked":"ats:Healing Strengthening","floor":44},{"not_picked":["ats:Leaping Hammer","ats:Spore Proliferation+1","ats:Flexible Camouflage+1","ats:Disruption Kick"],"picked":"ats:Composite Medical Shells","floor":47},{"not_picked":["ats:Chain Hook+1","ats:Poison Spread+1","ats:Hammer On+1","ats:Red Shift+1"],"picked":"ats:Absolute Focus+1","floor":48}],"player_experience":43609,"relics_obtained":[{"floor":1.0,"key":"SynthV:TestCard"},{"floor":6.0,"key":"ats:Originium"},{"floor":6.0,"key":"Ancient Tea Set"},{"floor":9.0,"key":"SynthV:C4"},{"floor":13.0,"key":"ats:Originium"},{"floor":13.0,"key":"Regal Pillow"},{"floor":14.0,"key":"ats:Originium"},{"floor":14.0,"key":"Shovel"},{"floor":15.0,"key":"Pen Nib"},{"floor":25.0,"key":"ats:Originium"},{"floor":25.0,"key":"Meat on the Bone"},{"floor":26.0,"key":"Mercury Hourglass"},{"floor":27.0,"key":"Orichalcum"},{"floor":32.0,"key":"ImprovedEquipment"},{"floor":36.0,"key":"ats:Industrial Water Cannon"},{"floor":40,"key":"Dream Catcher"},{"floor":43,"key":"White Beast Statue"},{"floor":48,"key":"InkBottle"},{"floor":49,"key":"Nunchaku"}],"event_choices":[],"is_beta":false,"boss_relics":[{"not_picked":["BloodWine","ExusiaiGun"],"picked":"RhineCircuit"},{"not_picked":["Cursed Key","GuanYuAspect"],"picked":"Philosopher\u0027s Stone"}],"items_purged_floors":[],"is_endless":false,"potions_floor_spawned":[1,4,11,13,18,30,33,35,38,44,46,47,48],"ascension_level":0}}