{"host":"u4hhjc8c2w7dbcnr","time":1613609960,"event":{"mods":["BaseMod","Colored Map","Colored Powertips","Highlight Path","Minty Spire (QoL Compilation)","StSLib"],"gold_per_floor":[110,121,136,211,221,221,256,256,256,24,24,49,49,68,68,173,173,187,205,205,224,4,31,31,31,55,72,83,8,8,21,21,124,124,141,155,165,130,0,0,16,16,16,16,16,16,27,47,47,47],"floor_reached":51,"language":"ENG","playtime":2160,"items_purged":["Defend_B","Defend_B"],"score":935,"play_id":"1ce05448-bc67-4637-aa87-ce19872bb3ca","local_time":"20210218085920","is_ascension_mode":true,"campfire_choices":[{"data":"Dualcast","floor":6,"key":"SMITH"},{"data":"Electrodynamics","floor":8,"key":"SMITH"},{"data":"Zap","floor":13,"key":"SMITH"},{"data":"Glacier","floor":15,"key":"SMITH"},{"data":"Loop","floor":25,"key":"SMITH"},{"data":"Conserve Battery","floor":32,"key":"SMITH"},{"data":"Thunder Strike","floor":40,"key":"SMITH"},{"data":"Seek","floor":44,"key":"SMITH"},{"data":"Ball Lightning","floor":46,"key":"SMITH"},{"floor":49,"key":"RECALL"}],"circlet_count":0,"master_deck":["Zap+1","Dualcast+1","Conserve Battery+1","Glacier+1","Seek+1","Electrodynamics+1","Leap+1","Ball Lightning+1","Thunder Strike+1","Chaos+1","Loop+1","Rainbow+1","Genetic Algorithm+1","Fission+1","Tempest+1","Reinforced Body+1","Parasite","Defragment+1"],"relics":["Cracked Core","Toxic Egg 2","Symbiotic Virus","DataDisk","Sundial","Empty Cage","Du-Vu Doll","Happy Flower","Art of War","Cursed Key","Red Mask","Molten Egg 2"],"acts_visited":["Exordium","TheCity","TheBeyond"],"potions_floor_usage":[7,23,33,50],"damage_taken":[{"damage":0,"enemies":"2 Louse","floor":1,"turns":3},{"damage":0,"enemies":"Small Slimes","floor":2,"turns":4},{"damage":0,"enemies":"Cultist","floor":3,"turns":4},{"damage":0,"enemies":"Red Slaver","floor":5,"turns":4},{"damage":15,"enemies":"Gremlin Nob","floor":7,"turns":4},{"damage":3,"enemies":"3 Sentries","floor":12,"turns":4},{"damage":0,"enemies":"Looter","floor":14,"turns":3},{"damage":7,"enemies":"Hexaghost","floor":16,"turns":11},{"damage":0,"enemies":"2 Thieves","floor":18,"turns":3},{"damage":0,"enemies":"3 Byrds","floor":19,"turns":1},{"damage":4,"enemies":"Snecko","floor":21,"turns":4},{"damage":0,"enemies":"Gremlin Leader","floor":23,"turns":3},{"damage":0,"enemies":"Centurion and Healer","floor":27,"turns":4},{"damage":0,"enemies":"Cultist and Chosen","floor":28,"turns":5},{"damage":0,"enemies":"3 Cultists","floor":31,"turns":2},{"damage":62,"enemies":"Champ","floor":33,"turns":7},{"damage":0,"enemies":"3 Darklings","floor":35,"turns":3},{"damage":0,"enemies":"Orb Walker","floor":36,"turns":2},{"damage":0,"enemies":"Maw","floor":37,"turns":5},{"damage":12,"enemies":"Transient","floor":41,"turns":5},{"damage":0,"enemies":"Writhing Mass","floor":47,"turns":2},{"damage":0,"enemies":"Sphere and 2 Shapes","floor":48,"turns":2},{"damage":40,"enemies":"Time Eater","floor":50,"turns":8}],"seed_played":"-8270221322875620101","potions_obtained":[{"floor":2,"key":"FocusPotion"},{"floor":16,"key":"BlessingOfTheForge"},{"floor":21,"key":"Weak Potion"},{"floor":33,"key":"SkillPotion"},{"floor":35,"key":"Block Potion"},{"floor":41,"key":"PotionOfCapacity"},{"floor":48,"key":"BlessingOfTheForge"}],"is_trial":false,"path_per_floor":["M","M","M","?","M","R","E","R","T","$","?","E","R","M","R","B",null,"M","M","?","M","$","E","$","R","T","M","M","?","?","M","R","B",null,"M","M","M","$","?","R","M","?","T","R","$","R","M","M","R","B",null],"character_chosen":"DEFECT","items_purchased":["DataDisk","Loop","FocusPotion","Reinforced Body+1"],"campfire_rested":0,"item_purchase_floors":[10,22,22,38],"current_hp_per_floor":[75,75,75,64,64,64,49,49,49,49,42,39,39,39,39,32,75,75,75,75,71,71,71,71,71,71,71,71,71,71,71,71,9,75,75,75,75,75,75,75,63,63,63,63,63,63,63,63,63,23],"gold":47,"neow_bonus":"REMOVE_CARD","is_daily":false,"chose_seed":false,"campfire_upgraded":9,"win_rate":0.0,"timestamp":1613609960,"path_taken":["M","M","M","?","M","R","E","R","T","$","?","E","R","M","R","BOSS","M","M","?","M","$","E","?","R","T","M","?","?","?","M","R","BOSS","M","M","?","?","?","R","M","?","T","R","$","R","M","M","R","BOSS"],"items_purchased_type":["Relic","Card","Potion","Card"],"build_version":"2020-12-22","purchased_purges":2,"victory":true,"max_hp_per_floor":[75,75,75,75,75,75,75,75,75,75,75,75,75,75,75,75,75,75,75,75,75,75,75,75,75,75,75,75,75,75,75,75,75,75,75,75,75,75,75,75,75,75,75,75,75,75,75,75,75,75],"card_choices":[{"not_picked":["Beam Cell","Gash"],"picked":"Conserve Battery","floor":1},{"not_picked":["Leap","FTL"],"picked":"Glacier","floor":2},{"not_picked":["Sweeping Beam","Static Discharge"],"picked":"Seek","floor":3},{"not_picked":["Barrage","Undo","Genetic Algorithm"],"picked":"SKIP","floor":5},{"not_picked":["Gash","Skim+1"],"picked":"Electrodynamics","floor":7},{"not_picked":["Lockon","Cold Snap"],"picked":"Leap+1","floor":12},{"not_picked":["Coolheaded+1","Hello World"],"picked":"Ball Lightning","floor":14},{"not_picked":["Machine Learning","Biased Cognition"],"picked":"Thunder Strike","floor":16},{"not_picked":["Go for the Eyes","Sunder"],"picked":"Chaos+1","floor":18},{"not_picked":["Rebound","Go for the Eyes","Gash+1"],"picked":"SKIP","floor":19},{"not_picked":["Conserve Battery+1","Force Field+1","Ball Lightning"],"picked":"SKIP","floor":21},{"not_picked":["Reinforced Body+1","Steam+1"],"picked":"Rainbow+1","floor":23},{"not_picked":["Beam Cell","Compile Driver"],"picked":"Genetic Algorithm+1","floor":27},{"not_picked":["Go for the Eyes","Tempest+1","Loop"],"picked":"SKIP","floor":28},{"not_picked":["Beam Cell","Hologram+1","Conserve Battery+1"],"picked":"SKIP","floor":31},{"not_picked":["All For One","Amplify+1"],"picked":"Fission+1","floor":33},{"not_picked":["Reprogram+1","Hologram+1","Sunder"],"picked":"SKIP","floor":35},{"not_picked":["Static Discharge","Ball Lightning","Leap+1"],"picked":"SKIP","floor":36},{"not_picked":["Storm+1","Double Energy+1"],"picked":"Tempest+1","floor":37},{"not_picked":["Blizzard","Conserve Battery+1","Coolheaded+1"],"picked":"SKIP","floor":41},{"not_picked":["Stack+1","Reinforced Body+1"],"picked":"Defragment+1","floor":47},{"not_picked":["Gash+1","Streamline+1","Amplify+1"],"picked":"SKIP","floor":48}],"player_experience":123944,"relics_obtained":[{"floor":7,"key":"Toxic Egg 2"},{"floor":9,"key":"Symbiotic Virus"},{"floor":12,"key":"Sundial"},{"floor":23,"key":"Happy Flower"},{"floor":26,"key":"Art of War"},{"floor":43,"key":"Molten Egg 2"}],"event_choices":[{"damage_healed":0,"gold_gain":75,"player_choice":"Gather Gold","damage_taken":11,"max_hp_gain":0,"max_hp_loss":0,"event_name":"World of Goop","floor":4,"gold_loss":0},{"cards_removed":["Strike_B"],"damage_healed":0,"gold_gain":0,"player_choice":"Card Removal","damage_taken":7,"max_hp_gain":0,"max_hp_loss":0,"event_name":"Golden Wing","floor":11,"gold_loss":0},{"damage_healed":0,"gold_gain":0,"player_choice":"Gave Potion","damage_taken":0,"relics_obtained":["Du-Vu Doll"],"max_hp_gain":0,"max_hp_loss":0,"event_name":"WeMeetAgain","floor":20,"gold_loss":0},{"cards_removed":["Defend_B"],"damage_healed":0,"gold_gain":0,"player_choice":"Gave Gold","damage_taken":0,"max_hp_gain":0,"max_hp_loss":0,"event_name":"Beggar","floor":29,"gold_loss":75},{"cards_removed":["Defend_B"],"damage_healed":0,"gold_gain":0,"player_choice":"Purged","damage_taken":0,"max_hp_gain":0,"max_hp_loss":0,"event_name":"Purifier","floor":30,"gold_loss":0},{"damage_healed":0,"gold_gain":0,"player_choice":"Paid","damage_taken":0,"relics_obtained":["Red Mask"],"max_hp_gain":0,"max_hp_loss":0,"event_name":"Tomb of Lord Red Mask","floor":39,"gold_loss":130},{"damage_healed":0,"gold_gain":0,"player_choice":"Ignored","damage_taken":0,"max_hp_gain":0,"max_hp_loss":0,"event_name":"Mysterious Sphere","floor":42,"gold_loss":0}],"is_beta":false,"boss_relics":[{"not_picked":["Runic Dome","Coffee Dripper"],"picked":"Empty Cage"},{"not_picked":["Astrolabe","Tiny House"],"picked":"Cursed Key"}],"items_purged_floors":[10,22],"is_endless":false,"potions_floor_spawned":[2,16,21,33,35,41,48],"ascension_level":4}}