{"host":"vdohis8gfezcjpr9","time":1613633573,"event":{"mods":["2.2 Compatiblity","Abigail Mod","Act Like it!","BaseMod","BetterRewards","Colored Powertips","Custom Start","Friendly Minions","Gensokyo","Kiyohime£¨?ýï£©","Koishi","Marisa£¨Ùöéë¡¡Øª×âÞÞ£©","Minty Spire (QoL Compilation)","Permanent Neow","Prisma Mod","Rare Cards Sparkle","Reimu£¨ÚÏ???£©","Shop Mod","StSLib","Swap Starting Deck Mod","The Animator"],"gold_per_floor":[110,110,110,125,135,135,215,66,66,66,78,78,78,93,93,188,238,253,23,23,0,0,0,0,0,25,25,25,25,25,44,44,145,145,155,155,65,65,65,65,65,65,65,65,65,65,65,65,65,65,65],"floor_reached":50,"language":"KOR","playtime":2188,"items_purged":["SubcavityInstant:ReiMu"],"score":466,"play_id":"6bbe37ef-4a1c-4ad2-b3bd-f6d9468090ad","local_time":"20210218163253","daily_mods":["Draft","Allstar","Heirloom","Time Dilation","Flight"],"is_ascension_mode":false,"campfire_choices":[{"floor":6,"key":"REST"},{"floor":12,"key":"REST"},{"data":"Echo Form","floor":15,"key":"SMITH"},{"data":"Authority:ReiMu","floor":23,"key":"SMITH"},{"data":"Demon Form","floor":27,"key":"SMITH"},{"data":"SubAcupoint:ReiMu","floor":30,"key":"SMITH"},{"floor":32,"key":"REST"},{"data":"HakureiPhantom:ReiMu","floor":41,"key":"SMITH"},{"floor":49,"key":"REST"}],"circlet_count":0,"master_deck":["Demon Form+1","Wraith Form v2","Echo Form+1","DevaForm+1","SubcavityInstant:ReiMu","OrbThrow:ReiMu","MikOfLucky:ReiMu+1","RainPray2:ReiMu","OrbThrow:ReiMu","SpreadBorder2:ReiMu","SubAcupoint:ReiMu+1","SafetyPray:ReiMu","SubAcupoint:ReiMu","SubAcupoint:ReiMu","CareerPray:ReiMu","InherentArray:ReiMu","Meditation:ReiMu","EmergencyTakeOff:ReiMu","OctopathBindingBorder2:ReiMu","CareerPray:ReiMu+1","EmergencyTakeOff:ReiMu","Meditation:ReiMu","SpreadBorder2:ReiMu","SubAcupoint:ReiMu+1","Authority:ReiMu+1","SubcavityInstant:ReiMu+1","Gensokyo:EightFeetTall","Revelation:ReiMu","HakureiPhantom:ReiMu+1","Gensokyo:PrivateSquare","Pride","Gensokyo:CustomPotion","Gensokyo:RisingWorld"],"relics":["FlyPower:ReiMu","Calipers","Gensokyo:CelestialsFlawlessClothing","Toolbox","FadedRune:ReiMu","Bottled Lightning","Tiny House","CheatingSign:ReiMu","Juzu Bracelet","Gensokyo:SongOfSouls","Oddly Smooth Stone","StrikeDummy","Black Star","Gensokyo:TheCrow","Pantograph","Salt:ReiMu","Kunai"],"acts_visited":["Gensokyo:Gensokyo","Gensokyo:Gensokyoer","Gensokyo:Gensokyoest"],"potions_floor_usage":[16,18,33,33,35,35,35,35,50],"damage_taken":[{"damage":1,"enemies":"Gensokyo:2_Kodama","floor":1,"turns":5},{"damage":9,"enemies":"Gensokyo:3_Fairies","floor":4,"turns":4},{"damage":6,"enemies":"Gensokyo:Gryphon","floor":5,"turns":4},{"damage":10,"enemies":"Gensokyo:3_Kodama","floor":11,"turns":4},{"damage":5,"enemies":"Gensokyo:2_Rabbits","floor":14,"turns":6},{"damage":17,"enemies":"Gensokyo:Kokoro","floor":16,"turns":8},{"damage":11,"enemies":"Gensokyo:Chomper","floor":18,"turns":4},{"damage":31,"enemies":"Gensokyo:AngelMirror","floor":31,"turns":5},{"damage":1,"enemies":"Gensokyo:Eiki","floor":33,"turns":8},{"damage":9,"enemies":"Gensokyo:AncientGuardian","floor":35,"turns":5},{"damage":32,"enemies":"Gensokyo:AncientGuardian","floor":40,"turns":7},{"damage":20,"enemies":"Gensokyo:Yuyuko","floor":50,"turns":5}],"seed_played":"8494397541140387131","potions_obtained":[{"floor":1,"key":"Strength Potion"},{"floor":5,"key":"LiquidBronze"},{"floor":14,"key":"BlessingOfTheForge"},{"floor":16,"key":"EntropicBrew"},{"floor":31,"key":"SpeedPotion"},{"floor":33,"key":"Energy Potion"}],"is_trial":true,"path_per_floor":["M","?","?","M","M","R","?","$","T","T","M","R","?","M","R","B",null,"M","$","?","?","?","R","?","?","T","R","T","$","R","M","R","B",null,"M","?","?","?","?","?","R","?","T","$","?","?","T","?","R","B"],"character_chosen":"REIMU","items_purchased":["Toolbox","CheatingSign:ReiMu"],"campfire_rested":4,"item_purchase_floors":[8,19],"current_hp_per_floor":[64,64,48,39,33,52,52,52,52,52,42,61,61,56,56,39,70,59,59,59,59,59,59,59,59,59,59,59,59,59,28,45,44,59,50,50,50,50,50,50,50,50,50,50,27,27,27,19,36,0,0],"gold":65,"neow_bonus":"","is_daily":false,"chose_seed":false,"campfire_upgraded":5,"win_rate":0.0,"timestamp":1613633573,"path_taken":["M","?","?","?","M","R","?","?","T","?","?","R","?","M","R","BOSS","M","$","?","?","?","R","?","?","T","R","?","?","R","M","R","BOSS","M","?","?","?","?","?","R","?","T","?","?","?","?","?","R","BOSS"],"items_purchased_type":["Relic","Relic"],"build_version":"2020-12-22","purchased_purges":1,"victory":false,"max_hp_per_floor":[65,65,65,65,65,65,65,65,65,65,65,65,65,65,65,65,70,70,70,65,65,59,59,59,59,59,59,59,59,59,59,59,59,59,59,59,59,59,59,59,59,59,59,59,59,59,59,59,59,1,1],"card_choices":[{"not_picked":["WonderfulDomain:ReiMu","OrbThrow:ReiMu"],"picked":"SubcavityInstant:ReiMu","floor":0},{"not_picked":["Enchanting:ReiMu","TightArray:ReiMu"],"picked":"OrbThrow:ReiMu","floor":0},{"not_picked":["Intuition:ReiMu","Meditation:ReiMu"],"picked":"MikOfLucky:ReiMu","floor":0},{"not_picked":["SafetyPray:ReiMu","OrbThrow:ReiMu"],"picked":"RainPray2:ReiMu","floor":0},{"not_picked":["AlertArray:ReiMu","Crusade:ReiMu"],"picked":"OrbThrow:ReiMu","floor":0},{"not_picked":["Conquer:ReiMu","YinYangSign:ReiMu"],"picked":"SpreadBorder2:ReiMu","floor":0},{"not_picked":["PrepareRite:ReiMu","EmergencyTakeOff:ReiMu"],"picked":"SubAcupoint:ReiMu","floor":0},{"not_picked":["Mountainwind:ReiMu","Conquer:ReiMu"],"picked":"SafetyPray:ReiMu","floor":0},{"not_picked":["Enchanting:ReiMu","FineLineFantasy:ReiMu"],"picked":"SubAcupoint:ReiMu","floor":0},{"not_picked":["EmergencyTakeOff:ReiMu","FineLineFantasy:ReiMu"],"picked":"SubAcupoint:ReiMu","floor":0},{"not_picked":["AlertArray:ReiMu","PassingAway:ReiMu"],"picked":"CareerPray:ReiMu","floor":0},{"not_picked":["CareerPray:ReiMu","SafetyPray:ReiMu"],"picked":"InherentArray:ReiMu","floor":0},{"not_picked":["CareerPray:ReiMu","TakeOff:ReiMu"],"picked":"Meditation:ReiMu","floor":0},{"not_picked":["FoulBorder2:ReiMu","TightArray:ReiMu"],"picked":"SubcavityInstant:ReiMu","floor":0},{"not_picked":["MountainWay:ReiMu","PrepareRite:ReiMu"],"picked":"EmergencyTakeOff:ReiMu","floor":0},{"not_picked":["MikOfLucky:ReiMu","SubAcupoint:ReiMu"],"picked":"OctopathBindingBorder2:ReiMu","floor":1},{"not_picked":["AirManeuver:ReiMu","SpringWay:ReiMu"],"picked":"CareerPray:ReiMu","floor":2},{"not_picked":["CollectionFlower2:ReiMu","PassingAway:ReiMu"],"picked":"EmergencyTakeOff:ReiMu","floor":4},{"not_picked":["PrayRite:ReiMu","FantasyBorder:ReiMu"],"picked":"Meditation:ReiMu","floor":5},{"not_picked":["FineLineFantasy:ReiMu","YinYangSign:ReiMu"],"picked":"SpreadBorder2:ReiMu","floor":11},{"not_picked":["TightArray:ReiMu","ForcedLanding:ReiMu"],"picked":"SubAcupoint:ReiMu","floor":14},{"not_picked":["KyokaiOfKami:ReiMu","OctopathSalyBorderN:ReiMu"],"picked":"Authority:ReiMu","floor":16},{"not_picked":["PayForSelf:ReiMu","OrbThrow:ReiMu"],"picked":"SubcavityInstant:ReiMu+1","floor":18},{"not_picked":["Gensokyo:GapWoman","Gensokyo:RedCapeBlueCape"],"picked":"Gensokyo:EightFeetTall","floor":22},{"not_picked":["SpringWay:ReiMu","PrepareRite:ReiMu","Intuition:ReiMu"],"picked":"SKIP","floor":31},{"not_picked":["Determination:ReiMu","Authority:ReiMu"],"picked":"HakureiPhantom:ReiMu","floor":33},{"not_picked":["AirStrike:ReiMu","InherentArray:ReiMu","CareerPray:ReiMu+1"],"picked":"SKIP","floor":35},{"not_picked":["Gensokyo:MorningStar","Gensokyo:RainbowDanmaku"],"picked":"Gensokyo:RisingWorld","floor":40}],"player_experience":149936,"relics_obtained":[{"floor":9,"key":"FadedRune:ReiMu"},{"floor":10,"key":"Bottled Lightning"},{"floor":26,"key":"Oddly Smooth Stone"},{"floor":28,"key":"StrikeDummy"},{"floor":43,"key":"Pantograph"},{"floor":47,"key":"Kunai"}],"event_choices":[],"is_beta":false,"boss_relics":[{"not_picked":["Coffee Dripper","Fusion Hammer"],"picked":"Tiny House"},{"not_picked":["Astrolabe","Velvet Choker"],"picked":"Black Star"}],"items_purged_floors":[19],"is_endless":false,"potions_floor_spawned":[1,5,14,16,31,33],"killed_by":"Gensokyo:Yuyuko","ascension_level":0}}