{"host":"acw864156wjp8gcv","time":1613616395,"event":{"mods":["2.2 Compatiblity","AchievementEnabler","Ascension Reborn","Aspiration","BaseMod","Beaked The Cultist","Better Altar","Better Match","Better Note","Better Sensory Stone","Better Silent Start","Better Skull","Better Third Choice","Better Vampires","BetterRewards","Challenge The Spire","Colored Map","Colored Powertips","Conspire","Curses Come First","Downfall","Energized Spire","GifTheSpireLib","Halation","Hubris","Infinite Spire","Ironclad Rager","Jedi Mod","Mimic Mod","Minty Spire (QoL Compilation)","Permanent Neow","Relic Sorter","Replay The Spire","Robot Space Explorer","Shop Mod","Spicy Shops","Spikes Relics","StSLib","Stuff the Spire","The Blue Laboratory","The Construct","The Jungle","The Marked","Wandering Minibosses","everything is the same but u backflip on backflip"],"gold_per_floor":[112,112,136,153,175,207,227,250,250,250,268,268,285,320,320,438,438,462,462,462,486,240,264,1182,1194,1253,1289,1305,1329,1370,1387,1387,1502,1502,1524,1547,1571,1571,1589,1589,1609,1628,1628,1020,1042,1078,1106,1147,1147,1147,1147,1147,445,475,475],"floor_reached":56,"language":"ENG","playtime":2296,"items_purged":["Defend_R+1","Defend_R+1"],"score":450,"play_id":"cc5f39a2-4987-4c23-80da-7f9113e89237","local_time":"20210217204635","is_ascension_mode":true,"campfire_choices":[{"data":"Burning Pact","floor":10,"key":"SMITH"},{"floor":12,"key":"RECALL"},{"data":"Clash","floor":15,"key":"SMITH"},{"data":"Whirlwind+1","floor":32,"key":"SMITH"},{"data":"Whirlwind+2","floor":40,"key":"SMITH"},{"data":"Whirlwind+3","floor":49,"key":"SMITH"},{"data":"Whirlwind+4","floor":49,"key":"SMITH"},{"data":"Whirlwind+5","floor":52,"key":"SMITH"},{"data":"Whirlwind+6","floor":52,"key":"SMITH"}],"circlet_count":0,"master_deck":["Defend_R+2","Whirlwind+8","infinitespire:FutureSight","jedi:harder+1","Flex+3","Flex+1","Flex+1","Battle Trance+1"],"relics":["Burning Blood","aspiration:Nostalgia","PureWater","Quantum Egg","Lantern","jedi:leech","jedi:cryingmask","Iron Hammer","Golden Egg","Tiny Chest","hubris:DeckOfHolding","conspire:InfiniteJournal","jedi:battlestandard","Pen Nib","wanderingMiniBosses:MasterThiefsPresence","hubris:TinFlute","jedi:shrinkray","Singing Bowl","Happy Flower","Runic Pyramid","infinitespire:Beetle Shell","Question Card","StuffTheSpire:BottledHeartBeat","War Paint","Snack Pack","halation:Diary","Akabeko","OrangePellets","Replay:WaspNest","construct:BoolHorns","aspiration:EmptySkull","Replay:Arrowhead","BranchBurnRelic","TungstenRod","Whetstone","Chemical X","hubris:MedicalManual","hubris:BottledRain"],"acts_visited":[],"potions_floor_usage":[28,28,31],"damage_taken":[{"damage":0,"enemies":"conspire:RoseBush","floor":1,"turns":1},{"damage":0,"enemies":"Jaw Worm","floor":3,"turns":2},{"damage":1,"enemies":"infinitespire:Voidling","floor":4,"turns":2},{"damage":0,"enemies":"Exordium Thugs","floor":5,"turns":2},{"damage":0,"enemies":"Replay:BlueRogue","floor":6,"turns":2},{"damage":0,"enemies":"Exordium Wildlife","floor":7,"turns":1},{"damage":0,"enemies":"Blue Slaver","floor":8,"turns":1},{"damage":0,"enemies":"Large Slime","floor":11,"turns":1},{"damage":0,"enemies":"2 Fungi Beasts","floor":13,"turns":2},{"damage":0,"enemies":"Lagavulin","floor":14,"turns":2},{"damage":12,"enemies":"Fading Forest","floor":16,"turns":11},{"damage":0,"enemies":"Spheric Guardian","floor":18,"turns":1},{"damage":0,"enemies":"Chosen","floor":21,"turns":2},{"damage":0,"enemies":"3 Cultists","floor":23,"turns":1},{"damage":9,"enemies":"Centurion and Healer","floor":24,"turns":6},{"damage":0,"enemies":"Chosen and Byrds","floor":25,"turns":1},{"damage":9,"enemies":"Nightmare","floor":27,"turns":3},{"damage":0,"enemies":"Cultist and Chosen","floor":28,"turns":1},{"damage":0,"enemies":"Shelled Parasite and Fungi","floor":29,"turns":1},{"damage":0,"enemies":"Book of Stabbing","floor":30,"turns":1},{"damage":0,"enemies":"3 Cultists","floor":31,"turns":2},{"damage":11,"enemies":"hubris:MusketHawk","floor":33,"turns":4},{"damage":0,"enemies":"Orb Walker","floor":35,"turns":1},{"damage":10,"enemies":"3 Shapes","floor":36,"turns":1},{"damage":0,"enemies":"Transient","floor":37,"turns":4},{"damage":0,"enemies":"Jaw Worm Horde","floor":39,"turns":1},{"damage":0,"enemies":"3 Darklings","floor":41,"turns":1},{"damage":0,"enemies":"Writhing Mass","floor":42,"turns":1},{"damage":0,"enemies":"Jaw Worm Horde","floor":45,"turns":1},{"damage":0,"enemies":"R_Hoarder","floor":46,"turns":1},{"damage":0,"enemies":"Giant Head","floor":48,"turns":1},{"damage":11,"enemies":"Replay:Hell Engine","floor":50,"turns":2},{"damage":0,"enemies":"Shield and Spear","floor":54,"turns":1},{"damage":36,"enemies":"The Heart","floor":55,"turns":4}],"seed_played":"3077650657872557495","potions_obtained":[{"floor":1,"key":"Strength Potion"},{"floor":3,"key":"blueLaboratory:FruitPunch"},{"floor":4,"key":"ColorlessPotion"},{"floor":18,"key":"Energy Potion"},{"floor":21,"key":"blueLaboratory:RecallPotion"},{"floor":27,"key":"Fruit Juice"},{"floor":29,"key":"blueLaboratory:FruitPunch"},{"floor":29,"key":"blueLaboratory:FrostheartPotion"},{"floor":31,"key":"blueLaboratory:AbyssPotion"},{"floor":33,"key":"FairyPotion"}],"is_trial":false,"path_per_floor":["M","?","M","M","M","E","M","M","T","R","M","R","M","E","R","B",null,"M","AVR","?","M","$","M","M","M","T","NM","M","M","E","M","R","B",null,"M","M","M","?","M","R","M","M","T","$","M","E","T","E","R","B",null,"R","$","E","B",null],"character_chosen":"IRONCLAD","items_purchased":["Pen Nib","War Paint","Snack Pack","halation:Diary","Akabeko","OrangePellets","TungstenRod","Whetstone","Chemical X","hubris:MedicalManual","Flex","Battle Trance"],"campfire_rested":0,"item_purchase_floors":[22,44,44,44,44,44,53,53,53,53,53,53],"current_hp_per_floor":[85,85,85,85,85,85,85,85,85,85,85,85,85,85,85,88,90,90,90,90,90,90,90,89,90,90,92,101,103,105,109,109,113,114,116,117,120,120,122,122,124,126,126,126,128,130,130,132,132,136,137,137,137,139,118],"gold":475,"neow_bonus":"NOSTALGIA","is_daily":false,"chose_seed":false,"campfire_upgraded":8,"win_rate":0.0,"timestamp":1613616395,"path_taken":["M","?","M","?","M","E","M","M","T","R","M","R","M","E","R","BOSS","M","AVR","?","M","$","M","M","M","T","NM","M","M","E","M","R","BOSS","M","M","M","?","M","R","M","M","T","?","M","E","?","E","R","BOSS","R","$","E","BOSS"],"items_purchased_type":["Relic","Relic","Relic","Relic","Relic","Relic","Relic","Relic","Relic","Relic","Card","Card"],"build_version":"2020-12-22","purchased_purges":2,"victory":true,"max_hp_per_floor":[85,85,85,85,85,85,85,85,85,85,85,85,85,85,85,90,90,90,90,90,90,90,90,90,90,90,92,101,103,105,109,109,114,114,116,118,120,120,122,122,124,126,126,126,128,130,130,132,132,137,137,137,137,139,144],"card_choices":[{"not_picked":["Cleave","Heavy Blade","hubris:ReadiedAction"],"picked":"SKIP","floor":1},{"not_picked":["Flex","Headbutt"],"picked":"Burning Pact","floor":3},{"not_picked":["Armaments+1","Fire Breathing"],"picked":"Whirlwind+1","floor":4},{"not_picked":["Shrug It Off","Sentinel","Heavy Blade"],"picked":"SKIP","floor":5},{"not_picked":["StuffTheSpire:Resist","hubris:SharpeningStone","jedi:fear"],"picked":"SKIP","floor":6},{"not_picked":["Shrug It Off+1","Feel No Pain+1","Body Slam+1"],"picked":"SKIP","floor":6},{"not_picked":["Havoc","jedi:hate","Armaments+1"],"picked":"SKIP","floor":7},{"not_picked":["Havoc","jedi:hate","Armaments+1"],"picked":"SKIP","floor":7},{"not_picked":["Fiend Fire","Body Slam+1","True Grit+1"],"picked":"SKIP","floor":8},{"not_picked":["Entrench","StuffTheSpire:Incineration+1","Run Through"],"picked":"SKIP","floor":11},{"not_picked":["jedi:hate","ReplayTheSpireMod:Limb From Limb","Heavy Blade"],"picked":"SKIP","floor":13},{"not_picked":["Perfected Strike+1","jedi:fear"],"picked":"Clash","floor":14},{"not_picked":["BarbarianYell","Wild Strike","StuffTheSpire:Slingshot"],"picked":"SKIP","floor":14},{"not_picked":["Wild Strike+1","True Grit+1","Twin Strike+1"],"picked":"SKIP","floor":18},{"not_picked":["Wild Strike+1","True Grit+1","Twin Strike+1"],"picked":"SKIP","floor":18},{"not_picked":["Pommel Strike+1","Havoc+1","Sever Soul+1"],"picked":"SKIP","floor":21},{"not_picked":["Flame Barrier+1","Thunderclap+1","Cleave+1"],"picked":"SKIP","floor":23},{"not_picked":["hubris:ReadiedAction","Anger+1","Heavy Blade+1"],"picked":"SKIP","floor":24},{"not_picked":["Burning Pact","Entrench","Searing Blow+1"],"picked":"SKIP","floor":25},{"not_picked":["Carnage","Fire Breathing+1","conspire:ExplosiveBarrier"],"picked":"Singing Bowl","floor":27},{"not_picked":["Replay:Undeath\u0027s Touch","Pommel Strike","Anger+1"],"picked":"Singing Bowl","floor":28},{"not_picked":["Body Slam+1","ReplayTheSpireMod:Strike From Hell+1","Evolve"],"picked":"Singing Bowl","floor":29},{"not_picked":["Sword Boomerang","Run Through+1","Cleave"],"picked":"Singing Bowl","floor":30},{"not_picked":["infinitespire:OneForAll+1","conspire:ExplosiveBarrier+1","Iron Wave+1"],"picked":"Singing Bowl","floor":31},{"not_picked":["Fiend Fire","Limit Break"],"picked":"jedi:harder","floor":33},{"not_picked":["jedi:fear+1","ReplayTheSpireMod:Stacked+1","Abandon"],"picked":"Singing Bowl","floor":35},{"not_picked":["Pommel Strike+1","jedi:collectorstrike+1","ReplayTheSpireMod:Corrosion Curse+1"],"picked":"Singing Bowl","floor":36},{"not_picked":["Clothesline+1","Entrench+1","Body Slam"],"picked":"Singing Bowl","floor":37},{"not_picked":["Sword Boomerang+1","Replay:Undeath\u0027s Touch+1","ReplayTheSpireMod:Strike From Hell+1"],"picked":"Singing Bowl","floor":39},{"not_picked":["ReplayTheSpireMod:Limb From Limb+1","Flex+1","Juggernaut"],"picked":"Singing Bowl","floor":41},{"not_picked":["True Grit+1","Pommel Strike+1","Thunderclap+1"],"picked":"Singing Bowl","floor":42},{"not_picked":["hubris:ReadiedAction+1","Wild Strike+1","ReplayTheSpireMod:Corrosion Curse","Spot Weakness+1"],"picked":"Singing Bowl","floor":45},{"not_picked":["StuffTheSpire:BloodClot","StuffTheSpire:RockThrow","Shrug It Off+1","Sever Soul+1"],"picked":"Singing Bowl","floor":46},{"not_picked":["hubris:ReadiedAction+1","Pommel Strike+1","Inflame","Defy Death"],"picked":"Singing Bowl","floor":48},{"not_picked":["jedi:MakeshiftSword","hubris:CleavingFinish+1","Warcry+1","Life Link"],"picked":"Singing Bowl","floor":54}],"player_experience":183646,"relics_obtained":[{"floor":3,"key":"Quantum Egg"},{"floor":5,"key":"Lantern"},{"floor":6,"key":"jedi:leech"},{"floor":7,"key":"jedi:cryingmask"},{"floor":8,"key":"Iron Hammer"},{"floor":9,"key":"Golden Egg"},{"floor":13,"key":"Tiny Chest"},{"floor":14,"key":"hubris:DeckOfHolding"},{"floor":16,"key":"conspire:InfiniteJournal"},{"floor":24,"key":"wanderingMiniBosses:MasterThiefsPresence"},{"floor":26,"key":"hubris:TinFlute"},{"floor":26,"key":"jedi:shrinkray"},{"floor":27,"key":"Singing Bowl"},{"floor":30,"key":"Happy Flower"},{"floor":33,"key":"Dead Branch"},{"floor":39,"key":"infinitespire:Beetle Shell"},{"floor":43,"key":"Question Card"},{"floor":43,"key":"StuffTheSpire:BottledHeartBeat"},{"floor":46,"key":"Replay:WaspNest"},{"floor":47,"key":"construct:BoolHorns"},{"floor":47,"key":"aspiration:EmptySkull"},{"floor":48,"key":"Replay:Arrowhead"},{"floor":54,"key":"hubris:BottledRain"}],"event_choices":[{"damage_healed":0,"gold_gain":0,"player_choice":"Bought 0 Potions","damage_taken":0,"max_hp_gain":0,"max_hp_loss":0,"event_name":"The Woman in Blue","floor":2,"gold_loss":0},{"damage_healed":0,"gold_gain":0,"player_choice":"Ignored","damage_taken":0,"max_hp_gain":0,"max_hp_loss":0,"event_name":"betterNote:BetterNote","floor":20,"gold_loss":0,"cards_obtained":["construct:SweepLaser"]}],"is_beta":false,"boss_relics":[{"not_picked":["Velvet Choker","Replay:Bronze Core"],"picked":"jedi:battlestandard"},{"not_picked":["hubris:TerracottaHorce","Painkiller Herb"],"picked":"Runic Pyramid"}],"items_purged_floors":[22,22],"is_endless":false,"potions_floor_spawned":[4,5,6,14,16,21,23,25,27,29,36,37,41,42,48,54],"ascension_level":-20}}