{"host":"5n1fl7z5i1vf7jan","time":1613641222,"event":{"mods":["BaseMod","Minty Spire (QoL Compilation)","Quick Restart","Relic Stats"],"gold_per_floor":[118,268,268,282,95,130,146,146,146,163,181,210,39,54,54,131,131,149,17,17,37,37,37,67,78,78,78,91,91,108,108,108],"floor_reached":31,"language":"ENG","playtime":1212,"items_purged":["Doubt"],"score":534,"play_id":"460a6a09-2e67-4c6c-acd7-67d6cfa25985","local_time":"20210218014022","is_ascension_mode":true,"campfire_choices":[{"floor":8.0,"key":"RECALL"},{"floor":15.0,"key":"REST"},{"floor":23.0,"key":"REST"},{"floor":27,"key":"REST"},{"floor":29,"key":"REST"}],"circlet_count":0,"master_deck":["AscendersBane","Strike_B","Strike_B","Strike_B","Strike_B","Defend_B","Defend_B","Defend_B","Defend_B","Zap","Dualcast","Cold Snap","Go for the Eyes","Cold Snap","Glacier","Compile Driver","Streamline","Electrodynamics","Hyperbeam","Echo Form","Doom and Gloom","Ball Lightning","Reinforced Body","Defragment","Capacitor","Streamline+1","Double Energy","BootSequence"],"relics":["Fusion Hammer","Shuriken","Dead Branch","Kunai","Cursed Key","Bag of Marbles"],"acts_visited":["Exordium","TheCity"],"potions_floor_usage":[31],"damage_taken":[{"damage":2.0,"enemies":"2 Louse","floor":1.0,"turns":3.0},{"damage":2.0,"enemies":"Small Slimes","floor":4.0,"turns":4.0},{"damage":8.0,"enemies":"Lagavulin","floor":6.0,"turns":9.0},{"damage":2.0,"enemies":"Jaw Worm","floor":7.0,"turns":4.0},{"damage":2.0,"enemies":"Blue Slaver","floor":10.0,"turns":3.0},{"damage":0.0,"enemies":"Red Slaver","floor":11.0,"turns":4.0},{"damage":14.0,"enemies":"3 Sentries","floor":12.0,"turns":6.0},{"damage":0.0,"enemies":"Exordium Thugs","floor":14.0,"turns":3.0},{"damage":41.0,"enemies":"Hexaghost","floor":16.0,"turns":13.0},{"damage":0.0,"enemies":"Spheric Guardian","floor":18.0,"turns":4.0},{"damage":12.0,"enemies":"Shell Parasite","floor":21.0,"turns":6.0},{"damage":34.0,"enemies":"Book of Stabbing","floor":24.0,"turns":5.0},{"damage":35.0,"enemies":"Shelled Parasite and Fungi","floor":25.0,"turns":5.0},{"damage":5,"enemies":"Chosen and Byrds","floor":28,"turns":5},{"damage":12,"enemies":"3 Cultists","floor":30,"turns":3},{"damage":38,"enemies":"Gremlin Leader","floor":31,"turns":3}],"seed_played":"-3681783998572660549","potions_obtained":[{"floor":1.0,"key":"SkillPotion"},{"floor":6.0,"key":"SteroidPotion"},{"floor":10.0,"key":"LiquidMemories"},{"floor":16.0,"key":"FocusPotion"},{"floor":21.0,"key":"LiquidMemories"},{"floor":22.0,"key":"EssenceOfDarkness"},{"floor":28,"key":"Block Potion"}],"is_trial":false,"path_per_floor":["M","?","?","M","$","E","M","R","T","M","M","E","$","M","R","B",null,"M","$","?","M","?","R","E","M","T","R","M","R","M","E"],"character_chosen":"DEFECT","items_purchased":["Cold Snap","Dexterity Potion","Electrodynamics","Ball Lightning","Reinforced Body"],"campfire_rested":4,"item_purchase_floors":[5,5,13,19,19],"current_hp_per_floor":[62,62,67,65,65,57,55,55,55,53,53,39,39,39,61,20,62,62,62,62,50,50,72,38,3,3,25,20,42,30,0,0],"gold":108,"neow_bonus":"BOSS_RELIC","is_daily":false,"chose_seed":false,"campfire_upgraded":0,"win_rate":0.0,"timestamp":1613641222,"path_taken":["M","?","?","M","$","E","M","R","T","M","M","E","?","?","R","BOSS","M","?","?","M","?","R","E","M","T","R","?","R","M","E"],"items_purchased_type":["Card","Potion","Card","Card","Card"],"build_version":"2020-12-22","purchased_purges":1,"victory":false,"max_hp_per_floor":[71,71,76,76,76,76,76,76,76,76,76,76,76,76,76,76,76,76,76,76,76,76,76,76,76,76,76,76,76,76,76,76],"relic_stats":{"counters":[16,80],"Shuriken":[21],"Dead Branch":[21],"Kunai":[16],"Cursed Key":0,"obtain_stats":[{"Shuriken":6,"Dead Branch":9,"Fusion Hammer":0,"Bag of Marbles":24,"Kunai":12,"Cracked Core":0,"Cursed Key":17},{"Shuriken":3,"Dead Branch":4,"Fusion Hammer":0,"Bag of Marbles":12,"Kunai":7,"Cracked Core":0,"Cursed Key":9},{"Shuriken":16,"Dead Branch":20,"Fusion Hammer":0,"Bag of Marbles":64,"Kunai":33,"Cracked Core":0,"Cursed Key":49}]},"card_choices":[{"not_picked":["Turbo","Rebound"],"picked":"Cold Snap","floor":1.0},{"not_picked":["Reprogram","Scrape"],"picked":"Go for the Eyes","floor":4.0},{"not_picked":["Rainbow","Stack"],"picked":"Glacier","floor":6.0},{"not_picked":["Rebound","Coolheaded","Steam"],"picked":"SKIP","floor":7.0},{"not_picked":["Coolheaded","Stack","Fusion"],"picked":"SKIP","floor":10.0},{"not_picked":["Steam","Fusion"],"picked":"Compile Driver","floor":11.0},{"not_picked":["Compile Driver","Double Energy"],"picked":"Streamline","floor":12.0},{"not_picked":["Undo","Tempest"],"picked":"Hyperbeam","floor":14.0},{"not_picked":["All For One","Multi-Cast"],"picked":"Echo Form","floor":16.0},{"not_picked":["Sweeping Beam","Gash"],"picked":"Doom and Gloom","floor":18.0},{"not_picked":["Streamline","Steam Power","Ball Lightning"],"picked":"SKIP","floor":21.0},{"not_picked":["Skim","Streamline"],"picked":"Capacitor","floor":24.0},{"not_picked":["Leap","Stack"],"picked":"Streamline+1","floor":25.0},{"not_picked":["Streamline","Gash"],"picked":"Double Energy","floor":28},{"not_picked":["Sweeping Beam","Auto Shields"],"picked":"BootSequence","floor":30}],"player_experience":356957,"relics_obtained":[{"floor":6.0,"key":"Shuriken"},{"floor":9.0,"key":"Dead Branch"},{"floor":12.0,"key":"Kunai"},{"floor":24.0,"key":"Bag of Marbles"}],"event_choices":[{"damage_healed":0.0,"max_hp_gain":0.0,"max_hp_loss":0.0,"gold_gain":150.0,"event_name":"Liars Game","player_choice":"AGREE","floor":2.0,"gold_loss":0.0,"damage_taken":0.0,"cards_obtained":["Doubt"]},{"damage_healed":0.0,"max_hp_gain":5.0,"max_hp_loss":0.0,"gold_gain":0.0,"event_name":"Big Fish","player_choice":"Donut","floor":3.0,"gold_loss":0.0,"damage_taken":0.0},{"damage_healed":0.0,"max_hp_gain":0.0,"max_hp_loss":0.0,"gold_gain":0.0,"event_name":"The Library","player_choice":"Read","floor":20.0,"gold_loss":0.0,"damage_taken":0.0,"cards_obtained":["Defragment"]},{"damage_healed":0.0,"max_hp_gain":0.0,"max_hp_loss":0.0,"gold_gain":0.0,"event_name":"Lab","player_choice":"Got Potions","floor":22.0,"gold_loss":0.0,"damage_taken":0.0}],"is_beta":false,"boss_relics":[{"not_picked":["Empty Cage","Philosopher\u0027s Stone"],"picked":"Cursed Key"}],"items_purged_floors":[5],"is_endless":false,"potions_floor_spawned":[1,6,10,16,21,28],"killed_by":"Gremlin Leader","ascension_level":20}}