{"host":"b5jaqh8y266k2cz4","time":1613691259,"event":{"mods":["AchievementEnabler","Aspiration","BaseMod","Colored Powertips","Conspire","Dio Mod","Downfall","Googly Eyes","Hermit","Highlight Path","Hubris","Infinite Spire","MarisaÅiñ∂âJÅ@ñÇóùçπÅj","Mimic Mod","Minty Spire (QoL Compilation)","Quick Restart","Replay The Spire","Spikes Relics","StSLib","Synergy Search","Td1madao Mod","The Animator","The Cursed","The Jungle","The Necromancer","The Servant 0.9.4","The Wild Card","slay the spire mod where everything is the same but ironclad has a cowboy hat"],"gold_per_floor":[109,109,72,86,101,101,135,135,162,162,162,144,144,159,159,259,259,275,275,292,303,159,259,259],"floor_reached":23,"language":"ENG","playtime":1086,"items_purged":["theWildCard:Desolation"],"score":336,"play_id":"8fbd9448-f773-4b8e-9001-5f94e54905d0","local_time":"20210218183419","is_ascension_mode":true,"campfire_choices":[{"data":"theWildCard:Arsene","floor":6,"key":"SMITH"},{"data":"theWildCard:SeveringSlash","floor":10,"key":"SMITH"},{"floor":13,"key":"REST"}],"circlet_count":0,"master_deck":["theWildCard:BasicStrike","theWildCard:BasicStrike","theWildCard:BasicStrike","theWildCard:BasicStrike","theWildCard:BasicDefend","theWildCard:BasicDefend","theWildCard:BasicDefend","theWildCard:BasicDefend","theWildCard:CallToAdventure","theWildCard:Arsene+1","theWildCard:MaskChange+1","theWildCard:SeveringSlash+1","theWildCard:SeveringSlash+1","theWildCard:CryOfAgony","theWildCard:TheGreatSeal","theWildCard:Abstinence+1","theWildCard:SacrificialStroke","theWildCard:Attunement"],"relics":["theWildCard:VelvetContract","Replay:Bottled Steam","Dream Catcher","hubris:Icosahedron","Toy Ornithopter","SnailShell","theWildCard:Wildcard"],"acts_visited":["Exordium","TheCity"],"potions_floor_usage":[20,21,23],"damage_taken":[{"damage":0,"enemies":"Small Slimes","floor":1,"turns":3},{"damage":0,"enemies":"Cultist","floor":4,"turns":3},{"damage":4,"enemies":"2 Louse","floor":5,"turns":3},{"damage":15,"enemies":"Gremlin Nob","floor":7,"turns":5},{"damage":24,"enemies":"3 Sentries","floor":12,"turns":12},{"damage":0,"enemies":"Large Slime","floor":14,"turns":7},{"damage":0,"enemies":"The Guardian","floor":16,"turns":16},{"damage":0,"enemies":"3 Byrds","floor":18,"turns":6},{"damage":0,"enemies":"conspire:FuzzyDice","floor":20,"turns":10},{"damage":1,"enemies":"Snake Plant","floor":21,"turns":9},{"damage":69,"enemies":"Slavers","floor":23,"turns":6}],"seed_played":"-7330601498624032379","potions_obtained":[{"floor":7,"key":"GamblersBrew"},{"floor":14,"key":"LiquidMemories"},{"floor":16,"key":"AttackPotion"},{"floor":20,"key":"SpeedPotion"}],"is_trial":false,"path_per_floor":["M","?","$","M","M","R","E","?","T","R","?","E","R","M","R","B",null,"M","?","M","M","$","E"],"character_chosen":"THE_WILD_CARD","items_purchased":["theWildCard:MaskChange+1","theWildCard:Attunement"],"campfire_rested":1,"item_purchase_floors":[3,22],"current_hp_per_floor":[54,54,54,54,50,50,35,35,35,35,40,16,35,35,54,54,62,62,62,65,64,64,0,0],"gold":259,"neow_bonus":"THREE_CARDS","is_daily":false,"chose_seed":false,"campfire_upgraded":2,"win_rate":0.0,"timestamp":1613691259,"path_taken":["M","?","$","M","?","R","E","?","T","R","?","E","R","M","R","BOSS","M","?","M","M","$","E"],"items_purchased_type":["Card","Card"],"build_version":"2020-12-22","purchased_purges":1,"victory":false,"max_hp_per_floor":[60,60,60,60,60,60,60,60,60,60,65,65,65,65,65,65,65,65,65,65,65,65,65,65],"card_choices":[{"not_picked":["theWildCard:Impatience","theWildCard:Michael"],"picked":"theWildCard:MaskChange","floor":0},{"not_picked":["theWildCard:Polydeuces","theWildCard:UnendingRitual","theWildCard:ShieldOfMany"],"picked":"SKIP","floor":1},{"not_picked":["theWildCard:Michael","theWildCard:EnergizedStroke","theWildCard:BladeOfGenerations"],"picked":"SKIP","floor":4},{"not_picked":["theWildCard:Metatron","theWildCard:BladeOfGenerations"],"picked":"theWildCard:SeveringSlash","floor":5},{"not_picked":["theWildCard:Polydeuces","theWildCard:TheArcanaUnleashed","theWildCard:StalwartBlade"],"picked":"SKIP","floor":7},{"not_picked":["theWildCard:ArcanaArtistry","theWildCard:Michael"],"picked":"theWildCard:SeveringSlash","floor":12},{"not_picked":["theWildCard:UnderLockAndKey","theWildCard:Polydeuces","theWildCard:MagicMettle"],"picked":"SKIP","floor":14},{"not_picked":["theWildCard:ShieldOfMany","theWildCard:ArcaneArts"],"picked":"theWildCard:CryOfAgony","floor":15},{"not_picked":["theWildCard:TheUniverse","theWildCard:Ruination"],"picked":"theWildCard:Desolation","floor":16},{"not_picked":["theWildCard:PaleRider","theWildCard:Michael","theWildCard:EnergizedStroke"],"picked":"SKIP","floor":18},{"not_picked":["theWildCard:BladeOfGenerations","theWildCard:Loki"],"picked":"theWildCard:Abstinence+1","floor":20},{"not_picked":["theWildCard:StingingStrike+1","theWildCard:Michael"],"picked":"theWildCard:SacrificialStroke","floor":21}],"player_experience":402500,"relics_obtained":[{"floor":7,"key":"Dream Catcher"},{"floor":9,"key":"Toy Ornithopter"},{"floor":12,"key":"SnailShell"}],"event_choices":[{"cards_removed":["theWildCard:MaskChange"],"damage_healed":0,"gold_gain":0,"player_choice":"Gave Card","damage_taken":0,"relics_obtained":["Replay:Bottled Steam"],"max_hp_gain":0,"max_hp_loss":0,"event_name":"WeMeetAgain","floor":2,"gold_loss":0},{"damage_healed":0,"gold_gain":0,"player_choice":"Donut","damage_taken":0,"max_hp_gain":5,"max_hp_loss":0,"event_name":"Big Fish","floor":11,"gold_loss":0},{"damage_healed":0,"gold_gain":0,"player_choice":"Read","damage_taken":0,"max_hp_gain":0,"max_hp_loss":0,"event_name":"The Library","floor":19,"gold_loss":0,"cards_obtained":["theWildCard:TheGreatSeal"]}],"is_beta":false,"boss_relics":[{"not_picked":["bronze:MakeshiftBattery","SacredBark"],"picked":"theWildCard:Wildcard"}],"items_purged_floors":[22],"is_endless":false,"potions_floor_spawned":[7,14,16,18,20],"killed_by":"Slavers","ascension_level":7}}