{"host":"bkvp8h802zvp9d7d","time":1613646913,"event":{"mods":["Act Like it!","BaseMod","Minty Spire (QoL Compilation)","StSLib","The Bug Knight"],"gold_per_floor":[118,26,26,26,26,201,201,219,219,219,254,310,13,30,30,135,135,147,147,159,84,12,12,28,28,28],"floor_reached":25,"language":"ZHS","playtime":1328,"items_purged":["Doubt"],"score":222,"play_id":"a3fdd852-354a-4efe-a4a5-bac5ce1d893a","local_time":"20210218191513","is_ascension_mode":false,"campfire_choices":[{"data":"HollowMod:MantisMark","floor":7.0,"key":"SMITH"},{"floor":15.0,"key":"REST"},{"data":"HollowMod:ElderbugsWisdom","floor":23,"key":"SMITH"}],"circlet_count":0,"master_deck":["HollowMod:QuickDashStart","HollowMod:QuickDashStart","HollowMod:QuickDashStart+1","HollowMod:QuickDashStart","HollowMod:FocusHealStart","HollowMod:PogoStrike","HollowMod:MantisMark+1","HollowMod:CycloneSlash+1","HollowMod:CoiledNail","HollowMod:ShapeofUnn","HollowMod:SoulMaster","HollowMod:DesolateDive","HollowMod:ElderbugsWisdom+1","HollowMod:SoulShaman+1","HollowMod:HornetsHelp+1","HollowMod:SlysStrikes+1","HollowMod:SoulStrike","HollowMod:MonarchWings","HollowMod:FallenFury","HollowMod:MantisMark+1","HollowMod:SoulVessel","HollowMod:NewGlowingWomb"],"relics":["HollowMod:VesselMask","NeowsBlessing","Boot","MealTicket","Bottled Lightning","Omamori","HandDrill","Astrolabe"],"acts_visited":["Exordium","TheCity"],"potions_floor_usage":[25],"damage_taken":[{"damage":0.0,"enemies":"Small Slimes","floor":1.0,"turns":1.0},{"damage":0.0,"enemies":"2 Louse","floor":8.0,"turns":1.0},{"damage":0.0,"enemies":"Lagavulin","floor":11.0,"turns":1.0},{"damage":27.0,"enemies":"Gremlin Nob","floor":12.0,"turns":4.0},{"damage":20.0,"enemies":"Jaw Worm","floor":14.0,"turns":4.0},{"damage":46.0,"enemies":"Slime Boss","floor":16.0,"turns":8.0},{"damage":8.0,"enemies":"Chosen","floor":18.0,"turns":6.0},{"damage":24.0,"enemies":"Spheric Guardian","floor":20.0,"turns":5.0},{"damage":27,"enemies":"Snake Plant","floor":24,"turns":4},{"damage":41,"enemies":"Cultist and Chosen","floor":25,"turns":4}],"seed_played":"-3271138608462652296","potions_obtained":[{"floor":8.0,"key":"Energy Potion"},{"floor":12.0,"key":"GamblersBrew"},{"floor":24,"key":"Block Potion"}],"is_trial":false,"path_per_floor":["M","$","?","?","?","?","R","M","T","?","E","?","$","M","R","B",null,"M","?","M","?","$","R","M","M"],"character_chosen":"THE_BUGKNIGHT","items_purchased":["HollowMod:CycloneSlash","HollowMod:CoiledNail","HandDrill","HollowMod:SoulMaster","HollowMod:SoulVessel"],"campfire_rested":1,"item_purchase_floors":[2,2,13,13,22],"current_hp_per_floor":[75,75,68,68,53,53,53,53,53,58,58,37,52,38,62,22,80,72,72,48,48,63,63,36,0,0],"gold":28,"neow_bonus":"THREE_ENEMY_KILL","is_daily":false,"chose_seed":false,"campfire_upgraded":2,"win_rate":0.0,"timestamp":1613646913,"path_taken":["M","$","?","?","?","?","R","?","T","?","E","?","?","M","R","BOSS","M","?","?","?","?","R","?","M"],"items_purchased_type":["Card","Card","Relic","Card","Card"],"build_version":"2020-12-22","purchased_purges":1,"victory":false,"max_hp_per_floor":[75,75,75,75,75,75,75,75,75,80,80,80,80,80,80,80,80,80,80,80,80,80,80,80,80,80],"card_choices":[{"not_picked":["HollowMod:SharpenedNail","HollowMod:DoubleDash"],"picked":"HollowMod:MantisMark","floor":1.0},{"not_picked":["HollowMod:HowlingWraiths","HollowMod:ChannelNail","HollowMod:TaintedHusks"],"picked":"SKIP","floor":8.0},{"not_picked":["HollowMod:Grubsong","HollowMod:LifebloodCore","HollowMod:DescendingDark"],"picked":"SKIP","floor":11.0},{"not_picked":["HollowMod:ShadowDash","HollowMod:DoubleDash"],"picked":"HollowMod:ShapeofUnn","floor":12.0},{"not_picked":["HollowMod:HeavyBlow","HollowMod:HowlingWraiths"],"picked":"HollowMod:DesolateDive","floor":14.0},{"not_picked":["HollowMod:VoidDash","HollowMod:SoulMaster"],"picked":"HollowMod:ElderbugsWisdom","floor":16.0},{"not_picked":["HollowMod:DescendingDark+1","HollowMod:MawleksShell+1"],"picked":"HollowMod:SoulStrike","floor":18.0},{"not_picked":["HollowMod:SoulSplash","HollowMod:WraithStrike"],"picked":"HollowMod:MantisMark+1","floor":20},{"not_picked":["HollowMod:SoulSplash+1","HollowMod:ChannelNail"],"picked":"HollowMod:NewGlowingWomb","floor":24}],"player_experience":397332,"relics_obtained":[{"floor":9.0,"key":"MealTicket"},{"floor":11.0,"key":"Bottled Lightning"},{"floor":12.0,"key":"Omamori"}],"event_choices":[{"damage_healed":0.0,"max_hp_gain":0.0,"max_hp_loss":0.0,"gold_gain":0.0,"event_name":"Scrap Ooze","player_choice":"Success","floor":3.0,"gold_loss":0.0,"damage_taken":7.0,"relics_obtained":["Boot"]},{"damage_healed":0.0,"max_hp_gain":0.0,"max_hp_loss":0.0,"gold_gain":0.0,"event_name":"Shining Light","player_choice":"Entered Light","floor":5.0,"gold_loss":0.0,"damage_taken":15.0,"cards_upgraded":["HollowMod:QuickDashStart","HollowMod:CycloneSlash"]},{"damage_healed":0.0,"max_hp_gain":0.0,"max_hp_loss":0.0,"gold_gain":175.0,"event_name":"Liars Game","player_choice":"AGREE","floor":6.0,"gold_loss":0.0,"damage_taken":0.0,"cards_obtained":["Doubt"]},{"damage_healed":0.0,"max_hp_gain":5.0,"max_hp_loss":0.0,"gold_gain":0.0,"event_name":"Big Fish","player_choice":"Donut","floor":10.0,"gold_loss":0.0,"damage_taken":0.0},{"damage_healed":0.0,"max_hp_gain":0.0,"max_hp_loss":0.0,"gold_gain":30.0,"event_name":"Dead Adventurer","player_choice":"Searched \u00273\u0027 times","floor":12.0,"gold_loss":0.0,"damage_taken":0.0},{"damage_healed":0.0,"max_hp_gain":0.0,"max_hp_loss":0.0,"gold_gain":0.0,"event_name":"Match and Keep!","player_choice":"2 cards matched","floor":19.0,"gold_loss":0.0,"damage_taken":0.0,"cards_obtained":["HollowMod:MonarchWings","HollowMod:FallenFury"]},{"cards_removed":["HollowMod:NailStrikeStart"],"damage_healed":0,"gold_gain":0,"player_choice":"Gave Gold","damage_taken":0,"max_hp_gain":0,"max_hp_loss":0,"event_name":"Beggar","floor":21,"gold_loss":75}],"is_beta":false,"boss_relics":[{"not_picked":["Snecko Eye","SlaversCollar"],"picked":"Astrolabe"}],"items_purged_floors":[13],"is_endless":false,"potions_floor_spawned":[8,12,24],"killed_by":"Cultist and Chosen","ascension_level":0}}