{"host":"vl29iwkwnyytuw8q","time":1613689296,"event":{"mods":["BaseMod","Minty Spire (QoL Compilation)","Permanent Neow","Relic Stats","StSLib"],"gold_per_floor":[117,134,154,164,183,211,51,51,119,119,119,44,77,77,77,155,155,171,171,171,203,17,44,44,58,58,88,88,108,108,121,121,194,194,212,212,212,226,237,263,7,7,7,7,17,37,37,37,37,37,37,37,37,17,43,43,43],"floor_reached":56,"language":"ENG","playtime":2567,"items_purged":["Strike_R","Strike_R","Defend_R"],"score":1996,"play_id":"f4c3ce9b-eafb-4de0-9cbf-e6b55935e8e0","local_time":"20210219000136","is_ascension_mode":true,"campfire_choices":[{"floor":8.0,"key":"REST"},{"data":"Rupture","floor":10.0,"key":"SMITH"},{"floor":15.0,"key":"REST"},{"data":"1","floor":24.0,"key":"LIFT"},{"floor":28.0,"key":"REST"},{"data":"2","floor":30.0,"key":"LIFT"},{"data":"3","floor":32.0,"key":"LIFT"},{"floor":42.0,"key":"RECALL"},{"floor":44.0,"key":"REST"},{"floor":49.0,"key":"REST"},{"floor":53,"key":"REST"}],"circlet_count":0,"master_deck":["AscendersBane","Defend_R+1","Defend_R+1","Defend_R+1","Bash+1","Combust+1","Shrug It Off+1","Spot Weakness+1","Burning Pact+1","Metallicize+1","Armaments+1","Rupture+1","Bloodletting+1","Reaper+1","Corruption+1","Pummel+1","Brutality+1","Dual Wield+1","Sword Boomerang+1","Uppercut+1","Heavy Blade+1","Hemokinesis+1","Dual Wield+1","Metallicize+1","Barricade+1","Shockwave+1","Battle Trance+1","Shrug It Off+1","Writhe","Finesse+1","Dark Shackles+1","Sentinel","Clothesline"],"relics":["Snecko Eye","PreservedInsect","HornCleat","Girya","Cursed Key","Red Mask","Bag of Preparation","Strawberry","Sozu","Boot","Membership Card","Mark of the Bloom","Bronze Scales"],"acts_visited":["Exordium","TheCity","TheBeyond","TheEnding"],"potions_floor_usage":[56,56],"damage_taken":[{"damage":1.0,"enemies":"Cultist","floor":1.0,"turns":4.0},{"damage":5.0,"enemies":"Jaw Worm","floor":2.0,"turns":4.0},{"damage":2.0,"enemies":"Small Slimes","floor":3.0,"turns":3.0},{"damage":8.0,"enemies":"Looter","floor":4.0,"turns":3.0},{"damage":9.0,"enemies":"2 Fungi Beasts","floor":5.0,"turns":4.0},{"damage":28.0,"enemies":"3 Sentries","floor":6.0,"turns":8.0},{"damage":30.0,"enemies":"Gremlin Nob","floor":13.0,"turns":4.0},{"damage":37.0,"enemies":"Hexaghost","floor":16.0,"turns":9.0},{"damage":17.0,"enemies":"3 Byrds","floor":18.0,"turns":5.0},{"damage":13.0,"enemies":"Masked Bandits","floor":21.0,"turns":3.0},{"damage":68.0,"enemies":"Slavers","floor":23.0,"turns":6.0},{"damage":3.0,"enemies":"Spheric Guardian","floor":25.0,"turns":3.0},{"damage":6.0,"enemies":"Book of Stabbing","floor":27.0,"turns":3.0},{"damage":16.0,"enemies":"3 Cultists","floor":29.0,"turns":4.0},{"damage":5.0,"enemies":"Snecko","floor":31.0,"turns":3.0},{"damage":15.0,"enemies":"Champ","floor":33.0,"turns":5.0},{"damage":6.0,"enemies":"3 Shapes","floor":35.0,"turns":4.0},{"damage":2.0,"enemies":"Orb Walker","floor":38.0,"turns":4.0},{"damage":21.0,"enemies":"4 Shapes","floor":39.0,"turns":7.0},{"damage":32.0,"enemies":"Nemesis","floor":40.0,"turns":5.0},{"damage":20.0,"enemies":"Spire Growth","floor":45.0,"turns":5.0},{"damage":10.0,"enemies":"Writhing Mass","floor":46.0,"turns":5.0},{"damage":37.0,"enemies":"Donu and Deca","floor":50.0,"turns":6.0},{"damage":12.0,"enemies":"Time Eater","floor":51.0,"turns":12.0},{"damage":8,"enemies":"Shield and Spear","floor":55,"turns":3},{"damage":27,"enemies":"The Heart","floor":56,"turns":2}],"seed_played":"8572112426546902758","potions_obtained":[{"floor":1.0,"key":"FearPotion"},{"floor":3.0,"key":"SneckoOil"},{"floor":13.0,"key":"DistilledChaos"},{"floor":18.0,"key":"PowerPotion"},{"floor":27.0,"key":"CultistPotion"},{"floor":31.0,"key":"EssenceOfSteel"}],"is_trial":false,"path_per_floor":["M","M","M","M","M","E","$","R","T","R","?","$","E","?","R","B",null,"M","?","?","?","$","E","R","M","T","E","R","M","R","M","R","B",null,"M","?","?","M","M","E","$","R","T","R","M","M","?","?","R","B","B",null,"R","$","E","B"],"character_chosen":"IRONCLAD","items_purchased":["Rupture","Bloodletting","Uppercut","Membership Card","Shrug It Off","Sentinel"],"campfire_rested":6,"item_purchase_floors":[7,7,22,41,41,54],"current_hp_per_floor":[67,62,60,52,43,15,15,37,37,37,42,42,12,12,36,15,64,58,58,58,72,72,20,20,27,27,28,54,82,82,87,87,85,87,87,87,87,87,71,39,39,39,39,65,84,87,77,77,77,40,28,28,28,28,20,0,0],"gold":43,"neow_bonus":"BOSS_RELIC","is_daily":false,"chose_seed":false,"campfire_upgraded":1,"win_rate":0.0,"timestamp":1613689296,"path_taken":["M","M","M","M","M","E","?","R","T","R","?","$","E","?","R","BOSS","M","?","?","?","$","E","R","M","T","E","R","M","R","M","R","BOSS","M","?","?","?","M","E","$","R","T","R","?","M","?","?","R","BOSS","BOSS","R","$","E","BOSS"],"items_purchased_type":["Card","Card","Card","Relic","Card","Card"],"build_version":"2020-12-22","purchased_purges":3,"victory":false,"max_hp_per_floor":[75,75,75,75,75,75,75,75,75,75,80,80,80,80,80,80,80,80,80,80,80,80,80,80,80,80,87,87,87,87,87,87,87,87,87,87,87,87,87,87,87,87,87,87,87,87,87,87,87,87,87,87,87,87,87,87,87],"relic_stats":{"Sozu":3,"Mark of the Bloom":159,"counters":[26,124],"Bronze Scales":[0],"Snecko Eye":[245,202,218,224],"PreservedInsect":248,"Bag of Preparation":[30],"Cursed Key":1,"Boot":[6],"obtain_stats":[{"Girya":13,"Mark of the Bloom":48,"PreservedInsect":6,"Bag of Preparation":23,"Cursed Key":17,"Boot":40,"Burning Blood":0,"Sozu":34,"HornCleat":9,"Strawberry":27,"Bronze Scales":55,"Snecko Eye":0,"Red Mask":21,"Membership Card":41},{"Girya":7,"Mark of the Bloom":22,"PreservedInsect":6,"Bag of Preparation":11,"Cursed Key":8,"Boot":20,"Burning Blood":0,"Sozu":16,"HornCleat":6,"Strawberry":13,"Bronze Scales":25,"Snecko Eye":0,"Red Mask":10,"Membership Card":20},{"Girya":30,"Mark of the Bloom":101,"PreservedInsect":26,"Bag of Preparation":53,"Cursed Key":39,"Boot":91,"Burning Blood":0,"Sozu":71,"HornCleat":26,"Strawberry":59,"Bronze Scales":122,"Snecko Eye":0,"Red Mask":47,"Membership Card":91}]},"card_choices":[{"not_picked":["Rupture","Warcry"],"picked":"Combust","floor":1.0},{"not_picked":["Entrench","Twin Strike"],"picked":"Shrug It Off","floor":2.0},{"not_picked":["Heavy Blade","Battle Trance"],"picked":"Spot Weakness","floor":3.0},{"not_picked":["Metallicize","Headbutt"],"picked":"Burning Pact","floor":4.0},{"not_picked":["Heavy Blade","Carnage"],"picked":"Metallicize","floor":5.0},{"not_picked":["Combust","Infernal Blade"],"picked":"Armaments","floor":6.0},{"not_picked":["Wild Strike","Rage"],"picked":"Reaper","floor":13.0},{"not_picked":["Offering","Fiend Fire"],"picked":"Corruption","floor":16.0},{"not_picked":["Rage","True Grit"],"picked":"Pummel","floor":18.0},{"not_picked":["Power Through","Body Slam"],"picked":"Sword Boomerang","floor":21.0},{"not_picked":["Perfected Strike","Searing Blow"],"picked":"Heavy Blade","floor":23.0},{"not_picked":["Fiend Fire","Headbutt+1"],"picked":"Hemokinesis","floor":25.0},{"not_picked":["Perfected Strike+1","Havoc"],"picked":"Dual Wield","floor":27.0},{"not_picked":["Heavy Blade","Metallicize+1","Dual Wield"],"picked":"SKIP","floor":29.0},{"not_picked":["Heavy Blade","Dual Wield"],"picked":"Metallicize+1","floor":29.0},{"not_picked":["Body Slam","Second Wind","Whirlwind"],"picked":"SKIP","floor":31.0},{"not_picked":["Feed","Fiend Fire"],"picked":"Barricade","floor":33.0},{"not_picked":["Warcry","Heavy Blade+1"],"picked":"Ghostly Armor","floor":35.0},{"not_picked":["Flex+1","Pommel Strike"],"picked":"Shockwave","floor":38.0},{"not_picked":["Bloodletting","Sword Boomerang"],"picked":"Battle Trance+1","floor":39.0},{"not_picked":["Cleave","Clash","Infernal Blade"],"picked":"SKIP","floor":40.0},{"not_picked":["Cleave","Sword Boomerang","Infernal Blade"],"picked":"SKIP","floor":45.0},{"not_picked":["Flex","Demon Form","Fire Breathing"],"picked":"SKIP","floor":46.0},{"not_picked":["Transmutation","Forethought"],"picked":"Finesse","floor":47.0},{"not_picked":["HandOfGreed","Deep Breath"],"picked":"Dark Shackles","floor":47.0},{"not_picked":["Warcry","Havoc"],"picked":"Clothesline","floor":55}],"player_experience":700030,"relics_obtained":[{"floor":6.0,"key":"PreservedInsect"},{"floor":9.0,"key":"HornCleat"},{"floor":13.0,"key":"Girya"},{"floor":21.0,"key":"Red Mask"},{"floor":23.0,"key":"Bag of Preparation"},{"floor":27.0,"key":"Strawberry"},{"floor":40.0,"key":"Boot"},{"floor":55,"key":"Bronze Scales"}],"event_choices":[{"damage_healed":0.0,"max_hp_gain":5.0,"max_hp_loss":0.0,"gold_gain":0.0,"event_name":"Big Fish","player_choice":"Donut","floor":11.0,"gold_loss":0.0,"damage_taken":0.0},{"damage_healed":0.0,"max_hp_gain":0.0,"max_hp_loss":0.0,"gold_gain":0.0,"event_name":"Scrap Ooze","player_choice":"Fled","floor":14.0,"gold_loss":0.0,"damage_taken":0.0},{"damage_healed":0.0,"max_hp_gain":0.0,"max_hp_loss":0.0,"gold_gain":0.0,"event_name":"Ghosts","player_choice":"Ignored","floor":19.0,"gold_loss":0.0,"damage_taken":0.0},{"damage_healed":0.0,"max_hp_gain":0.0,"max_hp_loss":0.0,"gold_gain":0.0,"cards_transformed":["Strike_R","Strike_R"],"event_name":"Drug Dealer","player_choice":"Became Test Subject","floor":20.0,"gold_loss":0.0,"damage_taken":0.0,"cards_obtained":["Brutality","Dual Wield"]},{"damage_healed":0.0,"max_hp_gain":0.0,"max_hp_loss":0.0,"gold_gain":0.0,"event_name":"Masked Bandits","player_choice":"Fought Bandits","floor":21.0,"gold_loss":0.0,"damage_taken":0.0},{"cards_removed":["Ghostly Armor"],"damage_healed":0.0,"max_hp_gain":0.0,"max_hp_loss":0.0,"gold_gain":0.0,"event_name":"Falling","player_choice":"Removed Skill","floor":36.0,"gold_loss":0.0,"damage_taken":0.0},{"cards_removed":["Strike_R"],"damage_healed":0.0,"max_hp_gain":0.0,"max_hp_loss":0.0,"gold_gain":0.0,"event_name":"Purifier","player_choice":"Purged","floor":37.0,"gold_loss":0.0,"damage_taken":0.0},{"damage_healed":0.0,"max_hp_gain":0.0,"max_hp_loss":0.0,"gold_gain":0.0,"event_name":"SensoryStone","player_choice":"Memory 3","floor":47.0,"gold_loss":0.0,"damage_taken":10.0},{"damage_healed":0.0,"max_hp_gain":0.0,"max_hp_loss":0.0,"gold_gain":0.0,"event_name":"MindBloom","player_choice":"Upgrade","floor":48.0,"gold_loss":0.0,"damage_taken":0.0,"cards_upgraded":["Defend_R","Defend_R","Defend_R","Bash","Combust","Shrug It Off","Spot Weakness","Burning Pact","Metallicize","Armaments","Bloodletting","Reaper","Corruption","Pummel","Brutality","Dual Wield","Sword Boomerang","Uppercut","Heavy Blade","Hemokinesis","Dual Wield","Barricade","Shockwave","Shrug It Off","Finesse","Dark Shackles"],"relics_obtained":["Mark of the Bloom"]}],"is_beta":false,"boss_relics":[{"not_picked":["Runic Pyramid","SacredBark"],"picked":"Cursed Key"},{"not_picked":["Calling Bell","Black Star"],"picked":"Sozu"}],"items_purged_floors":[12,22,41],"is_endless":false,"potions_floor_spawned":[1,3,5,13,18,27,31,38,39,55],"killed_by":"The Heart","ascension_level":20}}