{"host":"80x1ozqd5wpd4nvo","time":1613663578,"event":{"mods":["2.2 Compatiblity","Act Like it!","Aspiration","BaseMod","Better Altar","Better Match","Better Note","Better Sensory Stone","Better Skull","Better Third Choice","BetterRewards","Card Forge","Custom Start","DNKmod","Defuse TimeMaze Blight","Dota2Spire","Energized Spire","Friendly Minions","GifTheSpireLib","Hubris","Infinite Spire","Jedi Mod","Lobotomy","LobotomyExtend","Minty Spire (QoL Compilation)","MostiFishMod","Permanent Neow","Poor People Problems","Ruina","Shop Mod","Spicy Shops","StSLib","The Blue Laboratory","??????REMEMod"],"gold_per_floor":[1218,1237,428,428,45,71,81,81,81,81,96,96,122,139,139,242,242,259,259,259,278,122,151,161,161,161,8,57,57,57],"floor_reached":29,"language":"ENG","playtime":1461,"items_purged":["SpecialBullet","SpecialBullet"],"score":446,"play_id":"df5014ad-9547-4312-b451-9482f46d67b1","local_time":"20210218165258","is_ascension_mode":true,"campfire_choices":[],"circlet_count":0,"master_deck":["SpecialBullet","SpecialBullet","SpecialBullet","SpecialBullet","SpecialBullet","SpecialBullet","InformationCode","SecurityCode","TrainingCode","OSAHOGD","FrostShard+1","Wellcheers","Harvest+1","jedi:forcepull","RapturousDream","jedi:forcepull","WallGazer","SomewhereSpear","GalaxyChild","FeatherOfHonor","GrinderMk4","WristCuter","SnowQueen","Pinks+1","Twilight+1","infinitespire:Fortify","Logging","Soda","GreenStem","BlueStar","Soda"],"relics":["CogitoBucket","Hammer of Thor","Seething Fire","Anvil of the Gods","REME_ComplimentaryCards","DaveBox","aspiration:Nostalgia","Cracked Core","SynthV:TestCard","LetterFromLob","Civilization","Technique","hubris:SlimyHat","hubris:Potato","StrikeDummy","Bag of Marbles","hubris:PeanutButter","hubris:ScarierMask","infinitespire:Midas Blood","aspiration:Lifesprig","Mango","AdjustmentMirror","Meat on the Bone","Dota2Spire:HandOfMidas"],"acts_visited":["Exordium","Exordium"],"potions_floor_usage":[],"damage_taken":[{"damage":0.0,"enemies":"2 Louse","floor":1.0,"turns":1.0},{"damage":0.0,"enemies":"Cultist","floor":2.0,"turns":2.0},{"damage":0.0,"enemies":"Gremlin Nob","floor":6.0,"turns":2.0},{"damage":0.0,"enemies":"Jaw Worm","floor":7.0,"turns":1.0},{"damage":5.0,"enemies":"Lots of Slimes","floor":11.0,"turns":3.0},{"damage":0.0,"enemies":"Lagavulin","floor":13.0,"turns":2.0},{"damage":0.0,"enemies":"Exordium Thugs","floor":14.0,"turns":3.0},{"damage":0.0,"enemies":"Hexaghost","floor":16.0,"turns":4.0},{"damage":7.0,"enemies":"ruina:Nosferatu","floor":18.0,"turns":2.0},{"damage":0.0,"enemies":"ruina:3_Bats","floor":21.0,"turns":1.0},{"damage":0.0,"enemies":"Nightmare","floor":23.0,"turns":3.0},{"damage":0.0,"enemies":"ruina:QueenOfHate","floor":24.0,"turns":3.0},{"damage":0.0,"enemies":"ruina:Woodsman","floor":28.0,"turns":1.0},{"damage":0,"enemies":"ruina:ServantOfWrath","floor":29,"turns":4}],"seed_played":"5426056969357186240","potions_obtained":[{"floor":1.0,"key":"Strength Potion"},{"floor":4.0,"key":"Swift Potion"},{"floor":4.0,"key":"Dota2Spire:Clarity"},{"floor":7.0,"key":"blueLaboratory:SavagePotion"},{"floor":14.0,"key":"blueLaboratory:SavagePotion"},{"floor":18.0,"key":"Dota2Spire:HealingSalve"}],"is_trial":false,"path_per_floor":["M","M","$","?","$","E","M","R","T","E","M","?","E","M","R","B",null,"M","?","AVR","M","$","NM","M","R","T","$","M","E"],"character_chosen":"Angela","items_purchased":["Civilization","Technique","jedi:forcepull","hubris:SlimyHat","RapturousDream","hubris:Potato","jedi:forcepull","aspiration:Lifesprig","Dota2Spire:HandOfMidas"],"campfire_rested":0,"item_purchase_floors":[3,3,3,3,3,5,5,22,27],"current_hp_per_floor":[100,100,100,100,100,101,103,103,103,58,66,43,59,67,67,83,123,128,90,90,103,103,136,150,150,150,150,162,162,162],"gold":57,"neow_bonus":"NOSTALGIA","is_daily":false,"chose_seed":false,"campfire_upgraded":0,"win_rate":0.0,"timestamp":1613663578,"path_taken":["M","M","$","?","$","E","M","R","T","E","?","?","E","M","R","BOSS","M","?","AVR","M","$","NM","M","R","T","$","M","E"],"items_purchased_type":["Relic","Relic","Card","Relic","Card","Relic","Card","Relic","Relic"],"build_version":"2020-12-22","purchased_purges":2,"victory":false,"max_hp_per_floor":[100,100,100,100,100,101,103,103,103,103,108,108,113,118,118,123,123,128,128,128,133,133,152,157,157,157,157,162,162,162],"card_choices":[{"not_picked":["SpiderBud","DespairKnight"],"picked":"OSAHOGD","floor":1.0},{"not_picked":["TodaysExpression"],"picked":"FrostShard","floor":1.0},{"not_picked":["BeautyBeast","HeroicMonk"],"picked":"Wellcheers","floor":2.0},{"not_picked":["SomewhereSpear","RapturousDream","BloodyDesire"],"picked":"Harvest","floor":2.0},{"not_picked":["HeroicMonk","Yin"],"picked":"WallGazer","floor":6.0},{"not_picked":["BloodyDesire","FourthMatchFlame","Lantern"],"picked":"SomewhereSpear","floor":6.0},{"not_picked":["BeautyBeast","DreamingCurrent"],"picked":"GalaxyChild","floor":7.0},{"not_picked":["FourthMatchFlame","InTheNameOfLoveAndHate","Pleasure"],"picked":"FeatherOfHonor","floor":7.0},{"not_picked":["Bloodbath","BeautyBeast"],"picked":"UniverseFragment","floor":11.0},{"not_picked":["Moonlight","Regret_ego","Wingbeat"],"picked":"GrinderMk4","floor":11.0},{"not_picked":["Laetitia_ego","Harmony","FeatherOfHonor","Gaze"],"picked":"SKIP","floor":13.0},{"not_picked":["TodaysExpression","FourthMatchFlame","Adoration"],"picked":"WristCuter","floor":14.0},{"not_picked":["Woodsman","QueenOfHatred"],"picked":"SnowQueen","floor":16.0},{"not_picked":["Mimicry","SoundOfStar","Justitia"],"picked":"Pinks","floor":16.0},{"not_picked":["Moonlight+1","SomewhereSpear","Tough"],"picked":"Twilight","floor":18.0},{"not_picked":["Horn+1","WristCuter+1","CrimsonScar"],"picked":"Logging","floor":21.0},{"not_picked":["Wingbeat","Hypocrisy","Christmas"],"picked":"Soda","floor":23.0},{"not_picked":["Lantern","CherryBlossom","Noise"],"picked":"GreenStem","floor":24.0},{"not_picked":["LittleHelper","CherryBlossoms"],"picked":"BlueStar","floor":28.0},{"not_picked":["Logging","SolemnVow","RedEyes"],"picked":"Soda","floor":28.0}],"player_experience":282316,"relics_obtained":[{"floor":1.0,"key":"SynthV:TestCard"},{"floor":1.0,"key":"LetterFromLob"},{"floor":6.0,"key":"StrikeDummy"},{"floor":13.0,"key":"hubris:PeanutButter"},{"floor":23.0,"key":"Mango"},{"floor":26.0,"key":"Meat on the Bone"}],"event_choices":[{"damage_healed":0.0,"max_hp_gain":0.0,"max_hp_loss":0.0,"gold_gain":0.0,"event_name":"Lab","player_choice":"Got Potions","floor":4.0,"gold_loss":0.0,"damage_taken":0.0},{"damage_healed":0.0,"max_hp_gain":0.0,"max_hp_loss":0.0,"gold_gain":0.0,"event_name":"betterSkull:BetterSkull","player_choice":"RE ","floor":12.0,"gold_loss":0.0,"damage_taken":25.0,"cards_upgraded":[],"relics_obtained":["Bag of Marbles"]}],"is_beta":false,"boss_relics":[{"not_picked":["jedi:hotpepper","PatriotShield"],"picked":"hubris:ScarierMask"}],"items_purged_floors":[3,3],"is_endless":false,"potions_floor_spawned":[1,7,11,14,18,21],"killed_by":"ruina:ServantOfWrath","ascension_level":1}}