{"host":"6bsan6hkua32tfq7","time":1613680293,"event":{"mods":["BaseMod","Better Third Choice","Colored Map","Highlight Path","Minty Spire (QoL Compilation)","StSLib"],"gold_per_floor":[114,114,114,128,128,158,158,173,173,173,15,46,46,64,64,140,140,140,80,80,80,80,80],"floor_reached":22,"language":"ENG","playtime":480,"items_purged":["Strike_B"],"score":438,"play_id":"1a3f715d-f5d0-4e47-8ca1-680ad29b7326","local_time":"20210218213133","is_ascension_mode":true,"campfire_choices":[{"data":"Genetic Algorithm","floor":7,"key":"SMITH"},{"data":"Zap","floor":10,"key":"SMITH"},{"data":"Genetic Algorithm","floor":13,"key":"SMITH"},{"data":"Redo","floor":15,"key":"SMITH"}],"circlet_count":0,"master_deck":["AscendersBane","Strike_B","Strike_B","Defend_B","Defend_B","Defend_B","Zap+1","Dualcast","Genetic Algorithm+1","Doom and Gloom","Cold Snap","Genetic Algorithm+1","Redo+1","Fission","Auto Shields"],"relics":["Cracked Core","NeowsBlessing","Letter Opener","Boot","Cables","Ectoplasm"],"acts_visited":["Exordium","TheCity"],"potions_floor_usage":[16,16,22,22],"damage_taken":[{"damage":0,"enemies":"Cultist","floor":1,"turns":1},{"damage":0,"enemies":"Small Slimes","floor":4,"turns":1},{"damage":0,"enemies":"3 Sentries","floor":6,"turns":2},{"damage":4,"enemies":"2 Louse","floor":8,"turns":2},{"damage":22,"enemies":"Lagavulin","floor":12,"turns":5},{"damage":7,"enemies":"Exordium Wildlife","floor":14,"turns":2},{"damage":17,"enemies":"Slime Boss","floor":16,"turns":8},{"damage":19,"enemies":"Shell Parasite","floor":18,"turns":5},{"damage":15,"enemies":"2 Thieves","floor":19,"turns":3},{"damage":30,"enemies":"Shelled Parasite and Fungi","floor":21,"turns":4},{"damage":7,"enemies":"Cultist and Chosen","floor":22,"turns":7}],"seed_played":"-5847033243066009309","potions_obtained":[{"floor":1,"key":"SteroidPotion"},{"floor":14,"key":"Ancient Potion"},{"floor":16,"key":"PowerPotion"},{"floor":21,"key":"ColorlessPotion"}],"is_trial":false,"path_per_floor":["M","?","?","M","?","E","R","M","T","R","$","E","R","M","R","B",null,"M","M","?","M","M"],"character_chosen":"DEFECT","items_purchased":["Genetic Algorithm"],"campfire_rested":0,"item_purchase_floors":[11],"current_hp_per_floor":[64,57,57,57,57,57,57,53,53,53,53,31,31,24,24,7,55,36,21,35,5,0,0],"gold":80,"neow_bonus":"THREE_ENEMY_KILL","is_daily":false,"chose_seed":false,"campfire_upgraded":4,"win_rate":0.0,"timestamp":1613680293,"path_taken":["M","?","?","M","?","E","R","M","T","R","?","E","R","M","R","BOSS","M","M","?","M","M"],"items_purchased_type":["Card"],"build_version":"2020-12-22","purchased_purges":1,"victory":false,"max_hp_per_floor":[71,71,71,71,71,71,71,71,71,71,71,71,71,71,71,71,71,71,71,71,71,71,71],"card_choices":[{"not_picked":["Heatsinks","Reinforced Body","Turbo"],"picked":"SKIP","floor":1},{"not_picked":["Conserve Battery","Sweeping Beam"],"picked":"Genetic Algorithm","floor":4},{"not_picked":["BootSequence","White Noise"],"picked":"Doom and Gloom","floor":6},{"not_picked":["Turbo","Storm"],"picked":"Cold Snap","floor":8},{"not_picked":["Streamline","Rip and Tear","Rebound"],"picked":"SKIP","floor":12},{"not_picked":["Go for the Eyes","Sweeping Beam"],"picked":"Redo","floor":14},{"not_picked":["Biased Cognition","Rainbow"],"picked":"Fission","floor":16},{"not_picked":["Compile Driver","Turbo","Ball Lightning"],"picked":"SKIP","floor":18},{"not_picked":["Barrage","Turbo","Rip and Tear"],"picked":"SKIP","floor":19},{"not_picked":["Sweeping Beam","Hello World"],"picked":"Auto Shields","floor":21}],"player_experience":5435980,"relics_obtained":[{"floor":6,"key":"Letter Opener"},{"floor":9,"key":"Boot"},{"floor":12,"key":"Cables"}],"event_choices":[{"cards_removed":["Defend_B"],"damage_healed":0,"gold_gain":0,"player_choice":"Card Removal","damage_taken":7,"max_hp_gain":0,"max_hp_loss":0,"event_name":"Golden Wing","floor":2,"gold_loss":0},{"cards_removed":["Strike_B"],"damage_healed":0,"gold_gain":0,"player_choice":"Forget","damage_taken":0,"max_hp_gain":0,"max_hp_loss":0,"event_name":"Living Wall","floor":3,"gold_loss":0},{"damage_healed":0,"gold_gain":0,"player_choice":"Ignored","damage_taken":128,"max_hp_gain":0,"max_hp_loss":0,"event_name":"betterThird:BetterSerpent","floor":5,"gold_loss":0},{"damage_healed":14,"gold_gain":0,"player_choice":"Heal","damage_taken":0,"max_hp_gain":0,"max_hp_loss":0,"event_name":"The Library","floor":20,"gold_loss":0}],"is_beta":false,"boss_relics":[{"not_picked":["Pandora\u0027s Box","Inserter"],"picked":"Ectoplasm"}],"items_purged_floors":[11],"is_endless":false,"potions_floor_spawned":[1,14,16,21],"killed_by":"Cultist and Chosen","ascension_level":20}}