{"host":"jlz4is0nf6zo9oab","time":1613680492,"event":{"mods":["AchievementEnabler","BaseMod","Colored Map","Colored Powertips","Highlight Path","Minty Spire (QoL Compilation)","StSLib"],"gold_per_floor":[216,68,78,94,269,269,299,316,370,370,42,42,60,95,95,174,224,235,235,255,255,269,269,281,281,356,356,356,384,384,384],"floor_reached":30,"language":"SPA","playtime":921,"items_purged":["Doubt"],"score":426,"play_id":"f39b8f78-747e-4a88-aacc-ff4411c3b2bc","local_time":"20210218213452","is_ascension_mode":true,"campfire_choices":[{"data":"Whirlwind","floor":6,"key":"SMITH"},{"floor":10,"key":"REST"},{"data":"Uppercut","floor":12,"key":"SMITH"},{"data":"Bash","floor":15,"key":"SMITH"},{"data":"Rampage","floor":23,"key":"SMITH"},{"floor":28,"key":"REST"}],"circlet_count":0,"master_deck":["AscendersBane","Strike_R","Strike_R","Strike_R","Strike_R","Strike_R+1","Defend_R","Defend_R","Defend_R","Defend_R","Bash+1","Cleave","Whirlwind+1","Uppercut+1","Dropkick","Rampage+1"],"relics":["Burning Blood","Vajra","Meat on the Bone","Omamori","Kunai","Tiny Chest","Tiny House","Darkstone Periapt","Ornamental Fan","Oddly Smooth Stone"],"acts_visited":["Exordium","TheCity"],"potions_floor_usage":[16,16,20,24,29],"damage_taken":[{"damage":1,"enemies":"Cultist","floor":1,"turns":4},{"damage":3,"enemies":"2 Louse","floor":3,"turns":3},{"damage":13,"enemies":"Jaw Worm","floor":4,"turns":4},{"damage":45,"enemies":"Lagavulin","floor":7,"turns":6},{"damage":21,"enemies":"Gremlin Gang","floor":8,"turns":3},{"damage":7,"enemies":"Exordium Wildlife","floor":13,"turns":3},{"damage":20,"enemies":"Gremlin Nob","floor":14,"turns":4},{"damage":48,"enemies":"Hexaghost","floor":16,"turns":11},{"damage":35,"enemies":"Shell Parasite","floor":18,"turns":5},{"damage":39,"enemies":"2 Thieves","floor":20,"turns":4},{"damage":7,"enemies":"Snecko","floor":22,"turns":5},{"damage":27,"enemies":"Snake Plant","floor":24,"turns":5},{"damage":22,"enemies":"Gremlin Leader","floor":29,"turns":5},{"damage":75,"enemies":"Shelled Parasite and Fungi","floor":30,"turns":4}],"seed_played":"-115574990952132380","potions_obtained":[{"floor":7,"key":"SpeedPotion"},{"floor":14,"key":"BloodPotion"},{"floor":17,"key":"Strength Potion"},{"floor":18,"key":"Regen Potion"},{"floor":22,"key":"Weak Potion"}],"is_trial":false,"path_per_floor":["M","$","M","M","?","R","E","M","T","R","$","R","M","E","R","B",null,"M","?","M","?","M","R","M","T","T","?","R","E","M"],"character_chosen":"IRONCLAD","items_purchased":["Vajra","Kunai"],"campfire_rested":2,"item_purchase_floors":[2,11],"current_hp_per_floor":[77,77,80,73,73,73,34,31,31,55,55,55,54,52,52,38,75,58,58,49,49,60,60,51,51,51,51,76,60,0,0],"gold":384,"neow_bonus":"HUNDRED_GOLD","is_daily":false,"chose_seed":false,"campfire_upgraded":4,"win_rate":0.0,"timestamp":1613680492,"path_taken":["M","?","M","M","?","R","E","M","T","R","$","R","M","E","R","BOSS","M","?","M","?","?","R","M","?","T","?","R","E","M"],"items_purchased_type":["Relic","Relic"],"build_version":"2020-12-22","purchased_purges":1,"victory":false,"max_hp_per_floor":[80,80,80,80,80,80,80,80,80,80,80,80,80,80,80,80,85,85,85,85,85,85,85,85,85,85,85,85,85,85,85],"card_choices":[{"not_picked":["Iron Wave","Entrench"],"picked":"Cleave","floor":1},{"not_picked":["Sword Boomerang","Cleave"],"picked":"Whirlwind","floor":3},{"not_picked":["Anger","Thunderclap","Pommel Strike"],"picked":"SKIP","floor":4},{"not_picked":["Cleave","Pommel Strike"],"picked":"Uppercut","floor":7},{"not_picked":["Perfected Strike","Pummel"],"picked":"Dropkick","floor":8},{"not_picked":["Iron Wave","Searing Blow","Sever Soul"],"picked":"SKIP","floor":13},{"not_picked":["Twin Strike","Thunderclap","Cleave"],"picked":"SKIP","floor":14},{"not_picked":["Headbutt","True Grit","Pummel"],"picked":"SKIP","floor":18},{"not_picked":["Sentinel","Havoc","Flame Barrier"],"picked":"SKIP","floor":20},{"not_picked":["Rage","Shrug It Off"],"picked":"Rampage","floor":22},{"not_picked":["Entrench","Pommel Strike","Body Slam"],"picked":"SKIP","floor":24},{"not_picked":["Second Wind","Fire Breathing","Rage"],"picked":"SKIP","floor":29}],"player_experience":976782,"relics_obtained":[{"floor":7,"key":"Meat on the Bone"},{"floor":9,"key":"Omamori"},{"floor":14,"key":"Tiny Chest"},{"floor":25,"key":"Darkstone Periapt"},{"floor":26,"key":"Ornamental Fan"},{"floor":29,"key":"Oddly Smooth Stone"}],"event_choices":[{"damage_healed":0,"gold_gain":175,"player_choice":"AGREE","damage_taken":0,"max_hp_gain":0,"max_hp_loss":0,"event_name":"Liars Game","floor":5,"gold_loss":0,"cards_obtained":["Doubt"]},{"damage_healed":0,"gold_gain":0,"player_choice":"Ignored","damage_taken":0,"max_hp_gain":0,"max_hp_loss":0,"event_name":"Vampires","floor":19,"gold_loss":0},{"damage_healed":0,"gold_gain":0,"player_choice":"Bought 0 Potions","damage_taken":0,"max_hp_gain":0,"max_hp_loss":0,"event_name":"The Woman in Blue","floor":21,"gold_loss":0},{"damage_healed":0,"gold_gain":0,"player_choice":"Ignored","damage_taken":0,"max_hp_gain":0,"max_hp_loss":0,"event_name":"Ghosts","floor":27,"gold_loss":0}],"is_beta":false,"boss_relics":[{"not_picked":["Velvet Choker","Mark of Pain"],"picked":"Tiny House"}],"items_purged_floors":[11],"is_endless":false,"potions_floor_spawned":[7,14,18,22],"killed_by":"Shelled Parasite and Fungi","ascension_level":13}}