{"host":"x5al1swown9002c0","time":1613668169,"event":{"mods":["AchievementEnabler","AlwaysNeverKeys","Aspiration","BaseMod","Clawfect","Colored Map","Evolution","Highlight Path","Lobotomy","LobotomyExtend","Minty Spire (QoL Compilation)","Replay The Spire","Shop Mod","StSLib","The Cursed"],"gold_per_floor":[119,119,44,53,78,112,112,145,145,145,64,64,96,124,124,234,234,259,169,180,35,59,99,115,147,194,225,225,242,18,18,18,127,127,127],"floor_reached":34,"language":"ENG","playtime":2154,"items_purged":["TheCursedMod:Defend_TheCursed","TheCursedMod:Strike_TheCursed","Regret"],"score":918,"play_id":"c54b05b1-6a96-4a4e-a719-d24a4fe4a54d","local_time":"20210218190929","is_ascension_mode":true,"campfire_choices":[{"data":"TheCursedMod:CursedWand","floor":7.0,"key":"SMITH"},{"data":"TheCursedMod:CleanUpWorkshop","floor":10.0,"key":"SMITH"},{"data":"TheCursedMod:HellfireBreathing","floor":15.0,"key":"SMITH"},{"data":"TheCursedMod:CursedRelics","floor":28.0,"key":"SMITH"},{"data":"TheCursedMod:TroublousMinions","floor":32.0,"key":"SMITH"}],"circlet_count":0,"master_deck":["TheCursedMod:Strike_TheCursed","TheCursedMod:Strike_TheCursed","TheCursedMod:Defend_TheCursed","TheCursedMod:Defend_TheCursed","TheCursedMod:Defend_TheCursed","TheCursedMod:CursedWand+1","TheCursedMod:CleanUpWorkshop+1","TheCursedMod:Dregs","TheCursedMod:SurpriseAttack","TheCursedMod:CursedSpellbook","TheCursedMod:SurpriseAttack","TheCursedMod:HellfireBreathing","TheCursedMod:HellfireBreathing+1","TheCursedMod:Obscuration","TheCursedMod:AshesToAshes+1","TheCursedMod:CursedRelics+1","TheCursedMod:SmokeScreen+1","TheCursedMod:CursedAmulet","TheCursedMod:TroublousMinions+1","TheCursedMod:RapidMovement","TheCursedMod:DemonicPact"],"relics":["TheCursedMod:BlackMagic101","EVO:Axolotl","NeowsBlessing","LetterFromLob","CeramicFish","aspiration:DSix","Replay:Accelerometer","Onion Ring","Odd Mushroom","Regal Pillow","TheCursedMod:FourLeafCloverCharm","ReplayTheSpireMod:Ninjato","Replay:Baseball","ReplayTheSpireMod:TigerMarble","Gambling Chip","Eternal Feather"],"acts_visited":["Exordium","TheCity"],"potions_floor_usage":[],"damage_taken":[{"damage":0.0,"enemies":"Jaw Worm","floor":1.0,"turns":1.0},{"damage":0.0,"enemies":"Cultist","floor":5.0,"turns":1.0},{"damage":0.0,"enemies":"Lagavulin","floor":6.0,"turns":1.0},{"damage":22.0,"enemies":"3 Sentries","floor":8.0,"turns":9.0},{"damage":0.0,"enemies":"The Mushroom Lair","floor":13.0,"turns":2.0},{"damage":6.0,"enemies":"Lagavulin","floor":14.0,"turns":5.0},{"damage":4.0,"enemies":"The Guardian","floor":16.0,"turns":7.0},{"damage":3.0,"enemies":"Spheric Guardian","floor":18.0,"turns":3.0},{"damage":4.0,"enemies":"3 Byrds","floor":20.0,"turns":4.0},{"damage":0.0,"enemies":"Snecko","floor":22.0,"turns":4.0},{"damage":3.0,"enemies":"Replay:Snechameleon","floor":23.0,"turns":6.0},{"damage":12.0,"enemies":"Snake Plant","floor":24.0,"turns":3.0},{"damage":5.0,"enemies":"Book of Stabbing","floor":25.0,"turns":6.0},{"damage":0.0,"enemies":"Gremlin Leader","floor":27.0,"turns":5.0},{"damage":0.0,"enemies":"3 Cultists","floor":29.0,"turns":3.0},{"damage":2.0,"enemies":"Pondfish","floor":33.0,"turns":9.0}],"seed_played":"-2859667509293248006","potions_obtained":[{"floor":5.0,"key":"SteroidPotion"},{"floor":8.0,"key":"LifebloodPotion"},{"floor":18.0,"key":"SpeedPotion"},{"floor":20.0,"key":"Strength Potion"},{"floor":27.0,"key":"Explosive Potion"},{"floor":29.0,"key":"Explosive Potion"}],"is_trial":false,"path_per_floor":["M","?","$","?","M","E","R","E","T","R","$","?","?","E","R","B",null,"M","?","M","$","M","E","M","E","T","E","R","M","$","?","R","B",null],"character_chosen":"THE_CURSED","items_purchased":["TheCursedMod:HellfireBreathing","TheCursedMod:Obscuration","TheCursedMod:CursedAmulet","FairyPotion"],"campfire_rested":0,"item_purchase_floors":[11,11,21,30],"current_hp_per_floor":[75,75,75,75,75,75,75,53,53,53,53,61,61,55,55,51,75,72,72,68,68,68,65,53,48,48,48,48,56,56,56,68,66,66,66],"gold":127,"neow_bonus":"THREE_ENEMY_KILL","is_daily":false,"chose_seed":false,"campfire_upgraded":5,"win_rate":0.0,"timestamp":1613668169,"path_taken":["M","?","$","?","M","E","R","E","T","R","$","?","?","E","R","BOSS","M","?","M","$","M","E","?","E","T","E","R","M","$","?","R","BOSS"],"items_purchased_type":["Card","Card","Card","Potion"],"build_version":"2020-12-22","purchased_purges":3,"victory":false,"max_hp_per_floor":[75,75,75,75,75,75,75,75,75,75,75,75,75,75,75,75,75,75,75,75,75,75,75,75,75,75,75,75,75,75,75,75,75,75,75],"card_choices":[{"not_picked":["TheCursedMod:CircleOfFlame","TheCursedMod:FleshFromBone"],"picked":"TheCursedMod:SurpriseAttack","floor":1.0},{"not_picked":["TheCursedMod:CircleOfBlood","TheCursedMod:CircleOfCorruption"],"picked":"TheCursedMod:SurpriseAttack","floor":5.0},{"not_picked":["TheCursedMod:SpitefulStrike","TheCursedMod:FleshFromBone","TheCursedMod:Evocation"],"picked":"SKIP","floor":6.0},{"not_picked":["TheCursedMod:CursedArmor","TheCursedMod:CircleOfWindfury","TheCursedMod:CursedShiv"],"picked":"SKIP","floor":8.0},{"not_picked":["TheCursedMod:Evocation","TheCursedMod:Stigma"],"picked":"TheCursedMod:AshesToAshes","floor":13.0},{"not_picked":["TheCursedMod:DarkBarrier","TheCursedMod:Torture","TheCursedMod:Stretching"],"picked":"SKIP","floor":14.0},{"not_picked":["TheCursedMod:OutForBlood","TheCursedMod:DemonSword"],"picked":"TheCursedMod:CursedRelics","floor":16.0},{"not_picked":["TheCursedMod:SpitefulStrike","TheCursedMod:VitalStrike"],"picked":"TheCursedMod:SmokeScreen+1","floor":18.0},{"not_picked":["TheCursedMod:RapidMovement","TheCursedMod:SmokeScreen+1","TheCursedMod:SaltUponWound"],"picked":"SKIP","floor":20.0},{"not_picked":["TheCursedMod:TacticalStrike+1","TheCursedMod:FuryStrike"],"picked":"TheCursedMod:TroublousMinions","floor":22.0},{"not_picked":["TheCursedMod:CircleOfFocus","TheCursedMod:AbyssShockwave"],"picked":"TheCursedMod:RapidMovement","floor":23.0},{"not_picked":["TheCursedMod:SoulCrush+1","TheCursedMod:Stretching","TheCursedMod:SpitefulStrike"],"picked":"SKIP","floor":24.0},{"not_picked":["TheCursedMod:CursedMace+1","TheCursedMod:VitalStrike","TheCursedMod:PrepareRite"],"picked":"SKIP","floor":25.0},{"not_picked":["TheCursedMod:DoubleShield","TheCursedMod:WearCloak+1","TheCursedMod:BlessingInDisguise"],"picked":"SKIP","floor":27.0},{"not_picked":["TheCursedMod:EmpowerCircles","TheCursedMod:DoubleShield","TheCursedMod:OutForBlood"],"picked":"SKIP","floor":29.0},{"not_picked":["TheCursedMod:AntiAging","TheCursedMod:ParallelWorld"],"picked":"TheCursedMod:DemonicPact","floor":33.0}],"player_experience":683855,"relics_obtained":[{"floor":1.0,"key":"LetterFromLob"},{"floor":6.0,"key":"aspiration:DSix"},{"floor":8.0,"key":"Replay:Accelerometer"},{"floor":9.0,"key":"Onion Ring"},{"floor":13.0,"key":"Odd Mushroom"},{"floor":14.0,"key":"Regal Pillow"},{"floor":23.0,"key":"ReplayTheSpireMod:Ninjato"},{"floor":25.0,"key":"Replay:Baseball"},{"floor":26.0,"key":"ReplayTheSpireMod:TigerMarble"},{"floor":27.0,"key":"Gambling Chip"}],"event_choices":[{"damage_healed":0.0,"max_hp_gain":0.0,"max_hp_loss":0.0,"gold_gain":0.0,"event_name":"Match and Keep!","player_choice":"1 cards matched","floor":2.0,"gold_loss":0.0,"damage_taken":0.0,"cards_obtained":["TheCursedMod:CursedSpellbook"]},{"damage_healed":0.0,"max_hp_gain":0.0,"max_hp_loss":0.0,"gold_gain":0.0,"event_name":"Big Fish","player_choice":"Box","floor":4.0,"gold_loss":0.0,"damage_taken":0.0,"relics_obtained":["CeramicFish"],"cards_obtained":["Regret"]},{"damage_healed":0.0,"max_hp_gain":0.0,"max_hp_loss":0.0,"gold_gain":0.0,"event_name":"Mushrooms","player_choice":"Fought Mushrooms","floor":13.0,"gold_loss":0.0,"damage_taken":0.0},{"cards_removed":["TheCursedMod:Strike_TheCursed"],"damage_healed":0.0,"max_hp_gain":0.0,"max_hp_loss":0.0,"gold_gain":0.0,"event_name":"Designer","player_choice":"Upgrade and Remove","floor":19.0,"gold_loss":90.0,"damage_taken":0.0,"cards_upgraded":["TheCursedMod:AshesToAshes"]},{"damage_healed":0.0,"max_hp_gain":0.0,"max_hp_loss":0.0,"gold_gain":0.0,"event_name":"WeMeetAgain","player_choice":"Gave Potion","floor":31.0,"gold_loss":0.0,"damage_taken":0.0,"relics_obtained":["Eternal Feather"]}],"is_beta":false,"boss_relics":[{"not_picked":["Snecko Eye","aspiration:RandomNobGenerator"],"picked":"TheCursedMod:FourLeafCloverCharm"}],"items_purged_floors":[3,21,30],"is_endless":false,"potions_floor_spawned":[5,8,18,20,27,29],"ascension_level":1}}