{"host":"np9ouipdmi0bkas5","time":1613641988,"event":{"mods":["AchievementEnabler","Aspiration","BaseMod","Better Altar","Better Match","Better Skull","Better Third Choice","Colored Map","Downfall","Highlight Path","Hubris","Infinite Spire","Minty Spire (QoL Compilation)","Replay The Spire","StSLib"],"gold_per_floor":[119,119,133,133,133,133,145,70,70,70,103,103,114,114,114,235,235,249,249,267,267,284,284,284],"floor_reached":23,"language":"ENG","playtime":754,"items_purged":["Regret"],"score":208,"play_id":"188e4035-5cde-4704-964d-7fd9932cdee7","local_time":"20210218015308","is_ascension_mode":true,"campfire_choices":[{"floor":6,"key":"REST"},{"data":"Uppercut","floor":12,"key":"SMITH"},{"data":"Body Slam","floor":15,"key":"SMITH"}],"circlet_count":0,"master_deck":["Bash","Anger","Body Slam+1","Uppercut+1","Sentinel+1","Thunderclap","Anger","Rage","ReplayTheSpireMod:Muscle Training","ReplayTheSpireMod:Muscle Training","hubris:SharpeningStone","Replay:Many Hands","Exhume","Inflame","Demon Form","ReplayTheSpireMod:Limb From Limb+1","Fire Breathing"],"relics":["Burning Blood","Mirror","Gambling Chip","infinitespire:WardingShard","Iron Hammer","Bloody Idol","Pandora\u0027s Box","Blood Vial","NlothsMask"],"acts_visited":["Exordium","TheCity"],"potions_floor_usage":[16,13020,20,20,20,23,23],"damage_taken":[{"damage":16,"enemies":"Small Slimes","floor":1,"turns":5},{"damage":13,"enemies":"Jaw Worm","floor":3,"turns":2},{"damage":8,"enemies":"Cultist","floor":7,"turns":3},{"damage":10,"enemies":"Gremlin Nob","floor":11,"turns":4},{"damage":5,"enemies":"Red Slaver","floor":13,"turns":2},{"damage":71,"enemies":"The Guardian","floor":16,"turns":9},{"damage":22,"enemies":"2 Thieves","floor":18,"turns":3},{"damage":3,"enemies":"Shell Parasite","floor":20,"turns":3},{"damage":28,"enemies":"Cultist and Chosen","floor":22,"turns":5},{"damage":42,"enemies":"Slavers","floor":23,"turns":2}],"seed_played":"-6409510070166900701","potions_obtained":[{"floor":11,"key":"PowerPotion"},{"floor":16,"key":"EntropicBrew"},{"floor":18,"key":"Block Potion"}],"is_trial":false,"path_per_floor":["M","?","M","?","?","R","M","$","T","$","E","R","M","?","R","B",null,"M","?","M","?","M","E"],"character_chosen":"IRONCLAD","items_purchased":[],"campfire_rested":1,"item_purchase_floors":[],"current_hp_per_floor":[70,70,63,63,56,80,78,78,78,78,74,74,75,74,74,9,74,58,20,50,50,35,0,0],"gold":284,"neow_bonus":"RANDOM_EVENT","is_daily":false,"chose_seed":false,"campfire_upgraded":2,"win_rate":0.0,"timestamp":1613641988,"path_taken":["M","?","M","?","?","R","?","$","T","?","E","R","M","?","R","BOSS","M","?","M","?","?","E"],"items_purchased_type":[],"build_version":"2020-12-22","purchased_purges":1,"victory":false,"max_hp_per_floor":[80,80,80,80,80,80,80,80,80,80,80,80,80,74,74,74,74,74,74,74,74,74,74,74],"card_choices":[{"not_picked":["Run Through","Clothesline"],"picked":"Anger","floor":1},{"not_picked":["Havoc","Run Through"],"picked":"Uppercut","floor":3},{"not_picked":["Dual Wield","Headbutt"],"picked":"Thunderclap","floor":7},{"not_picked":["Power Through","Shockwave"],"picked":"Anger","floor":11},{"not_picked":["Warcry","Havoc","Clash"],"picked":"SKIP","floor":13},{"not_picked":["hubris:ReadiedAction","Clash","True Grit"],"picked":"SKIP","floor":18},{"not_picked":["Reckless Charge","Fire Breathing"],"picked":"ReplayTheSpireMod:Limb From Limb+1","floor":20},{"not_picked":["Ghostly Armor","ReplayTheSpireMod:Strike From Hell"],"picked":"Fire Breathing","floor":22}],"player_experience":136527,"relics_obtained":[{"floor":9,"key":"infinitespire:WardingShard"},{"floor":11,"key":"Iron Hammer"}],"event_choices":[{"damage_healed":0,"gold_gain":0,"player_choice":"Box","damage_taken":0,"relics_obtained":["Mirror"],"max_hp_gain":0,"max_hp_loss":0,"event_name":"Big Fish","floor":0,"gold_loss":0,"cards_obtained":["Regret"]},{"damage_healed":0,"gold_gain":0,"player_choice":"Relic ","damage_taken":7,"max_hp_gain":0,"max_hp_loss":0,"event_name":"betterThird:BetterScrap","floor":5,"gold_loss":0,"cards_obtained":["Sanctity"]},{"damage_healed":0,"gold_gain":0,"player_choice":"Lose Max HP","damage_taken":0,"relics_obtained":["Golden Idol"],"max_hp_gain":0,"max_hp_loss":6,"event_name":"Golden Idol","floor":14,"gold_loss":0},{"damage_healed":0,"gold_gain":0,"player_choice":" GoldIdol Vial Potion ","damage_taken":38,"relics_obtained":["Bloody Idol","Blood Vial"],"max_hp_gain":58,"max_hp_loss":20,"event_name":"betterAltar:BetterAltar","floor":19,"potions_obtained":["betterAltar:AltarPotion"],"relics_lost":["Golden Idol"],"gold_loss":0},{"damage_healed":0,"gold_gain":0,"player_choice":"Trade","damage_taken":0,"relics_obtained":["NlothsMask"],"max_hp_gain":0,"max_hp_loss":0,"event_name":"FaceTrader","floor":21,"gold_loss":0}],"is_beta":false,"boss_relics":[{"not_picked":["infinitespire:Cupcake","SlaversCollar"],"picked":"Pandora\u0027s Box"}],"items_purged_floors":[8],"is_endless":false,"potions_floor_spawned":[11,16,18,22],"killed_by":"Slavers","ascension_level":2}}