{"host":"ufl0k2so27eic2iy","time":1613651233,"event":{"mods":["100% Spire Juice","BaseMod","ChefMod","Curses Come First","Downfall","Minty Spire (QoL Compilation)","Replay The Spire","StSLib","The Animator","The Cursed","The Marked"],"gold_per_floor":[131,195,195,211,223,223,223],"floor_reached":6,"language":"ENG","playtime":204,"items_purged":[],"score":36,"play_id":"b77ab79a-f71e-4ba0-92b4-e05005d9020f","local_time":"20210218122713","is_ascension_mode":false,"campfire_choices":[],"circlet_count":0,"master_deck":["animator:Strike_Fate","animator:Defend_Fate","animator:Strike","animator:Strike","animator:Strike","animator:Defend","animator:Defend","animator:Defend","animator:Alexander","animator:Rider","animator:Viivi","animator:UryuuIshida","animator:RenjiArakai","animator:TsurugaMeisai"],"relics":["animator:LivingPicture","animator:TheMissingPiece","Boot","ReplayTheSpireMod:Shallot"],"acts_visited":["Exordium"],"potions_floor_usage":[],"damage_taken":[{"damage":1,"enemies":"Jaw Worm","floor":1,"turns":3},{"damage":0,"enemies":"Small Slimes","floor":4,"turns":2},{"damage":0,"enemies":"2 Louse","floor":5,"turns":2},{"damage":0,"enemies":"3 Sentries","floor":6,"turns":1}],"seed_played":"-9024595798963266355","potions_obtained":[{"floor":2,"key":"Ancient Potion"},{"floor":4,"key":"Adrenaline Potion"},{"floor":5,"key":"Explosive Potion"}],"is_trial":false,"path_per_floor":["M","?","?","M","M","E"],"character_chosen":"THE_ANIMATOR","items_purchased":[],"campfire_rested":0,"item_purchase_floors":[],"current_hp_per_floor":[65,49,49,49,49,49,49],"gold":223,"neow_bonus":"RANDOM_COMMON_RELIC","is_daily":false,"chose_seed":true,"campfire_upgraded":0,"win_rate":0.0,"timestamp":1613651233,"path_taken":["M","?","?","M","M","E"],"items_purchased_type":[],"build_version":"2020-12-22","purchased_purges":0,"victory":false,"max_hp_per_floor":[66,66,66,66,66,66,66],"card_choices":[{"not_picked":["animator:Shion","animator:Millim"],"picked":"animator:Viivi","floor":1},{"not_picked":["animator:Gillette","animator:Kuribayashi"],"picked":"animator:UryuuIshida","floor":2},{"not_picked":["animator:Konayuki","animator:UryuuIshida"],"picked":"animator:RenjiArakai","floor":4},{"not_picked":["animator:RoryMercury","animator:Arpeggio"],"picked":"animator:TsurugaMeisai","floor":5}],"player_experience":2838899,"relics_obtained":[{"floor":2,"key":"ReplayTheSpireMod:Shallot"}],"event_choices":[{"damage_healed":0,"gold_gain":0,"player_choice":"Ignored","damage_taken":0,"max_hp_gain":0,"max_hp_loss":0,"event_name":"Liars Game","floor":3,"gold_loss":0}],"is_beta":false,"boss_relics":[],"items_purged_floors":[],"is_endless":false,"potions_floor_spawned":[4,5],"killed_by":"3 Sentries","ascension_level":0}}