{"host":"0rn20prxkpuv2e47","time":1613652618,"event":{"mods":["100% Spire Juice","ATMod(阿瑾Mod)","Act Like it!","Arknights","Aspiration","BaseMod","Challenge The Spire","Downfall","Friendly Minions","Gensokyo","Hallownest","Hermit","Koishi","KomeijiMod","Marisa（F雨　魔理沙）","Minty Spire (QoL Compilation)","MostiFishMod","Prisma Mod","Quick Restart","Reimu（博丽灵梦）","Remilia（蕾米莉亚）","Robot Space Explorer","StSLib","The Administrix","The Alterego","The Animator","The Blackbeard","The Bug Knight","The Construct","The Cursed","The Jungle","The Mystic","The Runesmith","The Senshi","The Servant 0.9.4","Warlord Emblem","Wide Potions","[GremlinLeader]The Maniac","[IsaacMod]以撒尖塔","[功能]功能增强和修复MOD","noobMod","【功能Mod】聪明的最终Boss","【遗物卡牌】REMEMod"],"gold_per_floor":[119,79,129,129,129,129,129,161,184,246,246,260,255,255,255,365,365,390,390,390,396,396,396,438,475,475,475,507,531,526,540,540,657,657,679,698,683,715,715,715,732,745,745,745,926,926,921,921,921,1022],"floor_reached":51,"language":"ZHS","playtime":2583,"items_purged":["mysticmod:Defend_Mystic","mysticmod:Defend_Mystic","mysticmod:Strike_Mystic","mysticmod:Defend_Mystic","mysticmod:Strike_Mystic","mysticmod:Defend_Mystic","mysticmod:Strike_Mystic","mysticmod:Strike_Mystic","mysticmod:ArcaneDodge","mysticmod:ArcaneAccuracy","mysticmod:ShockingGrasp+1","mysticmod:SummonFamiliar+1","Panache","mysticmod:Flourish"],"score":1151,"play_id":"f9ed3f4d-a470-4ee2-a4f6-73b3faf3a875","local_time":"20210218205018","is_ascension_mode":false,"campfire_choices":[{"data":"mysticmod:SummonFamiliar","floor":6,"key":"SMITH"},{"data":"mysticmod:Discipline","floor":11,"key":"SMITH"},{"data":"mysticmod:Dedication","floor":15,"key":"SMITH"},{"data":"mysticmod:ComboCaster","floor":23,"key":"SMITH"},{"data":"mysticmod:Dedication+1","floor":27,"key":"SMITH"},{"data":"mysticmod:Dedication+2","floor":32,"key":"SMITH"},{"data":"mysticmod:Dedication+3","floor":40,"key":"SMITH"},{"data":"mysticmod:Dedication+4","floor":44,"key":"SMITH"},{"data":"mysticmod:Dedication+5","floor":46,"key":"SMITH"},{"floor":49,"key":"RECALL"}],"circlet_count":0,"master_deck":["AT_CelerityRune+1","mysticmod:Discipline+1","REME_TwoStrings+1","mysticmod:DiviningBlow+1","mysticmod:Dedication+6","MostiFishMod:Galeforce+1","Thinking Ahead+1","mysticmod:TomeOfSpells+1","REME_WheelOfFate+1","mysticmod:Spellstrike+1","mysticmod:ComboCaster+1","mysticmod:Lunge+1","mysticmod:RapidCaster+1","mysticmod:ArcaneAccuracy+1","Flash of Steel","mysticmod:SpellRecall+1","mysticmod:StyleChange+1","mysticmod:BladeMaster+1","mysticmod:Flourish","Violence+1","REME_MagicPocketWatch+1"],"relics":["mysticmod:SpellBook","ice","AT_ATBox","REME_ComplimentaryCards","HushsDoor","DaveBox","Civilization","D6","Pocketwatch","SynthV:TestCard","BookOfRevelations","REME_ArchaeologicalTools","Technique","BrkXgEgg","Ancient Tea Set","Vajra","WarlordEmblem:BrokenMantle","Void","NineVolt","Question Card","Blood Vial","Matryoshka","Happy Flower","Bottled Flame","Bag of Preparation","HandDrill","AT_TrinityForce","Orichalcum","Ornamental Fan","mysticmod:BentSpoon","Omamori","Shuriken","WarlordEmblem:SmileMask","War Paint","ClockworkSouvenir","AntiCross","Toxic Egg 2","BelialBook","construct:RocketBooster","Pen Nib","Chaos","Du-Vu Doll","JudasShadow","WarlordEmblem:WuziBook","Regal Pillow","Runesmith:Locket","Lee\u0027s Waffle","WarlordEmblem:HatTrick","WarlordEmblem:BadgeBless","Bottled Tornado","aspiration:RitualDagger","mysticmod:TrainingManual","Incubus","MoneyPower","Hallownest:GodTamersBeastRelic","ImprovedEquipment","mysticmod:BlessedBook","Fusion Hammer","SharpPlug","Nunchaku","D4"],"acts_visited":["Hallownest:Greenpath","theJungle:Jungle","Hallownest:KingdomsEdge"],"potions_floor_usage":[8],"damage_taken":[{"damage":1,"enemies":"Hallownest:monsterHuskWarrior","floor":1,"turns":3},{"damage":0,"enemies":"Hallownest:monsterHuskGuard","floor":3,"turns":1},{"damage":0,"enemies":"Hallownest:2_Tiktiks_and_1_Crawlid","floor":8,"turns":1},{"damage":33,"enemies":"Hiden Room Battle","floor":10,"turns":3},{"damage":0,"enemies":"Hallownest:Guard_and_Warrior","floor":12,"turns":1},{"damage":0,"enemies":"Hallownest:BossFalseKnight","floor":16,"turns":3},{"damage":0,"enemies":"theJungle:GiantWrat","floor":18,"turns":1},{"damage":21,"enemies":"JungleHuntersEvent","floor":21,"turns":5},{"damage":0,"enemies":"theJungle:Cassacara","floor":25,"turns":1},{"damage":0,"enemies":"theJungle:MUSHROOMGANG","floor":28,"turns":1},{"damage":12,"enemies":"theJungle:Lyon","floor":29,"turns":3},{"damage":0,"enemies":"theJungle:2_Snecko_Cultists","floor":31,"turns":1},{"damage":0,"enemies":"theJungle:TotemBoss","floor":33,"turns":2},{"damage":6,"enemies":"Hallownest:Shield_Heavy","floor":35,"turns":2},{"damage":0,"enemies":"Hallownest:2_Littles","floor":36,"turns":1},{"damage":0,"enemies":"Hallownest:2_Soldiers_and_1_Guardian","floor":38,"turns":3},{"damage":3,"enemies":"Hallownest:Xero_Hu_Marmu","floor":41,"turns":1},{"damage":3,"enemies":"Hallownest:monsterPrimalAspid","floor":42,"turns":1},{"damage":3,"enemies":"Hallownest:monsterPrimalAspid","floor":45,"turns":1},{"damage":3,"enemies":"Hallownest:monsterPrimalAspid","floor":45,"turns":1},{"damage":3,"enemies":"Hallownest:monsterPrimalAspid","floor":45,"turns":1},{"damage":3,"enemies":"Hallownest:monsterPrimalAspid","floor":45,"turns":2},{"damage":3,"enemies":"Hallownest:Radiance","floor":50,"turns":3}],"seed_played":"-2805830732912673736","potions_obtained":[{"floor":28,"key":"RedTea"},{"floor":31,"key":"BlessingOfTheForge"},{"floor":35,"key":"MagicPotion:ReiMu"}],"is_trial":false,"path_per_floor":["M","$","M","$","?","R","$","M","T","?","R","M","$","?","R","B",null,"M","?","$","?","$","R","?","E","T","R","M","M","$","M","R","B",null,"M","M","$","M","$","R","M","M","T","R","?","R","$","?","R","B",null],"character_chosen":"MYSTIC_CLASS","items_purchased":["mysticmod:Discipline","REME_TwoStrings","BookOfRevelations","REME_ArchaeologicalTools","Technique","Panache","BrkXgEgg","Ancient Tea Set","Vajra","mysticmod:Dedication","MostiFishMod:Galeforce+1","Thinking Ahead+1","WarlordEmblem:BrokenMantle","Void","NineVolt","mysticmod:SummonFamiliar","REME_GoldPotion","Question Card","Blood Vial","Bottled Flame","Bag of Preparation","HandDrill","mysticmod:TomeOfSpells","REME_WheelOfFate+1","Orichalcum","Ornamental Fan","mysticmod:BentSpoon","mysticmod:ComboCaster","WarlordEmblem:SmileMask","War Paint","ClockworkSouvenir","mysticmod:Lunge+1","construct:RocketBooster","Pen Nib","Chaos","Flash of Steel","mysticmod:StyleChange+1","WarlordEmblem:WuziBook","Regal Pillow","Runesmith:Locket","Lee\u0027s Waffle","WarlordEmblem:HatTrick","Bottled Tornado","aspiration:RitualDagger","mysticmod:TrainingManual","ImprovedEquipment","mysticmod:BlessedBook","Fusion Hammer","Violence+1","REME_MagicPocketWatch+1","SharpPlug","Nunchaku","D4"],"campfire_rested":0,"item_purchase_floors":[2,2,2,2,2,2,4,4,4,4,4,4,4,4,4,4,4,7,7,13,13,13,13,13,20,20,20,20,22,22,22,22,30,30,30,30,34,37,37,37,37,37,39,39,39,47,47,47,47,47,47,47,47],"current_hp_per_floor":[70,70,72,72,72,72,72,78,78,37,37,44,44,44,44,71,93,98,98,98,82,82,82,67,74,74,74,101,96,96,103,103,110,125,124,131,142,147,147,147,149,153,153,153,169,169,169,169,169,173],"gold":1022,"neow_bonus":"ONE_RARE_RELIC","is_daily":false,"chose_seed":false,"campfire_upgraded":9,"win_rate":0.0,"timestamp":1613652618,"path_taken":["M","$","M","$","?","R","?","?","T","?","R","M","$","?","R","BOSS","M","?","$","?","$","R","?","E","T","R","M","M","$","?","R","BOSS","M","M","$","M","$","R","M","M","T","R","?","R","$","?","R","BOSS"],"items_purchased_type":["Card","Card","Relic","Relic","Relic","Card","Relic","Relic","Relic","Card","Card","Card","Relic","Card","Relic","Card","Potion","Relic","Relic","Relic","Relic","Relic","Card","Card","Relic","Relic","Relic","Card","Relic","Relic","Relic","Card","Relic","Relic","Card","Card","Card","Relic","Relic","Relic","Relic","Relic","Relic","Relic","Relic","Relic","Relic","Relic","Card","Card","Relic","Relic","Relic"],"build_version":"2020-12-22","purchased_purges":14,"victory":true,"max_hp_per_floor":[71,71,73,73,73,73,73,78,78,83,83,88,88,88,88,93,93,98,98,98,103,103,103,103,108,108,108,113,118,118,123,123,128,125,130,135,142,147,147,147,152,157,157,157,177,177,177,177,177,182],"card_choices":[{"not_picked":["mysticmod:HeavyStrike","mysticmod:DiviningBlow"],"picked":"mysticmod:ArcaneAccuracy","floor":1},{"not_picked":["mysticmod:EbbAndFlow","mysticmod:LightningBolt","mysticmod:Probe","mysticmod:HeavyStrike"],"picked":"mysticmod:DiviningBlow","floor":3},{"not_picked":["mysticmod:ComponentsPouch","mysticmod:EnergizedRift","mysticmod:PureInstinct","mysticmod:DiviningBlow","mysticmod:CorrosiveTouch","mysticmod:Daze"],"picked":"SKIP","floor":8},{"not_picked":["mysticmod:EbbAndFlow","mysticmod:Snowball","mysticmod:EarthenWall","mysticmod:PureInstinct","mysticmod:BulkUp","mysticmod:PreparedCaster"],"picked":"SKIP","floor":12},{"not_picked":["mysticmod:Doublecast+1","mysticmod:SpellRecall+1","mysticmod:Lunge+1","mysticmod:Disintegrate+1","mysticmod:EnchantedMoulinet+1"],"picked":"mysticmod:Spellstrike+1","floor":16},{"not_picked":["mysticmod:BulkUp","mysticmod:EbbAndFlow","mysticmod:TomeOfSpells","mysticmod:PowerSlash+1","mysticmod:ChargedParry","mysticmod:Probe"],"picked":"SKIP","floor":18},{"not_picked":["mysticmod:FiveFootStep+1","mysticmod:Doublecast+1","mysticmod:HeavyStrike","mysticmod:Disengage","mysticmod:Sideswipe"],"picked":"mysticmod:RapidCaster+1","floor":25},{"not_picked":["mysticmod:RapidCaster","mysticmod:Feint+1","mysticmod:EbbAndFlow+1","mysticmod:ComboCaster","mysticmod:CorrosiveTouch","mysticmod:Shield+1"],"picked":"SKIP","floor":28},{"not_picked":["mysticmod:Snowball+1","mysticmod:LightningBolt","mysticmod:Daze+1","mysticmod:SpellCombat","mysticmod:Riposte"],"picked":"mysticmod:ArcaneAccuracy+1","floor":29},{"not_picked":["mysticmod:HeavyStrike","mysticmod:PowerSlash","mysticmod:MightyMagic","mysticmod:AllIn","mysticmod:Discipline+1","mysticmod:DiviningBlow"],"picked":"SKIP","floor":31},{"not_picked":["mysticmod:EnchantedMoulinet+1","mysticmod:Natural20+1","mysticmod:ClosingBarrage+1","mysticmod:GreaterInvisibility+1","mysticmod:Doublecast+1"],"picked":"mysticmod:SpellRecall+1","floor":33},{"not_picked":["mysticmod:Disengage+1","mysticmod:LightningBolt","mysticmod:DiviningBlow+1","mysticmod:PowerAttack+1","mysticmod:CorrosiveTouch"],"picked":"mysticmod:BladeMaster+1","floor":35},{"not_picked":["mysticmod:ComboCaster+1","mysticmod:Sideswipe+1","mysticmod:ArcaneAccuracy+1","mysticmod:Disengage+1","mysticmod:Riposte","mysticmod:SummonFamiliar+1"],"picked":"SKIP","floor":36},{"not_picked":["mysticmod:MagicWeapon+1","mysticmod:RapidCaster","mysticmod:DiviningBlow+1","mysticmod:Disintegrate+1","mysticmod:CureLightWounds+1","mysticmod:Shield+1"],"picked":"SKIP","floor":38},{"not_picked":["mysticmod:Riposte+1","mysticmod:PureInstinct+1","mysticmod:Sideswipe","mysticmod:Shield+1","mysticmod:Daze+1","mysticmod:ComponentsPouch"],"picked":"SKIP","floor":41},{"not_picked":["mysticmod:MightyMagic","mysticmod:EarthenWall+1","mysticmod:AllIn","mysticmod:CorrosiveTouch","mysticmod:FloatingDisk+1"],"picked":"mysticmod:Flourish","floor":42}],"player_experience":191516,"relics_obtained":[{"floor":1,"key":"SynthV:TestCard"},{"floor":10,"key":"Matryoshka"},{"floor":10,"key":"Happy Flower"},{"floor":21,"key":"Shuriken"},{"floor":25,"key":"AntiCross"},{"floor":26,"key":"Toxic Egg 2"},{"floor":26,"key":"BelialBook"},{"floor":43,"key":"Incubus"},{"floor":43,"key":"MoneyPower"}],"event_choices":[{"damage_healed":0,"gold_gain":0,"player_choice":"Fight","damage_taken":0,"max_hp_gain":0,"max_hp_loss":0,"event_name":"HidenRoomEvent","floor":10,"gold_loss":0}],"is_beta":false,"boss_relics":[{"not_picked":["RhineFirstAidKit","NightmareShop"],"picked":"AT_TrinityForce"},{"not_picked":[]},{"not_picked":["Runesmith:UraniumAnvil","Cursed Key"],"picked":"Du-Vu Doll"},{"not_picked":[]}],"items_purged_floors":[2,2,2,2,2,2,2,2,13,30,37,37,37,47],"is_endless":false,"potions_floor_spawned":[1,3,3,8,8,8,16,16,18,25,25,28,28,29,29,31,33,35,35,36,38,41,42,42,45],"ascension_level":0}}