{"host":"kh6fvhxn285ncg0o","time":1613691063,"event":{"mods":["Act Like it!","BaseMod","Colored Map","Friendly Minions","Keyboard Shortcuts","Minty Spire (QoL Compilation)","Quick Restart","Relic Stats","StSLib","SuperFastMode","UnlockEverythingMod"],"gold_per_floor":[20,20,39,39,50,50,84,159,214,214,228,153,188,202,202,276,276,293,312,212,232,232,232,263,263,263,290,340,340,340,357,357,432,432,445,445,284,284,295,326,326,340,364,395,426,463,485,522,534,546,558,558],"floor_reached":51,"language":"KOR","playtime":1186,"items_purged":["Strike_R","Strike_R"],"score":1660,"play_id":"54b80224-9b49-447c-9728-87e5d616be89","local_time":"20210219083103","is_ascension_mode":true,"campfire_choices":[{"data":"Immolate","floor":6.0,"key":"SMITH"},{"data":"Bash","floor":10.0,"key":"SMITH"},{"data":"Evolve","floor":15.0,"key":"SMITH"},{"data":"Battle Trance","floor":23.0,"key":"SMITH"},{"data":"Shrug It Off","floor":25.0,"key":"SMITH"},{"data":"Feed","floor":30.0,"key":"SMITH"},{"data":"Offering","floor":32.0,"key":"SMITH"},{"floor":41,"key":"RECALL"},{"data":"Barricade","floor":49,"key":"SMITH"}],"circlet_count":0,"master_deck":["AscendersBane","Defend_R","Defend_R","Defend_R","Bash+1","Immolate+1","Thunderclap","Shrug It Off+1","Sever Soul","Evolve+1","Impervious","Pommel Strike+1","Battle Trance+1","Body Slam+1","Offering+1","Feed+1","Barricade+1","Combust","Seeing Red"],"relics":["Burning Blood","Bag of Preparation","Bag of Marbles","Omamori","Cursed Key","Smiling Mask","HornCleat","MutagenicStrength","Busted Crown","Membership Card","Red Skull","MawBank","Ice Cream","Potion Belt"],"acts_visited":["Exordium","TheCity","TheBeyond"],"potions_floor_usage":[33,40,46,51],"damage_taken":[{"damage":0.0,"enemies":"2 Louse","floor":1.0,"turns":1.0},{"damage":4.0,"enemies":"Jaw Worm","floor":3.0,"turns":3.0},{"damage":0.0,"enemies":"Small Slimes","floor":5.0,"turns":2.0},{"damage":22.0,"enemies":"Lagavulin","floor":7.0,"turns":7.0},{"damage":0.0,"enemies":"2 Fungi Beasts","floor":11.0,"turns":2.0},{"damage":0.0,"enemies":"3 Sentries","floor":13.0,"turns":2.0},{"damage":4.0,"enemies":"Gremlin Gang","floor":14.0,"turns":2.0},{"damage":13.0,"enemies":"Slime Boss","floor":16.0,"turns":6.0},{"damage":0.0,"enemies":"3 Byrds","floor":18.0,"turns":3.0},{"damage":11.0,"enemies":"Shell Parasite","floor":19.0,"turns":3.0},{"damage":11.0,"enemies":"Snake Plant","floor":21.0,"turns":3.0},{"damage":20.0,"enemies":"Gremlin Leader","floor":24.0,"turns":4.0},{"damage":0.0,"enemies":"Slavers","floor":27.0,"turns":1.0},{"damage":0.0,"enemies":"Centurion and Healer","floor":31.0,"turns":4.0},{"damage":21,"enemies":"Collector","floor":33,"turns":5},{"damage":6,"enemies":"3 Darklings","floor":35,"turns":3},{"damage":0,"enemies":"3 Shapes","floor":39,"turns":2},{"damage":27,"enemies":"Giant Head","floor":40,"turns":6},{"damage":0,"enemies":"3 Darklings","floor":42,"turns":1},{"damage":6,"enemies":"Spire Growth","floor":44,"turns":3},{"damage":6,"enemies":"Sphere and 2 Shapes","floor":45,"turns":3},{"damage":0,"enemies":"Mind Bloom Boss Battle","floor":46,"turns":4},{"damage":6,"enemies":"Transient","floor":47,"turns":6},{"damage":6,"enemies":"Reptomancer","floor":48,"turns":4},{"damage":62,"enemies":"Donu and Deca","floor":50,"turns":8},{"damage":57,"enemies":"Awakened One","floor":51,"turns":8}],"seed_played":"3380035289088057778","potions_obtained":[{"floor":3.0,"key":"Ancient Potion"},{"floor":5.0,"key":"Dexterity Potion"},{"floor":11.0,"key":"Explosive Potion"},{"floor":13.0,"key":"Swift Potion"},{"floor":16.0,"key":"SteroidPotion"},{"floor":19.0,"key":"DuplicationPotion"},{"floor":31.0,"key":"SpeedPotion"},{"floor":35,"key":"SteroidPotion"},{"floor":40,"key":"Fire Potion"},{"floor":44,"key":"GamblersBrew"}],"is_trial":false,"path_per_floor":["M","?","M","?","M","R","E","?","T","R","M","$","E","M","R","B",null,"M","M","$","M","?","R","E","R","T","E","?","?","R","M","R","B",null,"M","?","$","?","M","E","R","M","T","M","M","?","M","E","R","B","B"],"character_chosen":"IRONCLAD","items_purchased":["Membership Card"],"campfire_rested":0,"item_purchase_floors":[37],"current_hp_per_floor":[74,74,75,68,74,74,58,47,47,47,53,53,59,61,61,54,70,75,70,70,65,65,65,51,51,51,57,57,57,57,67,67,52,72,76,76,76,76,86,69,69,79,79,83,87,97,97,101,101,49,0,0],"gold":558,"neow_bonus":"THREE_RARE_CARDS","is_daily":false,"chose_seed":false,"campfire_upgraded":8,"win_rate":0.0,"timestamp":1613691063,"path_taken":["M","?","M","?","M","R","E","?","T","R","M","$","E","M","R","BOSS","M","M","$","M","?","R","E","R","T","E","?","?","R","M","R","BOSS","M","?","$","?","?","E","R","M","T","M","M","?","M","E","R","BOSS","BOSS"],"items_purchased_type":["Relic"],"build_version":"2020-12-22","purchased_purges":2,"victory":false,"max_hp_per_floor":[75,75,75,75,75,75,75,75,75,75,75,75,75,75,75,75,75,75,75,75,75,75,75,75,75,75,75,75,75,75,79,79,79,79,83,83,83,83,87,91,91,95,95,99,103,107,107,111,111,115,115,115],"relic_stats":{"Busted Crown":18,"counters":[26,96],"Bag of Preparation":[44],"Cursed Key":2,"Smiling Mask":0,"MawBank":96,"obtain_stats":[{"Ice Cream":46,"Potion Belt":48,"Bag of Preparation":7,"Omamori":13,"Cursed Key":17,"Smiling Mask":24,"MawBank":43,"Burning Blood":0,"HornCleat":27,"Busted Crown":34,"MutagenicStrength":29,"Bag of Marbles":9,"Membership Card":37,"Red Skull":40},{"Ice Cream":22,"Potion Belt":24,"Bag of Preparation":4,"Omamori":6,"Cursed Key":8,"Smiling Mask":12,"MawBank":19,"Burning Blood":0,"HornCleat":13,"Busted Crown":15,"MutagenicStrength":13,"Bag of Marbles":4,"Membership Card":16,"Red Skull":18},{"Ice Cream":70,"Potion Belt":80,"Bag of Preparation":13,"Omamori":17,"Cursed Key":25,"Smiling Mask":38,"MawBank":60,"Burning Blood":0,"HornCleat":39,"Busted Crown":48,"MutagenicStrength":39,"Bag of Marbles":13,"Membership Card":51,"Red Skull":59}],"Burning Blood":148},"card_choices":[{"not_picked":["Brutality","Limit Break"],"picked":"Immolate","floor":0.0},{"not_picked":["Sword Boomerang","Twin Strike"],"picked":"Thunderclap","floor":1.0},{"not_picked":["Flame Barrier","Metallicize"],"picked":"Shrug It Off","floor":3.0},{"not_picked":["Iron Wave","Dual Wield","Whirlwind"],"picked":"SKIP","floor":5.0},{"not_picked":["Flex","Dropkick","Pummel"],"picked":"SKIP","floor":7.0},{"not_picked":["Headbutt","Clothesline"],"picked":"Sever Soul","floor":11.0},{"not_picked":["Twin Strike","Blood for Blood","Entrench"],"picked":"SKIP","floor":13.0},{"not_picked":["Warcry","Fire Breathing"],"picked":"Evolve","floor":14.0},{"not_picked":["Limit Break","Bludgeon"],"picked":"Impervious","floor":16.0},{"not_picked":["Warcry","Clothesline+1"],"picked":"Pommel Strike+1","floor":18.0},{"not_picked":["Warcry","True Grit"],"picked":"Battle Trance","floor":19.0},{"not_picked":["Shockwave","Anger"],"picked":"Body Slam+1","floor":21.0},{"not_picked":["Iron Wave","Heavy Blade"],"picked":"Offering","floor":24.0},{"not_picked":["Heavy Blade","Shrug It Off"],"picked":"Feed","floor":27.0},{"not_picked":["Havoc","Intimidate","Pommel Strike"],"picked":"SKIP","floor":31.0},{"not_picked":["Berserk","Corruption"],"picked":"Barricade","floor":33},{"not_picked":["Combust"],"picked":"SKIP","floor":35},{"not_picked":["Combust"],"picked":"SKIP","floor":39},{"not_picked":["True Grit"],"picked":"SKIP","floor":40},{"not_picked":["Pommel Strike"],"picked":"SKIP","floor":42},{"not_picked":[],"picked":"Seeing Red","floor":44},{"not_picked":["Sentinel"],"picked":"SKIP","floor":45},{"not_picked":["Sword Boomerang"],"picked":"SKIP","floor":47},{"not_picked":["Wild Strike"],"picked":"SKIP","floor":48}],"player_experience":1454191,"relics_obtained":[{"floor":7.0,"key":"Bag of Preparation"},{"floor":9.0,"key":"Bag of Marbles"},{"floor":13.0,"key":"Omamori"},{"floor":24.0,"key":"Smiling Mask"},{"floor":27.0,"key":"HornCleat"},{"floor":40,"key":"Red Skull"},{"floor":43,"key":"MawBank"},{"floor":46,"key":"Ice Cream"},{"floor":48,"key":"Potion Belt"}],"event_choices":[{"cards_removed":["Strike_R"],"damage_healed":0.0,"max_hp_gain":0.0,"max_hp_loss":0.0,"gold_gain":0.0,"event_name":"Living Wall","player_choice":"Forget","floor":2.0,"gold_loss":0.0,"damage_taken":0.0},{"cards_removed":["Strike_R"],"damage_healed":0.0,"max_hp_gain":0.0,"max_hp_loss":0.0,"gold_gain":0.0,"event_name":"Golden Wing","player_choice":"Card Removal","floor":4.0,"gold_loss":0.0,"damage_taken":7.0},{"damage_healed":0.0,"max_hp_gain":0.0,"max_hp_loss":0.0,"gold_gain":75.0,"event_name":"World of Goop","player_choice":"Gather Gold","floor":8.0,"gold_loss":0.0,"damage_taken":11.0},{"cards_removed":["Strike_R"],"damage_healed":0.0,"max_hp_gain":0.0,"max_hp_loss":0.0,"gold_gain":0.0,"event_name":"Back to Basics","player_choice":"Elegance","floor":22.0,"gold_loss":0.0,"damage_taken":0.0},{"damage_healed":0.0,"max_hp_gain":0.0,"max_hp_loss":0.0,"gold_gain":50.0,"event_name":"Nest","player_choice":"Stole From Cult","floor":28.0,"gold_loss":0.0,"damage_taken":0.0},{"damage_healed":0.0,"max_hp_gain":0.0,"max_hp_loss":0.0,"gold_gain":0.0,"event_name":"Drug Dealer","player_choice":"Inject Mutagens","floor":29.0,"gold_loss":0.0,"damage_taken":0.0,"relics_obtained":["MutagenicStrength"]},{"damage_healed":0,"gold_gain":0,"player_choice":"Ignored","damage_taken":0,"max_hp_gain":0,"max_hp_loss":0,"event_name":"Tomb of Lord Red Mask","floor":36,"gold_loss":0},{"damage_healed":0,"gold_gain":0,"cards_transformed":["Defend_R"],"player_choice":"Transformed","damage_taken":0,"max_hp_gain":0,"max_hp_loss":0,"event_name":"Transmorgrifier","floor":38,"gold_loss":0,"cards_obtained":["Combust"]},{"damage_healed":0,"gold_gain":0,"player_choice":"Fight","damage_taken":0,"max_hp_gain":0,"max_hp_loss":0,"event_name":"MindBloom","floor":46,"gold_loss":0}],"is_beta":false,"boss_relics":[{"not_picked":["Fusion Hammer","Astrolabe"],"picked":"Cursed Key"},{"not_picked":["Black Star","Snecko Eye"],"picked":"Busted Crown"}],"items_purged_floors":[12,20],"is_endless":false,"potions_floor_spawned":[3,5,11,13,16,19,31,35,39,40,44],"killed_by":"Awakened One","ascension_level":20}}