{"host":"iv5atf0fne3n7zmv","time":1613673627,"event":{"mods":["BaseMod","Minty Spire (QoL Compilation)","StSLib"],"gold_per_floor":[119,128,161,183,216,261,294,318,318,362,409,409,451,473,473,612,612,646,205,205,232,232,232,285,12,12,35,35,35],"floor_reached":28,"language":"ENG","playtime":3045,"items_purged":["Strike_R","Defend_R"],"score":273,"play_id":"a286ac32-3d8f-49e0-9a7c-70562243e79b","local_time":"20210218104027","is_ascension_mode":true,"campfire_choices":[{"floor":12,"key":"REST"},{"data":"Fire Breathing","floor":15,"key":"SMITH"},{"data":"Combust","floor":23,"key":"SMITH"}],"circlet_count":0,"master_deck":["Strike_R","Strike_R+1","Strike_R","Strike_R","Defend_R","Defend_R","Defend_R","Bash+1","Combust+1","Injury","Perfected Strike","Searing Blow","Cleave","Heavy Blade","Whirlwind","Fire Breathing+1","Shockwave+1","Uppercut","Thunderclap","Flame Barrier+1","Demon Form","Evolve","Warcry+1","Shrug It Off+1","Wild Strike","Twin Strike","Inflame","Bloodletting+1"],"relics":["Burning Blood","CeramicFish","Golden Idol","Meat on the Bone","Toxic Egg 2","Blue Candle","Odd Mushroom","Toy Ornithopter","Mark of Pain","Frozen Eye","Incense Burner","Girya","PreservedInsect","Whetstone"],"acts_visited":["Exordium","TheCity"],"potions_floor_usage":[10,10,16,16,24,27,28],"damage_taken":[{"damage":0,"enemies":"Small Slimes","floor":1,"turns":3},{"damage":13,"enemies":"Jaw Worm","floor":3,"turns":4},{"damage":6,"enemies":"Cultist","floor":4,"turns":5},{"damage":9,"enemies":"2 Fungi Beasts","floor":5,"turns":5},{"damage":20,"enemies":"3 Sentries","floor":6,"turns":5},{"damage":21,"enemies":"Exordium Wildlife","floor":7,"turns":5},{"damage":26,"enemies":"Exordium Thugs","floor":8,"turns":6},{"damage":42,"enemies":"Lagavulin","floor":10,"turns":7},{"damage":23,"enemies":"The Mushroom Lair","floor":11,"turns":5},{"damage":47,"enemies":"Gremlin Nob","floor":13,"turns":6},{"damage":13,"enemies":"Blue Slaver","floor":14,"turns":5},{"damage":8,"enemies":"Slime Boss","floor":16,"turns":7},{"damage":40,"enemies":"2 Thieves","floor":18,"turns":4},{"damage":13,"enemies":"Spheric Guardian","floor":21,"turns":4},{"damage":52,"enemies":"Slavers","floor":24,"turns":6},{"damage":43,"enemies":"Snake Plant","floor":27,"turns":5},{"damage":57,"enemies":"Gremlin Leader","floor":28,"turns":6}],"seed_played":"58248833325239363","potions_obtained":[{"floor":3,"key":"Dexterity Potion"},{"floor":6,"key":"FairyPotion"},{"floor":8,"key":"GamblersBrew"},{"floor":10,"key":"Ancient Potion"},{"floor":11,"key":"FearPotion"},{"floor":14,"key":"AttackPotion"},{"floor":18,"key":"Block Potion"},{"floor":24,"key":"Ancient Potion"}],"is_trial":false,"path_per_floor":["M","?","M","M","M","E","M","M","T","E","?","R","E","M","R","B",null,"M","$","?","M","?","R","E","$","T","M","E"],"character_chosen":"IRONCLAD","items_purchased":["Frozen Eye","Evolve","Regen Potion","Warcry+1","Shrug It Off+1","PreservedInsect","Inflame"],"campfire_rested":1,"item_purchase_floors":[19,19,19,19,19,25,25],"current_hp_per_floor":[80,80,73,73,70,56,53,45,45,21,42,66,37,42,42,50,80,58,58,58,51,80,80,51,51,51,45,0,0],"gold":35,"neow_bonus":"RANDOM_COMMON_RELIC","is_daily":false,"chose_seed":false,"campfire_upgraded":2,"win_rate":0.0,"timestamp":1613673627,"path_taken":["M","?","M","M","M","E","M","M","T","E","?","R","E","M","R","BOSS","M","$","?","M","?","R","E","$","T","M","E"],"items_purchased_type":["Relic","Card","Potion","Card","Card","Relic","Card"],"build_version":"2020-12-22","purchased_purges":2,"victory":false,"max_hp_per_floor":[80,80,80,80,80,80,80,80,80,80,80,80,80,80,80,80,80,80,80,80,80,80,80,80,80,80,80,80,80],"card_choices":[{"not_picked":["Wild Strike","Heavy Blade"],"picked":"Combust","floor":1},{"not_picked":["Seeing Red","Iron Wave"],"picked":"Perfected Strike","floor":3},{"not_picked":["Sword Boomerang","Headbutt"],"picked":"Searing Blow","floor":4},{"not_picked":["Armaments","Inflame"],"picked":"Cleave","floor":5},{"not_picked":["True Grit","Perfected Strike"],"picked":"Heavy Blade","floor":6},{"not_picked":["Burning Pact","Rupture"],"picked":"Whirlwind","floor":7},{"not_picked":["Sword Boomerang","Inflame"],"picked":"Fire Breathing","floor":8},{"not_picked":["Corruption","Headbutt"],"picked":"Shockwave+1","floor":10},{"not_picked":["Whirlwind","Headbutt"],"picked":"Uppercut","floor":11},{"not_picked":["Perfected Strike","Sentinel+1"],"picked":"Thunderclap","floor":13},{"not_picked":["True Grit+1","Sword Boomerang"],"picked":"Flame Barrier+1","floor":14},{"not_picked":["Corruption","Limit Break+1"],"picked":"Demon Form","floor":16},{"not_picked":["Combust+1","Havoc+1"],"picked":"Infernal Blade+1","floor":18},{"not_picked":["Dual Wield+1","Inflame"],"picked":"Wild Strike","floor":21},{"not_picked":["Iron Wave","Entrench+1"],"picked":"Twin Strike","floor":24},{"not_picked":["Clash","Impervious+1"],"picked":"Bloodletting+1","floor":27}],"player_experience":354801,"relics_obtained":[{"floor":6,"key":"Meat on the Bone"},{"floor":9,"key":"Toxic Egg 2"},{"floor":10,"key":"Blue Candle"},{"floor":11,"key":"Odd Mushroom"},{"floor":13,"key":"Toy Ornithopter"},{"floor":24,"key":"Girya"},{"floor":26,"key":"Whetstone"}],"event_choices":[{"damage_healed":0,"gold_gain":0,"player_choice":"Take Wound","damage_taken":0,"relics_obtained":["Golden Idol"],"max_hp_gain":0,"max_hp_loss":0,"event_name":"Golden Idol","floor":2,"gold_loss":0,"cards_obtained":["Injury"]},{"damage_healed":0,"gold_gain":0,"player_choice":"Fought Mushrooms","damage_taken":0,"max_hp_gain":0,"max_hp_loss":0,"event_name":"Mushrooms","floor":11,"gold_loss":0},{"damage_healed":0,"gold_gain":0,"player_choice":"Opened","damage_taken":0,"relics_obtained":["Incense Burner"],"max_hp_gain":0,"max_hp_loss":0,"event_name":"The Mausoleum","floor":20,"gold_loss":0},{"cards_removed":["Infernal Blade"],"damage_healed":29,"gold_gain":0,"player_choice":"Offered Uncommon","damage_taken":0,"max_hp_gain":0,"max_hp_loss":0,"event_name":"Bonfire Elementals","floor":22,"gold_loss":0}],"is_beta":false,"boss_relics":[{"not_picked":["Velvet Choker","Snecko Eye"],"picked":"Mark of Pain"}],"items_purged_floors":[19,25],"is_endless":false,"potions_floor_spawned":[3,6,8,10,11,14,18,24],"killed_by":"Gremlin Leader","ascension_level":1}}