{"host":"KYO","time":1613646444,"event":{"mods":["Act Like it!","Arknights","BaseMod","BetterRewards","Minty Spire (QoL Compilation)","Permanent Neow","Shop Mod","StSLib","SuperFastMode","TestMod","[IsaacMod]ÒÔÈö¼âËþ"],"gold_per_floor":[113,213,232,232,192,217,269,285,285,317,317,335,335,360,376,376,376,391,391,416,416,445,445,457,488,507,520,520,530,530,554,563,576,606,615,633,656,682,762,786,805,821,821,899,974,974,974,974,1007,1007],"floor_reached":23,"language":"ZHS","playtime":2115,"items_purged":["Defend_P","testmod-Gluttony","testmod-Gluttony","testmod-Greed","testmod-Envy","testmod-Lust","testmod-Sloth","testmod-Wrath","Pride","Defend_P","Defend_P","Defend_P","Strike_P","Strike_P","Strike_P","Strike_P"],"score":2924,"play_id":"74d519b5-9f3e-4aed-9e0a-adfd5cce699f","local_time":"20210218190724","is_ascension_mode":true,"campfire_choices":[{"data":"1","floor":13,"key":"LIFT"},{"data":"2","floor":15,"key":"LIFT"},{"floor":7,"key":"RECALL"},{"data":"3","floor":15,"key":"LIFT"},{"data":"Eruption+1","floor":15,"key":"PURGE"},{"data":"Wish+1","floor":19,"key":"PURGE"}],"circlet_count":10,"master_deck":["AscendersBane","Flash of Steel+1","Flash of Steel+1"],"relics":["HushsDoor","testmod-TestBox","TheBean","testmod-SevenDeadlySins","Du-Vu Doll","Darkstone Periapt","Blue Candle","SalivaCoin","TheAbacus","Turnip","Membership Card","testmod-Justice","HowToJump","Incense Burner","SteamSale","Peace Pipe","Happy Flower","TheBattery","Question Card","testmod-Charity","testmod-TheFather","DoctorsRemote","AnarchistCookbook","Toy Ornithopter","NineVolt","testmod-AssaultLearning","Chaos","Dead Branch","Bronze Scales","Coffee Dripper","testmod-OneHitWonder","testmod-PortableAltar","StoneCalendar","testmod-DragonStarHat","testmod-IWantAll","CloakClasp","Orichalcum","testmod-BlackFramedGlasses","MerchantsRug","Potion Belt","testmod-DeterminationOfClimber","MyShadow","Sundial","Omamori","Eternal Feather","Bag of Marbles","UnicornStump","Prayer Wheel","Dream Catcher","Anchor","testmod-Motorcycle","Meat on the Bone","testmod-IndustrialRevolution","testmod-Maize","SlaversCollar","testmod-Register","testmod-Prudence","Girya","SharpPlug","testmod-Antiphasic","testmod-SaigiyounoYou","Philosopher\u0027s Stone","testmod-RealStoneCalender","White Beast Statue","Gambling Chip","testmod-Temperance","HandDrill","PillsDrop","PunchingBag","Black Star","testmod-CrystalShield","Frozen Eye","Gremlin Horn","RottenBaby","Ginger","VioletLotus","Incubus","Void","Succubus","Matryoshka","GnawedLeaf","Kunai","testmod-BouquetWithThorns","TheBible","BFFS","EdensBlessing","NineLifeCat","Juzu Bracelet","Medical Kit","TeardropLocket","SacredBark","Nunchaku","testmod-RainbowHikingShoes","SatanicBible","Pantograph","Ancient Tea Set","Tiny Chest","Boot","testmod-ArcanaOfDestiny","Lizard Tail","TungstenRod","Pocketwatch","Shuriken","JudasShadow","testmod-TurbochargingSystem","PokeGo","Singing Bowl","DeathBook","PreservedInsect","Damaru","testmod-Alchemist","Whetstone","DollysMirror","Bottled Flame","BelialBook","testmod-ObsoleteBoomerang","Unceasing Top","Lantern","Runic Pyramid","Calipers","Letter Opener","YumHeart","Mercury Hourglass","FossilizedHelix","MomsKnife","HornCleat","BookOfRevelations","GuppysHead","Fusion Hammer","testmod-InjuryResistance","D6","CaptainsWheel","testmod-LifeArmor","MagicMushroom","GuppysPaw","testmod-HeartOfStrike","Toxic Egg 2","Habit","DeadEye","Pear","testmod-Acrobat","Akabeko","Leech","testmod-Laevatain","BlankCard","Bird Faced Urn","TuHaoJin","testmod-Brilliant","Circlet","Frozen Egg 2","Lee\u0027s Waffle","Strawberry","StrikeDummy","Pen Nib","GoldenEye","testmod-Hope","Oddly Smooth Stone","Regal Pillow","Vajra","War Paint","MealTicket","Bag of Preparation","Blood Vial","Art of War","MoneyPower","Centennial Puzzle","Chemical X","CeramicFish","D4","Yang"],"acts_visited":["Exordium","TheEnding"],"potions_floor_usage":[0,0,0,0,0,0,0,0,0,0,0,22,22,22,22,22,22],"damage_taken":[{"damage":0,"enemies":"ats:Genji","floor":1,"turns":1},{"damage":0,"enemies":"Cultist","floor":3,"turns":1},{"damage":0,"enemies":"3 Sentries","floor":6,"turns":1},{"damage":0,"enemies":"2 Louse","floor":8,"turns":1},{"damage":0,"enemies":"Lagavulin","floor":10,"turns":1},{"damage":0,"enemies":"2 Fungi Beasts","floor":12,"turns":1},{"damage":0,"enemies":"3 Sentries","floor":14,"turns":1},{"damage":0,"enemies":"Small Slimes","floor":1,"turns":1},{"damage":0,"enemies":"Cultist","floor":4,"turns":1},{"damage":0,"enemies":"3 Sentries","floor":6,"turns":1},{"damage":0,"enemies":"Gremlin Nob","floor":8,"turns":1},{"damage":0,"enemies":"2 Louse","floor":10,"turns":1},{"damage":0,"enemies":"Lagavulin","floor":11,"turns":1},{"damage":0,"enemies":"Looter","floor":12,"turns":1},{"damage":0,"enemies":"3 Louse","floor":13,"turns":1},{"damage":0,"enemies":"Small Slimes","floor":1,"turns":1},{"damage":0,"enemies":"2 Louse","floor":4,"turns":1},{"damage":0,"enemies":"Cultist","floor":5,"turns":1},{"damage":0,"enemies":"Gremlin Nob","floor":6,"turns":1},{"damage":0,"enemies":"Looter","floor":7,"turns":1},{"damage":0,"enemies":"Blue Slaver","floor":8,"turns":1},{"damage":0,"enemies":"3 Sentries","floor":10,"turns":1},{"damage":0,"enemies":"Lagavulin","floor":12,"turns":1},{"damage":0,"enemies":"2 Fungi Beasts","floor":13,"turns":1},{"damage":0,"enemies":"Exordium Wildlife","floor":14,"turns":1},{"damage":0,"enemies":"Slime Boss","floor":16,"turns":1},{"damage":0,"enemies":"Hexaghost","floor":17,"turns":1},{"damage":0,"enemies":"Shield and Spear","floor":21,"turns":1},{"damage":0,"enemies":"The Heart","floor":22,"turns":3}],"seed_played":"8129804188988612628","potions_obtained":[{"floor":0,"key":"Fruit Juice"},{"floor":12,"key":"EntropicBrew"}],"is_trial":false,"path_per_floor":["M","?","M","T","?","E","T","M","T","E","$","M","R","E","R","M","?","?","M","$","E","R","E","T","M","E","M","M","T","R","M","?","?","M","M","E","M","M","T","E","?","E","M","M","R","B","B",null,"R","$","E","B",null],"character_chosen":"WATCHER","items_purchased":["SalivaCoin","TheAbacus","Turnip","Membership Card","testmod-Justice","HowToJump","Incense Burner","SteamSale","Peace Pipe","Happy Flower","TheBattery","Question Card","testmod-Charity","testmod-TheFather","DoctorsRemote","AnarchistCookbook","Toy Ornithopter","NineVolt","testmod-AssaultLearning","Chaos","Dead Branch","Bronze Scales","Coffee Dripper","testmod-OneHitWonder","testmod-PortableAltar","StoneCalendar","testmod-DragonStarHat","Diplopia","testmod-IWantAll","CloakClasp","Orichalcum","testmod-BlackFramedGlasses","MerchantsRug","Potion Belt","testmod-DeterminationOfClimber","MyShadow","Sundial","Omamori","Eternal Feather","Bag of Marbles","UnicornStump","Prayer Wheel","Dream Catcher","Anchor","testmod-Motorcycle","Meat on the Bone","testmod-IndustrialRevolution","testmod-Maize","SlaversCollar","testmod-Register","testmod-Prudence","Girya","SharpPlug","testmod-Antiphasic","testmod-SaigiyounoYou","Philosopher\u0027s Stone","testmod-RealStoneCalender","StrikeDummy","White Beast Statue","Gambling Chip","testmod-Temperance","HandDrill","PillsDrop","PunchingBag","Black Star","HolyWater","testmod-CrystalShield","Frozen Eye","Gremlin Horn","RottenBaby","Pandora\u0027s Box","Ginger","VioletLotus","Incubus","testmod-SpacePotion","Void","Succubus","Matryoshka","GnawedLeaf","testmod-SpacePotion","Mango","Kunai","testmod-BouquetWithThorns","Tiny House","TheBible","BFFS","EdensBlessing","War Paint","NineLifeCat","Juzu Bracelet","ForgetMeNow","Medical Kit","TeardropLocket","Fruit Juice","SacredBark","Nunchaku","testmod-RainbowHikingShoes","SatanicBible","Pantograph","Ancient Tea Set","Tiny Chest","Boot","testmod-ArcanaOfDestiny","Lizard Tail","TungstenRod","Pocketwatch","Shuriken","JudasShadow","testmod-TurbochargingSystem","PokeGo","Singing Bowl","DeathBook","PreservedInsect","Damaru","testmod-Alchemist","Flash of Steel","Whetstone","DollysMirror","Bottled Flame","BelialBook","testmod-ObsoleteBoomerang","Ancient Potion","Unceasing Top","Lantern","Fruit Juice","Runic Pyramid","Calipers","Letter Opener","YumHeart","testmod-RandomTest","testmod-MagicalMallet","testmod-BalancedPeriapt","Mercury Hourglass","Toolbox","testmod-InfectionSource","FossilizedHelix","MomsKnife","HornCleat","BookOfRevelations","GuppysHead","Fusion Hammer","testmod-InjuryResistance","Damocles","Strange Spoon","D6","CaptainsWheel","testmod-LifeArmor","MagicMushroom","GuppysPaw","testmod-HeartOfStrike","Toxic Egg 2","Habit","DeadEye","Pear","testmod-Acrobat","Velvet Choker","Akabeko","Leech","Busted Crown","testmod-CyclicPeriapt","Strawberry","testmod-Laevatain","BlankCard","Bird Faced Urn","TuHaoJin","ChampionBelt","testmod-D¨¦j¨¤vu","testmod-Brilliant","testmod-SpacePotion","testmod-SpacePotion","testmod-SpacePotion","EntropicBrew","Ancient Potion","testmod-TimePotion","Block Potion","Block Potion","testmod-TimePotion","Fruit Juice","testmod-TimePotion","Fruit Juice","testmod-TimePotion","Fruit Juice","EntropicBrew","EntropicBrew","Frozen Egg 2","Lee\u0027s Waffle","Centennial Puzzle","Chemical X","CeramicFish"],"campfire_rested":0,"item_purchase_floors":[0,0,0,0,0,0,0,0,0,0,0,0,0,0,0,0,0,0,0,0,0,0,0,0,0,0,0,0,0,0,0,0,0,0,0,0,0,0,0,0,0,0,0,0,0,0,0,0,0,0,0,0,0,0,0,0,0,0,0,0,0,0,0,0,0,0,0,0,0,0,0,0,0,0,0,0,0,0,0,0,0,0,0,0,0,0,0,0,0,0,0,0,0,0,0,0,0,0,0,0,0,0,0,0,0,0,0,0,0,0,0,0,0,0,0,0,0,0,0,0,0,0,0,0,0,0,0,0,0,0,0,0,0,0,0,0,0,0,0,0,0,0,0,0,0,0,0,0,0,0,0,0,0,0,0,0,0,0,0,0,0,0,0,0,0,0,0,0,0,0,0,0,0,0,0,0,0,0,0,0,0,0,0,0,5,5,20,20,20],"current_hp_per_floor":[131,118,131,136,136,151,162,168,173,185,184,188,187,199,202,201,200,205,211,220,219,217,216,220,224,228,232,231,234,233,224,230,237,244,248,252,252,254,255,261,265,269,268,268,272,271,270,269,274,287],"gold":1007,"neow_bonus":"","is_daily":false,"chose_seed":false,"campfire_upgraded":0,"win_rate":0.0,"timestamp":1613646444,"path_taken":["M","?","M","?","?","E","?","M","T","E","?","M","R","E","R","M","?","?","M","$","E","R","E","T","M","E","M","M","?","R","M","?","?","M","M","E","M","M","T","E","?","E","M","M","R","BOSS","BOSS","R","$","E","BOSS"],"items_purchased_type":["Relic","Relic","Relic","Relic","Relic","Relic","Relic","Relic","Relic","Relic","Relic","Relic","Relic","Relic","Relic","Relic","Relic","Relic","Relic","Card","Relic","Relic","Relic","Relic","Relic","Relic","Relic","Relic","Relic","Relic","Relic","Relic","Relic","Relic","Relic","Relic","Relic","Relic","Relic","Relic","Relic","Relic","Relic","Relic","Relic","Relic","Relic","Relic","Relic","Relic","Relic","Relic","Relic","Relic","Relic","Relic","Relic","Relic","Relic","Relic","Relic","Relic","Relic","Relic","Relic","Relic","Relic","Relic","Relic","Relic","Relic","Relic","Relic","Relic","Potion","Card","Relic","Relic","Relic","Potion","Relic","Relic","Relic","Relic","Relic","Relic","Relic","Relic","Relic","Relic","Relic","Relic","Relic","Potion","Relic","Relic","Relic","Relic","Relic","Relic","Relic","Relic","Relic","Relic","Relic","Relic","Relic","Relic","Relic","Relic","Relic","Relic","Relic","Relic","Relic","Card","Relic","Relic","Relic","Relic","Relic","Potion","Relic","Relic","Potion","Relic","Relic","Relic","Relic","Relic","Relic","Relic","Relic","Relic","Relic","Relic","Relic","Relic","Relic","Relic","Relic","Relic","Relic","Relic","Relic","Relic","Relic","Relic","Relic","Relic","Relic","Relic","Relic","Relic","Relic","Relic","Relic","Relic","Relic","Relic","Relic","Relic","Relic","Relic","Relic","Relic","Relic","Relic","Potion","Potion","Potion","Potion","Potion","Potion","Potion","Potion","Potion","Potion","Potion","Potion","Potion","Potion","Potion","Potion","Relic","Relic","Relic","Relic","Relic"],"build_version":"2020-12-18","purchased_purges":16,"victory":true,"max_hp_per_floor":[131,132,140,144,143,155,165,169,173,185,184,188,187,199,202,201,200,205,211,220,219,217,216,220,224,228,232,231,234,233,236,235,239,244,248,252,252,254,255,261,265,269,268,268,272,271,270,269,274,287],"card_choices":[{"not_picked":["EmptyFist","CutThroughFate","Pray","DeusExMachina"],"picked":"Singing Bowl","floor":0},{"not_picked":["FlyingSleeves","Halt+1","Bomb","Collect+1"],"picked":"Singing Bowl","floor":1},{"not_picked":["Prostrate+1","Blasphemy+1","CutThroughFate","Fasting2"],"picked":"Singing Bowl","floor":1},{"not_picked":["Adaptation","WreathOfFlame+1","Consecrate","PathToVictory+1"],"picked":"Singing Bowl","floor":3},{"not_picked":["Prostrate+1","FollowUp","WindmillStrike","Crescendo+1"],"picked":"Singing Bowl","floor":3},{"not_picked":["MentalFortress","TalkToTheHand","Blasphemy+1","Bomb"],"picked":"Singing Bowl","floor":6},{"not_picked":["Evaluate+1","SignatureMove","Weave","Bomb"],"picked":"Singing Bowl","floor":8},{"not_picked":["Consecrate","Wallop","Prostrate+1","Bomb"],"picked":"Singing Bowl","floor":8},{"not_picked":["CrushJoints","InnerPeace+1","FollowUp","Prostrate+1"],"picked":"Singing Bowl","floor":10},{"not_picked":["PathToVictory+1","SashWhip","WaveOfTheHand+1","BowlingBash"],"picked":"Singing Bowl","floor":12},{"not_picked":["Blasphemy+1","PathToVictory+1","Worship+1","Protect+1"],"picked":"Singing Bowl","floor":12},{"not_picked":["Ragnarok","BowlingBash","FlyingSleeves","Evaluate+1"],"picked":"Singing Bowl","floor":14},{"not_picked":["Evaluate+1","Consecrate","PathToVictory+1","Protect+1"],"picked":"Singing Bowl","floor":1},{"not_picked":["Prostrate+1","Evaluate+1","SandsOfTime","ClearTheMind+1"],"picked":"Singing Bowl","floor":1},{"not_picked":["PathToVictory+1","Wallop","ClearTheMind+1","DevaForm"],"picked":"Singing Bowl","floor":4},{"not_picked":["Wallop","Indignation+1","PathToVictory+1","WindmillStrike"],"picked":"Singing Bowl","floor":4},{"not_picked":["Perseverance+1","Swivel+1","EmptyBody+1","Establishment+1"],"picked":"Singing Bowl","floor":6},{"not_picked":["DeceiveReality+1","Crescendo+1","SandsOfTime","Perseverance+1"],"picked":"Singing Bowl","floor":8},{"not_picked":["EmptyFist","Evaluate+1","MentalFortress+1","Protect+1"],"picked":"Singing Bowl","floor":10},{"not_picked":["Crescendo+1","Indignation+1","ForeignInfluence+1","MentalFortress+1"],"picked":"Singing Bowl","floor":10},{"not_picked":["Protect+1","BattleHymn+1","FlurryOfBlows","Prostrate+1"],"picked":"Singing Bowl","floor":11},{"not_picked":["Perseverance+1","DevaForm+1","CrushJoints","CutThroughFate"],"picked":"Singing Bowl","floor":12},{"not_picked":["InnerPeace+1","EmptyBody+1","FlurryOfBlows","BowlingBash"],"picked":"Singing Bowl","floor":12},{"not_picked":["CutThroughFate","Wireheading+1","Prostrate+1","Crescendo+1"],"picked":"Singing Bowl","floor":13},{"not_picked":["ThirdEye+1","EmptyMind+1","FearNoEvil","JustLucky"],"picked":"Singing Bowl","floor":13},{"not_picked":["EmptyBody+1","CutThroughFate","CrushJoints","FlyingSleeves"],"picked":"Singing Bowl","floor":1},{"not_picked":["PathToVictory+1","Meditate+1","SignatureMove","FearNoEvil"],"picked":"Singing Bowl","floor":1},{"not_picked":["Consecrate","MentalFortress+1","BowlingBash","ThirdEye+1"],"picked":"Singing Bowl","floor":4},{"not_picked":["Devotion+1","FlurryOfBlows","Halt+1","WreathOfFlame+1"],"picked":"Singing Bowl","floor":4},{"not_picked":["SignatureMove","CrushJoints","Conclude","Wallop"],"picked":"Singing Bowl","floor":5},{"not_picked":["Crescendo+1","Wallop","WreathOfFlame+1","BowlingBash"],"picked":"Singing Bowl","floor":5},{"not_picked":["Collect+1","Evaluate+1","EmptyBody+1","CrushJoints"],"picked":"Singing Bowl","floor":6},{"not_picked":["ClearTheMind+1","MentalFortress+1","ThirdEye+1","BowlingBash"],"picked":"Singing Bowl","floor":7},{"not_picked":["FlyingSleeves","EmptyBody+1","SignatureMove","Consecrate"],"picked":"Singing Bowl","floor":7},{"not_picked":["WheelKick","Protect+1","Consecrate","Wireheading+1"],"picked":"Singing Bowl","floor":8},{"not_picked":["InnerPeace+1","ClearTheMind+1","FlyingSleeves","WreathOfFlame+1"],"picked":"Singing Bowl","floor":8},{"not_picked":["Nirvana+1","WaveOfTheHand+1","Halt+1","EmptyFist"],"picked":"Singing Bowl","floor":10},{"not_picked":["Perseverance+1","EmptyBody+1","Crescendo+1","Worship+1"],"picked":"Singing Bowl","floor":12},{"not_picked":["Pray+1","FlyingSleeves","Protect+1","MentalFortress+1"],"picked":"Singing Bowl","floor":13},{"not_picked":["Worship+1","Prostrate+1","FlyingSleeves","Halt+1"],"picked":"Singing Bowl","floor":13},{"not_picked":["Worship+1","EmptyBody+1","FlurryOfBlows","ClearTheMind+1"],"picked":"Singing Bowl","floor":14},{"not_picked":["Consecrate","EmptyFist","PathToVictory+1","Halt+1"],"picked":"Singing Bowl","floor":14},{"not_picked":["DevaForm+1","Brilliance","MasterReality+1"],"picked":"Wish+1","floor":16},{"not_picked":["LessonLearned","Vault+1","Establishment+1","Omniscience+1"],"picked":"Singing Bowl","floor":17},{"not_picked":["CutThroughFate+1","PathToVictory+1","Fasting2+1","ReachHeaven"],"picked":"Singing Bowl","floor":21}],"player_experience":800091,"relics_obtained":[{"floor":4,"key":"Circlet"},{"floor":6,"key":"Circlet"},{"floor":6,"key":"Circlet"},{"floor":7,"key":"Circlet"},{"floor":7,"key":"Circlet"},{"floor":9,"key":"Circlet"},{"floor":10,"key":"Circlet"},{"floor":10,"key":"Circlet"},{"floor":14,"key":"Circlet"},{"floor":14,"key":"Circlet"},{"floor":6,"key":"Strawberry"},{"floor":6,"key":"StrikeDummy"},{"floor":8,"key":"Pen Nib"},{"floor":8,"key":"GoldenEye"},{"floor":9,"key":"testmod-Hope"},{"floor":11,"key":"Oddly Smooth Stone"},{"floor":11,"key":"Regal Pillow"},{"floor":14,"key":"Vajra"},{"floor":6,"key":"MealTicket"},{"floor":6,"key":"Bag of Preparation"},{"floor":9,"key":"Blood Vial"},{"floor":10,"key":"Art of War"},{"floor":12,"key":"MoneyPower"},{"floor":21,"key":"D4"},{"floor":21,"key":"Yang"}],"event_choices":[{"damage_healed":0,"gold_gain":0,"player_choice":"Bought 3 Potions","damage_taken":0,"max_hp_gain":0,"max_hp_loss":0,"event_name":"The Woman in Blue","floor":5,"gold_loss":0},{"damage_healed":0,"gold_gain":0,"player_choice":"Leave","damage_taken":0,"max_hp_gain":0,"max_hp_loss":0,"event_name":"The Cleric","floor":2,"gold_loss":0},{"cards_removed":["Vigilance"],"damage_healed":0,"gold_gain":0,"player_choice":"Forget","damage_taken":0,"max_hp_gain":0,"max_hp_loss":0,"event_name":"Living Wall","floor":3,"gold_loss":0},{"damage_healed":0,"gold_gain":0,"player_choice":"Ignored","damage_taken":0,"max_hp_gain":0,"max_hp_loss":0,"event_name":"Liars Game","floor":2,"gold_loss":0},{"damage_healed":0,"gold_gain":0,"player_choice":"Success","damage_taken":26,"relics_obtained":["War Paint"],"max_hp_gain":0,"max_hp_loss":0,"event_name":"Scrap Ooze","floor":3,"gold_loss":0}],"is_beta":true,"boss_relics":[],"items_purged_floors":[0,0,0,0,0,0,0,0,0,0,0,0,0,0,0,0],"is_endless":false,"potions_floor_spawned":[1,3,6,8,10,12,14,1,4,6,8,10,11,12,13,1,4,5,6,7,8,10,12,13,14,16,17,21],"ascension_level":20}}