{"host":"2d926qfvvz477zl6","time":1613619819,"event":{"mods":["Aspiration","BaseMod","Conspire","Downfall","GifTheSpireLib","Halation","Hermit","Hubris","Infinite Spire","Minty Spire (QoL Compilation)","Morshu Shopkeeper","Permanent Neow","Quick Restart","Rare Cards Sparkle","Reliquary","Replay The Spire","Shedinja","Somnambulant","Spicy Shops","StSLib","Stuff the Spire","Td1madao Mod","The Blue Laboratory","The Bug Knight","The Construct","The Cursed","The Disciple","The Forsaken","The Hierophant","TheFirefly","Wandering Minibosses","Wide Potions","everything is the same but u backflip on backflip","slay the spire mod where everything is the same but ironclad has a cowboy hat"],"gold_per_floor":[19,194,118,118,136,136,170,186,213,213,213,223,19,19,19,120,120,137,137,137,147,147,147,147,147,171,3,3,23,23,23],"floor_reached":30,"language":"ENG","playtime":943,"items_purged":["hermit:FatalDesire"],"score":291,"play_id":"1eb49ad2-8c8f-4819-a809-5cfe07c15fe7","local_time":"20210217224339","is_ascension_mode":true,"campfire_choices":[{"data":"hermit:Determination","floor":6,"key":"SMITH"},{"data":"hermit:Showdown","floor":11,"key":"SMITH"},{"floor":15,"key":"REST"},{"data":"hermit:Adapt","floor":23,"key":"SMITH"},{"data":"Replay:Fractal Strike","floor":25,"key":"SMITH"}],"circlet_count":0,"master_deck":["hermit:Strike_Hermit","hermit:Strike_Hermit","hermit:Strike_Hermit","hermit:Strike_Hermit","hermit:Defend_Hermit","hermit:Defend_Hermit","hermit:Snapshot","hermit:Covet","hermit:Determination+1","hermit:ItchyTrigger","Doubt","hermit:Gestalt","hermit:Showdown+1","hermit:Desperado","hermit:Virtue","hermit:HoleUp","hermit:Adapt+1","Pain","hermit:HighCaliber","Replay:Fractal Strike+1","Shame","hermit:ShadowCloak+1","hermit:Misfire+1"],"relics":["hermit:Momento","reliquary:RosewoodLute","Gremlin Horn","Replay:Baseball","Unceasing Top","Vajra","hubris:Backtick","Du-Vu Doll","WarpedTongs","aspiration:VileToxins","Coffee Dripper","infinitespire:Satchel","Frozen Egg 2"],"acts_visited":["Exordium","TheCity"],"potions_floor_usage":[7,21],"damage_taken":[{"damage":6,"enemies":"conspire:RoseBush","floor":1,"turns":2},{"damage":7,"enemies":"Jaw Worm","floor":5,"turns":3},{"damage":31,"enemies":"3 Sentries","floor":7,"turns":7},{"damage":1,"enemies":"Cultist","floor":8,"turns":3},{"damage":1,"enemies":"Looter","floor":12,"turns":2},{"damage":1,"enemies":"Slime Boss","floor":16,"turns":7},{"damage":18,"enemies":"Spheric Guardian","floor":18,"turns":4},{"damage":11,"enemies":"2 Thieves","floor":21,"turns":3},{"damage":14,"enemies":"Cultist and Chosen","floor":29,"turns":5},{"damage":24,"enemies":"Snake Plant","floor":30,"turns":1}],"seed_played":"5790175805183389521","potions_obtained":[{"floor":1,"key":"BlessingOfTheForge"},{"floor":7,"key":"construct:ShiftPotion"},{"floor":18,"key":"champ:CounterPotion"}],"is_trial":false,"path_per_floor":["M","?","$","?","M","R","E","M","T","?","R","M","$","$","R","B",null,"M","?","?","M","AVR","R","$","R","T","$","$","M","M"],"character_chosen":"HERMIT","items_purchased":["reliquary:RosewoodLute","hermit:HoleUp","Vajra","Frozen Egg 2","hermit:ShadowCloak+1"],"campfire_rested":1,"item_purchase_floors":[3,13,13,27,27],"current_hp_per_floor":[62,62,62,62,55,55,24,23,23,23,23,22,22,22,44,43,67,49,49,49,38,38,38,38,38,38,38,38,24,0,0],"gold":23,"neow_bonus":"TRANSFORM_TWO_CARDS","is_daily":false,"chose_seed":false,"campfire_upgraded":4,"win_rate":0.0,"timestamp":1613619819,"path_taken":["M","?","$","?","M","R","E","?","T","?","R","M","?","$","R","BOSS","M","?","?","?","AVR","R","?","R","T","?","$","M","?"],"items_purchased_type":["Relic","Card","Relic","Relic","Card"],"build_version":"2020-12-22","purchased_purges":1,"victory":false,"max_hp_per_floor":[75,75,75,75,75,75,75,75,75,75,75,75,75,75,75,75,75,75,75,75,75,75,75,75,75,75,75,75,75,75,75],"card_choices":[{"not_picked":["hermit:Vantage","hermit:Quickdraw"],"picked":"hermit:ItchyTrigger","floor":1},{"not_picked":["hermit:Maintenance","hermit:LowProfile"],"picked":"hermit:Gestalt","floor":5},{"not_picked":["hermit:Purgatory","hermit:Snipe"],"picked":"hermit:Showdown","floor":7},{"not_picked":["hermit:LowProfile","hermit:DeadMansHand"],"picked":"hermit:Desperado","floor":8},{"not_picked":["hermit:Dive","hermit:ItchyTrigger"],"picked":"hermit:Virtue","floor":12},{"not_picked":["hermit:Reprieve","hermit:Roughhouse"],"picked":"hermit:Adapt","floor":16},{"not_picked":["hermit:Headshot","hermit:CalledShot","hermit:Determination"],"picked":"SKIP","floor":18},{"not_picked":["hermit:SprayPray","hermit:Glare"],"picked":"hermit:HighCaliber","floor":21},{"not_picked":["hermit:Shortfuse","hermit:TrackingShot+1"],"picked":"hermit:Misfire+1","floor":29}],"player_experience":477456,"relics_obtained":[{"floor":7,"key":"Gremlin Horn"},{"floor":9,"key":"Replay:Baseball"},{"floor":26,"key":"infinitespire:Satchel"}],"event_choices":[{"damage_healed":0,"gold_gain":175,"player_choice":"AGREE","damage_taken":0,"max_hp_gain":0,"max_hp_loss":0,"event_name":"Liars Game","floor":2,"gold_loss":0,"cards_obtained":["Doubt"]},{"damage_healed":0,"gold_gain":0,"player_choice":"Ignored","damage_taken":0,"max_hp_gain":0,"max_hp_loss":0,"event_name":"Fountain of Cleansing","floor":4,"gold_loss":0},{"damage_healed":0,"gold_gain":0,"player_choice":"Gave Potion","damage_taken":0,"relics_obtained":["Unceasing Top"],"max_hp_gain":0,"max_hp_loss":0,"event_name":"WeMeetAgain","floor":10,"gold_loss":0},{"damage_healed":0,"gold_gain":0,"player_choice":"Leave","damage_taken":0,"max_hp_gain":0,"max_hp_loss":0,"event_name":"conspire:Investor","floor":19,"gold_loss":0},{"damage_healed":0,"gold_gain":0,"player_choice":"Rummage","damage_taken":0,"relics_obtained":["WarpedTongs"],"max_hp_gain":0,"max_hp_loss":0,"event_name":"Accursed Blacksmith","floor":20,"gold_loss":0,"cards_obtained":["Pain"]}],"is_beta":false,"boss_relics":[{"not_picked":["Velvet Choker","Painkiller Herb"],"picked":"hubris:Backtick"}],"items_purged_floors":[22],"is_endless":false,"potions_floor_spawned":[1,7,18],"killed_by":"Snake Plant","ascension_level":6}}