{"host":"177c0bxbteywy4xy","time":1613635526,"event":{"mods":["ATMod(°¢èªMod)","Act Like it!","Arknights","BaseMod","Colored Powertips","Friendly Minions","Koishi","Minty Spire (QoL Compilation)","Quick Restart","Relic Stats","Remilia£¨ÀÙÃ×ÀòÑÇ£©","StSLib","The Administrix","The Animator","Waifu the Spire"],"gold_per_floor":[113,38,52,63,81,81,111,111,138,154,183,133,145,171,171,274,274,291,301,73,88,105,105,105,105,105,121,141,173,189,202,202,304,354,368,380,395,345,361,395,169,179,205,234,266,278,190,190,190,190,190,190,144,171,171,171],"floor_reached":55,"language":"ZHS","playtime":2491,"items_purged":["Defend_P","Strike_P","Defend_P"],"score":886,"play_id":"d3764eb8-4e1e-4625-a082-f19c87fc362e","local_time":"20210218160526","is_ascension_mode":true,"campfire_choices":[{"data":"AT_WindFlip","floor":6.0,"key":"SMITH"},{"data":"Eruption","floor":8.0,"key":"SMITH"},{"floor":15.0,"key":"RECALL"},{"data":"AT_EmpoweredMortalDraw","floor":23.0,"key":"SMITH"},{"data":"TalkToTheHand","floor":25.0,"key":"SMITH"},{"floor":32.0,"key":"REST"},{"data":"Fasting2","floor":46.0,"key":"SMITH"},{"data":"Study","floor":49.0,"key":"SMITH"},{"data":"Fasting2","floor":52.0,"key":"SMITH"}],"circlet_count":0,"master_deck":["Strike_P+1","Strike_P+1","Defend_P+1","Eruption+1","Vigilance","AT_WindFlip+1","Tantrum","Alpha","TalkToTheHand+1","AT_EmpoweredMortalDraw+1","TalkToTheHand","DevaForm","Indignation+1","TalkToTheHand+1","Fasting2+1","SignatureMove+1","Study+1","Fasting2+1","Evaluate","TalkToTheHand","Panacea"],"relics":["HolyWater","AT_ATBox","Smiling Mask","Whetstone","Bronze Scales","Eternal Feather","Mango","Tiny House","Bag of Preparation","Membership Card","AT_ChloranthyRing","MawBank","AT_BellDemon"],"acts_visited":["Exordium","TheCity","TheBeyond","TheEnding"],"potions_floor_usage":[55],"damage_taken":[{"damage":5.0,"enemies":"Jaw Worm","floor":1.0,"turns":3.0},{"damage":1.0,"enemies":"2 Louse","floor":3.0,"turns":2.0},{"damage":5.0,"enemies":"Cultist","floor":4.0,"turns":4.0},{"damage":7.0,"enemies":"Blue Slaver","floor":5.0,"turns":3.0},{"damage":0.0,"enemies":"Lagavulin","floor":7.0,"turns":4.0},{"damage":0.0,"enemies":"2 Fungi Beasts","floor":10.0,"turns":2.0},{"damage":0.0,"enemies":"Gremlin Nob","floor":11.0,"turns":2.0},{"damage":0.0,"enemies":"Looter","floor":13.0,"turns":1.0},{"damage":6.0,"enemies":"Lagavulin","floor":14.0,"turns":5.0},{"damage":39.0,"enemies":"Hexaghost","floor":16.0,"turns":6.0},{"damage":2.0,"enemies":"Chosen","floor":18.0,"turns":3.0},{"damage":0.0,"enemies":"Spheric Guardian","floor":19.0,"turns":2.0},{"damage":6.0,"enemies":"Snake Plant","floor":21.0,"turns":2.0},{"damage":6.0,"enemies":"Sentry and Sphere","floor":22.0,"turns":3.0},{"damage":7.0,"enemies":"Snecko","floor":27.0,"turns":3.0},{"damage":0.0,"enemies":"Snake Plant","floor":28.0,"turns":2.0},{"damage":50.0,"enemies":"Gremlin Leader","floor":29.0,"turns":3.0},{"damage":6.0,"enemies":"Shelled Parasite and Fungi","floor":30.0,"turns":3.0},{"damage":2.0,"enemies":"Chosen and Byrds","floor":31.0,"turns":3.0},{"damage":31.0,"enemies":"Collector","floor":33.0,"turns":6.0},{"damage":0.0,"enemies":"3 Darklings","floor":35.0,"turns":1.0},{"damage":10.0,"enemies":"3 Shapes","floor":36.0,"turns":2.0},{"damage":2.0,"enemies":"Maw","floor":37.0,"turns":5.0},{"damage":0.0,"enemies":"Jaw Worm Horde","floor":39.0,"turns":1.0},{"damage":0.0,"enemies":"Reptomancer","floor":40.0,"turns":2.0},{"damage":0.0,"enemies":"Transient","floor":42.0,"turns":5.0},{"damage":1.0,"enemies":"Sphere and 2 Shapes","floor":44.0,"turns":3.0},{"damage":0.0,"enemies":"3 Darklings","floor":45.0,"turns":2.0},{"damage":50.0,"enemies":"Time Eater","floor":50.0,"turns":10.0},{"damage":20.0,"enemies":"Shield and Spear","floor":54.0,"turns":2.0},{"damage":95,"enemies":"The Heart","floor":55,"turns":6}],"seed_played":"3878744672827060920","potions_obtained":[{"floor":1.0,"key":"Block Potion"},{"floor":3.0,"key":"BlessingOfTheForge"},{"floor":4.0,"key":"Fruit Juice"},{"floor":16.0,"key":"BottledMiracle"},{"floor":18.0,"key":"Fire Potion"},{"floor":27.0,"key":"Regen Potion"},{"floor":30.0,"key":"AttackPotion"},{"floor":31.0,"key":"FearPotion"},{"floor":33.0,"key":"Swift Potion"},{"floor":34.0,"key":"CultistPotion"},{"floor":36.0,"key":"EntropicBrew"},{"floor":39.0,"key":"GamblersBrew"},{"floor":42.0,"key":"SpeedPotion"},{"floor":45.0,"key":"LiquidMemories"}],"is_trial":false,"path_per_floor":["M","$","M","M","M","R","E","R","T","M","E","?","M","E","R","B",null,"M","M","$","M","M","R","?","R","T","M","M","E","M","M","R","B",null,"M","M","M","$","M","E","$","M","T","M","M","R","$","?","R","B",null,"R","$","E","B"],"character_chosen":"WATCHER","items_purchased":["AT_EmpoweredMortalDraw","Membership Card","AT_ChloranthyRing","Fasting2","Evaluate","TalkToTheHand","Panacea"],"campfire_rested":1,"item_purchase_floors":[20,41,41,47,47,47,53],"current_hp_per_floor":[74,74,73,73,66,66,66,66,66,66,66,66,66,60,60,21,84,82,82,82,76,70,70,70,70,70,63,63,27,30,28,63,32,103,103,93,91,91,91,91,91,91,91,90,90,99,99,99,103,53,103,103,103,83,0,0],"gold":171,"neow_bonus":"TEN_PERCENT_HP_BONUS","is_daily":false,"chose_seed":false,"campfire_upgraded":7,"win_rate":0.0,"timestamp":1613635526,"path_taken":["M","$","M","M","M","R","E","R","T","M","E","?","M","E","R","BOSS","M","M","$","M","M","R","?","R","T","M","M","E","?","M","R","BOSS","M","M","M","$","M","E","$","M","T","M","M","R","$","?","R","BOSS","R","$","E","BOSS"],"items_purchased_type":["Card","Relic","Relic","Card","Card","Card","Card"],"build_version":"2020-12-22","purchased_purges":3,"victory":false,"max_hp_per_floor":[79,79,79,84,84,84,84,84,84,84,84,84,84,84,84,84,84,84,84,84,84,84,84,84,84,84,84,84,98,98,98,98,98,103,103,103,103,103,103,103,103,103,103,103,103,103,103,103,103,103,103,103,103,103,103,103],"relic_stats":{"counters":[31,101],"Bronze Scales":[263],"Eternal Feather":19,"Bag of Preparation":[12],"Whetstone":["Strike_P","Strike_P"],"Smiling Mask":125,"MawBank":48,"obtain_stats":[{"AT_ChloranthyRing":41,"AT_BellDemon":54,"AT_ATBox":0,"Tiny House":34,"Eternal Feather":26,"Mango":29,"Bag of Preparation":40,"Whetstone":11,"Smiling Mask":7,"MawBank":43,"Bronze Scales":14,"HolyWater":17,"Membership Card":41,"PureWater":0},{"AT_ChloranthyRing":25,"AT_BellDemon":30,"AT_ATBox":0,"Tiny House":20,"Eternal Feather":14,"Mango":17,"Bag of Preparation":25,"Whetstone":7,"Smiling Mask":5,"MawBank":26,"Bronze Scales":9,"HolyWater":10,"Membership Card":25,"PureWater":0},{"AT_ChloranthyRing":73,"AT_BellDemon":95,"AT_ATBox":0,"Tiny House":62,"Eternal Feather":42,"Mango":50,"Bag of Preparation":73,"Whetstone":20,"Smiling Mask":16,"MawBank":78,"Bronze Scales":26,"HolyWater":32,"Membership Card":73,"PureWater":0}]},"card_choices":[{"not_picked":["Wallop","AT_SoftenMuscles","Indignation"],"picked":"SKIP","floor":1.0},{"not_picked":["Crescendo","ClearTheMind","EmptyMind"],"picked":"SKIP","floor":3.0},{"not_picked":["WreathOfFlame","EmptyFist"],"picked":"Tantrum","floor":4.0},{"not_picked":["Halt","ClearTheMind"],"picked":"Alpha","floor":5.0},{"not_picked":["FlurryOfBlows","Prostrate","Perseverance"],"picked":"SKIP","floor":7.0},{"not_picked":["Consecrate","ClearTheMind","Protect"],"picked":"SKIP","floor":10.0},{"not_picked":["Tantrum","FlyingSleeves","Protect"],"picked":"SKIP","floor":11.0},{"not_picked":["Protect","CutThroughFate","WindmillStrike"],"picked":"SKIP","floor":13.0},{"not_picked":["Prostrate","ThirdEye"],"picked":"TalkToTheHand","floor":14.0},{"not_picked":["Study","EmptyFist+1","Consecrate"],"picked":"SKIP","floor":18.0},{"not_picked":["EmptyMind","EmptyFist","CarveReality"],"picked":"SKIP","floor":19.0},{"not_picked":["Indignation","Tantrum","FollowUp"],"picked":"SKIP","floor":21.0},{"not_picked":["Nirvana+1","TalkToTheHand"],"picked":"BowlingBash","floor":22.0},{"not_picked":["CutThroughFate","WindmillStrike","Prostrate"],"picked":"SKIP","floor":27.0},{"not_picked":["FlyingSleeves","SashWhip","FlurryOfBlows"],"picked":"SKIP","floor":28.0},{"not_picked":["Crescendo+1","EmptyBody","FollowUp"],"picked":"SKIP","floor":29.0},{"not_picked":["TalkToTheHand+1","Worship","Protect"],"picked":"SKIP","floor":30.0},{"not_picked":["Prostrate","EmptyBody+1"],"picked":"TalkToTheHand","floor":31.0},{"not_picked":["MasterReality","AT_IrregularMenstruation"],"picked":"DevaForm","floor":33.0},{"not_picked":["Protect","AT_RealFormLess"],"picked":"Indignation+1","floor":34.0},{"not_picked":["ReachHeaven","PathToVictory+1","ThirdEye+1"],"picked":"SKIP","floor":35.0},{"not_picked":["Crescendo","ThirdEye+1","SandsOfTime"],"picked":"SKIP","floor":36.0},{"not_picked":["AT_OneInchPunch","AT_IrregularMenstruation"],"picked":"TalkToTheHand+1","floor":37.0},{"not_picked":["BowlingBash+1","SandsOfTime+1","EmptyFist+1"],"picked":"SKIP","floor":39.0},{"not_picked":["AT_OneInchPunch","Consecrate+1","JustLucky"],"picked":"SKIP","floor":40.0},{"not_picked":["Sanctity+1","BowlingBash+1"],"picked":"Fasting2","floor":42.0},{"not_picked":["EmptyMind","ReachHeaven"],"picked":"SignatureMove+1","floor":44.0},{"not_picked":["SignatureMove+1","DeceiveReality"],"picked":"Study","floor":45.0},{"not_picked":["AT_SoftenMuscles","Wireheading","CrushJoints"],"picked":"SKIP","floor":54.0}],"player_experience":122339,"relics_obtained":[{"floor":7.0,"key":"Smiling Mask"},{"floor":11.0,"key":"Whetstone"},{"floor":14.0,"key":"Bronze Scales"},{"floor":26.0,"key":"Eternal Feather"},{"floor":29.0,"key":"Mango"},{"floor":40.0,"key":"Bag of Preparation"},{"floor":43.0,"key":"MawBank"},{"floor":54.0,"key":"AT_BellDemon"}],"event_choices":[{"cards_removed":["Defend_P"],"damage_healed":0.0,"max_hp_gain":0.0,"max_hp_loss":0.0,"gold_gain":0.0,"event_name":"The Cleric","player_choice":"Card Removal","floor":12.0,"gold_loss":50.0,"damage_taken":0.0},{"cards_removed":["Strike_P"],"damage_healed":0.0,"max_hp_gain":0.0,"max_hp_loss":0.0,"gold_gain":0.0,"event_name":"Bonfire Elementals","player_choice":"Offered Basic","floor":24.0,"gold_loss":0.0,"damage_taken":0.0},{"cards_removed":["BowlingBash"],"damage_healed":0.0,"max_hp_gain":0.0,"max_hp_loss":0.0,"gold_gain":0.0,"event_name":"Falling","player_choice":"Removed Attack","floor":48.0,"gold_loss":0.0,"damage_taken":0.0}],"is_beta":false,"boss_relics":[{"not_picked":["SlaversCollar","Velvet Choker"],"picked":"HolyWater"},{"not_picked":["Runic Pyramid","Astrolabe"],"picked":"Tiny House"}],"items_purged_floors":[2,20,38],"is_endless":false,"potions_floor_spawned":[1,3,4,16,18,27,28,30,31,33,36,37,39,42,45],"killed_by":"The Heart","ascension_level":1}}