{"host":"q8mjpf3krl0t4p3x","time":1613642275,"event":{"mods":["BaseMod","Colored Map","Colored Powertips","Googly Eyes","Minty Spire (QoL Compilation)","Quick Restart","StSLib","everything is the same but u backflip on backflip","slay the spire mod where everything is the same but ironclad has a cowboy hat"],"gold_per_floor":[113,132,33,33,51,51,62,62,62,76,91,102,137,155,155,229,229,241,241,241,261,21,47,47,67,149,166,166,178,213,226,226,300,300,315,29,40,55,55,55,65,65,89,99,116,116,116,136,136,136,136],"floor_reached":50,"language":"ENG","playtime":1670,"items_purged":["Pommel Strike"],"score":1066,"play_id":"97851d4b-237a-415e-a3ea-d4e1e8bf320c","local_time":"20210218015755","is_ascension_mode":true,"campfire_choices":[{"data":"Wild Strike","floor":6.0,"key":"SMITH"},{"data":"Whirlwind","floor":15.0,"key":"SMITH"},{"data":"Flex","floor":24,"key":"SMITH"},{"data":"Flame Barrier","floor":32,"key":"SMITH"},{"data":"Feed","floor":40,"key":"SMITH"},{"floor":42,"key":"REST"},{"data":"Double Tap","floor":46,"key":"SMITH"},{"data":"Battle Trance","floor":49,"key":"SMITH"}],"circlet_count":0,"master_deck":["AscendersBane","Strike_R+1","Strike_R+1","Strike_R+1","Strike_R+1","Strike_R+1","Defend_R+1","Defend_R+1","Defend_R+1","Defend_R+1","Bash+1","Wild Strike+1","Hemokinesis+1","Anger+1","Battle Trance+1","Whirlwind+1","Flex+1","Double Tap+1","Immolate","Thunderclap","Flame Barrier+1","Feed+1","Spot Weakness+1"],"relics":["Black Blood","Ginger","Gambling Chip","Runic Dome","Brimstone","The Courier","Bottled Flame","Smiling Mask","ClockworkSouvenir","Pen Nib"],"acts_visited":["Exordium","TheCity","TheBeyond"],"potions_floor_usage":[27,33,33,37,38,50,50],"damage_taken":[{"damage":15.0,"enemies":"Small Slimes","floor":1.0,"turns":3.0},{"damage":8.0,"enemies":"2 Louse","floor":2.0,"turns":2.0},{"damage":0.0,"enemies":"Cultist","floor":5.0,"turns":3.0},{"damage":2.0,"enemies":"2 Fungi Beasts","floor":7.0,"turns":3.0},{"damage":2.0,"enemies":"3 Louse","floor":10.0,"turns":2.0},{"damage":3.0,"enemies":"Exordium Wildlife","floor":11.0,"turns":3.0},{"damage":4.0,"enemies":"Large Slime","floor":12.0,"turns":4.0},{"damage":16.0,"enemies":"3 Sentries","floor":13.0,"turns":5.0},{"damage":5.0,"enemies":"Looter","floor":14.0,"turns":2.0},{"damage":4,"enemies":"Slime Boss","floor":16,"turns":5},{"damage":8,"enemies":"Shell Parasite","floor":18,"turns":2},{"damage":6,"enemies":"Chosen","floor":21,"turns":3},{"damage":8,"enemies":"Slavers","floor":23,"turns":2},{"damage":0,"enemies":"Snake Plant","floor":25,"turns":1},{"damage":14,"enemies":"Chosen and Byrds","floor":27,"turns":2},{"damage":17,"enemies":"Centurion and Healer","floor":29,"turns":3},{"damage":37,"enemies":"Book of Stabbing","floor":30,"turns":4},{"damage":2,"enemies":"Sentry and Sphere","floor":31,"turns":2},{"damage":2,"enemies":"Collector","floor":33,"turns":6},{"damage":16,"enemies":"3 Shapes","floor":35,"turns":1},{"damage":6,"enemies":"3 Darklings","floor":37,"turns":3},{"damage":25,"enemies":"Spire Growth","floor":38,"turns":3},{"damage":16,"enemies":"4 Shapes","floor":41,"turns":1},{"damage":20,"enemies":"Sphere and 2 Shapes","floor":44,"turns":1},{"damage":0,"enemies":"Jaw Worm Horde","floor":45,"turns":1},{"damage":6,"enemies":"Spire Growth","floor":48,"turns":4},{"damage":100,"enemies":"Donu and Deca","floor":50,"turns":4}],"seed_played":"877026151846421593","potions_obtained":[{"floor":5.0,"key":"Weak Potion"},{"floor":10.0,"key":"LiquidBronze"},{"floor":12.0,"key":"BloodPotion"},{"floor":13.0,"key":"LiquidMemories"},{"floor":14.0,"key":"FairyPotion"},{"floor":25,"key":"Energy Potion"},{"floor":29,"key":"Explosive Potion"},{"floor":30,"key":"Dexterity Potion"},{"floor":41,"key":"LiquidMemories"},{"floor":44,"key":"Swift Potion"}],"is_trial":false,"path_per_floor":["M","M","$","?","M","R","M","?","T","M","M","M","E","M","R","B",null,"M","?","?","M","$","E","R","M","T","M","?","M","E","M","R","B",null,"M","$","M","M","?","R","M","R","T","M","M","R","?","M","R","B"],"character_chosen":"IRONCLAD","items_purchased":["Hemokinesis","Anger","Brimstone","Immolate","ClockworkSouvenir","DistilledChaos","Strength Potion"],"campfire_rested":1,"item_purchase_floors":[3,3,22,22,36,36,36],"current_hp_per_floor":[59,57,57,34,40,40,44,44,44,48,51,53,58,59,59,61,72,70,70,49,49,49,47,47,53,53,45,45,34,30,34,34,38,70,66,66,72,62,62,62,58,82,82,74,83,83,79,79,79,0,0],"gold":136,"neow_bonus":"UPGRADE_CARD","is_daily":false,"chose_seed":false,"campfire_upgraded":7,"win_rate":0.0,"timestamp":1613642275,"path_taken":["M","M","$","?","M","R","M","?","T","M","?","M","E","M","R","BOSS","M","?","?","M","$","E","R","M","T","?","?","M","E","M","R","BOSS","M","$","M","M","?","R","M","R","T","M","M","R","?","M","R","BOSS"],"items_purchased_type":["Card","Card","Relic","Card","Relic","Potion","Potion"],"build_version":"2020-12-22","purchased_purges":1,"victory":false,"max_hp_per_floor":[75,75,75,75,75,75,75,75,75,75,75,75,75,75,75,75,75,75,75,80,80,80,80,80,80,80,80,80,80,80,80,80,80,80,80,80,80,83,83,83,83,83,83,83,83,83,79,79,79,79,79],"card_choices":[{"not_picked":["Anger","True Grit"],"picked":"Wild Strike","floor":1.0},{"not_picked":["Sword Boomerang","Heavy Blade","Uppercut"],"picked":"SKIP","floor":2.0},{"not_picked":["Inflame","Sentinel"],"picked":"Battle Trance","floor":5.0},{"not_picked":["Sword Boomerang","Body Slam","Warcry"],"picked":"SKIP","floor":7.0},{"not_picked":["Demon Form","Power Through"],"picked":"Whirlwind","floor":10.0},{"not_picked":["Bloodletting","Dropkick","Warcry"],"picked":"SKIP","floor":11.0},{"not_picked":["Twin Strike","Havoc"],"picked":"Shrug It Off","floor":12.0},{"not_picked":["True Grit","Heavy Blade"],"picked":"Flex","floor":13.0},{"not_picked":["Bloodletting","True Grit","Sever Soul"],"picked":"SKIP","floor":14.0},{"not_picked":["Barricade","Berserk"],"picked":"Double Tap","floor":16},{"not_picked":["Iron Wave+1","Armaments","Flex"],"picked":"SKIP","floor":18},{"not_picked":["True Grit+1","Disarm"],"picked":"Pommel Strike","floor":21},{"not_picked":["Body Slam","Bloodletting","Pommel Strike"],"picked":"SKIP","floor":23},{"not_picked":["Cleave+1","Clothesline+1","Perfected Strike"],"picked":"SKIP","floor":25},{"not_picked":["Armaments","Disarm"],"picked":"Thunderclap","floor":27},{"not_picked":["Clash","Juggernaut"],"picked":"Flame Barrier","floor":29},{"not_picked":["Rupture","Entrench","Thunderclap"],"picked":"SKIP","floor":30},{"not_picked":["Wild Strike","Blood for Blood","Rupture"],"picked":"SKIP","floor":31},{"not_picked":["Reaper","Immolate"],"picked":"Feed","floor":33},{"not_picked":["Iron Wave+1","Shrug It Off+1"],"picked":"Spot Weakness+1","floor":35},{"not_picked":["Body Slam","Clothesline","Heavy Blade"],"picked":"SKIP","floor":37},{"not_picked":["Anger","Body Slam+1","True Grit"],"picked":"SKIP","floor":38},{"not_picked":["Sword Boomerang+1","Twin Strike","Evolve"],"picked":"SKIP","floor":41},{"not_picked":["Infernal Blade","Whirlwind","Combust+1"],"picked":"SKIP","floor":44},{"not_picked":["Body Slam","Flex","Immolate"],"picked":"SKIP","floor":45},{"not_picked":["Rampage+1","Dual Wield","Clothesline"],"picked":"SKIP","floor":48}],"player_experience":197823,"relics_obtained":[{"floor":9.0,"key":"Ginger"},{"floor":13.0,"key":"Gambling Chip"},{"floor":23,"key":"The Courier"},{"floor":26,"key":"Bottled Flame"},{"floor":30,"key":"Smiling Mask"},{"floor":43,"key":"Pen Nib"}],"event_choices":[{"damage_healed":0.0,"max_hp_gain":0.0,"max_hp_loss":0.0,"gold_gain":0.0,"event_name":"Shining Light","player_choice":"Entered Light","floor":4.0,"gold_loss":0.0,"damage_taken":23.0,"cards_upgraded":["Defend_R","Anger"]},{"damage_healed":0.0,"max_hp_gain":0.0,"max_hp_loss":0.0,"gold_gain":0.0,"event_name":"Upgrade Shrine","player_choice":"Upgraded","floor":8.0,"gold_loss":0.0,"damage_taken":0.0,"cards_upgraded":["Hemokinesis"]},{"damage_healed":0,"gold_gain":0,"player_choice":"Ignored","damage_taken":0,"max_hp_gain":0,"max_hp_loss":0,"event_name":"Beggar","floor":19,"gold_loss":0},{"damage_healed":0,"gold_gain":0,"player_choice":"Shed Blood","damage_taken":26,"max_hp_gain":5,"max_hp_loss":0,"event_name":"Forgotten Altar","floor":20,"gold_loss":0},{"damage_healed":0,"gold_gain":0,"player_choice":"Simplicity","damage_taken":0,"max_hp_gain":0,"max_hp_loss":0,"event_name":"Back to Basics","floor":28,"gold_loss":0,"cards_upgraded":["Strike_R","Strike_R","Strike_R","Strike_R","Strike_R","Defend_R","Defend_R","Defend_R"]},{"cards_removed":["Shrug It Off"],"damage_healed":0,"gold_gain":0,"player_choice":"Removed Skill","damage_taken":0,"max_hp_gain":0,"max_hp_loss":0,"event_name":"Falling","floor":39,"gold_loss":0},{"damage_healed":0,"gold_gain":0,"player_choice":"Max HP","damage_taken":0,"max_hp_gain":0,"max_hp_loss":4,"event_name":"Winding Halls","floor":47,"gold_loss":0}],"is_beta":false,"boss_relics":[{"not_picked":["Runic Cube","Empty Cage"],"picked":"Runic Dome"},{"not_picked":["Astrolabe","Sozu"],"picked":"Black Blood"}],"items_purged_floors":[36],"is_endless":false,"potions_floor_spawned":[5,10,11,12,13,14,23,25,29,30,41,44,45,48],"killed_by":"Donu and Deca","ascension_level":16}}