{"host":"qy1e0kd24tpj3i2m","time":1613648313,"event":{"mods":["Act Like it!","BaseMod","Better Skull","Better Vampires","Colored Map","Colored Powertips","Curses Come First","Custom Start","Displayed Cursed Tome","Extra Virgin Snecko Oil","Faster Ascension Climbing","Friendly Minions","GifTheSpireLib","Gremlin Skip","Highlight Path","Minty Spire (QoL Compilation)","Permanent Neow","Poor People Problems","Quick Restart","Red Circlet Mod","Relic Filter Mod","Relic Sorter","Reorder Act Four","SacredBarkPlus","Shop Mod","StSLib","SuperFastMode","Transform Curses","没有小屋子和绿帽子啦"],"gold_per_floor":[112,112,17,82,98,98,117,117,117,42,70,70,98,148,148,148,148],"floor_reached":16,"language":"ZHS","playtime":592,"items_purged":["Dualcast"],"score":266,"play_id":"2005286a-0622-4bbb-adee-c45dbb432d20","local_time":"20210218203833","is_ascension_mode":true,"campfire_choices":[{"data":"Bandage Up","floor":6,"key":"SMITH"},{"data":"Self Repair","floor":8,"key":"SMITH"},{"data":"BootSequence","floor":12,"key":"SMITH"},{"floor":15,"key":"RECALL"}],"circlet_count":0,"master_deck":["AscendersBane","Strike_B","Strike_B","Strike_B","Strike_B","Defend_B","Defend_B","Defend_B","Defend_B","Zap","CurseOfTheBell","Self Repair+1","Bandage Up+1","Sunder+1","Beam Cell+1","BootSequence+1","FTL+1"],"relics":["Calling Bell","Bag of Marbles","Molten Egg 2","FossilizedHelix","SsserpentHead","Ornamental Fan","Prayer Wheel","Question Card","Golden Idol"],"acts_visited":["Exordium"],"potions_floor_usage":[7,11,13],"damage_taken":[{"damage":10,"enemies":"Small Slimes","floor":1,"turns":4},{"damage":0,"enemies":"Cultist","floor":4,"turns":3},{"damage":0,"enemies":"Jaw Worm","floor":5,"turns":3},{"damage":7,"enemies":"Large Slime","floor":7,"turns":5},{"damage":0,"enemies":"Gremlin Nob","floor":11,"turns":2},{"damage":45,"enemies":"Lagavulin","floor":13,"turns":8},{"damage":15,"enemies":"Slime Boss","floor":16,"turns":9}],"seed_played":"-3320052635044789207","potions_obtained":[{"floor":5,"key":"Weak Potion"},{"floor":7,"key":"LiquidMemories"},{"floor":11,"key":"Ancient Potion"},{"floor":13,"key":"Strength Potion"}],"is_trial":false,"path_per_floor":["M","?","$","M","M","R","M","R","T","$","E","R","E","?","R","B"],"character_chosen":"DEFECT","items_purchased":["Bandage Up"],"campfire_rested":0,"item_purchase_floors":[3],"current_hp_per_floor":[54,54,54,65,71,71,71,71,71,71,71,71,42,42,42,33,33],"gold":148,"neow_bonus":"BOSS_RELIC","is_daily":false,"chose_seed":false,"campfire_upgraded":3,"win_rate":0.0,"timestamp":1613648313,"path_taken":["M","?","$","?","M","R","M","R","T","$","E","R","E","?","R","BOSS"],"items_purchased_type":["Card"],"build_version":"2020-12-22","purchased_purges":1,"victory":false,"max_hp_per_floor":[71,71,71,71,71,71,71,71,71,71,71,71,71,64,64,64,64],"card_choices":[{"not_picked":["Recycle","Lockon+1"],"picked":"Self Repair","floor":1},{"not_picked":["Rebound+1","Cold Snap+1"],"picked":"Sunder+1","floor":4},{"not_picked":["Cold Snap+1","Hologram"],"picked":"Beam Cell+1","floor":5},{"not_picked":["Force Field","Steam","Cold Snap+1"],"picked":"SKIP","floor":7},{"not_picked":["Streamline+1","Recycle"],"picked":"BootSequence","floor":11},{"not_picked":["Glacier","Hello World"],"picked":"FTL+1","floor":13}],"player_experience":905170,"relics_obtained":[{"floor":0,"key":"Bag of Marbles"},{"floor":0,"key":"Molten Egg 2"},{"floor":0,"key":"FossilizedHelix"},{"floor":9,"key":"Ornamental Fan"},{"floor":11,"key":"Prayer Wheel"},{"floor":13,"key":"Question Card"}],"event_choices":[{"damage_healed":0,"gold_gain":0,"player_choice":"Trade","damage_taken":0,"relics_obtained":["SsserpentHead"],"max_hp_gain":0,"max_hp_loss":0,"event_name":"FaceTrader","floor":2,"gold_loss":0},{"damage_healed":0,"gold_gain":0,"player_choice":"Lose Max HP","damage_taken":0,"relics_obtained":["Golden Idol"],"max_hp_gain":0,"max_hp_loss":7,"event_name":"Golden Idol","floor":14,"gold_loss":0}],"is_beta":false,"boss_relics":[],"items_purged_floors":[10],"is_endless":false,"potions_floor_spawned":[5,7,11,13],"killed_by":"Slime Boss","ascension_level":20}}