{"host":"dhk5e65fhht6ttq3","time":1613625882,"event":{"mods":["BaseMod","Lobotomy","LobotomyExtend","Minty Spire (QoL Compilation)","Replay The Spire","StSLib","[IsaacMod]ÒÔÈö¼âËþ"],"gold_per_floor":[118,135,135,147,17,17,17,49,75,75,75,90,140,153,153,257,257,268,285,225,45,61,96,96,130,154,79,90,90,117,137,137,233,233,252,252,302,320,320,348,348,376,376,376,396,166,182,38,38,38],"floor_reached":51,"language":"ZHS","playtime":6777,"items_purged":["BigBird","Woodsman","SnowQueen"],"score":738,"play_id":"e917bb0f-ef95-4fae-8c3b-474ac108ed62","local_time":"20210218132442","is_ascension_mode":false,"campfire_choices":[{"data":"Flex","floor":6.0,"key":"SMITH"},{"data":"Strike_R","floor":11.0,"key":"SMITH"},{"data":"Body Slam","floor":15.0,"key":"SMITH"},{"data":"Replay:Many Hands","floor":24.0,"key":"SMITH"},{"data":"Body Slam","floor":29.0,"key":"SMITH"},{"data":"NothingThere","floor":32.0,"key":"PURGE"},{"data":"Demonic Infusion","floor":41.0,"key":"SMITH"},{"data":"Flame Barrier","floor":44.0,"key":"SMITH"},{"data":"Enlightenment","floor":49.0,"key":"SMITH"}],"circlet_count":0,"master_deck":["Strike_R","Strike_R","Defend_R+1","Defend_R","Defend_R+1","Bash+1","MeatLantern","Flex+1","LongBird","OldLady","FieryBird","GreedKing","Replay:Many Hands+1","BlueStar","Shrug It Off+1","Power Through","ReplayTheSpireMod:Stacked","Body Slam+1","Flame Barrier+1","Feel No Pain","SingingMachine","BlackSwan","Demonic Infusion+1","QueenOfHatred","DespairKnight","Flame Barrier+1","Murderer","Yin","Ghostly Armor","Berserk","ReplayTheSpireMod:Brewmster","Enlightenment+1"],"relics":["Burning Blood","HushsDoor","NineVolt","CogitoBucket","LetterFromLob","Blood Vial","Gaze_r","YumHeart","ReplayTheSpireMod:Spearhead","SatanicBible","Pet Ghost","MagicMushroom","Simple Rune","Smiling Mask","Strawberry","FleshIdol","Gremlin Food","Mark of Pain","Du-Vu Doll","AtMidnight","Red Skull","Divine Protection","BlankCard","Replay:Bottled Steam","Yang_Lob"],"acts_visited":["Exordium","TheCity","TheBeyond"],"potions_floor_usage":[50,50],"damage_taken":[{"damage":0.0,"enemies":"2 Louse","floor":1.0,"turns":3.0},{"damage":0.0,"enemies":"Small Slimes","floor":2.0,"turns":1.0},{"damage":1.0,"enemies":"Jaw Worm","floor":4.0,"turns":4.0},{"damage":33.0,"enemies":"Looter","floor":7.0,"turns":5.0},{"damage":6.0,"enemies":"Gremlin Nob","floor":8.0,"turns":4.0},{"damage":1.0,"enemies":"Looter","floor":12.0,"turns":3.0},{"damage":19.0,"enemies":"Hiden Room Battle","floor":13.0,"turns":6.0},{"damage":4.0,"enemies":"Large Slime","floor":14.0,"turns":1.0},{"damage":122.0,"enemies":"Slime Boss","floor":16.0,"turns":11.0},{"damage":0.0,"enemies":"Chosen","floor":18.0,"turns":3.0},{"damage":0.0,"enemies":"3 Byrds","floor":19.0,"turns":3.0},{"damage":0.0,"enemies":"Centurion and Healer","floor":22.0,"turns":5.0},{"damage":0.0,"enemies":"Gremlin Leader","floor":23.0,"turns":3.0},{"damage":24.0,"enemies":"Slavers","floor":25.0,"turns":2.0},{"damage":4.0,"enemies":"Sentry and Sphere","floor":28.0,"turns":4.0},{"damage":0.0,"enemies":"Book of Stabbing","floor":30.0,"turns":3.0},{"damage":0.0,"enemies":"Shelled Parasite and Fungi","floor":31.0,"turns":3.0},{"damage":78.0,"enemies":"Champ","floor":33.0,"turns":8.0},{"damage":52.0,"enemies":"3 Shapes","floor":35.0,"turns":3.0},{"damage":7.0,"enemies":"Mind Bloom Boss Battle","floor":37.0,"turns":6.0},{"damage":0.0,"enemies":"Orb Walker","floor":38.0,"turns":8.0},{"damage":0.0,"enemies":"Reptomancer","floor":40.0,"turns":7.0},{"damage":0.0,"enemies":"R_Hoarder","floor":42.0,"turns":8.0},{"damage":0.0,"enemies":"Sphere and 2 Shapes","floor":45.0,"turns":5.0},{"damage":0.0,"enemies":"Spire Growth","floor":47.0,"turns":5.0},{"damage":0,"enemies":"Replay:Hell Engine","floor":50,"turns":7}],"seed_played":"5356635862985806073","potions_obtained":[{"floor":1.0,"key":"FairyPotion"},{"floor":4.0,"key":"LifebloodPotion"},{"floor":12.0,"key":"Strength Potion"},{"floor":14.0,"key":"Swift Potion"},{"floor":19.0,"key":"Venom Potion"},{"floor":30.0,"key":"GamblersBrew"},{"floor":31.0,"key":"ElixirPotion"},{"floor":35.0,"key":"Adrenaline Potion"},{"floor":42.0,"key":"BlessingOfTheForge"},{"floor":47.0,"key":"Elixir"}],"is_trial":false,"path_per_floor":["M","M","?","M","$","R","M","E","T","?","R","M","?","M","R","B",null,"M","M","?","$","M","E","R","E","T","?","M","R","E","M","R","B",null,"M","?","?","M","?","E","R","E","T","R","M","$","M","$","R","B",null],"character_chosen":"IRONCLAD","items_purchased":["Bandage Up","Flex","Shrug It Off+1","Power Through","ReplayTheSpireMod:Brewmster","Enlightenment"],"campfire_rested":0,"item_purchase_floors":[5,5,21,21,46,48],"current_hp_per_floor":[80,80,68,75,75,75,56,60,60,60,60,68,59,65,65,29,87,87,87,87,87,87,87,87,70,77,77,85,85,94,94,94,28,94,74,74,84,89,74,89,89,89,89,89,89,89,89,89,89,89],"gold":38,"neow_bonus":"","is_daily":false,"chose_seed":false,"campfire_upgraded":8,"win_rate":0.0,"timestamp":1613625882,"path_taken":["M","M","?","M","$","R","M","E","T","?","R","M","?","M","R","BOSS","M","M","?","$","M","E","R","E","T","?","M","R","E","M","R","BOSS","M","?","?","?","?","E","R","E","T","R","M","$","M","$","R","BOSS"],"items_purchased_type":["Card","Card","Card","Card","Card","Card"],"build_version":"2020-12-22","purchased_purges":3,"victory":true,"max_hp_per_floor":[80,80,80,80,80,80,80,80,80,80,80,80,80,80,80,80,87,87,87,87,87,87,87,87,87,94,94,94,94,94,94,94,94,94,94,89,89,89,89,89,89,89,89,89,89,89,89,89,89,89],"card_choices":[{"not_picked":[],"picked":"Bomb","floor":0.0},{"not_picked":["CherryBlossoms","WallGazer"],"picked":"MeatLantern","floor":1.0},{"not_picked":["Intimidate","Twin Strike","Sword Boomerang"],"picked":"SKIP","floor":1.0},{"not_picked":["WallGazer","OSAHOGD","HappyTeddy"],"picked":"Singing Bowl","floor":2.0},{"not_picked":["Bloodbath","OSAHOGD"],"picked":"BigBird","floor":2.0},{"not_picked":["Thunderclap","ReplayTheSpireMod:LeadingStrike"],"picked":"Shrug It Off","floor":2.0},{"not_picked":["WhitesApple","OSAHOGD","PunishingBird"],"picked":"Singing Bowl","floor":4.0},{"not_picked":["BigBadWolf","SpiderBud"],"picked":"Funeral","floor":4.0},{"not_picked":["Inflame","Twin Strike","Warcry"],"picked":"SKIP","floor":4.0},{"not_picked":["Inflame","Twin Strike","Warcry"],"picked":"SKIP","floor":4.0},{"not_picked":["Murderer","BeautyBeast","WallGazer"],"picked":"Singing Bowl","floor":8.0},{"not_picked":["Murderer","Wellcheers"],"picked":"LongBird","floor":8.0},{"not_picked":["Reckless Charge","Blood for Blood"],"picked":"Bomb","floor":8.0},{"not_picked":["DreamingCurrent","PunishingBird","SingingMachine"],"picked":"Singing Bowl","floor":12.0},{"not_picked":["Carnage","Clothesline","Flex"],"picked":"SKIP","floor":12.0},{"not_picked":["MHz","VoidDream"],"picked":"OldLady","floor":13.0},{"not_picked":["Bomb","Iron Wave"],"picked":"Body Slam","floor":14.0},{"not_picked":["GalaxyChild","Murderer"],"picked":"FieryBird","floor":14.0},{"not_picked":["CrumblingArmor","SingingMachine"],"picked":"GreedKing","floor":16.0},{"not_picked":["Eclipse","Demon Form"],"picked":"Replay:Many Hands","floor":16.0},{"not_picked":["Flex+1","Iron Wave+1","Twin Strike"],"picked":"SKIP","floor":18.0},{"not_picked":["UniverseFragment","HeroicMonk"],"picked":"BlueStar","floor":19.0},{"not_picked":["Flex","Dual Wield","ReplayTheSpireMod:Limb From Limb"],"picked":"SKIP","floor":19.0},{"not_picked":["Flex","Dual Wield","ReplayTheSpireMod:Limb From Limb"],"picked":"SKIP","floor":19.0},{"not_picked":["Murderer","CherryBlossoms"],"picked":"BlackSwan","floor":22.0},{"not_picked":["Whirlwind","Run Through","True Grit+1"],"picked":"SKIP","floor":22.0},{"not_picked":["Whirlwind","Run Through","True Grit+1"],"picked":"SKIP","floor":22.0},{"not_picked":["Rupture","Headbutt"],"picked":"ReplayTheSpireMod:Stacked","floor":23.0},{"not_picked":["Twin Strike","Inflame+1"],"picked":"Body Slam","floor":25.0},{"not_picked":["FairyFestival","UniverseFragment"],"picked":"NothingThere","floor":28.0},{"not_picked":["Perfected Strike","Dark Embrace"],"picked":"Flame Barrier","floor":28.0},{"not_picked":["Body Slam","Dropkick"],"picked":"Feel No Pain","floor":30.0},{"not_picked":["Porccubus","BodiesMountain"],"picked":"SingingMachine","floor":31.0},{"not_picked":["Perfected Strike+1","Clash","Headbutt+1"],"picked":"SKIP","floor":31.0},{"not_picked":["Alriune","Scarecrow"],"picked":"BlackSwan","floor":33.0},{"not_picked":["Reaper","Impervious"],"picked":"Demonic Infusion","floor":33.0},{"not_picked":["Variant","WhitesApple"],"picked":"QueenOfHatred","floor":35.0},{"not_picked":["Flex","Run Through+1","Heavy Blade+1"],"picked":"SKIP","floor":35.0},{"not_picked":["Flex","Run Through+1","Heavy Blade+1"],"picked":"SKIP","floor":35.0},{"not_picked":["Mercenary","Woodsman"],"picked":"DespairKnight","floor":37.0},{"not_picked":["Abandon","Run Through"],"picked":"Flame Barrier+1","floor":37.0},{"not_picked":["WallGazer","Freischutz"],"picked":"Woodsman","floor":38.0},{"not_picked":["Disarm+1","Clothesline","Havoc+1"],"picked":"SKIP","floor":38.0},{"not_picked":["Funeral","CrumblingArmor"],"picked":"Murderer","floor":40.0},{"not_picked":["Headbutt","Sword Boomerang","Rage+1"],"picked":"SKIP","floor":40.0},{"not_picked":["Headbutt","Sword Boomerang","Rage+1"],"picked":"SKIP","floor":40.0},{"not_picked":["VoidDream","Scorched","Funeral"],"picked":"Singing Bowl","floor":42.0},{"not_picked":["CherryBlossoms","SnowQueen"],"picked":"Yin","floor":42.0},{"not_picked":["Heavy Blade+1","Demon Form"],"picked":"Ghostly Armor","floor":42.0},{"not_picked":["ReplayTheSpireMod:Limb From Limb","Whirlwind+1"],"picked":"Berserk","floor":45.0},{"not_picked":["Funeral","WhitesApple"],"picked":"SnowQueen","floor":47.0},{"not_picked":["Run Through","Intimidate","ReplayTheSpireMod:Strike From Hell"],"picked":"SKIP","floor":47.0},{"not_picked":["Run Through","Intimidate","ReplayTheSpireMod:Strike From Hell"],"picked":"SKIP","floor":47.0}],"player_experience":982975,"relics_obtained":[{"floor":1.0,"key":"LetterFromLob"},{"floor":8.0,"key":"YumHeart"},{"floor":9.0,"key":"ReplayTheSpireMod:Spearhead"},{"floor":13.0,"key":"SatanicBible"},{"floor":13.0,"key":"Pet Ghost"},{"floor":23.0,"key":"Simple Rune"},{"floor":25.0,"key":"Smiling Mask"},{"floor":26.0,"key":"Strawberry"},{"floor":30.0,"key":"Gremlin Food"},{"floor":37.0,"key":"Du-Vu Doll"},{"floor":38.0,"key":"AtMidnight"},{"floor":40.0,"key":"Divine Protection"},{"floor":42.0,"key":"BlankCard"},{"floor":43.0,"key":"Replay:Bottled Steam"}],"event_choices":[{"damage_healed":0.0,"max_hp_gain":0.0,"max_hp_loss":0.0,"gold_gain":0.0,"event_name":"Scrap Ooze","player_choice":"Success","floor":3.0,"gold_loss":0.0,"damage_taken":12.0,"relics_obtained":["Blood Vial"]},{"damage_healed":0.0,"max_hp_gain":0.0,"max_hp_loss":0.0,"gold_gain":0.0,"event_name":"Living Wall","player_choice":"Grow","floor":10.0,"gold_loss":0.0,"damage_taken":0.0,"cards_upgraded":["Bash"]},{"damage_healed":0.0,"max_hp_gain":0.0,"max_hp_loss":0.0,"gold_gain":0.0,"event_name":"HidenRoomEvent","player_choice":"Fight","floor":13.0,"gold_loss":0.0,"damage_taken":0.0},{"cards_removed":["Strike_R"],"damage_healed":0.0,"max_hp_gain":0.0,"max_hp_loss":0.0,"gold_gain":0.0,"event_name":"Designer","player_choice":"Single Remove","floor":20.0,"gold_loss":60.0,"damage_taken":0.0},{"cards_removed":["Strike_R"],"damage_healed":0.0,"max_hp_gain":0.0,"max_hp_loss":0.0,"gold_gain":0.0,"event_name":"Beggar","player_choice":"Gave Gold","floor":27.0,"gold_loss":75.0,"damage_taken":0.0},{"damage_healed":0.0,"max_hp_gain":0.0,"max_hp_loss":5.0,"gold_gain":0.0,"event_name":"Winding Halls","player_choice":"Max HP","floor":36.0,"gold_loss":0.0,"damage_taken":0.0},{"damage_healed":0.0,"max_hp_gain":0.0,"max_hp_loss":0.0,"gold_gain":0.0,"event_name":"MindBloom","player_choice":"Fight","floor":37.0,"gold_loss":0.0,"damage_taken":0.0}],"is_beta":false,"boss_relics":[{"not_picked":["Replay:Drink Me","Runic Dome"],"picked":"MagicMushroom"},{"not_picked":[]},{"not_picked":["Runic Cube","Astrolabe"],"picked":"Mark of Pain"},{"not_picked":[]}],"items_purged_floors":[21,46,48],"is_endless":false,"potions_floor_spawned":[1,4,7,12,14,19,30,31,35,42,47],"ascension_level":0}}