{"host":"x5yhywqzhy6atib3","time":1613667665,"event":{"mods":["BaseMod","Colored Map","Colored Powertips","DeckTracker","Highlight Path","Minty Spire (QoL Compilation)","Rare Cards Sparkle","Replay The Spire","StSLib"],"gold_per_floor":[114,114,134,134,149,174,174,205,254,271,34,45,45,64,64,169,169,189,68,85,98,118,135,135,145,145,159,190,81,93,112,112,213,213,230,280,299,310,310,310,323,323,323,335,25,25,37,72,72,72,72],"floor_reached":50,"language":"KOR","playtime":5664,"items_purged":["ReplayTheSpireMod:Splinters","Overencumbered"],"score":586,"play_id":"bc2d1d58-b8dd-4bb3-b95e-e250af4d453f","local_time":"20210218180105","is_ascension_mode":true,"campfire_choices":[{"floor":7,"key":"REST"},{"floor":15,"key":"REST"},{"data":"Backflip","floor":24,"key":"SMITH"},{"floor":32,"key":"REST"},{"floor":40,"key":"REST"},{"floor":42,"key":"REST"},{"floor":46,"key":"REST"},{"floor":49,"key":"REST"}],"circlet_count":0,"master_deck":["Strike_G","Strike_G+1","Strike_G","Strike_G","Defend_G","Defend_G","Defend_G","Defend_G","Defend_G","Survivor","Neutralize","Finisher+1","Slice","Deflect","Dagger Spray+1","Flechettes","Quick Slash","Bandage Up","Backstab","Dagger Throw","Night Terror","Dagger Throw+1","Backflip+1","Dash","Blur+1","Prepared+1","ReplayTheSpireMod:The Works","Replay:Poison Smokescreen+1","Infinite Blades","Acrobatics+1","Sucker Punch+1","Secret Technique+1","Atom Bomb","Blur","Poisoned Stab","Underhanded Strike","Sneak Up+1","Acrobatics","Slice","ReplayTheSpireMod:Uncanny Aura","Noxious Fumes","Toxin Wave"],"relics":["Ring of the Snake","NeowsBlessing","Replay:Bottled Snecko","Whetstone","Strawberry","HandDrill","Ring of Misfortune","Ring of Hypnosis","Busted Crown","Pantograph","MawBank","ReplayTheSpireMod:CursedCoin","Ring of Chaos","TungstenRod","Onion Ring","BargainBundle","Replay:Mystery Machine"],"acts_visited":["Exordium","TheCity","TheBeyond"],"potions_floor_usage":[6,16,16,16,23,31,33,33,44,47,47,50,50],"damage_taken":[{"damage":0,"enemies":"Small Slimes","floor":1,"turns":1},{"damage":0,"enemies":"Cultist","floor":3,"turns":1},{"damage":0,"enemies":"2 Louse","floor":5,"turns":1},{"damage":48,"enemies":"Lagavulin","floor":6,"turns":11},{"damage":18,"enemies":"Gremlin Nob","floor":8,"turns":4},{"damage":14,"enemies":"Exordium Wildlife","floor":10,"turns":3},{"damage":10,"enemies":"Red Slaver","floor":12,"turns":5},{"damage":0,"enemies":"3 Louse","floor":14,"turns":1},{"damage":20,"enemies":"Fading Forest","floor":16,"turns":11},{"damage":0,"enemies":"Spheric Guardian","floor":18,"turns":3},{"damage":0,"enemies":"Shell Parasite","floor":20,"turns":4},{"damage":0,"enemies":"Chosen and Byrds","floor":21,"turns":5},{"damage":17,"enemies":"Shelled Parasite and Fungi","floor":22,"turns":5},{"damage":0,"enemies":"Snecko","floor":25,"turns":2},{"damage":0,"enemies":"Centurion and Healer","floor":27,"turns":5},{"damage":22,"enemies":"Gremlin Leader","floor":28,"turns":6},{"damage":8,"enemies":"Snake Plant","floor":30,"turns":4},{"damage":13,"enemies":"Snecko","floor":31,"turns":5},{"damage":15,"enemies":"Collector","floor":33,"turns":8},{"damage":45,"enemies":"3 Darklings","floor":35,"turns":4},{"damage":4,"enemies":"Mind Bloom Boss Battle","floor":36,"turns":5},{"damage":0,"enemies":"Orb Walker","floor":37,"turns":3},{"damage":43,"enemies":"Spire Growth","floor":38,"turns":6},{"damage":12,"enemies":"Jaw Worm Horde","floor":41,"turns":3},{"damage":73,"enemies":"Writhing Mass","floor":44,"turns":7},{"damage":6,"enemies":"Transient","floor":47,"turns":5},{"damage":28,"enemies":"Nemesis","floor":48,"turns":9},{"damage":71,"enemies":"Replay:Hell Engine","floor":50,"turns":6}],"seed_played":"-6764996739646368904","potions_obtained":[{"floor":5,"key":"Elixir"},{"floor":8,"key":"Block Potion"},{"floor":10,"key":"Weak Potion"},{"floor":12,"key":"PowerPotion"},{"floor":16,"key":"Dexterity Potion"},{"floor":20,"key":"PowerPotion"},{"floor":23,"key":"BlessingOfTheForge"},{"floor":23,"key":"Fruit Juice"},{"floor":23,"key":"Regen Potion"},{"floor":35,"key":"Elixir"},{"floor":38,"key":"SkillPotion"},{"floor":48,"key":"Cursed Concoction"}],"is_trial":false,"path_per_floor":["M","?","M","?","M","E","R","E","T","M","$","M","?","M","R","B",null,"M","$","M","M","M","?","R","M","T","M","E","$","M","M","R","B",null,"M","?","M","M","?","R","M","R","T","M","$","R","M","E","R","B"],"character_chosen":"THE_SILENT","items_purchased":["HandDrill","Bandage Up","Backflip","Dash","ReplayTheSpireMod:CursedCoin","Secret Technique","BargainBundle","Acrobatics","AttackPotion","AttackPotion","Slice","ReplayTheSpireMod:Uncanny Aura","Noxious Fumes"],"campfire_rested":7,"item_purchase_floors":[11,11,19,19,29,29,45,45,45,45,45,45,45],"current_hp_per_floor":[70,70,70,70,70,22,43,25,32,18,18,12,12,12,35,29,77,77,77,77,77,64,69,69,73,73,77,59,59,55,58,82,67,82,41,66,70,31,31,55,47,71,71,14,14,38,36,12,36,0,0],"gold":72,"neow_bonus":"THREE_ENEMY_KILL","is_daily":false,"chose_seed":false,"campfire_upgraded":1,"win_rate":0.0,"timestamp":1613667665,"path_taken":["M","?","?","?","M","E","R","E","T","?","?","M","?","M","R","BOSS","M","$","M","M","M","?","R","?","T","M","E","$","M","M","R","BOSS","M","?","M","M","?","R","M","R","T","M","$","R","?","E","R","BOSS"],"items_purchased_type":["Relic","Card","Card","Card","Relic","Card","Relic","Card","Potion","Potion","Card","Card","Card"],"build_version":"2020-12-22","purchased_purges":2,"victory":false,"max_hp_per_floor":[70,70,70,70,70,70,70,70,77,77,77,77,77,77,77,77,77,77,77,77,77,77,82,82,82,82,82,82,82,82,82,82,82,82,82,82,82,82,82,82,82,82,82,82,82,82,82,82,82,82,82],"card_choices":[{"not_picked":["Sucker Punch","Bane"],"picked":"Finisher","floor":1},{"not_picked":["ReplayTheSpireMod:Tripwire","Dodge and Roll"],"picked":"Slice","floor":3},{"not_picked":["Escape Plan","Prepared"],"picked":"Deflect","floor":5},{"not_picked":["Underhanded Strike","A Thousand Cuts"],"picked":"Dagger Spray","floor":6},{"not_picked":["Underhanded Strike","Bane"],"picked":"Flechettes","floor":8},{"not_picked":["Slice","Masterful Stab"],"picked":"Quick Slash","floor":10},{"not_picked":["Slice","Poisoned Stab"],"picked":"Backstab","floor":12},{"not_picked":["Outmaneuver","Blade Dance"],"picked":"Dagger Throw","floor":14},{"not_picked":["Unload","Poison Darts"],"picked":"Night Terror","floor":16},{"not_picked":[],"picked":"Dagger Throw+1","floor":18},{"not_picked":[],"picked":"Blur+1","floor":20},{"not_picked":[],"picked":"Prepared+1","floor":21},{"not_picked":[],"picked":"ReplayTheSpireMod:The Works","floor":22},{"not_picked":[],"picked":"Replay:Poison Smokescreen+1","floor":23},{"not_picked":[],"picked":"Infinite Blades","floor":25},{"not_picked":[],"picked":"Acrobatics+1","floor":27},{"not_picked":[],"picked":"Sucker Punch+1","floor":28},{"not_picked":["Bane"],"picked":"SKIP","floor":30},{"not_picked":["Deadly Poison"],"picked":"SKIP","floor":31},{"not_picked":[],"picked":"Atom Bomb","floor":33},{"not_picked":["Bane"],"picked":"SKIP","floor":35},{"not_picked":[],"picked":"Blur","floor":36},{"not_picked":[],"picked":"Poisoned Stab","floor":37},{"not_picked":["Crippling Poison"],"picked":"SKIP","floor":38},{"not_picked":[],"picked":"Underhanded Strike","floor":41},{"not_picked":[],"picked":"Sneak Up+1","floor":44},{"not_picked":["Dodge and Roll"],"picked":"SKIP","floor":47},{"not_picked":[],"picked":"Toxin Wave","floor":48}],"player_experience":30887,"relics_obtained":[{"floor":6,"key":"Replay:Bottled Snecko"},{"floor":8,"key":"Whetstone"},{"floor":9,"key":"Strawberry"},{"floor":13,"key":"Ring of Misfortune"},{"floor":13,"key":"Ring of Hypnosis"},{"floor":26,"key":"Pantograph"},{"floor":28,"key":"MawBank"},{"floor":36,"key":"TungstenRod"},{"floor":43,"key":"Onion Ring"},{"floor":48,"key":"Replay:Mystery Machine"}],"event_choices":[{"damage_healed":0,"gold_gain":0,"player_choice":"Upgraded","damage_taken":0,"max_hp_gain":0,"max_hp_loss":0,"event_name":"Upgrade Shrine","floor":2,"gold_loss":0,"cards_upgraded":["Finisher"]},{"cards_removed":["Strike_G"],"damage_healed":0,"gold_gain":0,"player_choice":"Offered Basic","damage_taken":0,"max_hp_gain":0,"max_hp_loss":0,"event_name":"Bonfire Elementals","floor":4,"gold_loss":0},{"damage_healed":0,"gold_gain":0,"player_choice":"Fight","damage_taken":0,"max_hp_gain":0,"max_hp_loss":0,"event_name":"MindBloom","floor":36,"gold_loss":0},{"damage_healed":0,"gold_gain":0,"player_choice":"Forge","damage_taken":0,"max_hp_gain":0,"max_hp_loss":0,"event_name":"Accursed Blacksmith","floor":39,"gold_loss":0,"cards_upgraded":["Secret Technique"]}],"is_beta":false,"boss_relics":[{"not_picked":["Cursed Key","Honey Jar"],"picked":"Busted Crown"},{"not_picked":["Ring of the Serpent","SlaversCollar"],"picked":"Ring of Chaos"}],"items_purged_floors":[29,45],"is_endless":false,"potions_floor_spawned":[5,8,10,12,14,16,20,25,27,28,30,35,38,48],"killed_by":"Replay:Hell Engine","ascension_level":2}}