{"host":"y0xh955wy0xwdoys","time":1613626593,"event":{"mods":["AchievementEnabler","BaseMod","Colored Powertips","Minty Spire (QoL Compilation)","Relic Sorter"],"gold_per_floor":[116,37,51,130,130,155,155,167,167,167,167,167,186,214,214,319,319,336,350,350,368,206,206,232,242,266,266,278,377,277,277,277,372,372,389,407,407,131,145,145,161,188,211,61,0,0,0,16,16,16,16],"floor_reached":50,"language":"ENG","playtime":4059,"items_purged":["Blizzard","Strike_B","Redo","Strike_B"],"score":498,"play_id":"c5a9ca3e-ce4b-4c7f-901c-9c8081e025a4","local_time":"20210217213633","is_ascension_mode":false,"campfire_choices":[{"floor":7,"key":"REST"},{"data":"Redo","floor":10,"key":"SMITH"},{"floor":12,"key":"REST"},{"floor":15,"key":"REST"},{"floor":23,"key":"REST"},{"floor":27,"key":"REST"},{"floor":32,"key":"REST"},{"floor":40,"key":"REST"},{"data":"Double Energy","floor":46,"key":"SMITH"},{"data":"Electrodynamics","floor":49,"key":"SMITH"}],"circlet_count":0,"master_deck":["Strike_B+1","Strike_B+1","Defend_B","Defend_B","Defend_B","Zap","Dualcast","Redo+1","Hello World","Ball Lightning","Sweeping Beam","Leap","Genetic Algorithm","Multi-Cast","Redo+1","Chaos+1","Coolheaded","Static Discharge","Conserve Battery","Double Energy+1","White Noise+1","Conserve Battery+1","Electrodynamics+1","Core Surge","Go for the Eyes+1","Doom and Gloom"],"relics":["Cracked Core","Potion Belt","Meat on the Bone","Juzu Bracelet","Whetstone","White Beast Statue","HornCleat","Black Star","Omamori","Orichalcum","PreservedInsect","Anchor","Calling Bell","Dream Catcher","Eternal Feather","Shovel","HandDrill","Pen Nib","Toy Ornithopter","Happy Flower","Red Mask"],"acts_visited":["Exordium","TheCity","TheBeyond"],"potions_floor_usage":[16,21,21,24,25,25,33,33,39,39,39,39,42,42,42,42,42,42,50,50,50],"damage_taken":[{"damage":1,"enemies":"Cultist","floor":1,"turns":3},{"damage":11,"enemies":"Jaw Worm","floor":3,"turns":3},{"damage":25,"enemies":"Gremlin Nob","floor":6,"turns":4},{"damage":8,"enemies":"2 Louse","floor":8,"turns":2},{"damage":10,"enemies":"Looter","floor":13,"turns":2},{"damage":34,"enemies":"3 Sentries","floor":14,"turns":5},{"damage":55,"enemies":"Hexaghost","floor":16,"turns":11},{"damage":12,"enemies":"Spheric Guardian","floor":18,"turns":4},{"damage":0,"enemies":"Chosen","floor":19,"turns":4},{"damage":21,"enemies":"Snake Plant","floor":21,"turns":3},{"damage":51,"enemies":"Slavers","floor":24,"turns":5},{"damage":4,"enemies":"Centurion and Healer","floor":25,"turns":13},{"damage":0,"enemies":"Snecko","floor":28,"turns":7},{"damage":102,"enemies":"Automaton","floor":33,"turns":14},{"damage":32,"enemies":"3 Darklings","floor":35,"turns":7},{"damage":2,"enemies":"3 Shapes","floor":36,"turns":5},{"damage":15,"enemies":"Writhing Mass","floor":39,"turns":5},{"damage":32,"enemies":"Jaw Worm Horde","floor":41,"turns":5},{"damage":8,"enemies":"Reptomancer","floor":42,"turns":5},{"damage":0,"enemies":"4 Shapes","floor":48,"turns":3},{"damage":122,"enemies":"Donu and Deca","floor":50,"turns":8}],"seed_played":"2016038395482025012","potions_obtained":[{"floor":3,"key":"FairyPotion"},{"floor":13,"key":"Regen Potion"},{"floor":14,"key":"Strength Potion"},{"floor":16,"key":"DistilledChaos"},{"floor":18,"key":"EssenceOfSteel"},{"floor":19,"key":"FairyPotion"},{"floor":21,"key":"Fruit Juice"},{"floor":24,"key":"DistilledChaos"},{"floor":25,"key":"Fire Potion"},{"floor":28,"key":"Fire Potion"},{"floor":33,"key":"Strength Potion"},{"floor":35,"key":"Fire Potion"},{"floor":36,"key":"EntropicBrew"},{"floor":39,"key":"SteroidPotion"},{"floor":41,"key":"DistilledChaos"},{"floor":42,"key":"Swift Potion"},{"floor":48,"key":"GamblersBrew"}],"is_trial":false,"path_per_floor":["M","$","M","T","?","E","R","M","T","R","?","R","M","E","R","B",null,"M","M","?","M","$","R","E","M","T","R","M","?","$","?","R","B",null,"M","M","?","$","M","R","M","E","T","$","?","R","$","M","R","B"],"character_chosen":"DEFECT","items_purchased":["Hello World","Static Discharge","Conserve Battery","HandDrill"],"campfire_rested":7,"item_purchase_floors":[2,22,22,38],"current_hp_per_floor":[74,74,63,63,60,47,69,61,61,61,61,75,65,43,65,37,75,63,63,63,47,47,71,32,40,40,64,64,64,64,64,80,36,80,48,46,46,46,43,80,48,52,52,52,52,67,67,67,80,0,0],"gold":16,"neow_bonus":"RANDOM_COMMON_RELIC","is_daily":false,"chose_seed":false,"campfire_upgraded":3,"win_rate":0.0,"timestamp":1613626593,"path_taken":["M","$","M","?","?","E","R","M","T","R","?","R","M","E","R","BOSS","M","M","?","M","$","R","E","M","T","R","M","?","$","?","R","BOSS","M","M","?","?","M","R","M","E","T","$","?","R","$","M","R","BOSS"],"items_purchased_type":["Card","Card","Card","Relic"],"build_version":"2020-12-22","purchased_purges":4,"victory":false,"max_hp_per_floor":[75,75,75,75,75,75,75,75,75,75,75,75,75,75,75,75,75,75,75,75,80,80,80,80,80,80,80,80,80,80,80,80,80,80,80,80,80,80,80,80,80,80,80,80,80,80,80,80,80,80,80],"card_choices":[{"not_picked":["Rebound","Compile Driver"],"picked":"Redo","floor":1},{"not_picked":["Barrage","Compile Driver"],"picked":"Ball Lightning","floor":3},{"not_picked":["Coolheaded","Hologram"],"picked":"Sweeping Beam","floor":6},{"not_picked":["Compile Driver","Hyperbeam"],"picked":"Leap","floor":8},{"not_picked":["Scrape","Storm"],"picked":"Redo","floor":13},{"not_picked":["Stack","Compile Driver"],"picked":"Genetic Algorithm","floor":14},{"not_picked":["Seek","Core Surge"],"picked":"Multi-Cast","floor":16},{"not_picked":["Streamline","Go for the Eyes"],"picked":"Redo+1","floor":18},{"not_picked":["BootSequence","Sunder"],"picked":"Chaos","floor":19},{"not_picked":["Compile Driver+1","Skim+1"],"picked":"Coolheaded","floor":21},{"not_picked":["Steam","Steam Power+1"],"picked":"Double Energy","floor":24},{"not_picked":["Loop+1","Static Discharge"],"picked":"White Noise+1","floor":25},{"not_picked":["Redo","Beam Cell"],"picked":"Conserve Battery+1","floor":28},{"not_picked":["Creative AI","Biased Cognition"],"picked":"Core Surge","floor":33},{"not_picked":["Compile Driver","Reprogram"],"picked":"Go for the Eyes+1","floor":35},{"not_picked":["BootSequence+1","Skim","Scrape"],"picked":"SKIP","floor":36},{"not_picked":["Reprogram+1","Streamline","Steam Power"],"picked":"SKIP","floor":39},{"not_picked":["Hologram","Auto Shields+1"],"picked":"Doom and Gloom","floor":40},{"not_picked":["Steam Power","Sunder","Rebound"],"picked":"SKIP","floor":41},{"not_picked":["Go for the Eyes+1","Coolheaded+1","Hyperbeam"],"picked":"SKIP","floor":42},{"not_picked":["Rebound+1","Stack","Sweeping Beam"],"picked":"SKIP","floor":48}],"player_experience":93843,"relics_obtained":[{"floor":4,"key":"Meat on the Bone"},{"floor":6,"key":"Whetstone"},{"floor":9,"key":"White Beast Statue"},{"floor":14,"key":"HornCleat"},{"floor":24,"key":"Orichalcum"},{"floor":24,"key":"PreservedInsect"},{"floor":26,"key":"Anchor"},{"floor":34,"key":"Dream Catcher"},{"floor":34,"key":"Eternal Feather"},{"floor":34,"key":"Shovel"},{"floor":42,"key":"Pen Nib"},{"floor":42,"key":"Toy Ornithopter"},{"floor":43,"key":"Happy Flower"}],"event_choices":[{"damage_healed":0,"gold_gain":0,"player_choice":"Success","damage_taken":3,"relics_obtained":["Juzu Bracelet"],"max_hp_gain":0,"max_hp_loss":0,"event_name":"Scrap Ooze","floor":5,"gold_loss":0},{"damage_healed":0,"gold_gain":0,"cards_transformed":["Defend_B"],"player_choice":"Change","damage_taken":0,"max_hp_gain":0,"max_hp_loss":0,"event_name":"Living Wall","floor":11,"gold_loss":0,"cards_obtained":["Blizzard"]},{"damage_healed":0,"gold_gain":0,"player_choice":"Opened","damage_taken":0,"relics_obtained":["Omamori"],"max_hp_gain":0,"max_hp_loss":0,"event_name":"The Mausoleum","floor":20,"gold_loss":0},{"damage_healed":0,"gold_gain":99,"player_choice":"Stole From Cult","damage_taken":0,"max_hp_gain":0,"max_hp_loss":0,"event_name":"Nest","floor":29,"gold_loss":0},{"damage_healed":0,"gold_gain":0,"player_choice":"Read","damage_taken":0,"max_hp_gain":0,"max_hp_loss":0,"event_name":"The Library","floor":31,"gold_loss":0,"cards_obtained":["Electrodynamics"]},{"damage_healed":0,"gold_gain":0,"player_choice":"Upgraded","damage_taken":0,"max_hp_gain":0,"max_hp_loss":0,"event_name":"Upgrade Shrine","floor":37,"gold_loss":0,"cards_upgraded":["Chaos"]},{"damage_healed":0,"gold_gain":0,"player_choice":"Paid","damage_taken":0,"relics_obtained":["Red Mask"],"max_hp_gain":0,"max_hp_loss":0,"event_name":"Tomb of Lord Red Mask","floor":45,"gold_loss":61}],"is_beta":false,"boss_relics":[{"not_picked":["Empty Cage","Runic Pyramid"],"picked":"Black Star"},{"not_picked":["Sozu","Tiny House"],"picked":"Calling Bell"}],"items_purged_floors":[22,30,38,44],"is_endless":false,"potions_floor_spawned":[3,13,14,16,18,19,21,24,25,28,33,35,36,39,41,42,48],"killed_by":"Donu and Deca","ascension_level":0}}