{"host":"8d3fefv2347kqkpz","time":1613663248,"event":{"mods":["AchievementEnabler","BaseMod","Better Vampires","BetterRewards","Colored Map","Colored Powertips","Downfall","Emptier Cage","Highlight Path","Marked Mod","Minty Spire (QoL Compilation)","Permanent Neow","Quick Restart","Rare Cards Sparkle","Relic Stats","Say the Spire","Spicy Shops","StSLib","Waifu the Spire"],"gold_per_floor":[99,112,127,227,227,227,250,263,273,373,387,76,110,124,142,142,142,142],"floor_reached":16,"language":"ZHS","playtime":1279,"items_purged":["champ:Defend"],"score":104,"play_id":"1dc5efb5-d6b5-4316-a293-d4fd23c91d1e","local_time":"20210218234728","is_ascension_mode":false,"campfire_choices":[{"data":"champ:Taunt","floor":1.0,"key":"SMITH"}],"circlet_count":0,"master_deck":["champ:Strike","champ:Strike","champ:Strike","champ:Defend","champ:Defend","champ:Defend","champ:Execute","champ:Taunt+1","champ:DancingMaster","champ:FocusedDefense","champ:GutPunch","champ:BladeFlurry","champ:Backstep","champ:Backstep","champ:UltimateStance","champ:GutPunch"],"relics":["champ:ChampionCrown","CloakClasp","champ:FightingForDummies","Pantograph"],"acts_visited":["Exordium"],"potions_floor_usage":[],"damage_taken":[{"damage":25.0,"enemies":"Jaw Worm","floor":2.0,"turns":6.0},{"damage":15.0,"enemies":"2 Louse","floor":3.0,"turns":3.0},{"damage":62.0,"enemies":"2 Louse","floor":4.0,"turns":12.0},{"damage":15.0,"enemies":"Small Slimes","floor":8.0,"turns":3.0},{"damage":15.0,"enemies":"3 Louse","floor":9.0,"turns":3.0},{"damage":20.0,"enemies":"Red Slaver","floor":11.0,"turns":4.0},{"damage":10.0,"enemies":"downfall:FleeingMerchant","floor":12.0,"turns":4.0},{"damage":33.0,"enemies":"Lagavulin","floor":13.0,"turns":11.0},{"damage":26,"enemies":"Gremlin Gang","floor":14,"turns":6},{"damage":5,"enemies":"Blue Slaver","floor":15,"turns":6},{"damage":80,"enemies":"IC_STATUS_ARCHETYPE","floor":16,"turns":13}],"seed_played":"-2178392705541360987","potions_obtained":[{"floor":2.0,"key":"champ:UltimateStancePotion"},{"floor":8.0,"key":"ColorlessPotion"},{"floor":11.0,"key":"EssenceOfSteel"},{"floor":13.0,"key":"LiquidBronze"}],"is_trial":false,"path_per_floor":["R","M","M","?","?","?","T","M","M","?","M","$","E","M","M","B"],"character_chosen":"THE_CHAMP","items_purchased":["champ:UltimateStance"],"campfire_rested":0,"item_purchase_floors":[12],"current_hp_per_floor":[63,58,53,35,35,35,35,35,35,35,35,35,27,25,25,0,0,0],"gold":142,"neow_bonus":"THREE_RARE_CARDS","is_daily":false,"chose_seed":false,"campfire_upgraded":1,"win_rate":0.0,"timestamp":1613663248,"path_taken":["R","M","M","?","?","?","T","M","M","?","M","$","E","?","M","BOSS"],"items_purchased_type":["Card"],"build_version":"2020-12-22","purchased_purges":1,"victory":false,"max_hp_per_floor":[90,90,90,90,90,90,90,90,90,90,90,90,90,90,90,90,90,90],"relic_stats":{"counters":[11,71],"Pantograph":25,"CloakClasp":[85],"obtain_stats":[{"Pantograph":13,"champ:ChampionCrown":0,"CloakClasp":4,"champ:FightingForDummies":7},{"Pantograph":8,"champ:ChampionCrown":0,"CloakClasp":3,"champ:FightingForDummies":3},{"Pantograph":46,"champ:ChampionCrown":0,"CloakClasp":21,"champ:FightingForDummies":21}]},"card_choices":[{"not_picked":["champ:IgnorePain","champ:SwordThrow"],"picked":"champ:DancingMaster","floor":0.0},{"not_picked":["champ:Backstep","champ:Endure"],"picked":"champ:FocusedDefense","floor":2.0},{"not_picked":["champ:Haymaker","champ:CalledShot"],"picked":"champ:GutPunch","floor":3.0},{"not_picked":["champ:FlashCut","champ:Haymaker"],"picked":"champ:BladeFlurry","floor":4.0},{"not_picked":["champ:StanceDance","champ:Shatter"],"picked":"champ:Backstep","floor":8.0},{"not_picked":["champ:RecklessLeap","champ:Backstep","champ:SetATrap"],"picked":"SKIP","floor":9.0},{"not_picked":["champ:RecklessLeap","champ:SetATrap"],"picked":"champ:Backstep","floor":9.0},{"not_picked":["champ:ShieldWall","champ:BladeFlurry","champ:FlashCut"],"picked":"SKIP","floor":11.0},{"not_picked":["champ:PerfectedStrike","champ:Backstep","champ:Shatter"],"picked":"SKIP","floor":12.0},{"not_picked":["champ:EnGarde","champ:Backstep","champ:MurderStrike"],"picked":"SKIP","floor":13.0},{"not_picked":["champ:BerserkersShout","champ:FaceSlap"],"picked":"champ:GutPunch","floor":14},{"not_picked":["champ:Backstep","champ:DefensiveShout","champ:PerfectedStrike"],"picked":"SKIP","floor":15}],"player_experience":466050,"relics_obtained":[{"floor":4.0,"key":"CloakClasp"},{"floor":7.0,"key":"champ:FightingForDummies"},{"floor":13.0,"key":"Pantograph"}],"event_choices":[{"cards_removed":["champ:Strike"],"damage_healed":0.0,"max_hp_gain":0.0,"max_hp_loss":0.0,"gold_gain":0.0,"event_name":"Living Wall","player_choice":"Forget","floor":6.0,"gold_loss":0.0,"damage_taken":0.0}],"is_beta":false,"boss_relics":[],"items_purged_floors":[12],"is_endless":false,"potions_floor_spawned":[2,8,11,13],"killed_by":"IC_STATUS_ARCHETYPE","ascension_level":0}}