{"host":"fbdlh90rovbiajun","time":1613609883,"event":{"mods":["AchievementEnabler","BaseMod","Colored Map","Keyboard Shortcuts","Minty Spire (QoL Compilation)","SuperFastMode"],"gold_per_floor":[116,41,55,65,65,91,105,105,128,28,28,39,39,57,57,159,159,170,170,182,182,198,198,73,73,98,98,109,125,125,125,125],"floor_reached":31,"language":"KOR","playtime":1052,"items_purged":["Strike_P","Defend_P","Strike_P"],"score":237,"play_id":"ae9d727e-a785-4ea0-85fc-e898b1266c56","local_time":"20210218095803","is_ascension_mode":false,"campfire_choices":[{"data":"Eruption","floor":8,"key":"SMITH"},{"data":"Halt","floor":15,"key":"SMITH"},{"data":"Adaptation","floor":23,"key":"SMITH"},{"data":"InnerPeace","floor":27,"key":"SMITH"}],"circlet_count":0,"master_deck":["Strike_P","Strike_P","Defend_P","Defend_P","Eruption+1","Vigilance","BowlingBash","Halt+1","Adaptation+1","FlurryOfBlows","CrushJoints","MentalFortress","InnerPeace+1"],"relics":["PureWater","Ancient Tea Set","Nunchaku","Incense Burner","Coffee Dripper","Nilry\u0027s Codex","Centennial Puzzle","Anchor"],"acts_visited":["Exordium","TheCity"],"potions_floor_usage":[16],"damage_taken":[{"damage":0.0,"enemies":"Cultist","floor":1.0,"turns":3.0},{"damage":17.0,"enemies":"Jaw Worm","floor":3.0,"turns":2.0},{"damage":10,"enemies":"Small Slimes","floor":4,"turns":2},{"damage":38,"enemies":"3 Sentries","floor":6,"turns":6},{"damage":0,"enemies":"2 Fungi Beasts","floor":7,"turns":2},{"damage":10,"enemies":"Looter","floor":12,"turns":2},{"damage":0,"enemies":"Red Slaver","floor":14,"turns":5},{"damage":10,"enemies":"Slime Boss","floor":16,"turns":7},{"damage":5,"enemies":"3 Byrds","floor":18,"turns":5},{"damage":11,"enemies":"Chosen","floor":20,"turns":4},{"damage":0,"enemies":"Snecko","floor":22,"turns":4},{"damage":12,"enemies":"Snake Plant","floor":28,"turns":4},{"damage":25,"enemies":"Chosen and Byrds","floor":29,"turns":7},{"damage":6,"enemies":"Centurion and Healer","floor":31,"turns":6}],"seed_played":"5768923322738672514","potions_obtained":[{"floor":1.0,"key":"FairyPotion"},{"floor":4,"key":"EssenceOfSteel"},{"floor":16,"key":"FearPotion"},{"floor":20,"key":"Energy Potion"},{"floor":29,"key":"EssenceOfSteel"}],"is_trial":false,"path_per_floor":["M","$","M","M","$","E","M","R","T","$","T","M","$","M","R","B",null,"M","?","M","?","M","R","$","?","T","R","M","M","T","M"],"character_chosen":"WATCHER","items_purchased":[],"campfire_rested":0,"item_purchase_floors":[],"current_hp_per_floor":[72,72,55,45,45,7,7,7,7,7,7,21,21,21,21,11,72,67,67,56,56,56,56,56,40,40,40,28,3,3,0,0],"gold":125,"neow_bonus":"TRANSFORM_CARD","is_daily":false,"chose_seed":false,"campfire_upgraded":4,"win_rate":0.0,"timestamp":1613609883,"path_taken":["M","?","M","M","$","E","M","R","T","$","?","M","?","M","R","BOSS","M","?","M","?","M","R","$","?","T","R","M","M","?","?"],"items_purchased_type":[],"build_version":"2020-12-22","purchased_purges":3,"victory":false,"max_hp_per_floor":[72,72,72,72,72,72,72,72,72,72,72,72,72,72,72,72,72,72,72,72,72,72,72,72,72,72,72,72,72,72,72,72],"card_choices":[{"not_picked":["EmptyMind","Protect","Wireheading"],"picked":"SKIP","floor":1.0},{"not_picked":["Study","Swivel"],"picked":"Halt","floor":3.0},{"not_picked":["CutThroughFate","SashWhip"],"picked":"Adaptation","floor":4},{"not_picked":["Study","Establishment"],"picked":"FlurryOfBlows","floor":6},{"not_picked":["FollowUp","BowlingBash"],"picked":"CrushJoints","floor":7},{"not_picked":["Evaluate","CrushJoints"],"picked":"MentalFortress","floor":12},{"not_picked":["Evaluate","Prostrate","ReachHeaven"],"picked":"SKIP","floor":14},{"not_picked":["Wallop","JustLucky","CutThroughFate+1"],"picked":"SKIP","floor":18},{"not_picked":["Consecrate","JustLucky","TalkToTheHand"],"picked":"SKIP","floor":20},{"not_picked":["EmptyMind+1","EmptyBody","JustLucky"],"picked":"SKIP","floor":22},{"not_picked":["TalkToTheHand","CrushJoints","BowlingBash"],"picked":"SKIP","floor":28},{"not_picked":["CrushJoints","Crescendo","ClearTheMind+1"],"picked":"SKIP","floor":29}],"player_experience":79663,"relics_obtained":[{"floor":6,"key":"Ancient Tea Set"},{"floor":9,"key":"Nunchaku"},{"floor":11,"key":"Incense Burner"},{"floor":25,"key":"Nilry\u0027s Codex"},{"floor":26,"key":"Centennial Puzzle"},{"floor":30,"key":"Anchor"}],"event_choices":[{"damage_healed":0,"gold_gain":0,"player_choice":"Ignored","damage_taken":0,"max_hp_gain":0,"max_hp_loss":0,"event_name":"Ghosts","floor":19,"gold_loss":0},{"damage_healed":0,"gold_gain":0,"player_choice":"Read","damage_taken":0,"max_hp_gain":0,"max_hp_loss":0,"event_name":"The Library","floor":21,"gold_loss":0,"cards_obtained":["InnerPeace"]},{"damage_healed":0,"gold_gain":0,"player_choice":"Obtained Book","damage_taken":16,"max_hp_gain":0,"max_hp_loss":0,"event_name":"Cursed Tome","floor":25,"gold_loss":0}],"is_beta":false,"boss_relics":[{"not_picked":["Busted Crown","Runic Dome"],"picked":"Coffee Dripper"}],"items_purged_floors":[2,10,24],"is_endless":false,"potions_floor_spawned":[1,4,16,20,29],"killed_by":"Centurion and Healer","ascension_level":0}}