{"host":"l46m38yewlsb1e16","time":1613673217,"event":{"mods":["BaseMod","Infinite Spire","Minty Spire (QoL Compilation)","Replay The Spire","Shop Mod","StSLib","The Jungle"],"gold_per_floor":[115,70,82,97,97,138,138,182,209,209,228,228,243,283,283,411,411,432,457,472,34,34,74,74,109,157,173,173,208,208,208,208,342,342,385,429,429,25,25,62,91,19,19,19,19,352,352,397,397,397,397],"floor_reached":50,"language":"ENG","playtime":3525,"items_purged":["Strike_R","Defend_R"],"score":987,"play_id":"2b2e9e36-ad22-416e-a1c2-643c846f9080","local_time":"20210218183337","is_ascension_mode":true,"campfire_choices":[{"data":"Armaments","floor":7,"key":"SMITH"},{"floor":10,"key":"REST"},{"data":"Evolve","floor":15,"key":"SMITH"},{"data":"Double Tap","floor":24,"key":"SMITH"},{"data":"Metallicize","floor":30,"key":"SMITH"},{"data":"ReplayTheSpireMod:Muscle Training","floor":32,"key":"SMITH"},{"data":"Limit Break","floor":45,"key":"SMITH"},{"floor":49,"key":"REST"}],"circlet_count":0,"master_deck":["Defend_R","Defend_R","Bash","Whirlwind","Armaments+1","Flex","Thunderclap","ReplayTheSpireMod:Muscle Training+1","Twin Strike","Evolve+1","Metallicize+1","ReplayTheSpireMod:Muscle Training","Double Tap+1","Shockwave","Flex","Cleave","Intimidate","Pummel","Spot Weakness","Headbutt","Power Through","Bite","Bite+1","Bite","Bite","Bite","Wild Strike+1","Limit Break+1","Metallicize","Flex","Reckless Charge+1","infinitespire:FutureSight"],"relics":["Burning Blood","infinitespire:Satchel","Boot","Replay:Rubber Ducky","infinitespire:CheckeredPen","Ooze Armor","ReplayTheSpireMod:Shallot","Oddly Smooth Stone","Blue Candle","Nunchaku","Centennial Puzzle","infinitespire:EvilPickle","Mark of Pain","Membership Card","Anchor","Shuriken","ReplayTheSpireMod:Spearhead","Whetstone","Ornamental Fan","Art of War"],"acts_visited":["Exordium","TheCity","TheBeyond"],"potions_floor_usage":[8,16,19,25,25,25,25,27,27,50,50],"damage_taken":[{"damage":21,"enemies":"Jaw Worm","floor":1,"turns":4},{"damage":2,"enemies":"2 Louse","floor":3,"turns":3},{"damage":1,"enemies":"Cultist","floor":4,"turns":3},{"damage":51,"enemies":"Lagavulin","floor":6,"turns":8},{"damage":18,"enemies":"Gremlin Nob","floor":8,"turns":4},{"damage":9,"enemies":"Blue Slaver","floor":11,"turns":3},{"damage":0,"enemies":"2 Fungi Beasts","floor":13,"turns":3},{"damage":16,"enemies":"3 Sentries","floor":14,"turns":5},{"damage":47,"enemies":"Fading Forest","floor":16,"turns":11},{"damage":12,"enemies":"Spheric Guardian","floor":18,"turns":3},{"damage":9,"enemies":"Shell Parasite","floor":19,"turns":3},{"damage":22,"enemies":"Snecko","floor":20,"turns":4},{"damage":11,"enemies":"Gremlin Leader","floor":23,"turns":5},{"damage":17,"enemies":"Book of Stabbing","floor":25,"turns":5},{"damage":14,"enemies":"Snake Plant","floor":27,"turns":3},{"damage":22,"enemies":"Slavers","floor":29,"turns":5},{"damage":19,"enemies":"Pondfish","floor":33,"turns":12},{"damage":9,"enemies":"3 Darklings","floor":35,"turns":3},{"damage":3,"enemies":"Orb Walker","floor":36,"turns":2},{"damage":46,"enemies":"Reptomancer","floor":40,"turns":5},{"damage":2,"enemies":"Sphere and 2 Shapes","floor":41,"turns":4},{"damage":75,"enemies":"LordOfAnnihilation","floor":50,"turns":4}],"seed_played":"5967536862480885307","potions_obtained":[{"floor":3,"key":"SpeedPotion"},{"floor":8,"key":"Elixir"},{"floor":11,"key":"EntropicBrew"},{"floor":13,"key":"BloodPotion"},{"floor":18,"key":"Block Potion"},{"floor":20,"key":"Dexterity Potion"},{"floor":23,"key":"Fire Potion"},{"floor":27,"key":"Dexterity Potion"},{"floor":29,"key":"ElixirPotion"},{"floor":35,"key":"Elixir"},{"floor":41,"key":"Toxic Potion"}],"is_trial":false,"path_per_floor":["M","$","M","M","?","E","R","E","T","R","M","?","M","E","R","B",null,"M","M","M","$","?","E","R","E","T","M","?","E","R","?","R","B",null,"M","M","?","$","?","E","M","$","T","$","R","?","?","T","R","B"],"character_chosen":"IRONCLAD","items_purchased":["Flex","ReplayTheSpireMod:Shallot","Intimidate","Pummel","Membership Card","Anchor","Shuriken","Whetstone"],"campfire_rested":2,"item_purchase_floors":[2,21,21,21,38,38,38,42],"current_hp_per_floor":[57,57,61,66,66,21,21,9,9,31,28,28,34,24,24,17,60,54,51,35,35,35,30,30,33,33,25,25,17,17,17,17,38,48,49,51,51,51,51,19,31,31,31,31,31,31,19,19,34,0,0],"gold":397,"neow_bonus":"TRANSFORM_CARD","is_daily":false,"chose_seed":false,"campfire_upgraded":6,"win_rate":0.0,"timestamp":1613673217,"path_taken":["M","$","M","M","?","E","R","E","T","R","M","?","?","E","R","BOSS","M","M","M","$","?","E","R","E","T","M","?","E","R","?","R","BOSS","M","M","?","$","?","E","M","?","T","$","R","?","?","?","R","BOSS"],"items_purchased_type":["Card","Relic","Card","Card","Relic","Relic","Relic","Relic"],"build_version":"2020-12-22","purchased_purges":2,"victory":false,"max_hp_per_floor":[80,80,80,80,74,74,74,74,74,74,74,74,74,74,74,74,74,74,74,74,74,74,74,74,74,74,74,51,51,51,51,51,51,51,51,51,51,51,51,51,51,51,51,51,51,51,51,51,51,51,51],"card_choices":[{"not_picked":["Clothesline","Warcry"],"picked":"Armaments","floor":1},{"not_picked":["Warcry","Run Through"],"picked":"Thunderclap","floor":3},{"not_picked":["Berserk","Iron Wave"],"picked":"ReplayTheSpireMod:Muscle Training","floor":4},{"not_picked":["Rupture","Cleave"],"picked":"Twin Strike","floor":6},{"not_picked":["Pommel Strike","Intimidate"],"picked":"Evolve","floor":8},{"not_picked":["Clash","Iron Wave","Combust"],"picked":"SKIP","floor":11},{"not_picked":["Warcry","Entrench"],"picked":"Metallicize","floor":13},{"not_picked":["Replay:Undeath\u0027s Touch","Headbutt"],"picked":"ReplayTheSpireMod:Muscle Training","floor":14},{"not_picked":["Brutality","Fiend Fire"],"picked":"Double Tap","floor":16},{"not_picked":["Run Through+1","Thunderclap"],"picked":"Shockwave","floor":18},{"not_picked":["Thunderclap","Havoc"],"picked":"Flex","floor":19},{"not_picked":["Exhume","Perfected Strike"],"picked":"Cleave","floor":20},{"not_picked":["Body Slam","Feel No Pain"],"picked":"Headbutt","floor":23},{"not_picked":["ReplayTheSpireMod:Strike From Hell+1","Feel No Pain"],"picked":"Power Through","floor":25},{"not_picked":["Fire Breathing","Run Through+1","Body Slam+1"],"picked":"SKIP","floor":27},{"not_picked":["Sword Boomerang","Clothesline+1"],"picked":"Wild Strike","floor":29},{"not_picked":["Demonic Infusion","Impervious"],"picked":"Limit Break","floor":33},{"not_picked":["Run Through","Body Slam+1"],"picked":"Metallicize","floor":35},{"not_picked":["Pommel Strike+1","Whirlwind"],"picked":"Flex","floor":36},{"not_picked":["Shrug It Off","Iron Wave+1"],"picked":"Reckless Charge+1","floor":40},{"not_picked":["Perfected Strike+1","Thunderclap+1","Warcry"],"picked":"SKIP","floor":41},{"not_picked":["ReplayTheSpireMod:??????????????????????","infinitespire:SevenWalls"],"picked":"infinitespire:FutureSight","floor":47}],"player_experience":378046,"relics_obtained":[{"floor":6,"key":"infinitespire:Satchel"},{"floor":8,"key":"Boot"},{"floor":9,"key":"Replay:Rubber Ducky"},{"floor":14,"key":"infinitespire:CheckeredPen"},{"floor":23,"key":"Oddly Smooth Stone"},{"floor":25,"key":"Blue Candle"},{"floor":26,"key":"Nunchaku"},{"floor":29,"key":"Centennial Puzzle"},{"floor":40,"key":"ReplayTheSpireMod:Spearhead"},{"floor":43,"key":"Ornamental Fan"},{"floor":48,"key":"Art of War"}],"event_choices":[{"damage_healed":0,"gold_gain":0,"player_choice":"Lose Max HP","damage_taken":0,"relics_obtained":["Golden Idol"],"max_hp_gain":0,"max_hp_loss":6,"event_name":"Golden Idol","floor":5,"gold_loss":0},{"cards_removed":["Strike_R"],"damage_healed":0,"gold_gain":0,"player_choice":"Purged","damage_taken":0,"max_hp_gain":0,"max_hp_loss":0,"event_name":"Purifier","floor":12,"gold_loss":0},{"damage_healed":0,"gold_gain":0,"player_choice":"Read","damage_taken":0,"max_hp_gain":0,"max_hp_loss":0,"event_name":"The Library","floor":22,"gold_loss":0,"cards_obtained":["Spot Weakness"]},{"damage_healed":0,"gold_gain":0,"player_choice":"Became a vampire","damage_taken":0,"max_hp_gain":0,"max_hp_loss":23,"event_name":"Vampires","floor":28,"gold_loss":0,"cards_obtained":["Bite","Bite","Bite","Bite","Bite"]},{"damage_healed":0,"gold_gain":0,"player_choice":"Ignored","damage_taken":0,"max_hp_gain":0,"max_hp_loss":0,"event_name":"Tomb of Lord Red Mask","floor":37,"gold_loss":0},{"damage_healed":0,"gold_gain":333,"player_choice":"Gave Idol","damage_taken":0,"max_hp_gain":0,"max_hp_loss":0,"event_name":"The Moai Head","floor":46,"relics_lost":["Golden Idol"],"gold_loss":0}],"is_beta":false,"boss_relics":[{"not_picked":["Runic Pyramid","Runic Dome"],"picked":"Ooze Armor"},{"not_picked":["Ring of Chaos","Astrolabe"],"picked":"Mark of Pain"}],"items_purged_floors":[21,38],"is_endless":false,"potions_floor_spawned":[3,8,11,13,18,20,23,27,29,35,41],"killed_by":"LordOfAnnihilation","ascension_level":7}}