{"host":"sc0o2qwpf9j16a4i","time":1613656161,"event":{"mods":["AchievementEnabler","BaseMod","BetterRewards","Block Reminder","Colored Map","Colored Powertips","Custom Start","Highlight Path","Minty Spire (QoL Compilation)","Relic Stats"],"gold_per_floor":[119,119,119,119,135,176,210,254,254,254,293,568,30,43,43,167,167,167,167],"floor_reached":18,"language":"ENG","playtime":513,"items_purged":["Regret"],"score":238,"play_id":"7c172127-768a-4494-b278-9a0fa7560041","local_time":"20210218154921","daily_mods":["Allstar","Flight","Lethality"],"is_ascension_mode":false,"campfire_choices":[{"data":"Worship","floor":15,"key":"SMITH"}],"circlet_count":0,"master_deck":["Strike_P+1","Strike_P","Strike_P","Strike_P","Defend_P","Defend_P","Defend_P","Defend_P","Eruption","Vigilance","Panacea","Violence","Impatience","Deep Breath","Chrysalis","FlyingSleeves","Injury","Swivel","Protect","LikeWater","EmptyBody","Ragnarok","LikeWater","Worship+1","CutThroughFate","Protect","LessonLearned"],"relics":["PureWater","MealTicket","Golden Idol","HornCleat","Mercury Hourglass","Unceasing Top","Strawberry","Vajra","Prayer Wheel","Sozu"],"acts_visited":["Exordium","TheCity"],"potions_floor_usage":[7,8,8,11,16,18],"damage_taken":[{"damage":0,"enemies":"Cultist","floor":1,"turns":2},{"damage":5,"enemies":"Small Slimes","floor":5,"turns":3},{"damage":30,"enemies":"Gremlin Nob","floor":6,"turns":3},{"damage":1,"enemies":"Lagavulin","floor":7,"turns":8},{"damage":0,"enemies":"3 Sentries","floor":8,"turns":5},{"damage":0,"enemies":"Lagavulin","floor":11,"turns":6},{"damage":0,"enemies":"2 Louse","floor":14,"turns":2},{"damage":5,"enemies":"The Guardian","floor":16,"turns":9},{"damage":4,"enemies":"Chosen","floor":18,"turns":3}],"seed_played":"-4500160876354214485","potions_obtained":[{"floor":5,"key":"SpeedPotion"},{"floor":7,"key":"EntropicBrew"},{"floor":14,"key":"CultistPotion"},{"floor":16,"key":"BottledMiracle"}],"is_trial":true,"path_per_floor":["M","?","?","?","M","E","E","E","T","?","E","?","$","M","R","B",null,"M"],"character_chosen":"WATCHER","items_purchased":["Prayer Wheel","LikeWater","Worship","CutThroughFate"],"campfire_rested":0,"item_purchase_floors":[13,13,13,13],"current_hp_per_floor":[72,60,60,60,55,25,24,24,31,31,31,31,46,46,46,41,79,75,75],"gold":167,"neow_bonus":"","is_daily":false,"chose_seed":false,"campfire_upgraded":1,"win_rate":0.0,"timestamp":1613656161,"path_taken":["M","?","?","?","M","E","E","E","T","?","E","?","$","?","R","BOSS","M"],"items_purchased_type":["Relic","Card","Card","Card"],"build_version":"2020-12-22","purchased_purges":1,"victory":false,"max_hp_per_floor":[72,72,72,72,72,72,72,72,79,79,79,79,79,79,79,79,79,79,79],"relic_stats":{"Sozu":0,"counters":[9,40],"Golden Idol":68,"MealTicket":15,"Prayer Wheel":2,"obtain_stats":[{"Sozu":17,"HornCleat":6,"Golden Idol":3,"Strawberry":9,"Vajra":11,"MealTicket":2,"Prayer Wheel":13,"PureWater":0,"Unceasing Top":8,"Mercury Hourglass":7},{"Sozu":8,"HornCleat":3,"Golden Idol":1,"Strawberry":5,"Vajra":6,"MealTicket":1,"Prayer Wheel":6,"PureWater":0,"Unceasing Top":5,"Mercury Hourglass":4},{"Sozu":37,"HornCleat":8,"Golden Idol":2,"Strawberry":21,"Vajra":27,"MealTicket":2,"Prayer Wheel":27,"PureWater":0,"Unceasing Top":21,"Mercury Hourglass":16}],"Unceasing Top":[0],"Mercury Hourglass":[86]},"card_choices":[{"not_picked":["FollowUp","Consecrate"],"picked":"FlyingSleeves","floor":1},{"not_picked":["Crescendo","FlurryOfBlows"],"picked":"Swivel","floor":5},{"not_picked":["Fasting2","EmptyBody"],"picked":"Protect","floor":6},{"not_picked":["PathToVictory","EmptyFist"],"picked":"LikeWater","floor":7},{"not_picked":["CrushJoints","EmptyMind"],"picked":"EmptyBody","floor":8},{"not_picked":["Protect","Perseverance"],"picked":"Ragnarok","floor":11},{"not_picked":["CrushJoints","JustLucky"],"picked":"Protect","floor":14},{"not_picked":["FollowUp","Halt","Evaluate"],"picked":"SKIP","floor":14},{"not_picked":["ConjureBlade","Ragnarok"],"picked":"LessonLearned","floor":16}],"player_experience":1459221,"relics_obtained":[{"floor":6,"key":"HornCleat"},{"floor":7,"key":"Mercury Hourglass"},{"floor":8,"key":"Unceasing Top"},{"floor":9,"key":"Strawberry"},{"floor":11,"key":"Vajra"}],"event_choices":[{"damage_healed":0,"gold_gain":0,"player_choice":"Success","damage_taken":12,"relics_obtained":["MealTicket"],"max_hp_gain":0,"max_hp_loss":0,"event_name":"Scrap Ooze","floor":2,"gold_loss":0},{"damage_healed":0,"gold_gain":0,"player_choice":"Take Wound","damage_taken":0,"relics_obtained":["Golden Idol"],"max_hp_gain":0,"max_hp_loss":0,"event_name":"Golden Idol","floor":3,"gold_loss":0,"cards_obtained":["Injury"]},{"damage_healed":0,"gold_gain":0,"player_choice":"Leave","damage_taken":0,"max_hp_gain":0,"max_hp_loss":0,"event_name":"The Cleric","floor":4,"gold_loss":0},{"damage_healed":0,"gold_gain":0,"player_choice":"Ignored","damage_taken":0,"max_hp_gain":0,"max_hp_loss":0,"event_name":"Golden Wing","floor":10,"gold_loss":0},{"damage_healed":0,"gold_gain":275,"player_choice":"Desecrate","damage_taken":0,"max_hp_gain":0,"max_hp_loss":0,"event_name":"Golden Shrine","floor":12,"gold_loss":0,"cards_obtained":["Regret"]}],"is_beta":false,"boss_relics":[{"not_picked":["Coffee Dripper","SlaversCollar"],"picked":"Sozu"}],"items_purged_floors":[13],"is_endless":false,"potions_floor_spawned":[5,7,14,16],"killed_by":"Chosen","ascension_level":0}}