{"host":"8rgpnls124hwjv5t","time":1613611640,"event":{"mods":["BaseMod","Colored Map","Colored Powertips","DeckTracker","Highlight Path","Minty Spire (QoL Compilation)","Permanent Neow","Quick Restart","Relic Stats","Shop Mod","StSLib"],"gold_per_floor":[99,99,99,99,99,99,99,99,99,99,64,64,64,64,64,64,64,0,0,0,0,0,0,0,0,0,0,0,0,0,0,0,0,0,0,0,0,0,0,0,0,0],"floor_reached":41,"language":"ENG","playtime":2594,"items_purged":[],"score":827,"play_id":"4da63f51-1079-4ced-aa6f-3b5e049b31e1","local_time":"20210217202720","is_ascension_mode":true,"campfire_choices":[{"floor":7,"key":"REST"},{"floor":10,"key":"REST"},{"floor":15,"key":"REST"},{"data":"Coolheaded","floor":23,"key":"SMITH"},{"data":"Coolheaded","floor":29,"key":"SMITH"},{"floor":32,"key":"REST"},{"floor":40,"key":"REST"}],"circlet_count":0,"master_deck":["AscendersBane","Strike_B","Strike_B","Strike_B","Defend_B","Defend_B","Defend_B","Zap","Dualcast+1","Capacitor","Ball Lightning","Rebound","Auto Shields","Reinforced Body","Coolheaded+1","Cold Snap","Reinforced Body","Electrodynamics","Hologram","Skim","Ball Lightning","Blizzard","Scrape","Skim","Coolheaded+1","Go for the Eyes","Consume+1","Creative AI","Fusion","Turbo","Madness","Madness"],"relics":["Ectoplasm","Golden Idol","White Beast Statue","Incense Burner","Kunai","Odd Mushroom","Letter Opener","Tiny House","Enchiridion","Smiling Mask","Pen Nib","Regal Pillow","Runic Pyramid","Red Mask"],"acts_visited":["Exordium","TheCity","TheBeyond"],"potions_floor_usage":[6,13,24,27,28,33,35,36,41,41],"damage_taken":[{"damage":2,"enemies":"Jaw Worm","floor":1,"turns":4},{"damage":7,"enemies":"2 Louse","floor":3,"turns":3},{"damage":4,"enemies":"Small Slimes","floor":4,"turns":3},{"damage":11,"enemies":"3 Louse","floor":5,"turns":3},{"damage":30,"enemies":"Gremlin Nob","floor":6,"turns":4},{"damage":25,"enemies":"3 Sentries","floor":8,"turns":8},{"damage":14,"enemies":"The Mushroom Lair","floor":12,"turns":5},{"damage":1,"enemies":"Lagavulin","floor":13,"turns":7},{"damage":0,"enemies":"Exordium Thugs","floor":14,"turns":4},{"damage":6,"enemies":"Slime Boss","floor":16,"turns":13},{"damage":0,"enemies":"2 Thieves","floor":18,"turns":4},{"damage":0,"enemies":"Spheric Guardian","floor":19,"turns":6},{"damage":12,"enemies":"Book of Stabbing","floor":24,"turns":7},{"damage":1,"enemies":"Slavers","floor":27,"turns":3},{"damage":13,"enemies":"Snake Plant","floor":28,"turns":5},{"damage":2,"enemies":"Centurion and Healer","floor":30,"turns":10},{"damage":14,"enemies":"Champ","floor":33,"turns":15},{"damage":7,"enemies":"3 Shapes","floor":35,"turns":5},{"damage":7,"enemies":"Orb Walker","floor":36,"turns":4},{"damage":80,"enemies":"Giant Head","floor":41,"turns":10}],"seed_played":"8985350068614639175","potions_obtained":[{"floor":4,"key":"FocusPotion"},{"floor":8,"key":"SpeedPotion"},{"floor":12,"key":"BlessingOfTheForge"},{"floor":13,"key":"Energy Potion"},{"floor":14,"key":"Ancient Potion"},{"floor":18,"key":"FocusPotion"},{"floor":19,"key":"DistilledChaos"},{"floor":24,"key":"Weak Potion"},{"floor":27,"key":"EssenceOfSteel"},{"floor":28,"key":"PowerPotion"},{"floor":33,"key":"EssenceOfDarkness"},{"floor":35,"key":"Weak Potion"},{"floor":36,"key":"PowerPotion"}],"is_trial":false,"path_per_floor":["M","?","M","M","M","E","R","E","T","R","?","?","E","M","R","B",null,"M","M","?","?","?","R","E","?","T","E","M","R","M","?","R","B",null,"M","M","?","?","?","R","E"],"character_chosen":"DEFECT","items_purchased":[],"campfire_rested":5,"item_purchase_floors":[],"current_hp_per_floor":[62,62,55,51,40,10,29,4,4,23,39,25,24,24,43,37,62,62,62,41,55,55,55,43,43,43,42,29,29,27,27,62,48,64,57,50,50,38,38,69,0,0],"gold":0,"neow_bonus":"BOSS_RELIC","is_daily":false,"chose_seed":false,"campfire_upgraded":2,"win_rate":0.0,"timestamp":1613611640,"path_taken":["M","?","M","M","M","E","R","E","T","R","?","?","E","M","R","BOSS","M","M","?","?","?","R","E","?","T","E","M","R","M","?","R","BOSS","M","M","?","?","?","R","E"],"items_purchased_type":[],"build_version":"2020-12-22","purchased_purges":0,"victory":false,"max_hp_per_floor":[71,64,64,64,64,64,64,64,64,64,64,64,64,64,64,64,69,69,69,69,69,69,69,69,69,69,69,69,69,69,69,69,69,69,69,69,69,69,69,69,69,69],"relic_stats":{"Regal Pillow":26,"counters":[20,123],"Golden Idol":128,"Ectoplasm":713,"Pen Nib":[8],"Kunai":[19],"Letter Opener":[103],"Smiling Mask":0,"obtain_stats":[{"Regal Pillow":27,"Tiny House":17,"Golden Idol":2,"Enchiridion":20,"Pen Nib":26,"Incense Burner":8,"Letter Opener":13,"Odd Mushroom":12,"Smiling Mask":24,"White Beast Statue":6,"Ectoplasm":0,"Red Mask":37,"Kunai":9,"Cracked Core":0,"Runic Pyramid":34},{"Regal Pillow":14,"Tiny House":10,"Golden Idol":1,"Enchiridion":12,"Pen Nib":13,"Incense Burner":6,"Letter Opener":8,"Odd Mushroom":7,"Smiling Mask":13,"White Beast Statue":5,"Ectoplasm":0,"Red Mask":19,"Kunai":6,"Cracked Core":0,"Runic Pyramid":17},{"Regal Pillow":74,"Tiny House":54,"Golden Idol":4,"Enchiridion":64,"Pen Nib":71,"Incense Burner":25,"Letter Opener":37,"Odd Mushroom":30,"Smiling Mask":71,"White Beast Statue":17,"Ectoplasm":0,"Red Mask":113,"Kunai":25,"Cracked Core":0,"Runic Pyramid":104}]},"card_choices":[{"not_picked":["Beam Cell","Hologram"],"picked":"Capacitor","floor":1},{"not_picked":["Force Field","Hologram"],"picked":"Ball Lightning","floor":3},{"not_picked":["Sunder","Steam"],"picked":"Undo","floor":4},{"not_picked":["Steam","Streamline"],"picked":"Rebound","floor":5},{"not_picked":["Rebound","Rip and Tear"],"picked":"Auto Shields","floor":6},{"not_picked":["Fission","Gash"],"picked":"Reinforced Body","floor":8},{"not_picked":["Steam","Lockon"],"picked":"Coolheaded","floor":12},{"not_picked":["Rebound","Hello World"],"picked":"Cold Snap","floor":13},{"not_picked":["Beam Cell","Ball Lightning"],"picked":"Reinforced Body","floor":14},{"not_picked":["Core Surge","Buffer"],"picked":"Electrodynamics","floor":16},{"not_picked":["White Noise","Leap"],"picked":"Hologram","floor":17},{"not_picked":["Aggregate+1","Genetic Algorithm"],"picked":"Skim","floor":18},{"not_picked":["Redo","Steam"],"picked":"Ball Lightning","floor":19},{"not_picked":["Ball Lightning","Aggregate"],"picked":"Skim","floor":24},{"not_picked":["Compile Driver","Hologram"],"picked":"Coolheaded","floor":27},{"not_picked":["Undo","Leap"],"picked":"Go for the Eyes","floor":28},{"not_picked":["Double Energy","Force Field"],"picked":"Consume","floor":30},{"not_picked":["Hyperbeam","Multi-Cast"],"picked":"Creative AI","floor":33},{"not_picked":["Melter","Leap+1"],"picked":"Fusion","floor":35},{"not_picked":["BootSequence","Barrage"],"picked":"Turbo","floor":36}],"player_experience":610100,"relics_obtained":[{"floor":6,"key":"White Beast Statue"},{"floor":8,"key":"Incense Burner"},{"floor":9,"key":"Kunai"},{"floor":12,"key":"Odd Mushroom"},{"floor":13,"key":"Letter Opener"},{"floor":20,"key":"Enchiridion"},{"floor":24,"key":"Smiling Mask"},{"floor":26,"key":"Pen Nib"},{"floor":27,"key":"Regal Pillow"}],"event_choices":[{"damage_healed":0,"gold_gain":0,"player_choice":"Lose Max HP","damage_taken":0,"relics_obtained":["Golden Idol"],"max_hp_gain":0,"max_hp_loss":7,"event_name":"Golden Idol","floor":2,"gold_loss":0},{"damage_healed":16,"gold_gain":0,"player_choice":"Healed","damage_taken":0,"max_hp_gain":0,"max_hp_loss":0,"event_name":"The Cleric","floor":11,"gold_loss":35},{"damage_healed":0,"gold_gain":0,"player_choice":"Fought Mushrooms","damage_taken":0,"max_hp_gain":0,"max_hp_loss":0,"event_name":"Mushrooms","floor":12,"gold_loss":0},{"damage_healed":0,"gold_gain":0,"player_choice":"Obtained Book","damage_taken":21,"max_hp_gain":0,"max_hp_loss":0,"event_name":"Cursed Tome","floor":20,"gold_loss":0},{"damage_healed":14,"gold_gain":0,"player_choice":"Heal","damage_taken":0,"max_hp_gain":0,"max_hp_loss":0,"event_name":"The Library","floor":21,"gold_loss":0},{"damage_healed":0,"gold_gain":0,"cards_transformed":["Defend_B","Strike_B"],"player_choice":"Became Test Subject","damage_taken":0,"max_hp_gain":0,"max_hp_loss":0,"event_name":"Drug Dealer","floor":22,"gold_loss":0,"cards_obtained":["Blizzard","Scrape"]},{"damage_healed":0,"gold_gain":0,"player_choice":"Forge","damage_taken":0,"max_hp_gain":0,"max_hp_loss":0,"event_name":"Accursed Blacksmith","floor":31,"gold_loss":0,"cards_upgraded":["Consume"]},{"damage_healed":0,"gold_gain":0,"player_choice":"Paid","damage_taken":0,"relics_obtained":["Red Mask"],"max_hp_gain":0,"max_hp_loss":0,"event_name":"Tomb of Lord Red Mask","floor":37,"gold_loss":0},{"damage_healed":0,"gold_gain":0,"player_choice":"Embrace Madness","damage_taken":12,"max_hp_gain":0,"max_hp_loss":0,"event_name":"Winding Halls","floor":38,"gold_loss":0,"cards_obtained":["Madness","Madness"]},{"cards_removed":["Undo"],"damage_healed":0,"gold_gain":0,"player_choice":"Removed Skill","damage_taken":0,"max_hp_gain":0,"max_hp_loss":0,"event_name":"Falling","floor":39,"gold_loss":0}],"is_beta":false,"boss_relics":[{"not_picked":["Velvet Choker","Busted Crown"],"picked":"Tiny House"},{"not_picked":["Black Star","SlaversCollar"],"picked":"Runic Pyramid"}],"items_purged_floors":[],"is_endless":false,"potions_floor_spawned":[4,8,12,13,14,16,18,19,24,27,28,30,33,35,36],"killed_by":"Giant Head","ascension_level":17}}