{"host":"my4gslufyvqsq7r2","time":1613666160,"event":{"mods":["BaseMod","Colored Powertips","Hubris","Infinite Spire","Minty Spire (QoL Compilation)","Replay The Spire","StSLib"],"gold_per_floor":[118,134,44,62,77,77,104,104,184,184,200,217,252,270,270,369,369,388,398,414,430,450,450,480,480,480,480,480],"floor_reached":27,"language":"ENG","playtime":2016,"items_purged":[],"score":274,"play_id":"822222e7-00a6-458c-bf30-81a486a75f61","local_time":"20210218113600","is_ascension_mode":true,"campfire_choices":[{"data":"Distraction","floor":6,"key":"SMITH"},{"data":"Finisher","floor":8,"key":"SMITH"},{"floor":15,"key":"REST"},{"floor":23,"key":"REST"}],"circlet_count":0,"master_deck":["Strike_G","Strike_G","Strike_G","Strike_G","Defend_G","Defend_G","Defend_G","Defend_G","Survivor","Neutralize","Slice","Distraction+1","Good Instincts","Blade Dance","Finisher+1","Prepared","Slice","Choke","Acrobatics","Glass Knife","Cloak And Dagger","Acrobatics","Noxious Fumes+1","Concentrate","Slice+1"],"relics":["Ring of the Snake","BranchBurnRelic","hubris:CrystalStatue","Onion Ring","hubris:Stopwatch","ReplayTheSpireMod:TigerMarble","Paper Crane"],"acts_visited":["Exordium","TheCity"],"potions_floor_usage":[13,13,16],"damage_taken":[{"damage":0,"enemies":"Cultist","floor":1,"turns":3},{"damage":0,"enemies":"Small Slimes","floor":2,"turns":4},{"damage":1,"enemies":"Jaw Worm","floor":4,"turns":5},{"damage":0,"enemies":"Looter","floor":5,"turns":3},{"damage":10,"enemies":"Replay:BlueRogue","floor":7,"turns":5},{"damage":0,"enemies":"3 Louse","floor":11,"turns":2},{"damage":0,"enemies":"Large Slime","floor":12,"turns":2},{"damage":16,"enemies":"Lagavulin","floor":13,"turns":8},{"damage":0,"enemies":"Exordium Wildlife","floor":14,"turns":1},{"damage":19,"enemies":"Slime Boss","floor":16,"turns":7},{"damage":11,"enemies":"3 Byrds","floor":18,"turns":4},{"damage":13,"enemies":"Shell Parasite","floor":19,"turns":6},{"damage":1,"enemies":"Snake Plant","floor":20,"turns":3},{"damage":4,"enemies":"Snecko","floor":21,"turns":3},{"damage":31,"enemies":"Centurion and Healer","floor":22,"turns":6},{"damage":30,"enemies":"Slavers","floor":24,"turns":7},{"damage":29,"enemies":"3 Cultists","floor":27,"turns":4}],"seed_played":"1495267890915831216","potions_obtained":[{"floor":1,"key":"Dexterity Potion"},{"floor":2,"key":"ColorlessPotion"},{"floor":5,"key":"LifebloodPotion"},{"floor":11,"key":"CunningPotion"},{"floor":16,"key":"Dexterity Potion"},{"floor":19,"key":"Dexterity Potion"},{"floor":20,"key":"FearPotion"},{"floor":22,"key":"Milkshake"}],"is_trial":false,"path_per_floor":["M","M","$","M","M","R","E","R","T","?","M","M","E","M","R","B",null,"M","M","M","M","M","R","E","?","T","M"],"character_chosen":"THE_SILENT","items_purchased":["Good Instincts"],"campfire_rested":2,"item_purchase_floors":[3],"current_hp_per_floor":[70,70,70,69,69,69,59,59,59,59,64,64,48,48,69,54,70,59,46,45,41,10,31,16,16,16,0,0],"gold":480,"neow_bonus":"REMOVE_CARD","is_daily":false,"chose_seed":false,"campfire_upgraded":2,"win_rate":0.0,"timestamp":1613666160,"path_taken":["M","M","$","M","M","R","E","R","T","?","M","?","E","M","R","BOSS","M","?","M","M","?","R","E","?","T","M"],"items_purchased_type":["Card"],"build_version":"2020-12-22","purchased_purges":0,"victory":false,"max_hp_per_floor":[70,70,70,70,70,70,70,70,70,70,70,70,70,70,70,70,70,70,70,70,70,70,70,70,70,70,70,70],"card_choices":[{"not_picked":["PiercingWail","Prepared"],"picked":"Slice","floor":1},{"not_picked":["hubris:Counter","Bane"],"picked":"Distraction","floor":2},{"not_picked":["Flying Knee","Noxious Fumes"],"picked":"Blade Dance","floor":4},{"not_picked":["Doppelganger","Well Laid Plans"],"picked":"Finisher","floor":5},{"not_picked":["Skewer","hubris:Counter","PiercingWail"],"picked":"SKIP","floor":7},{"not_picked":["Reflex","Sucker Punch"],"picked":"Prepared","floor":11},{"not_picked":["Riddle With Holes","hubris:TrickCloak"],"picked":"Slice","floor":12},{"not_picked":["Dodge and Roll","Poisoned Stab"],"picked":"Choke","floor":13},{"not_picked":["Riddle With Holes","Prepared"],"picked":"Acrobatics","floor":14},{"not_picked":["Burst","ReplayTheSpireMod:Necrosis"],"picked":"Glass Knife","floor":16},{"not_picked":["Slice","Flying Knee"],"picked":"Cloak And Dagger","floor":18},{"not_picked":["Prepared","Flying Knee+1"],"picked":"Acrobatics","floor":19},{"not_picked":["Cloak And Dagger","Flying Knee+1"],"picked":"Noxious Fumes+1","floor":20},{"not_picked":["Bouncing Flask","Riddle With Holes+1","Setup"],"picked":"SKIP","floor":21},{"not_picked":["hubris:SlightOfHand","Quick Slash"],"picked":"Concentrate","floor":22},{"not_picked":["ReplayTheSpireMod:The Works","Eviscerate"],"picked":"Slice+1","floor":24}],"player_experience":526182,"relics_obtained":[{"floor":7,"key":"Dead Branch"},{"floor":9,"key":"hubris:CrystalStatue"},{"floor":13,"key":"Onion Ring"},{"floor":24,"key":"ReplayTheSpireMod:TigerMarble"},{"floor":26,"key":"Paper Crane"}],"event_choices":[{"cards_removed":["Strike_G"],"damage_healed":0,"gold_gain":0,"player_choice":"Offered Basic","damage_taken":0,"max_hp_gain":0,"max_hp_loss":0,"event_name":"Bonfire Elementals","floor":10,"gold_loss":0},{"damage_healed":0,"gold_gain":0,"player_choice":"Ignored","damage_taken":0,"max_hp_gain":0,"max_hp_loss":0,"event_name":"Cursed Tome","floor":25,"gold_loss":0}],"is_beta":false,"boss_relics":[{"not_picked":["Cursed Key","Fusion Hammer"],"picked":"hubris:Stopwatch"}],"items_purged_floors":[],"is_endless":false,"potions_floor_spawned":[1,2,5,11,16,19,20,21,22],"killed_by":"3 Cultists","ascension_level":2}}