{"host":"opdum64sdiqzxm7l","time":1613677537,"event":{"mods":["Act Like it!","Ascension Reborn","Aspiration","BaseMod","Bestiary","CapriCore","Conspire","Energized Spire","Friendly Minions","Gremlin Mod","Jedi Mod","Minty Spire (QoL Compilation)","MostiFishMod","Pale of the Ancients","Reliquary","Replay The Spire","RumiaBox-露米娅的神秘盒子","StSLib","TestMod","Waifu the Spire","[功能]功能增强和修复MOD","【功能Mod】混沌之环修复补丁","【遗物卡牌】REMEMod"],"gold_per_floor":[117,117,117,134,104,134,134,198,223,250,250,277,289,301,301,400,400,412,412,202,221,7,50,62,121,133,215,255,310,322,334,346,469,481,511,523,592,604,616,628,640,652,664,699,300,300,300,319,319,361,393,440,440,206,206,236,236,37,37,53],"floor_reached":61,"language":"ZHS","playtime":2368,"items_purged":["Gremlin:Defend","Gremlin:Defend","Gremlin:Pickpocket","Gremlin:Irritability","Pot Of Greed"],"score":1541,"play_id":"5bfe32b6-db2a-4ba1-9b8e-89705a25f0b8","local_time":"20210219034537","is_ascension_mode":true,"campfire_choices":[{"data":"MostiFishMod:WinterMarkForm","floor":11,"key":"SMITH"},{"data":"testmod-AdversityCounterattack","floor":15,"key":"SMITH"},{"data":"Gremlin:IrksomeBlow","floor":24,"key":"SMITH"},{"floor":32,"key":"DIG"},{"data":"Gremlin:Nob","floor":42,"key":"SMITH"},{"data":"Gremlin:SecondVolley","floor":49,"key":"SMITH"},{"data":"Gremlin:CounterStrike","floor":55,"key":"SMITH"},{"data":"Gremlin:Erupt","floor":57,"key":"SMITH"}],"circlet_count":0,"master_deck":["Gremlin:Strike","Gremlin:Strike","Gremlin:Strike","Gremlin:Strike+1","Gremlin:Defend+1","Gremlin:TagTeam","Gremlin:GremlinDance","testmod-AdversityCounterattack+1","MostiFishMod:FrostNova","MostiFishMod:WinterMarkForm+1","FollowUp","Gremlin:DaggerDance","Gremlin:Tricksy","Gremlin:Rhythm","Gremlin:Erupt+1","Gremlin:SecondVolley+1","Gremlin:ProperTools+1","Gremlin:IrksomeBlow+1","Finesse","Gremlin:Nob+1","AbeCurse","REME_FirmDetermination+1","testmod-TaurusBlackCat+1","Pot Of Greed","Gremlin:CounterStrike+1","Pot Of Greed","testmod-Mystery"],"relics":["Gremlin:GremlinKnob","REME_ComplimentaryCards","DaveBox","testmod-TestBox","testmod-HeartOfStrike","FrostBlade","Onion Ring","HornCleat","Anchor","REME_HandOfSuture","Replay:Towering Pillar of Hats","ExusiaiGun","Ornamental Fan","MagicDraw1","Replay:Bandana","MawBank","testmod-IntensifyImprint","reliquary:Sod","aspiration:StickyExplosives","GodSword1","jedi:shrinkray","Abe\u0027s Treasure","Lizard Tail","ReplayTheSpireMod:Ring of Challenge","Frozen Egg 2","testmod-ThousandKnives","Centennial Puzzle","MostiFishMod:AdaptiveDefenses","paleoftheancients:Timepiece","paleoftheancients:KeyRelic","Orichalcum","Sozu","paleoftheancients:SoulOfTheSilent","Juzu Bracelet","REME_LimitBreaker","Dodecahedron","Anchor","HandDrill"],"acts_visited":["Exordium","TheCity","TheBeyond","paleoftheancients:PaleOfTheAncients"],"potions_floor_usage":[14,37,48],"damage_taken":[{"damage":1,"enemies":"Jaw Worm","floor":1,"turns":2},{"damage":2,"enemies":"2 Louse","floor":4,"turns":2},{"damage":19,"enemies":"Replay:BlueRogue","floor":6,"turns":4},{"damage":0,"enemies":"Gremlin Nob","floor":8,"turns":3},{"damage":0,"enemies":"3 Sentries","floor":10,"turns":2},{"damage":0,"enemies":"Lagavulin","floor":12,"turns":4},{"damage":0,"enemies":"conspire:RoseBush","floor":13,"turns":2},{"damage":0,"enemies":"conspire:2 RoseBushes","floor":14,"turns":1},{"damage":0,"enemies":"Slime Boss","floor":16,"turns":6},{"damage":0,"enemies":"Spheric Guardian","floor":18,"turns":1},{"damage":0,"enemies":"Chosen","floor":21,"turns":1},{"damage":0,"enemies":"conspire:Head Lice","floor":23,"turns":1},{"damage":0,"enemies":"Slavers","floor":25,"turns":1},{"damage":0,"enemies":"Centurion and Healer","floor":28,"turns":1},{"damage":0,"enemies":"conspire:Head Lice","floor":29,"turns":1},{"damage":0,"enemies":"Collector","floor":33,"turns":1},{"damage":0,"enemies":"Orb Walker","floor":35,"turns":1},{"damage":0,"enemies":"2 Orb Walkers","floor":37,"turns":1},{"damage":0,"enemies":"3 Shapes","floor":44,"turns":1},{"damage":0,"enemies":"Writhing Mass","floor":48,"turns":1},{"damage":0,"enemies":"Replay:Hell Engine","floor":50,"turns":1},{"damage":0,"enemies":"Replay:Hell Engine","floor":51,"turns":1},{"damage":0,"enemies":"Replay:Hell Engine","floor":52,"turns":1},{"damage":0,"enemies":"Replay:Hell Engine","floor":56,"turns":1},{"damage":0,"enemies":"paleoftheancients:N","floor":60,"turns":2}],"seed_played":"7131672709505504696","potions_obtained":[{"floor":1,"key":"jedi:wingpotion"},{"floor":10,"key":"BlessingOfTheForge"},{"floor":14,"key":"REME_GoldPotion"},{"floor":18,"key":"EssenceOfSteel"},{"floor":28,"key":"LifebloodPotion"},{"floor":37,"key":"REME_GoldPotion"},{"floor":44,"key":"testmod-SpacePotion"},{"floor":48,"key":"Fire Potion"}],"is_trial":false,"path_per_floor":["M","?","?","M","$","E","?","?","T","E","R","E","M","M","R","B",null,"M","?","$","M","$","E","R","E","T","T","M","E","T","?","R","B",null,"M","$","?","$","?","?","?","R","T","M","$","?","T","M","R","B","M","M","?","$","R","M","R","$","?","B",null],"character_chosen":"GREMLIN","items_purchased":["Gremlin:IrksomeBlow","Ornamental Fan","Finesse","MagicDraw1","Replay:Bandana","testmod-ThousandKnives","REME_FirmDetermination+1","testmod-TaurusBlackCat+1","Centennial Puzzle","MostiFishMod:AdaptiveDefenses","REME_LimitBreaker","Dodecahedron","reliquary:SculptingSteel","HandDrill","testmod-Mystery"],"campfire_rested":0,"item_purchase_floors":[20,20,20,22,22,45,45,45,45,45,54,54,58,58,58],"current_hp_per_floor":[18,17,17,19,19,10,6,19,19,15,15,15,15,15,15,19,19,19,19,19,19,19,19,19,19,19,19,19,19,19,19,19,19,19,19,19,19,19,19,19,18,18,18,18,18,18,18,18,18,18,18,18,18,18,18,18,18,18,18,18],"gold":53,"neow_bonus":"ONE_RARE_RELIC","is_daily":false,"chose_seed":false,"campfire_upgraded":7,"win_rate":0.0,"timestamp":1613677537,"path_taken":["M","?","?","?","$","E","?","?","T","E","R","E","?","?","R","BOSS","M","?","$","?","$","E","R","E","T","?","?","E","?","?","R","BOSS","M","$","?","$","?","?","?","R","T","?","?","?","?","?","R","BOSS","M","M","?","$","R","M","R","$","?","BOSS"],"items_purchased_type":["Card","Relic","Card","Relic","Relic","Relic","Card","Card","Relic","Relic","Relic","Relic","Relic","Relic","Card"],"build_version":"2020-12-22","purchased_purges":5,"victory":true,"max_hp_per_floor":[19,19,19,19,19,19,19,19,19,19,19,19,19,19,19,19,19,19,19,19,19,19,19,19,19,19,19,19,19,19,19,19,19,19,19,19,19,19,19,19,18,18,18,18,18,18,18,18,18,18,18,18,18,18,18,18,18,18,18,18],"card_choices":[{"not_picked":["Gremlin:GremlinArms","Gremlin:Mockery"],"picked":"Gremlin:DaggerDance","floor":1},{"not_picked":["Gremlin:GremlinMeal","Gremlin:Raid"],"picked":"Gremlin:Tricksy","floor":4},{"not_picked":["Gremlin:Irritability","Gremlin:BulkUp"],"picked":"Gremlin:Rhythm","floor":6},{"not_picked":["Gremlin:PartyStick","Gremlin:Tricksy"],"picked":"Gremlin:Erupt","floor":10},{"not_picked":["Gremlin:FanOfKnives","Gremlin:Enthusiasm"],"picked":"Gremlin:Pickpocket","floor":12},{"not_picked":["Gremlin:CounterStrike","Gremlin:Patsy"],"picked":"Gremlin:CatScratch","floor":13},{"not_picked":["Gremlin:CatScratch","Gremlin:FeelTheAudience"],"picked":"Gremlin:Irritability","floor":14},{"not_picked":["Gremlin:TargetWeakness","Gremlin:Necromancy"],"picked":"Gremlin:SecondVolley","floor":16},{"not_picked":["Gremlin:Presto+1","Gremlin:Flurry"],"picked":"Gremlin:ProperTools+1","floor":18},{"not_picked":["Gremlin:Revel","Gremlin:Pinprick+1","Gremlin:Irritability"],"picked":"SKIP","floor":21},{"not_picked":["Gremlin:Kablamo","Gremlin:PinNeedle","Gremlin:AggressiveDefense+1"],"picked":"SKIP","floor":23},{"not_picked":["Gremlin:ToeStub","Gremlin:Heckle","Gremlin:Scatter"],"picked":"SKIP","floor":25},{"not_picked":["Gremlin:ProperTools","Gremlin:Wizardry","Gremlin:ToeStub+1"],"picked":"SKIP","floor":28},{"not_picked":["Gremlin:BulkUp+1","Gremlin:GlitterGuard+1","Gremlin:Pinprick"],"picked":"SKIP","floor":29},{"not_picked":["Gremlin:Unforgiving","Gremlin:SecondVolley"],"picked":"Gremlin:Nob","floor":33},{"not_picked":["Gremlin:Changeo+1","Gremlin:Tricksy","Gremlin:GremlinMeal"],"picked":"SKIP","floor":35},{"not_picked":["Gremlin:FeelTheAudience","Gremlin:Mockery","Gremlin:MakeshiftArmor+1"],"picked":"SKIP","floor":44},{"not_picked":["Gremlin:PourSalt","Gremlin:Whiz+1","Gremlin:ShankStone+1"],"picked":"SKIP","floor":48},{"not_picked":["Gremlin:DaggerDance+1","Gremlin:Changeo+1","Gremlin:BubbleBarrier"],"picked":"SKIP","floor":51},{"not_picked":["Gremlin:CatScratch+1","Gremlin:PinNeedle+1"],"picked":"Gremlin:CounterStrike","floor":52},{"not_picked":["Gremlin:ShadowShiv+1","Gremlin:Dazzle+1","Gremlin:Glimmer+1"],"picked":"SKIP","floor":56}],"player_experience":37,"relics_obtained":[{"floor":6,"key":"Onion Ring"},{"floor":9,"key":"Anchor"},{"floor":10,"key":"REME_HandOfSuture"},{"floor":12,"key":"Replay:Towering Pillar of Hats"},{"floor":23,"key":"MawBank"},{"floor":25,"key":"testmod-IntensifyImprint"},{"floor":26,"key":"reliquary:Sod"},{"floor":27,"key":"aspiration:StickyExplosives"},{"floor":29,"key":"GodSword1"},{"floor":32,"key":"jedi:shrinkray"},{"floor":37,"key":"Lizard Tail"},{"floor":40,"key":"ReplayTheSpireMod:Ring of Challenge"},{"floor":43,"key":"Frozen Egg 2"},{"floor":47,"key":"Grinning Jar"},{"floor":51,"key":"paleoftheancients:SoulOfTheSilent"}],"event_choices":[{"damage_healed":0,"gold_gain":0,"player_choice":"Ignored","damage_taken":1,"max_hp_gain":0,"max_hp_loss":0,"event_name":"恩洛斯的盘子","floor":2,"gold_loss":0},{"damage_healed":0,"gold_gain":0,"player_choice":"0 cards matched","damage_taken":0,"max_hp_gain":0,"max_hp_loss":0,"event_name":"Match and Keep!","floor":3,"gold_loss":0,"cards_obtained":[]},{"damage_healed":0,"gold_gain":0,"player_choice":"Entered Light","damage_taken":4,"max_hp_gain":0,"max_hp_loss":0,"event_name":"Shining Light","floor":7,"gold_loss":0,"cards_upgraded":["Gremlin:Strike","Gremlin:Defend"]},{"damage_healed":0,"gold_gain":30,"player_choice":"Searched \u00273\u0027 times","damage_taken":0,"relics_obtained":["HornCleat"],"max_hp_gain":0,"max_hp_loss":0,"event_name":"Dead Adventurer","floor":8,"gold_loss":0},{"cards_removed":["Gremlin:Defend"],"damage_healed":0,"gold_gain":0,"player_choice":"Offered Basic","damage_taken":0,"max_hp_gain":0,"max_hp_loss":0,"event_name":"Bonfire Elementals","floor":19,"gold_loss":0},{"damage_healed":0,"gold_gain":0,"player_choice":"Ignored","damage_taken":0,"max_hp_gain":0,"max_hp_loss":0,"event_name":"Vampires","floor":31,"gold_loss":0},{"damage_healed":0,"gold_gain":0,"player_choice":"Fight","damage_taken":0,"max_hp_gain":0,"max_hp_loss":0,"event_name":"Mysterious Sphere","floor":37,"gold_loss":0},{"damage_healed":0,"gold_gain":0,"player_choice":"Leave","damage_taken":0,"max_hp_gain":0,"max_hp_loss":0,"event_name":"conspire:Investor","floor":39,"gold_loss":0},{"damage_healed":0,"gold_gain":0,"player_choice":"Max HP","damage_taken":0,"max_hp_gain":0,"max_hp_loss":1,"event_name":"Winding Halls","floor":41,"gold_loss":0},{"cards_removed":["Gremlin:CatScratch"],"damage_healed":0,"gold_gain":0,"player_choice":"Removed Attack","damage_taken":0,"max_hp_gain":0,"max_hp_loss":0,"event_name":"Falling","floor":46,"gold_loss":0},{"damage_healed":0,"gold_gain":0,"player_choice":"Swap Relic","damage_taken":0,"relics_obtained":["Juzu Bracelet"],"max_hp_gain":0,"max_hp_loss":0,"event_name":"给自己的盒子","floor":53,"relics_lost":["Grinning Jar"],"gold_loss":0}],"is_beta":false,"boss_relics":[{"not_picked":["REME_ChargedStone","aspiration:SecretTechniqueScroll"],"picked":"ExusiaiGun"},{"not_picked":["testmod-TimeTraveler","BloodWine"],"picked":"Abe\u0027s Treasure"}],"items_purged_floors":[5,20,22,45,54],"is_endless":false,"potions_floor_spawned":[1,10,10,12,13,14,18,18,23,28,37,44,48,51,52,56],"ascension_level":0}}