{"host":"7qjyzxi5zjrbio0h","time":1613666110,"event":{"mods":["AchievementEnabler","BaseMod","Downfall","Hermit","Minty Spire (QoL Compilation)","StSLib"],"gold_per_floor":[118,135,135,89,108,108,128,145,145,145,145,145,145,162,162,162,162],"floor_reached":16,"language":"ENG","playtime":896,"items_purged":[],"score":92,"play_id":"78c27f11-ad1b-4c01-8f54-323b27f465d3","local_time":"20210218113510","is_ascension_mode":false,"campfire_choices":[{"data":"Blade Dance","floor":6,"key":"SMITH"},{"data":"Backstab","floor":10,"key":"SMITH"},{"data":"Parasite","floor":12,"key":"PURGE"},{"data":"Prepared","floor":15,"key":"SMITH"}],"circlet_count":0,"master_deck":["Strike_G","Strike_G","Strike_G","Strike_G","Strike_G","Defend_G","Defend_G","Defend_G","Defend_G","Defend_G","Survivor","Neutralize","Poisoned Stab","Blade Dance+1","Backstab+1","Prepared+1"],"relics":["Ring of the Snake","Peace Pipe","Blue Candle"],"acts_visited":["Exordium"],"potions_floor_usage":[16,16,16],"damage_taken":[{"damage":0,"enemies":"2 Louse","floor":1,"turns":3},{"damage":1,"enemies":"Cultist","floor":2,"turns":4},{"damage":0,"enemies":"Jaw Worm","floor":5,"turns":3},{"damage":11,"enemies":"3 Louse","floor":7,"turns":4},{"damage":10,"enemies":"Large Slime","floor":8,"turns":7},{"damage":0,"enemies":"Exordium Wildlife","floor":14,"turns":4},{"damage":67,"enemies":"The Guardian","floor":16,"turns":16}],"seed_played":"-1138634771479955205","potions_obtained":[{"floor":1,"key":"hexamod:SoulburnPotion"},{"floor":5,"key":"Block Potion"},{"floor":8,"key":"Energy Potion"}],"is_trial":false,"path_per_floor":["M","M","?","$","M","R","M","M","T","R","?","R","?","M","R","B"],"character_chosen":"THE_SILENT","items_purchased":["Blade Dance"],"campfire_rested":0,"item_purchase_floors":[4],"current_hp_per_floor":[77,76,69,69,69,69,58,48,48,48,67,67,62,62,62,0,0],"gold":162,"neow_bonus":"TEN_PERCENT_HP_BONUS","is_daily":false,"chose_seed":false,"campfire_upgraded":3,"win_rate":0.0,"timestamp":1613666110,"path_taken":["M","M","?","?","?","R","M","M","T","R","?","R","?","M","R","BOSS"],"items_purchased_type":["Card"],"build_version":"2020-12-22","purchased_purges":0,"victory":false,"max_hp_per_floor":[77,77,77,77,77,77,77,77,77,77,77,74,74,74,74,74,74],"card_choices":[{"not_picked":["Masterful Stab","Dodge and Roll","Underhanded Strike"],"picked":"SKIP","floor":1},{"not_picked":["Backflip","Backstab"],"picked":"Poisoned Stab","floor":2},{"not_picked":["Underhanded Strike","PiercingWail","Reflex"],"picked":"SKIP","floor":5},{"not_picked":["Endless Agony","Well Laid Plans","Blur"],"picked":"SKIP","floor":7},{"not_picked":["Slice","Dodge and Roll"],"picked":"Backstab","floor":8},{"not_picked":["Deflect","Flying Knee"],"picked":"Prepared","floor":14}],"player_experience":60789,"relics_obtained":[{"floor":9,"key":"Peace Pipe"}],"event_choices":[{"damage_healed":0,"gold_gain":0,"player_choice":"Damaged","damage_taken":7,"max_hp_gain":0,"max_hp_loss":0,"event_name":"Wheel of Change","floor":3,"gold_loss":0},{"damage_healed":19,"gold_gain":0,"player_choice":"Healed and dodged fight","damage_taken":0,"max_hp_gain":0,"max_hp_loss":0,"event_name":"Mushrooms","floor":11,"gold_loss":0,"cards_obtained":["Parasite"]}],"is_beta":false,"boss_relics":[],"items_purged_floors":[],"is_endless":false,"potions_floor_spawned":[1,5,8],"killed_by":"The Guardian","ascension_level":0}}