{"host":"js2su9tbbk4rmjfl","time":1613692029,"event":{"mods":["AchievementEnabler","BaseMod","Block Reminder","Colored Map","Colored Powertips","Highlight Path","Minty Spire (QoL Compilation)","Relic Stats"],"gold_per_floor":[10,10,29,45,64,64,64,64,139,139,151,151,170,170,170,170,170],"floor_reached":16,"language":"ENG","playtime":5702,"items_purged":[],"score":175,"play_id":"57a387f2-8195-4a59-a77d-b5f161b7fa7a","local_time":"20210219004709","is_ascension_mode":true,"campfire_choices":[{"data":"Spot Weakness","floor":6,"key":"SMITH"},{"data":"Flame Barrier","floor":8,"key":"SMITH"},{"data":"Cleave","floor":10,"key":"SMITH"},{"data":"Rage","floor":12,"key":"SMITH"},{"data":"Bloodletting","floor":15,"key":"SMITH"}],"circlet_count":0,"master_deck":["AscendersBane","Strike_R","Strike_R","Strike_R","Strike_R","Defend_R","Defend_R","Bash","Wild Strike+1","Spot Weakness+1","Flame Barrier+1","Cleave+1","Rage+1","Bloodletting+1"],"relics":["Burning Blood","The Courier"],"acts_visited":["Exordium"],"potions_floor_usage":[16,16],"damage_taken":[{"damage":19,"enemies":"Jaw Worm","floor":1,"turns":4},{"damage":6,"enemies":"Cultist","floor":3,"turns":3},{"damage":7,"enemies":"Small Slimes","floor":4,"turns":3},{"damage":13,"enemies":"Exordium Wildlife","floor":5,"turns":5},{"damage":13,"enemies":"Red Slaver","floor":11,"turns":3},{"damage":0,"enemies":"Blue Slaver","floor":13,"turns":3},{"damage":72,"enemies":"The Guardian","floor":16,"turns":9}],"seed_played":"-5775795898575774011","potions_obtained":[{"floor":1,"key":"Explosive Potion"},{"floor":3,"key":"DuplicationPotion"}],"is_trial":false,"path_per_floor":["M","?","M","M","M","R","?","R","T","R","M","R","M","?","R","B"],"character_chosen":"IRONCLAD","items_purchased":[],"campfire_rested":0,"item_purchase_floors":[],"current_hp_per_floor":[55,55,55,54,47,47,72,72,72,72,65,65,71,71,71,0,0],"gold":170,"neow_bonus":"REMOVE_TWO","is_daily":false,"chose_seed":false,"campfire_upgraded":5,"win_rate":0.0,"timestamp":1613692029,"path_taken":["M","?","M","?","M","R","?","R","T","R","M","R","M","?","R","BOSS"],"items_purchased_type":[],"build_version":"2020-12-22","purchased_purges":0,"victory":false,"max_hp_per_floor":[75,75,75,75,75,75,75,75,75,75,75,75,75,75,75,75,75],"relic_stats":{"counters":[7,30],"obtain_stats":[{"The Courier":9,"Burning Blood":0},{"The Courier":4,"Burning Blood":0},{"The Courier":15,"Burning Blood":0}],"Burning Blood":36},"card_choices":[{"not_picked":["Fire Breathing","Battle Trance"],"picked":"Wild Strike","floor":1},{"not_picked":["Fire Breathing","Clothesline"],"picked":"Spot Weakness","floor":3},{"not_picked":["Wild Strike","Iron Wave"],"picked":"Flame Barrier","floor":4},{"not_picked":["Wild Strike","Pommel Strike"],"picked":"Cleave","floor":5},{"not_picked":["Sever Soul","Heavy Blade"],"picked":"Rage","floor":11},{"not_picked":["Feel No Pain","Clothesline"],"picked":"Bloodletting","floor":13}],"player_experience":847964,"relics_obtained":[{"floor":9,"key":"The Courier"}],"event_choices":[{"damage_healed":0,"gold_gain":0,"player_choice":"Forge","damage_taken":0,"max_hp_gain":0,"max_hp_loss":0,"event_name":"Accursed Blacksmith","floor":2,"gold_loss":0,"cards_upgraded":["Wild Strike"]},{"damage_healed":25,"gold_gain":0,"player_choice":"Banana","damage_taken":0,"max_hp_gain":0,"max_hp_loss":0,"event_name":"Big Fish","floor":7,"gold_loss":0},{"cards_removed":["Strike_R"],"damage_healed":0,"gold_gain":0,"player_choice":"Forget","damage_taken":0,"max_hp_gain":0,"max_hp_loss":0,"event_name":"Living Wall","floor":14,"gold_loss":0}],"is_beta":false,"boss_relics":[],"items_purged_floors":[],"is_endless":false,"potions_floor_spawned":[1,3,11],"killed_by":"The Guardian","ascension_level":18}}