{"host":"Cenci","time":1613640263,"event":{"mods":["BaseMod","Bestiary","Downfall","Highlight Path","Minty Spire (QoL Compilation)","StSLib"],"gold_per_floor":[99,114,128,128,145,145,145,85,110,135,35,63,77,102,129,232,232,232,244,244,77,96,96,120,31,62,75,100,100,0,0,13,111,111,11,26,41,41,51,51,51,51,51,99,99,112,112,112,129,129,129,155,0,0,0,0],"floor_reached":57,"language":"ENG","playtime":3882,"items_purged":["Pain"],"score":1509,"play_id":"f0337653-f2e9-41c2-84b2-cee2a1aa00f7","local_time":"20210218102423","is_ascension_mode":true,"campfire_choices":[{"data":"hexamod:Float","floor":1.0,"key":"SMITH"},{"floor":11.0,"key":"REST"},{"floor":18,"key":"RECALL"},{"data":"hexamod:ForkedFlame","floor":30,"key":"SMITH"},{"data":"hexamod:ForkedFlame","floor":35,"key":"SMITH"},{"data":"hexamod:EmpoweredFlame","floor":40,"key":"SMITH"},{"data":"hexamod:EmpoweredFlame","floor":47,"key":"SMITH"},{"data":"hexamod:HexaLevel","floor":54,"key":"SMITH"}],"circlet_count":0,"master_deck":["hexamod:Strike","hexamod:Strike","hexamod:Strike+1","hexamod:Strike+1","hexamod:Defend","hexamod:Defend+1","hexamod:Defend+1","hexamod:Defend","hexamod:Sear","hexamod:Float+1","hexamod:Hexaguard+1","hexamod:Hexaguard+1","hexamod:Hexaguard","hexamod:AdvancingGuard","hexamod:ShieldOfDarkness+1","hexamod:Hexaguard+1","hexamod:UnlimitedPower","CurseOfTheBell","hexamod:GhostLash","hexamod:HexaLevel","hexamod:ForkedFlame+1","hexamod:SwordOfDarkness","hexamod:EmpoweredFlame+1","hexamod:StepThrough","hexamod:ThirdSeal","Pride","hexamod:ThirdSeal","hexamod:ForkedFlame+1","hexamod:WildfireWeapon","hexamod:EmpoweredFlame+1","hexamod:PowerFromBeyond+1","hexamod:HexaLevel+1","Parasite","hexamod:RecurringNightmare+1"],"relics":["hexamod:SpiritBrand","downfall:HeartBlessingBlue","hexamod:TheBrokenSeal","Calling Bell","Juzu Bracelet","Mummified Hand","Lizard Tail","Thread and Needle","MealTicket","Ancient Tea Set","Darkstone Periapt","downfall:HeartBlessingRed","Bag of Marbles","Busted Crown","downfall:HeartBlessingGreen","hexamod:CandleOfCauterizing","bronze:BronzeIdol","Bottled Tornado","Vajra"],"acts_visited":["Exordium","TheCity","TheBeyond","TheEnding"],"potions_floor_usage":[16,16,33,50,55,55,56],"damage_taken":[{"damage":4.0,"enemies":"Jaw Worm","floor":2.0,"turns":5.0},{"damage":10.0,"enemies":"Cultist","floor":3.0,"turns":5.0},{"damage":11.0,"enemies":"2 Louse","floor":5.0,"turns":4.0},{"damage":10.0,"enemies":"downfall:FleeingMerchant","floor":8.0,"turns":4.0},{"damage":16.0,"enemies":"Red Slaver","floor":9.0,"turns":5.0},{"damage":3.0,"enemies":"3 Louse","floor":10.0,"turns":5.0},{"damage":22.0,"enemies":"Gremlin Gang","floor":12.0,"turns":7.0},{"damage":1.0,"enemies":"2 Fungi Beasts","floor":13.0,"turns":5.0},{"damage":1.0,"enemies":"Blue Slaver","floor":14.0,"turns":5.0},{"damage":17.0,"enemies":"Lots of Slimes","floor":15.0,"turns":7.0},{"damage":97,"enemies":"IC_STATUS_ARCHETYPE","floor":16,"turns":18},{"damage":0,"enemies":"downfall:LooterAlt2","floor":19,"turns":6},{"damage":2,"enemies":"downfall:FleeingMerchant","floor":21,"turns":4},{"damage":2,"enemies":"3 Byrds","floor":22,"turns":5},{"damage":4,"enemies":"downfall:FleeingMerchant","floor":25,"turns":4},{"damage":0,"enemies":"Book of Stabbing","floor":26,"turns":5},{"damage":0,"enemies":"Centurion and Healer","floor":27,"turns":6},{"damage":22,"enemies":"Slavers","floor":28,"turns":6},{"damage":14,"enemies":"3 Cultists","floor":32,"turns":5},{"damage":10,"enemies":"DF_ARCHETYPE_CLAW","floor":33,"turns":8},{"damage":4,"enemies":"3 Darklings","floor":36,"turns":5},{"damage":0,"enemies":"3 Shapes","floor":37,"turns":4},{"damage":47,"enemies":"Jaw Worm Horde","floor":39,"turns":3},{"damage":0,"enemies":"Writhing Mass","floor":46,"turns":3},{"damage":0,"enemies":"4 Shapes","floor":49,"turns":4},{"damage":15,"enemies":"WA_ARCHETYPE_DIVINITY","floor":50,"turns":9},{"damage":41,"enemies":"downfall:CharBossMerchant","floor":52,"turns":8},{"damage":42,"enemies":"downfall:NeowBoss","floor":55,"turns":13},{"damage":66,"enemies":"downfall:NeowBossFinal","floor":56,"turns":10}],"seed_played":"4891441599800710410","potions_obtained":[{"floor":5.0,"key":"Dexterity Potion"},{"floor":9.0,"key":"FearPotion"},{"floor":12.0,"key":"SmokeBomb"},{"floor":12.0,"key":"ColorlessPotion"},{"floor":14.0,"key":"Ancient Potion"},{"floor":15.0,"key":"SteroidPotion"},{"floor":26,"key":"GamblersBrew"},{"floor":28,"key":"SpeedPotion"},{"floor":32,"key":"SkillPotion"},{"floor":33,"key":"GamblersBrew"},{"floor":37,"key":"AttackPotion"},{"floor":46,"key":"Block Potion"},{"floor":52,"key":"Explosive Potion"}],"is_trial":false,"path_per_floor":["R","M","M","?","M","?","T","$","M","M","R","M","M","M","M","B",null,"R","M","?","$","M","?","T","$","E","M","E","?","R","?","M","B",null,"R","M","M","?","M","R","T","?","?","?","?","M","R","?","M","B",null,"E","$","R","B","B",null],"character_chosen":"THE_SPIRIT","items_purchased":["hexamod:AdvancingGuard","hexamod:ForkedFlame","hexamod:EmpoweredFlame","Vajra"],"campfire_rested":1,"item_purchase_floors":[8,21,25,53],"current_hp_per_floor":[63,59,49,49,38,38,38,28,12,16,50,35,34,40,30,18,72,72,72,72,70,68,68,68,79,79,79,57,57,57,63,49,39,82,82,78,78,78,31,31,31,31,31,31,31,37,37,37,37,22,82,41,56,56,14,10],"gold":0,"neow_bonus":"THREE_RARE_CARDS","is_daily":false,"chose_seed":false,"campfire_upgraded":6,"win_rate":0.0,"timestamp":1613640263,"path_taken":["R","M","M","?","M","?","T","$","M","M","R","M","M","?","M","BOSS","R","M","?","$","M","?","T","$","E","M","E","?","R","?","M","BOSS","R","M","M","?","M","R","T","?","?","?","?","M","R","?","M","BOSS","E","$","R","BOSS","BOSS"],"items_purchased_type":["Card","Card","Card","Relic"],"build_version":"2020-11-17","purchased_purges":1,"victory":true,"max_hp_per_floor":[70,70,70,70,70,70,70,70,70,70,80,80,80,80,80,90,90,90,90,90,90,90,90,90,90,90,90,90,90,90,96,96,96,96,96,96,96,96,96,96,96,96,96,96,96,102,102,102,102,102,102,102,102,102,102,102],"card_choices":[{"not_picked":["hexamod:WildfireWeapon","hexamod:UnlimitedPower"],"picked":"hexamod:FifthSeal","floor":0.0},{"not_picked":["hexamod:ThirdSeal","hexamod:SecondSeal"],"picked":"hexamod:SixthSeal","floor":2.0},{"not_picked":["hexamod:SpectersWail","hexamod:GhostShield"],"picked":"hexamod:Hexaguard","floor":2.0},{"not_picked":["hexamod:SecondSeal","hexamod:FourthSeal"],"picked":"hexamod:ThirdSeal","floor":3.0},{"not_picked":["hexamod:Rewind","hexamod:SwordOfDarkness"],"picked":"hexamod:Hexaguard","floor":3.0},{"not_picked":["hexamod:FourthSeal","hexamod:SixthSeal"],"picked":"hexamod:SecondSeal","floor":5.0},{"not_picked":["hexamod:PhantomCloak","hexamod:RainOfEmbers","hexamod:Toasty"],"picked":"SKIP","floor":5.0},{"not_picked":["hexamod:FourthSeal","hexamod:ThirdSeal"],"picked":"hexamod:FirstSeal","floor":8.0},{"not_picked":["hexamod:GhostOfSpireFuture","hexamod:FlamesFromBeyond"],"picked":"hexamod:Hexaguard","floor":8.0},{"not_picked":["hexamod:RetreatToShadows","hexamod:ShieldOfDarkness","hexamod:GiftsFromTheDead"],"picked":"SKIP","floor":8.0},{"not_picked":["hexamod:Haunt","hexamod:HeatShield"],"picked":"hexamod:FourthSeal","floor":9.0},{"not_picked":["hexamod:Haunt","hexamod:InspiringFlames"],"picked":"hexamod:ShieldOfDarkness","floor":10.0},{"not_picked":["hexamod:SwordOfDarkness","hexamod:VolcanoVisage"],"picked":"hexamod:Hexaguard","floor":10.0},{"not_picked":["hexamod:SuperheatedStrike","hexamod:Hexaguard","hexamod:SpectralAdrenaline"],"picked":"SKIP","floor":12.0},{"not_picked":["hexamod:SuperheatedStrike","hexamod:FourthSeal","hexamod:HauntingEcho"],"picked":"SKIP","floor":12.0},{"not_picked":["hexamod:AdvancingGuard","hexamod:NightmareGuise","hexamod:GhostShield"],"picked":"SKIP","floor":13.0},{"not_picked":["hexamod:HeatShield","hexamod:NightmareGuise","hexamod:SecondSeal"],"picked":"SKIP","floor":13.0},{"not_picked":["hexamod:SuperheatedStrike","hexamod:Firestarter","hexamod:SwordOfDarkness"],"picked":"SKIP","floor":14.0},{"not_picked":["hexamod:BurningTouch","hexamod:FastForward","hexamod:NightmareGuise"],"picked":"SKIP","floor":15.0},{"not_picked":["hexamod:SoulSteal","hexamod:StepThrough","hexamod:PhantomFireball"],"picked":"SKIP","floor":15.0},{"not_picked":["hexamod:SixthSeal","hexamod:GhostflameInferno"],"picked":"hexamod:UnlimitedPower","floor":16},{"not_picked":["hexamod:FlamesFromBeyond","hexamod:NightmareStrike"],"picked":"hexamod:GhostLash","floor":19},{"not_picked":["hexamod:Hexaguard","hexamod:RecurringNightmare"],"picked":"hexamod:HexaLevel","floor":21},{"not_picked":["hexamod:Firestarter","hexamod:ShieldOfDarkness"],"picked":"hexamod:SwordOfDarkness","floor":22},{"not_picked":["hexamod:BurningTouch","hexamod:RetreatToShadows","hexamod:PhantomCloak"],"picked":"SKIP","floor":25},{"not_picked":["hexamod:Haunt+1","hexamod:AdvancingGuard","hexamod:SpectersWail"],"picked":"SKIP","floor":26},{"not_picked":["hexamod:HeatMetal+1","hexamod:SkipABeat"],"picked":"hexamod:StepThrough","floor":27},{"not_picked":["hexamod:DynamicBlow+1","hexamod:GhostShield"],"picked":"hexamod:ThirdSeal","floor":28},{"not_picked":["hexamod:ShieldOfDarkness+1","hexamod:Rewind+1"],"picked":"hexamod:ThirdSeal","floor":32},{"not_picked":["hexamod:PhantomCloak+1","hexamod:SuperheatedStrike","hexamod:GhostShield"],"picked":"SKIP","floor":32},{"not_picked":["hexamod:ApocalypseNow","hexamod:ApocalypticArmor"],"picked":"hexamod:ForkedFlame","floor":33},{"not_picked":["hexamod:VolcanoVisage","hexamod:SearingWound"],"picked":"hexamod:WildfireWeapon","floor":33},{"not_picked":[],"picked":"hexamod:EmpoweredFlame","floor":36},{"not_picked":[],"picked":"hexamod:PowerFromBeyond+1","floor":36},{"not_picked":["hexamod:SkipABeat"],"picked":"SKIP","floor":36},{"not_picked":["hexamod:BurningTouch"],"picked":"SKIP","floor":37},{"not_picked":["hexamod:PowerFromBeyond"],"picked":"SKIP","floor":37},{"not_picked":["hexamod:BurningTouch"],"picked":"SKIP","floor":37},{"not_picked":["hexamod:PowerFromBeyond"],"picked":"SKIP","floor":37},{"not_picked":["hexamod:PhantomCloak+1"],"picked":"SKIP","floor":39},{"not_picked":["hexamod:InspiringFlames"],"picked":"SKIP","floor":39},{"not_picked":[],"picked":"hexamod:RecurringNightmare+1","floor":46},{"not_picked":["hexamod:FastForward"],"picked":"SKIP","floor":46},{"not_picked":["hexamod:BurningTouch"],"picked":"SKIP","floor":46},{"not_picked":["hexamod:UnleashSpirits"],"picked":"SKIP","floor":49},{"not_picked":["hexamod:FastForward+1"],"picked":"SKIP","floor":49},{"not_picked":["hexamod:ChargedBarrage"],"picked":"SKIP","floor":52},{"not_picked":["hexamod:FourthSeal"],"picked":"SKIP","floor":52}],"player_experience":361449,"relics_obtained":[{"floor":17,"key":"Juzu Bracelet"},{"floor":17,"key":"Mummified Hand"},{"floor":17,"key":"Lizard Tail"},{"floor":24,"key":"MealTicket"},{"floor":26,"key":"Ancient Tea Set"},{"floor":28,"key":"Darkstone Periapt"},{"floor":41,"key":"hexamod:CandleOfCauterizing"},{"floor":44,"key":"bronze:BronzeIdol"},{"floor":52,"key":"Bottled Tornado"}],"event_choices":[{"damage_healed":0.0,"max_hp_gain":0.0,"max_hp_loss":0.0,"gold_gain":0.0,"event_name":"Scrap Ooze","player_choice":"Fled","floor":4.0,"gold_loss":0.0,"damage_taken":0.0},{"damage_healed":0,"gold_gain":0,"player_choice":"Stole Relic","damage_taken":0,"relics_obtained":["Bag of Marbles"],"max_hp_gain":0,"max_hp_loss":0,"event_name":"Addict","floor":31,"gold_loss":0,"cards_obtained":["Pride"]},{"damage_healed":0,"gold_gain":0,"player_choice":"Ignored","damage_taken":0,"max_hp_gain":0,"max_hp_loss":0,"event_name":"Mysterious Sphere","floor":48,"gold_loss":0}],"is_beta":true,"boss_relics":[{"not_picked":["Philosopher\u0027s Stone","Astrolabe"],"picked":"Calling Bell"},{"not_picked":["hexamod:IceCube","Black Star"],"picked":"Busted Crown"}],"items_purged_floors":[21],"is_endless":false,"potions_floor_spawned":[5,9,12,26,28,32,33,37,46,49,52],"ascension_level":6}}