{"host":"mmqs5ul2bvb60kyc","time":1613641831,"event":{"mods":["ATMod(°¢èªMod)","AchievementEnabler","Act Like it!","BaseMod","Colored Map","Colored Powertips","Minty Spire (QoL Compilation)","MostiFishMod","Quick Restart","StSLib"],"gold_per_floor":[10,23,43,61,74,74,90,120,145,145,175,187,187,206,206,284,284,294,102,102,102,112,112,143,143,143,158,158,168,188,216,216,291,291,309,229,504,518,535,560,560,592,592,607,507,534,534,569,581,593,605,617,629,13,44,44],"floor_reached":57,"language":"ZHS","playtime":2702,"items_purged":["Strike_G","Strike_G","Strike_G","Strike_G"],"score":3673,"play_id":"98b55417-9f1b-4f78-8664-14faf043d961","local_time":"20210218175031","is_ascension_mode":true,"campfire_choices":[{"data":"Mayhem","floor":6.0,"key":"SMITH"},{"data":"Prepared","floor":10.0,"key":"SMITH"},{"data":"Acrobatics","floor":13.0,"key":"SMITH"},{"data":"Neutralize","floor":15.0,"key":"SMITH"},{"data":"AT_ChampionStep","floor":23.0,"key":"SMITH"},{"data":"Acrobatics","floor":25.0,"key":"SMITH"},{"data":"Reflex","floor":28.0,"key":"SMITH"},{"data":"Reflex","floor":32.0,"key":"SMITH"},{"floor":41,"key":"RECALL"},{"data":"MostiFishMod:Dislodge","floor":47,"key":"SMITH"},{"data":"MostiFishMod:Opportunism","floor":49,"key":"SMITH"},{"data":"After Image","floor":53,"key":"SMITH"}],"circlet_count":0,"master_deck":["AscendersBane","Strike_G","Defend_G","Defend_G","Defend_G","Defend_G","Defend_G","Survivor","Neutralize+1","AT_ChampionStep+1","Mayhem+1","MostiFishMod:PreservedThorns","AT_WindFlip","Footwork","Blade Dance","Acrobatics+1","Prepared+1","MostiFishMod:ThornCasing","AT_ShadowStep","MostiFishMod:InvigoratingSolution","After Image+1","Ghostly","Ghostly","Ghostly","Terror","MostiFishMod:Confrontation","Acrobatics+1","Reflex+1","Reflex+1","MostiFishMod:Opportunism+1","Regret","AT_FocusSwordFire+1","MostiFishMod:Dislodge+1","MostiFishMod:InvigoratingSolution+1","After Image","MostiFishMod:WinterMarkForm"],"relics":["Ring of the Snake","AT_ATBox","DaveBox","HaiYi:Twilight","SynthV:TestCard","White Beast Statue","AT_SunfireAegis","The Courier","AT_TrinityForce","SynthV","Toy Ornithopter","SynthV:C4","Anchor","Coffee Dripper","Centennial Puzzle","Unceasing Top","Vajra","MawBank","AT_ChloranthyRing","AT_SpeedBoots","Lee\u0027s Waffle","Strawberry"],"acts_visited":["Exordium","TheCity","TheBeyond","TheEnding"],"potions_floor_usage":[],"damage_taken":[{"damage":1.0,"enemies":"Cultist","floor":1.0,"turns":5.0},{"damage":3.0,"enemies":"Small Slimes","floor":2.0,"turns":5.0},{"damage":4.0,"enemies":"Jaw Worm","floor":3.0,"turns":4.0},{"damage":14.0,"enemies":"Red Slaver","floor":4.0,"turns":3.0},{"damage":10.0,"enemies":"Exordium Wildlife","floor":5.0,"turns":3.0},{"damage":5.0,"enemies":"Large Slime","floor":7.0,"turns":4.0},{"damage":0.0,"enemies":"Gremlin Nob","floor":8.0,"turns":2.0},{"damage":3.0,"enemies":"3 Sentries","floor":11.0,"turns":3.0},{"damage":0.0,"enemies":"2 Fungi Beasts","floor":12.0,"turns":2.0},{"damage":9.0,"enemies":"Blue Slaver","floor":14.0,"turns":2.0},{"damage":0.0,"enemies":"Slime Boss","floor":16.0,"turns":3.0},{"damage":3.0,"enemies":"2 Thieves","floor":18.0,"turns":3.0},{"damage":0.0,"enemies":"Chosen","floor":22.0,"turns":4.0},{"damage":0.0,"enemies":"Slavers","floor":24.0,"turns":2.0},{"damage":0.0,"enemies":"Centurion and Healer","floor":27.0,"turns":2.0},{"damage":3.0,"enemies":"Snake Plant","floor":29.0,"turns":3.0},{"damage":0.0,"enemies":"Snecko","floor":30.0,"turns":2.0},{"damage":0.0,"enemies":"Gremlin Leader","floor":31.0,"turns":3.0},{"damage":1.0,"enemies":"Collector","floor":33.0,"turns":3.0},{"damage":0,"enemies":"3 Shapes","floor":35,"turns":1},{"damage":0,"enemies":"Orb Walker","floor":38,"turns":1},{"damage":0,"enemies":"Maw","floor":39,"turns":3},{"damage":0,"enemies":"Giant Head","floor":40,"turns":3},{"damage":0,"enemies":"Nemesis","floor":42,"turns":3},{"damage":0,"enemies":"Jaw Worm Horde","floor":44,"turns":1},{"damage":0,"enemies":"Reptomancer","floor":46,"turns":2},{"damage":1,"enemies":"Giant Head","floor":48,"turns":3},{"damage":1,"enemies":"Awakened One","floor":50,"turns":3},{"damage":1,"enemies":"Donu and Deca","floor":51,"turns":3},{"damage":0,"enemies":"Shield and Spear","floor":55,"turns":4},{"damage":3,"enemies":"The Heart","floor":56,"turns":6}],"seed_played":"9110643266834330888","potions_obtained":[{"floor":1.0,"key":"Explosive Potion"},{"floor":3.0,"key":"Poison Potion"},{"floor":7.0,"key":"FearPotion"},{"floor":8.0,"key":"SneckoOil"},{"floor":22.0,"key":"Strength Potion"},{"floor":29.0,"key":"CunningPotion"}],"is_trial":false,"path_per_floor":["M","M","M","M","M","R","M","E","T","R","E","M","R","M","R","B",null,"M","$","?","?","M","R","E","R","T","M","R","M","M","E","R","B",null,"M","$","?","M","M","E","R","E","T","M","$","E","R","E","R","B","B",null,"R","$","E","B",null],"character_chosen":"THE_SILENT","items_purchased":["SynthV","AT_ChloranthyRing","AT_SpeedBoots","After Image","Lee\u0027s Waffle"],"campfire_rested":0,"item_purchase_floors":[19,54,54,54,54],"current_hp_per_floor":[58,55,51,37,27,27,22,22,22,22,19,19,19,10,10,10,52,49,49,33,33,33,33,33,33,33,33,33,30,30,30,30,29,32,32,32,32,32,32,32,32,32,32,32,32,32,32,31,31,30,29,32,32,40,47,44],"gold":44,"neow_bonus":"RANDOM_COLORLESS_2","is_daily":false,"chose_seed":false,"campfire_upgraded":11,"win_rate":0.0,"timestamp":1613641831,"path_taken":["M","?","M","M","M","R","M","E","T","R","E","M","R","M","R","BOSS","M","$","?","?","M","R","E","R","T","?","R","M","M","E","R","BOSS","M","$","?","M","M","E","R","E","T","M","$","E","R","E","R","BOSS","BOSS","R","$","E","BOSS"],"items_purchased_type":["Relic","Relic","Relic","Card","Relic"],"build_version":"2020-12-22","purchased_purges":4,"victory":true,"max_hp_per_floor":[66,66,66,66,66,66,66,66,66,66,66,66,66,66,66,66,66,66,66,33,33,33,33,33,33,33,33,33,33,33,33,33,33,33,33,33,33,33,33,33,33,33,33,33,33,33,33,33,33,33,33,33,33,40,47,47],"card_choices":[{"not_picked":["AT_FamilyPortrait","AT_FalsePromise"],"picked":"Mayhem","floor":0.0},{"not_picked":["Distraction","MostiFishMod:PerfectParry","Dash"],"picked":"SKIP","floor":1.0},{"not_picked":["Outmaneuver","Deadly Poison","Heel Hook","Dodge and Roll"],"picked":"MostiFishMod:PreservedThorns","floor":2.0},{"not_picked":["Outmaneuver","Predator","MostiFishMod:PerfectParry","Flying Knee"],"picked":"AT_WindFlip","floor":3.0},{"not_picked":["Poisoned Stab","Deadly Poison","Storm of Steel","Blur"],"picked":"Footwork","floor":4.0},{"not_picked":["Flechettes","Underhanded Strike","Bane","AT_WomanClash"],"picked":"Blade Dance","floor":5.0},{"not_picked":["Flying Knee","Distraction","Deflect","PiercingWail"],"picked":"Acrobatics","floor":7.0},{"not_picked":["Choke","MostiFishMod:PreservedThorns","Cloak And Dagger","Tools of the Trade"],"picked":"Prepared","floor":8.0},{"not_picked":["Caltrops","Terror","AT_ThistleTea","Slice"],"picked":"MostiFishMod:ThornCasing","floor":11.0},{"not_picked":["AT_WindFlip","Poisoned Stab","Dash","Sucker Punch"],"picked":"AT_ShadowStep","floor":12.0},{"not_picked":["Deadly Poison","MostiFishMod:ThornCasing","Slice","Dagger Throw"],"picked":"MostiFishMod:InvigoratingSolution","floor":14.0},{"not_picked":["Phantasmal Killer","MostiFishMod:GrandStart","Adrenaline","Unload"],"picked":"After Image","floor":16.0},{"not_picked":["Prepared","Deflect+1","Setup","PiercingWail","Dagger Spray"],"picked":"SKIP","floor":18.0},{"not_picked":["Deadly Poison","Dodge and Roll","Sucker Punch","Bane","MostiFishMod:PoisonShield"],"picked":"SKIP","floor":22.0},{"not_picked":["Deadly Poison","Dodge and Roll","Sucker Punch","Bane","MostiFishMod:PoisonShield"],"picked":"SKIP","floor":22.0},{"not_picked":["Backflip","Terror","Sucker Punch","AT_WindFlip"],"picked":"Acrobatics","floor":24.0},{"not_picked":["Terror","Dagger Spray","Wraith Form v2","Concentrate"],"picked":"Reflex","floor":27.0},{"not_picked":["Bane+1","Flying Knee+1","MostiFishMod:PreservedThorns","Footwork"],"picked":"Reflex","floor":29.0},{"not_picked":["Deflect","Acrobatics","Dagger Spray","Quick Slash","Deadly Poison"],"picked":"SKIP","floor":30.0},{"not_picked":["AT_MyraUnstableElement","Flying Knee","AT_WindRun","Poisoned Stab","Riddle With Holes"],"picked":"SKIP","floor":31.0},{"not_picked":["MostiFishMod:Confrontation","Die Die Die","MostiFishMod:Wind","Night Terror"],"picked":"MostiFishMod:Opportunism","floor":33.0},{"not_picked":["AT_WomanClash","Acrobatics","Crippling Poison","MostiFishMod:PerfectParry","Dagger Throw"],"picked":"SKIP","floor":35},{"not_picked":["Deadly Poison+1","Blade Dance","Dagger Throw","Slice"],"picked":"AT_FocusSwordFire+1","floor":38},{"not_picked":["Flying Knee+1","AT_WindFlip","Underhanded Strike","Cloak And Dagger","Masterful Stab+1"],"picked":"SKIP","floor":39},{"not_picked":["Infinite Blades","Well Laid Plans","AT_ArcaneSupremacy","AT_Desolate"],"picked":"MostiFishMod:Dislodge","floor":40},{"not_picked":["AT_ShadowStep","Dash","Cloak And Dagger","Slice","Crippling Poison"],"picked":"SKIP","floor":42},{"not_picked":["Bane","Acrobatics","Backflip","AT_FocusSwordFire"],"picked":"MostiFishMod:InvigoratingSolution+1","floor":44},{"not_picked":["Riddle With Holes+1","Blur","Finisher","Reflex+1","Bane"],"picked":"SKIP","floor":46},{"not_picked":["Deflect","Footwork","Deadly Poison","Blur","Acrobatics+1"],"picked":"SKIP","floor":48},{"not_picked":["Caltrops","Predator+1","Deadly Poison","Underhanded Strike"],"picked":"MostiFishMod:WinterMarkForm","floor":55}],"player_experience":373292,"relics_obtained":[{"floor":1.0,"key":"SynthV:TestCard"},{"floor":8.0,"key":"White Beast Statue"},{"floor":9.0,"key":"AT_SunfireAegis"},{"floor":11.0,"key":"The Courier"},{"floor":24.0,"key":"Toy Ornithopter"},{"floor":26.0,"key":"SynthV:C4"},{"floor":31.0,"key":"Anchor"},{"floor":40,"key":"Centennial Puzzle"},{"floor":42,"key":"Unceasing Top"},{"floor":46,"key":"Vajra"},{"floor":48,"key":"MawBank"},{"floor":55,"key":"Strawberry"}],"event_choices":[{"damage_healed":0.0,"max_hp_gain":0.0,"max_hp_loss":33.0,"gold_gain":0.0,"event_name":"Ghosts","player_choice":"Became a Ghost","floor":20.0,"gold_loss":0.0,"damage_taken":0.0,"cards_obtained":["Ghostly","Ghostly","Ghostly"]},{"damage_healed":0.0,"max_hp_gain":0.0,"max_hp_loss":0.0,"gold_gain":0.0,"event_name":"Match and Keep!","player_choice":"2 cards matched","floor":21.0,"gold_loss":0.0,"damage_taken":0.0,"cards_obtained":["Terror","MostiFishMod:Confrontation"]},{"damage_healed":0,"gold_gain":275,"player_choice":"Desecrate","damage_taken":0,"max_hp_gain":0,"max_hp_loss":0,"event_name":"Golden Shrine","floor":37,"gold_loss":0,"cards_obtained":["Regret"]}],"is_beta":false,"boss_relics":[{"not_picked":["Velvet Choker","HoveringKite"],"picked":"AT_TrinityForce"},{"not_picked":["SacredBark","RhineCircuit"],"picked":"Coffee Dripper"}],"items_purged_floors":[19,36,45,54],"is_endless":false,"potions_floor_spawned":[1,3,7,8,11,12,14,16,18,22,24,27,29,30,31,33,35,38,39,40,42,44,46,48,55],"ascension_level":20}}