{"host":"rtw1tnr74gozsrw1","time":1613680201,"event":{"mods":["BaseMod","Colored Map","Colored Powertips","Highlight Path","Infinite Spire","Minty Spire (QoL Compilation)","StSLib","The Cursed","The Jungle"],"gold_per_floor":[110,110,128,128,53,53,72,106,106,6,21,36,36,55,55,159,159,169,179,8,8,27,27,45,71,118,118,118,118,118,118,118,220,220,235,85,102,121,121,147,147,147,147],"floor_reached":42,"language":"ENG","playtime":1556,"items_purged":["Strike_B","Strike_B","Strike_B","Defend_B","Parasite"],"score":580,"play_id":"1f0c559c-5f8b-4b78-9106-ed9cc564e1c9","local_time":"20210218213001","is_ascension_mode":true,"campfire_choices":[{"data":"Hyperbeam","floor":6,"key":"SMITH"},{"data":"Leap","floor":15,"key":"SMITH"},{"data":"Reprogram","floor":23,"key":"SMITH"},{"floor":27,"key":"REST"},{"data":"Reprogram","floor":29,"key":"SMITH"},{"data":"infinitespire:Fortify","floor":32,"key":"SMITH"},{"floor":41,"key":"REST"}],"circlet_count":0,"master_deck":["Defend_B","Defend_B","Defend_B","Zap","Dualcast","Hyperbeam+1","Streamline+1","Steam","Leap+1","Leap","Echo Form","Leap","Reprogram+1","Conserve Battery","Reprogram+1","Injury","infinitespire:Fortify+1","Self Repair"],"relics":["PureWater","infinitespire:Cubic Diamond","Toy Ornithopter","Eternal Feather","Cursed Key","Lantern","Whetstone","Omamori","Fusion Hammer","infinitespire:Freezer"],"acts_visited":["Exordium","TheCity","TheBeyond"],"potions_floor_usage":[14,16,24,24,40,40,40,42],"damage_taken":[{"damage":0,"enemies":"2 Louse","floor":1,"turns":2},{"damage":0,"enemies":"Small Slimes","floor":3,"turns":1},{"damage":2,"enemies":"Jaw Worm","floor":7,"turns":2},{"damage":20,"enemies":"Lagavulin","floor":8,"turns":5},{"damage":4,"enemies":"Red Slaver","floor":11,"turns":2},{"damage":0,"enemies":"Lots of Slimes","floor":12,"turns":2},{"damage":0,"enemies":"Large Slime","floor":14,"turns":1},{"damage":35,"enemies":"The Guardian","floor":16,"turns":12},{"damage":6,"enemies":"3 Byrds","floor":18,"turns":2},{"damage":4,"enemies":"Shell Parasite","floor":19,"turns":4},{"damage":5,"enemies":"Snake Plant","floor":22,"turns":4},{"damage":24,"enemies":"Shelled Parasite and Fungi","floor":24,"turns":4},{"damage":18,"enemies":"Gremlin Leader","floor":25,"turns":7},{"damage":23,"enemies":"Automaton","floor":33,"turns":13},{"damage":12,"enemies":"3 Shapes","floor":35,"turns":3},{"damage":8,"enemies":"3 Darklings","floor":37,"turns":5},{"damage":23,"enemies":"Writhing Mass","floor":38,"turns":9},{"damage":43,"enemies":"Reptomancer","floor":40,"turns":7},{"damage":46,"enemies":"Nemesis","floor":42,"turns":8}],"seed_played":"61005922208525741","potions_obtained":[{"floor":7,"key":"PotionOfCapacity"},{"floor":8,"key":"LiquidMemories"},{"floor":12,"key":"SteroidPotion"},{"floor":14,"key":"PowerPotion"},{"floor":19,"key":"Fire Potion"},{"floor":25,"key":"Ancient Potion"},{"floor":37,"key":"Fire Potion"},{"floor":40,"key":"FearPotion"}],"is_trial":false,"path_per_floor":["M","?","M","?","$","R","M","E","T","$","M","M","?","M","R","B",null,"M","M","$","?","M","R","M","E","T","R","AVR","R","$","T","R","B",null,"M","$","M","M","$","E","R","E"],"character_chosen":"DEFECT","items_purchased":["Conserve Battery"],"campfire_rested":2,"item_purchase_floors":[20],"current_hp_per_floor":[68,68,68,68,68,68,66,46,46,46,42,42,35,40,46,16,60,54,50,50,43,38,47,33,15,15,46,46,55,55,55,64,41,67,55,55,47,31,31,10,40,0,0],"gold":147,"neow_bonus":"ONE_RANDOM_RARE_CARD","is_daily":false,"chose_seed":false,"campfire_upgraded":5,"win_rate":0.0,"timestamp":1613680201,"path_taken":["M","?","M","?","$","R","M","E","T","$","M","M","?","M","R","BOSS","M","M","$","?","M","R","?","E","T","R","AVR","R","$","?","R","BOSS","M","$","M","?","$","E","R","E"],"items_purchased_type":["Card"],"build_version":"2020-12-22","purchased_purges":5,"victory":false,"max_hp_per_floor":[75,75,75,75,75,75,75,75,75,75,75,75,75,75,75,75,75,75,75,75,75,75,75,75,75,75,75,75,75,75,75,75,75,75,75,72,72,72,72,72,72,72,72],"card_choices":[{"not_picked":["Streamline","Barrage","Coolheaded"],"picked":"SKIP","floor":1},{"not_picked":["Redo","Steam Power"],"picked":"Streamline","floor":3},{"not_picked":["Go for the Eyes","Lockon","Steam Power"],"picked":"SKIP","floor":7},{"not_picked":["Rebound","Chaos","Force Field"],"picked":"SKIP","floor":8},{"not_picked":["Genetic Algorithm","Darkness"],"picked":"Steam","floor":11},{"not_picked":["Loop","Cold Snap"],"picked":"Leap","floor":12},{"not_picked":["Barrage","Blizzard"],"picked":"Leap","floor":14},{"not_picked":["Multi-Cast","Fission"],"picked":"Echo Form","floor":16},{"not_picked":["Beam Cell","Lockon"],"picked":"Leap","floor":18},{"not_picked":["Sweeping Beam","Beam Cell"],"picked":"Reprogram","floor":19},{"not_picked":["Cold Snap+1","Coolheaded","Defragment+1"],"picked":"SKIP","floor":22},{"not_picked":["Loop","Stack","Heatsinks"],"picked":"SKIP","floor":24},{"not_picked":["Sunder+1","Coolheaded"],"picked":"Reprogram","floor":25},{"not_picked":["Capacitor+1","Scrape+1","Compile Driver"],"picked":"SKIP","floor":35},{"not_picked":["Coolheaded","Go for the Eyes"],"picked":"Self Repair","floor":37},{"not_picked":["Darkness","Melter","Hello World"],"picked":"SKIP","floor":38},{"not_picked":["Hologram+1","Chaos+1","Loop"],"picked":"SKIP","floor":40}],"player_experience":172326,"relics_obtained":[{"floor":8,"key":"Toy Ornithopter"},{"floor":9,"key":"Eternal Feather"},{"floor":25,"key":"Lantern"},{"floor":26,"key":"Whetstone"},{"floor":31,"key":"Omamori"},{"floor":40,"key":"infinitespire:Freezer"}],"event_choices":[{"damage_healed":0,"gold_gain":0,"player_choice":"Ignored","damage_taken":0,"max_hp_gain":0,"max_hp_loss":0,"event_name":"Golden Idol","floor":2,"gold_loss":0},{"cards_removed":["Strike_B"],"damage_healed":0,"gold_gain":0,"player_choice":"Card Removal","damage_taken":7,"max_hp_gain":0,"max_hp_loss":0,"event_name":"Golden Wing","floor":13,"gold_loss":0},{"damage_healed":0,"gold_gain":0,"player_choice":"Damaged","damage_taken":7,"max_hp_gain":0,"max_hp_loss":0,"event_name":"Wheel of Change","floor":21,"gold_loss":0}],"is_beta":false,"boss_relics":[{"not_picked":["Empty Cage","Black Star"],"picked":"Cursed Key"},{"not_picked":["Astrolabe","Coffee Dripper"],"picked":"Fusion Hammer"}],"items_purged_floors":[5,10,20,28,36],"is_endless":false,"potions_floor_spawned":[7,8,12,14,19,22,25,37,38,40],"killed_by":"Nemesis","ascension_level":6}}