{"host":"w4b7hmige5bnqipq","time":1613674766,"event":{"mods":["2.2 Compatiblity","BaseMod","Colored Map","DeckTracker","Keyboard Shortcuts","Minty Spire (QoL Compilation)","Permanent Neow","Rare Cards Sparkle","SuperFastMode","everything is the same but u backflip on backflip","slay the spire mod where everything is the same but ironclad has a cowboy hat"],"gold_per_floor":[112,112,130,55,71,71,146,146,146,166,199,217,217,217,217,310,373,391,405,430,192,392,392,416,416,416,416,119,153,153,169,169,169,169],"floor_reached":33,"language":"KOR","playtime":783,"items_purged":["Strike_G","Strike_G","Strike_G"],"score":630,"play_id":"a557855f-303f-4521-835a-3435651ea5e9","local_time":"20210219025926","is_ascension_mode":true,"campfire_choices":[{"data":"Deadly Poison","floor":6.0,"key":"SMITH"},{"data":"Neutralize","floor":8.0,"key":"SMITH"},{"data":"Noxious Fumes","floor":13.0,"key":"SMITH"},{"data":"Footwork","floor":15.0,"key":"SMITH"},{"floor":23.0,"key":"REST"},{"data":"Crippling Poison","floor":25.0,"key":"SMITH"},{"data":"Panacea","floor":27.0,"key":"SMITH"},{"floor":32,"key":"REST"}],"circlet_count":0,"master_deck":["AscendersBane","Strike_G","Strike_G","Defend_G","Defend_G","Defend_G","Defend_G","Defend_G","Survivor+1","Neutralize+1","Eviscerate","Deadly Poison+1","Reflex","Footwork+1","Noxious Fumes+1","Corpse Explosion","Die Die Die","Prepared","Backflip","Crippling Poison+1","Panacea+1","Grand Finale","Well Laid Plans","Backflip"],"relics":["Ring of the Snake","Snake Skull","Gremlin Horn","Question Card","Orichalcum","Golden Idol","Tiny House","Omamori","TungstenRod"],"acts_visited":["Exordium","TheCity"],"potions_floor_usage":[29,33],"damage_taken":[{"damage":0.0,"enemies":"Cultist","floor":1.0,"turns":4.0},{"damage":5.0,"enemies":"2 Louse","floor":3.0,"turns":3.0},{"damage":0.0,"enemies":"Jaw Worm","floor":5.0,"turns":4.0},{"damage":15.0,"enemies":"Gremlin Gang","floor":10.0,"turns":7.0},{"damage":19.0,"enemies":"Gremlin Nob","floor":11.0,"turns":4.0},{"damage":1.0,"enemies":"3 Louse","floor":12.0,"turns":3.0},{"damage":22.0,"enemies":"The Guardian","floor":16.0,"turns":8.0},{"damage":5.0,"enemies":"Shell Parasite","floor":18.0,"turns":6.0},{"damage":17.0,"enemies":"2 Thieves","floor":19.0,"turns":3.0},{"damage":19.0,"enemies":"Cultist and Chosen","floor":20.0,"turns":5.0},{"damage":6.0,"enemies":"Centurion and Healer","floor":24.0,"turns":6.0},{"damage":0,"enemies":"Gremlin Leader","floor":29,"turns":6},{"damage":20,"enemies":"Snake Plant","floor":31,"turns":6},{"damage":31,"enemies":"Automaton","floor":33,"turns":6}],"seed_played":"-6784048482075273373","potions_obtained":[{"floor":1.0,"key":"Fruit Juice"},{"floor":3.0,"key":"FairyPotion"},{"floor":5.0,"key":"LiquidMemories"},{"floor":17.0,"key":"EssenceOfSteel"},{"floor":19.0,"key":"SkillPotion"},{"floor":20.0,"key":"PowerPotion"},{"floor":31,"key":"LiquidBronze"}],"is_trial":false,"path_per_floor":["M","?","M","$","M","R","?","R","T","M","E","M","R","?","R","B",null,"M","M","M","$","?","R","M","R","T","R","$","E","?","M","R","B"],"character_chosen":"THE_SILENT","items_purchased":["Crippling Poison","Panacea","Omamori"],"campfire_rested":2,"item_purchase_floors":[21,21,28],"current_hp_per_floor":[59,54,49,49,54,54,43,43,43,28,9,8,8,8,8,18,58,53,36,17,17,17,37,31,31,31,31,31,31,31,11,31,0,0],"gold":169,"neow_bonus":"RANDOM_COMMON_RELIC","is_daily":false,"chose_seed":false,"campfire_upgraded":6,"win_rate":0.0,"timestamp":1613674766,"path_taken":["M","?","M","$","M","R","?","R","T","M","E","M","R","?","R","BOSS","M","M","M","$","?","R","?","R","T","R","$","E","?","M","R","BOSS"],"items_purchased_type":["Card","Card","Relic"],"build_version":"2020-12-22","purchased_purges":3,"victory":false,"max_hp_per_floor":[66,66,66,66,71,71,71,71,71,71,71,71,71,64,64,64,69,69,69,69,69,69,69,69,69,69,69,69,69,69,69,69,69,69],"card_choices":[{"not_picked":["Infinite Blades","Underhanded Strike"],"picked":"Eviscerate","floor":1.0},{"not_picked":["Riddle With Holes","Sucker Punch"],"picked":"Deadly Poison","floor":3.0},{"not_picked":["PiercingWail","Slice"],"picked":"Reflex","floor":5.0},{"not_picked":["Outmaneuver","Deflect","Dagger Spray"],"picked":"Footwork","floor":10.0},{"not_picked":["Acrobatics","Choke","Finisher"],"picked":"Noxious Fumes","floor":11.0},{"not_picked":["Cloak And Dagger","Concentrate","Dagger Spray"],"picked":"Corpse Explosion","floor":12.0},{"not_picked":["A Thousand Cuts","Night Terror","Glass Knife"],"picked":"Die Die Die","floor":16.0},{"not_picked":["Sucker Punch","Dash","PiercingWail"],"picked":"Prepared","floor":17.0},{"not_picked":["Sucker Punch","Skewer","Underhanded Strike+1","Bane"],"picked":"SKIP","floor":18.0},{"not_picked":["Heel Hook+1","Slice","Blade Dance"],"picked":"Backflip","floor":19.0},{"not_picked":["Predator","Skewer+1","Poisoned Stab","Setup"],"picked":"SKIP","floor":20.0},{"not_picked":["Cloak And Dagger","Crippling Poison","Dagger Throw+1"],"picked":"Grand Finale","floor":24.0},{"not_picked":["Bane","Heel Hook","Dodge and Roll"],"picked":"Well Laid Plans","floor":29},{"not_picked":["Reflex+1","Bane","Predator"],"picked":"Backflip","floor":31}],"player_experience":779995,"relics_obtained":[{"floor":9.0,"key":"Question Card"},{"floor":11.0,"key":"Orichalcum"},{"floor":29,"key":"TungstenRod"}],"event_choices":[{"damage_healed":0.0,"max_hp_gain":0.0,"max_hp_loss":0.0,"gold_gain":0.0,"event_name":"Scrap Ooze","player_choice":"Success","floor":2.0,"gold_loss":0.0,"damage_taken":5.0,"relics_obtained":["Gremlin Horn"]},{"damage_healed":0.0,"max_hp_gain":0.0,"max_hp_loss":0.0,"gold_gain":75.0,"event_name":"World of Goop","player_choice":"Gather Gold","floor":7.0,"gold_loss":0.0,"damage_taken":11.0},{"damage_healed":0.0,"max_hp_gain":0.0,"max_hp_loss":7.0,"gold_gain":0.0,"event_name":"Golden Idol","player_choice":"Lose Max HP","floor":14.0,"gold_loss":0.0,"damage_taken":0.0,"relics_obtained":["Golden Idol"]},{"damage_healed":0.0,"max_hp_gain":0.0,"max_hp_loss":0.0,"gold_gain":200.0,"event_name":"Wheel of Change","player_choice":"Gold","floor":22.0,"gold_loss":0.0,"damage_taken":0.0},{"damage_healed":0,"gold_gain":0,"player_choice":"Ignored","damage_taken":0,"max_hp_gain":0,"max_hp_loss":0,"event_name":"Vampires","floor":30,"gold_loss":0}],"is_beta":false,"boss_relics":[{"not_picked":["Calling Bell","Astrolabe"],"picked":"Tiny House"}],"items_purged_floors":[4,21,28],"is_endless":false,"potions_floor_spawned":[1,3,5,19,20,31],"killed_by":"Automaton","ascension_level":20}}