{"host":"agl6880ykeaxaurv","time":1613662241,"event":{"mods":["AchievementEnabler","BaseMod","Colored Map","Colored Powertips","Downfall","Hermit","Highlight Path","Minty Spire (QoL Compilation)","Robot Space Explorer","StSLib","The Cursed","The Servant 0.9.4"],"gold_per_floor":[99,112,128,128,8,108,108,283,313,13,32,62,80,80,92,190,190,190,208,208,308,308,17,17,17,42,42,3,17,17,32,43,142,142,142,162,106,122,122,0,0,20,50,69,117,135,56,74,74,74,74],"floor_reached":49,"language":"ENG","playtime":5016,"items_purged":[],"score":620,"play_id":"a5526a7d-686b-4b81-9d03-32864673fb4c","local_time":"20210218153041","is_ascension_mode":false,"campfire_choices":[{"floor":1.0,"key":"RECALL"},{"data":"bronze:CloningBeam","floor":10.0,"key":"SMITH"},{"data":"bronze:Mutator","floor":18.0,"key":"SMITH"},{"floor":25.0,"key":"REST"},{"floor":30.0,"key":"REST"},{"data":"bronze:AlphaBuild","floor":35,"key":"SMITH"}],"circlet_count":0,"master_deck":["bronze:Strike","bronze:Strike","bronze:Strike","bronze:Strike","bronze:Defend","bronze:Defend","bronze:Defend","bronze:Defend","bronze:Replicate","bronze:Goto","bronze:Repair","bronze:OilSpill","bronze:Fortify","bronze:ChildClass+1","bronze:Backtrace","bronze:CloningBeam+1","bronze:Repair","bronze:Frontload+1","bronze:NullPointer+1","bronze:ItsAFeature","bronze:Mutator+1","bronze:MaxOutput","bronze:Replicate","bronze:DonuBeam","bronze:DecaBeam","bronze:BitShift+1","bronze:FineTuning","bronze:Overheat","bronze:BugBarrage","bronze:Shell+1","bronze:BuggyMess","bronze:FineTuning","bronze:BurnOut","bronze:Branch+1","bronze:AlphaBuild+1","bronze:BronzeOrb","bronze:WildBeam+1","bronze:Verify","bronze:Shield+1","expansioncontent:Chronoboost","expansioncontent:Hexaburn","expansioncontent:Chronoboost","bronze:AlphaBuild","Parasite","bronze:BronzeArmor","bronze:ClassDefault+1","bronze:Branch+1","bronze:Deprecate+1","bronze:HardenedForm","bronze:SpaghettiCode","bronze:DelayedGuard+1"],"relics":["bronze:BronzeCore","Toy Ornithopter","Thread and Needle","downfall:HeartBlessingBlue","downfall:HeartBlessingGreen","downfall:HeartBlessingRed","Pen Nib","SacredBark","bronze:CableSpool","Eternal Feather","Dream Catcher","Velvet Choker","Bottled Flame","Regal Pillow","Sundial","TungstenRod"],"acts_visited":["Exordium","TheCity","TheBeyond"],"potions_floor_usage":[43],"damage_taken":[{"damage":0.0,"enemies":"Jaw Worm","floor":2.0,"turns":4.0},{"damage":0.0,"enemies":"2 Louse","floor":3.0,"turns":4.0},{"damage":0.0,"enemies":"downfall:FleeingMerchant","floor":5.0,"turns":4.0},{"damage":23.0,"enemies":"3 Sentries","floor":9.0,"turns":13.0},{"damage":0.0,"enemies":"Small Slimes","floor":11.0,"turns":2.0},{"damage":0.0,"enemies":"Gremlin Nob","floor":12.0,"turns":4.0},{"damage":2.0,"enemies":"Red Slaver","floor":13.0,"turns":2.0},{"damage":0.0,"enemies":"Blue Slaver","floor":15.0,"turns":1.0},{"damage":29.0,"enemies":"WA_ARCHETYPE_RETAIN","floor":16.0,"turns":13.0},{"damage":5.0,"enemies":"Shell Parasite","floor":19.0,"turns":7.0},{"damage":94.0,"enemies":"Shell Parasite","floor":21.0,"turns":9.0},{"damage":5.0,"enemies":"downfall:FleeingMerchant","floor":23.0,"turns":4.0},{"damage":24.0,"enemies":"Slavers","floor":26.0,"turns":5.0},{"damage":16.0,"enemies":"downfall:FleeingMerchant","floor":28.0,"turns":4.0},{"damage":30.0,"enemies":"downfall:LooterAlt2","floor":29.0,"turns":4.0},{"damage":0.0,"enemies":"Sentry and Sphere","floor":31.0,"turns":7.0},{"damage":0.0,"enemies":"3 Cultists","floor":32.0,"turns":6.0},{"damage":96.0,"enemies":"DF_ARCHETYPE_CLAW","floor":33.0,"turns":11.0},{"damage":0,"enemies":"Orb Walker","floor":36,"turns":2},{"damage":0,"enemies":"downfall:FleeingMerchant","floor":37,"turns":4},{"damage":19,"enemies":"3 Shapes","floor":38,"turns":5},{"damage":21,"enemies":"Writhing Mass","floor":42,"turns":8},{"damage":24,"enemies":"Nemesis","floor":43,"turns":11},{"damage":6,"enemies":"Transient","floor":44,"turns":5},{"damage":19,"enemies":"2 Orb Walkers","floor":45,"turns":6},{"damage":0,"enemies":"4 Shapes","floor":46,"turns":5},{"damage":0,"enemies":"Jaw Worm Horde","floor":48,"turns":2},{"damage":63,"enemies":"Maw","floor":49,"turns":8}],"seed_played":"7963380356839996832","potions_obtained":[{"floor":2.0,"key":"SkillPotion"},{"floor":9.0,"key":"bronze:BurnAndBuffPotion"},{"floor":11.0,"key":"bronze:BuildAFunctionPotion"},{"floor":26.0,"key":"GamblersBrew"},{"floor":31.0,"key":"BlessingOfTheForge"},{"floor":32.0,"key":"SteroidPotion"},{"floor":33.0,"key":"sneckomod:MuddlingPotion"},{"floor":44,"key":"DuplicationPotion"},{"floor":45,"key":"Dexterity Potion"},{"floor":46,"key":"EssenceOfSteel"}],"is_trial":false,"path_per_floor":["R","M","M","?","$","?","T","?","E","R","M","E","M","?","M","B",null,"R","M","?","?","?","$","T","R","E","?","$","M","R","M","M","B",null,"R","M","$","M","?","$","T","M","E","M","?","M","$","M","M"],"character_chosen":"THE_AUTOMATON","items_purchased":["bronze:ChildClass","bronze:Backtrace","bronze:CableSpool","bronze:Overheat","bronze:BuggyMess","bronze:Verify","Bottled Flame","bronze:AlphaBuild","Energy Potion","bronze:SpaghettiCode"],"campfire_rested":2,"item_purchase_floors":[5,5,23,23,28,37,37,40,40,47],"current_hp_per_floor":[77,77,77,59,66,66,66,66,50,60,60,67,65,65,65,67,87,87,87,87,5,5,7,7,48,31,31,41,25,69,83,87,8,87,87,87,87,73,63,63,63,49,44,38,34,48,48,48,0,0,0],"gold":74,"neow_bonus":"TEN_PERCENT_HP_BONUS","is_daily":false,"chose_seed":false,"campfire_upgraded":3,"win_rate":0.0,"timestamp":1613662241,"path_taken":["R","M","M","?","$","?","T","?","E","R","M","E","M","?","M","BOSS","R","M","?","?","?","?","T","R","E","?","$","M","R","M","M","BOSS","R","M","$","M","?","$","T","M","E","M","?","M","$","M","M"],"items_purchased_type":["Card","Card","Relic","Card","Card","Card","Relic","Card","Potion","Card"],"build_version":"2020-12-22","purchased_purges":0,"victory":false,"max_hp_per_floor":[77,77,77,77,77,77,77,77,77,87,87,87,87,87,87,87,87,87,87,87,87,87,87,87,87,87,87,87,87,87,87,87,87,87,87,87,87,87,87,87,87,87,87,87,87,87,87,87,87,87,87],"card_choices":[{"not_picked":["bronze:Deprecate","bronze:BuggyMess"],"picked":"bronze:Repair","floor":2.0},{"not_picked":["bronze:WhirlingStrike","bronze:Overheat"],"picked":"bronze:OilSpill","floor":3.0},{"not_picked":["bronze:BitShift","bronze:Overheat"],"picked":"bronze:Fortify","floor":5.0},{"not_picked":["bronze:Deprecate","bronze:Virus"],"picked":"bronze:CloningBeam","floor":9.0},{"not_picked":["bronze:Overheat","bronze:DelayedSlice"],"picked":"bronze:Repair","floor":11.0},{"not_picked":["bronze:BugBarrage","bronze:WildBeam"],"picked":"bronze:Frontload","floor":12.0},{"not_picked":["bronze:CutThrough","bronze:WildBeam"],"picked":"bronze:NullPointer","floor":13.0},{"not_picked":["bronze:OilSpill","bronze:Boost"],"picked":"bronze:ItsAFeature","floor":15.0},{"not_picked":["bronze:Assembly","bronze:Format"],"picked":"bronze:Mutator","floor":16.0},{"not_picked":["bronze:ChildClass","bronze:CutThrough+1"],"picked":"bronze:MaxOutput","floor":19.0},{"not_picked":[],"picked":"bronze:DonuBeam","floor":21.0},{"not_picked":[],"picked":"bronze:DecaBeam","floor":21.0},{"not_picked":["bronze:BronzeArmor","bronze:BuggyMess"],"picked":"bronze:BitShift+1","floor":21.0},{"not_picked":["bronze:BuggyMess","bronze:Iterate"],"picked":"bronze:FineTuning","floor":23.0},{"not_picked":["bronze:DarkDash","bronze:CloningBeam"],"picked":"bronze:BugBarrage","floor":26.0},{"not_picked":["bronze:ItsAFeature","bronze:Return+1"],"picked":"bronze:Shell+1","floor":28.0},{"not_picked":["bronze:DarkDash+1","bronze:OilSpill"],"picked":"bronze:FineTuning","floor":29.0},{"not_picked":["bronze:FineTuning","bronze:Branch"],"picked":"bronze:BurnOut","floor":31.0},{"not_picked":["bronze:CutThrough","bronze:GetLatest"],"picked":"bronze:Branch+1","floor":32.0},{"not_picked":["bronze:HyperBeam","bronze:Break"],"picked":"bronze:AlphaBuild","floor":33.0},{"not_picked":["bronze:DelayedSlice+1","bronze:Shield"],"picked":"bronze:BronzeOrb","floor":36},{"not_picked":["bronze:Overheat+1","bronze:Turbo"],"picked":"bronze:WildBeam+1","floor":37},{"not_picked":["bronze:CloningBeam","bronze:WildBeam"],"picked":"bronze:Shield+1","floor":38},{"not_picked":["expansioncontent:PolyBeam","expansioncontent:LastStand"],"picked":"expansioncontent:Chronoboost","floor":39},{"not_picked":["expansioncontent:GuardianWhirl","expansioncontent:YouAreMine"],"picked":"expansioncontent:Hexaburn","floor":39},{"not_picked":["expansioncontent:YouAreMine","expansioncontent:PrepareCrush"],"picked":"expansioncontent:Chronoboost","floor":39},{"not_picked":["bronze:DelayedSlice+1","bronze:BronzeOrb"],"picked":"bronze:BronzeArmor","floor":42},{"not_picked":["bronze:Deprecate","bronze:Iterate"],"picked":"bronze:ClassDefault+1","floor":43},{"not_picked":["bronze:Invalidate","bronze:ForLoop+1"],"picked":"bronze:Branch+1","floor":44},{"not_picked":["bronze:Frontload","bronze:Backtrace+1"],"picked":"bronze:Deprecate+1","floor":45},{"not_picked":["bronze:Shell","bronze:Branch"],"picked":"bronze:HardenedForm","floor":46},{"not_picked":["bronze:BuggyMess","bronze:Shield"],"picked":"bronze:DelayedGuard+1","floor":48}],"player_experience":283968,"relics_obtained":[{"floor":9.0,"key":"Thread and Needle"},{"floor":12.0,"key":"Pen Nib"},{"floor":24.0,"key":"Eternal Feather"},{"floor":26.0,"key":"Dream Catcher"},{"floor":41,"key":"Regal Pillow"},{"floor":43,"key":"Sundial"},{"floor":45,"key":"TungstenRod"}],"event_choices":[{"damage_healed":0.0,"max_hp_gain":0.0,"max_hp_loss":0.0,"gold_gain":0.0,"event_name":"Scrap Ooze","player_choice":"Success","floor":4.0,"gold_loss":0.0,"damage_taken":18.0,"relics_obtained":["Toy Ornithopter"]},{"damage_healed":0,"gold_gain":0,"player_choice":"Fight","damage_taken":0,"max_hp_gain":0,"max_hp_loss":0,"event_name":"Mysterious Sphere","floor":45,"gold_loss":0}],"is_beta":false,"boss_relics":[{"not_picked":["Snecko Eye","Empty Cage"],"picked":"SacredBark"},{"not_picked":["Sozu","Black Star"],"picked":"Velvet Choker"}],"items_purged_floors":[],"is_endless":false,"potions_floor_spawned":[2,9,11,12,26,31,32,33,44,45,46,48],"killed_by":"Maw","ascension_level":0}}