{"host":"cbu6enf2xtq4r7r3","time":1613669242,"event":{"mods":["2.2 Compatiblity","AlwaysNeverKeys","BaseMod","Better Match","Better Note","Better Sensory Stone","Better Skull","Better Third Choice","Colored Map","Colored Powertips","Defuse TimeMaze Blight","Emptier Cage","Minty Spire (QoL Compilation)","Permanent Neow","Quick Restart","Random Character Button","Relic Sorter","Reorder Act Four","Shop Mod","StSLib"],"gold_per_floor":[364,364,378,68,168,168,195,195,219,246,48,68,68,80,80,185,185,202,69,49,64,74,74,74,104,104,104,137,155,155,180,180,276,326,343,360,372,179,179,179,34,52,52,52,52,79,79,89,89,89],"floor_reached":51,"language":"ENG","playtime":1527,"items_purged":["Strike_G","Strike_G","Strike_G"],"score":827,"play_id":"9cfb52de-fd0a-446d-8880-2d9ff99c8980","local_time":"20210218182722","is_ascension_mode":true,"campfire_choices":[{"data":"Neutralize","floor":6,"key":"SMITH"},{"data":"Poisoned Stab","floor":8,"key":"SMITH"},{"data":"Crippling Poison","floor":13,"key":"SMITH"},{"data":"Poisoned Stab","floor":15,"key":"SMITH"},{"data":"Noxious Fumes","floor":23,"key":"SMITH"},{"data":"Footwork","floor":27,"key":"SMITH"},{"data":"Deflect","floor":30,"key":"SMITH"},{"data":"Backflip","floor":32,"key":"SMITH"},{"data":"Catalyst","floor":40,"key":"SMITH"},{"data":"Blur","floor":45,"key":"SMITH"},{"data":"Deadly Poison","floor":49,"key":"SMITH"}],"circlet_count":0,"master_deck":["Strike_G","Defend_G+1","Defend_G+1","Defend_G","Defend_G","Defend_G","Survivor","Neutralize+1","Dagger Spray","Backflip+1","Poisoned Stab+1","Adrenaline+1","Bane","Poisoned Stab+1","Crippling Poison+1","Slice","Deadly Poison+1","Malaise","Deflect+1","Noxious Fumes+1","Deflect+1","TalkToTheHand+1","Footwork+1","Dagger Spray+1","Blur+1","Deflect+1","PiercingWail","Catalyst+1","Catalyst+1","PiercingWail+1","Dodge and Roll+1","Flash of Steel","Dark Shackles"],"relics":["Ring of the Snake","Mercury Hourglass","Strawberry","Orichalcum","Toy Ornithopter","Philosopher\u0027s Stone","Bag of Marbles","CaptainsWheel","InkBottle","Boot","Tiny House","War Paint","DollysMirror","Question Card","Art of War"],"acts_visited":["Exordium","TheCity","TheBeyond"],"potions_floor_usage":[10,16,22,25,28,33,35,46,50,50],"damage_taken":[{"damage":2,"enemies":"Small Slimes","floor":1,"turns":5},{"damage":0,"enemies":"2 Louse","floor":3,"turns":2},{"damage":11,"enemies":"Lagavulin","floor":7,"turns":7},{"damage":5,"enemies":"Gremlin Nob","floor":10,"turns":3},{"damage":0,"enemies":"Cultist","floor":12,"turns":2},{"damage":0,"enemies":"2 Fungi Beasts","floor":14,"turns":2},{"damage":6,"enemies":"Hexaghost","floor":16,"turns":7},{"damage":0,"enemies":"Chosen","floor":18,"turns":3},{"damage":6,"enemies":"2 Thieves","floor":21,"turns":3},{"damage":5,"enemies":"Centurion and Healer","floor":22,"turns":6},{"damage":7,"enemies":"Gremlin Leader","floor":25,"turns":6},{"damage":10,"enemies":"Slavers","floor":28,"turns":4},{"damage":11,"enemies":"Snake Plant","floor":29,"turns":5},{"damage":1,"enemies":"Book of Stabbing","floor":31,"turns":6},{"damage":23,"enemies":"Collector","floor":33,"turns":7},{"damage":0,"enemies":"3 Shapes","floor":35,"turns":2},{"damage":0,"enemies":"Orb Walker","floor":36,"turns":3},{"damage":0,"enemies":"Sphere and 2 Shapes","floor":37,"turns":5},{"damage":0,"enemies":"3 Darklings","floor":42,"turns":1},{"damage":16,"enemies":"Nemesis","floor":46,"turns":7},{"damage":0,"enemies":"Transient","floor":48,"turns":5},{"damage":20,"enemies":"Donu and Deca","floor":50,"turns":8}],"seed_played":"2098219490226318584","potions_obtained":[{"floor":7,"key":"Poison Potion"},{"floor":12,"key":"CultistPotion"},{"floor":14,"key":"ColorlessPotion"},{"floor":20,"key":"Poison Potion"},{"floor":21,"key":"Energy Potion"},{"floor":25,"key":"PowerPotion"},{"floor":31,"key":"SteroidPotion"},{"floor":33,"key":"DuplicationPotion"},{"floor":34,"key":"PowerPotion"},{"floor":37,"key":"Block Potion"}],"is_trial":false,"path_per_floor":["M","?","M","$","?","R","E","R","T","E","$","M","R","M","R","B",null,"M","$","?","M","M","R","?","E","T","R","E","M","R","E","R","B",null,"M","M","M","$","?","R","$","M","T","?","R","E","?","M","R","B",null],"character_chosen":"THE_SILENT","items_purchased":["Poisoned Stab","Mercury Hourglass","Poisoned Stab","Crippling Poison","Noxious Fumes","Catalyst","DollysMirror"],"campfire_rested":0,"item_purchase_floors":[4,4,11,11,19,38,41],"current_hp_per_floor":[47,40,40,40,40,40,36,36,36,31,31,31,31,31,31,30,77,77,77,77,71,71,71,71,69,69,69,64,53,53,52,52,34,82,82,82,82,82,82,82,82,82,82,78,78,62,62,62,62,52],"gold":89,"neow_bonus":"TWO_FIFTY_GOLD","is_daily":false,"chose_seed":false,"campfire_upgraded":11,"win_rate":0.0,"timestamp":1613669242,"path_taken":["M","?","M","$","?","R","E","R","T","E","$","M","R","?","R","BOSS","M","$","?","M","M","R","?","E","T","R","E","M","R","E","R","BOSS","M","M","M","$","?","R","$","?","T","?","R","E","?","M","R","BOSS"],"items_purchased_type":["Card","Relic","Card","Card","Card","Card","Relic"],"build_version":"2020-12-22","purchased_purges":3,"victory":true,"max_hp_per_floor":[70,70,70,70,70,70,77,77,77,77,77,77,77,77,77,77,77,77,77,77,77,77,77,77,77,77,77,77,77,77,77,77,77,82,82,82,82,82,82,82,82,82,82,78,78,78,78,78,78,78],"card_choices":[{"not_picked":["Slice","Finisher"],"picked":"Dagger Spray","floor":1},{"not_picked":["Choke","Deflect"],"picked":"Backflip","floor":3},{"not_picked":["PiercingWail","Infinite Blades"],"picked":"Adrenaline","floor":7},{"not_picked":["Setup","Tactician"],"picked":"Bane","floor":10},{"not_picked":["Outmaneuver","Terror"],"picked":"Slice","floor":12},{"not_picked":["Choke","Underhanded Strike"],"picked":"Deadly Poison","floor":14},{"not_picked":["Night Terror","Storm of Steel"],"picked":"Malaise","floor":16},{"not_picked":["Prepared","Calculated Gamble+1"],"picked":"Deflect","floor":18},{"not_picked":["Quick Slash","Endless Agony","Reflex"],"picked":"SKIP","floor":21},{"not_picked":["Wraith Form v2","Dagger Throw"],"picked":"Deflect+1","floor":22},{"not_picked":["Reflex","Predator"],"picked":"Footwork","floor":25},{"not_picked":["Flechettes","Caltrops+1","Dagger Throw+1"],"picked":"SKIP","floor":28},{"not_picked":["Slice+1","Flying Knee","Dagger Throw+1"],"picked":"SKIP","floor":29},{"not_picked":["Dagger Throw","Reflex"],"picked":"Dagger Spray+1","floor":31},{"not_picked":["Flying Knee","Deadly Poison"],"picked":"Blur","floor":34},{"not_picked":["Backstab","Footwork"],"picked":"Deflect+1","floor":35},{"not_picked":["Prepared","Endless Agony+1"],"picked":"PiercingWail","floor":36},{"not_picked":["Deadly Poison","Choke+1","Terror"],"picked":"SKIP","floor":37},{"not_picked":["Bane","Tactician"],"picked":"PiercingWail+1","floor":42},{"not_picked":["Terror+1","Sucker Punch","Heel Hook+1"],"picked":"Dodge and Roll+1","floor":46},{"not_picked":["Mind Blast","Enlightenment","Dramatic Entrance"],"picked":"Flash of Steel","floor":47},{"not_picked":["Metamorphosis","Mind Blast","Dramatic Entrance"],"picked":"Dark Shackles","floor":47},{"not_picked":["Bane","Prepared","Slice+1","Underhanded Strike"],"picked":"SKIP","floor":48}],"player_experience":159159,"relics_obtained":[{"floor":7,"key":"Strawberry"},{"floor":9,"key":"Orichalcum"},{"floor":10,"key":"Toy Ornithopter"},{"floor":25,"key":"Bag of Marbles"},{"floor":26,"key":"CaptainsWheel"},{"floor":28,"key":"InkBottle"},{"floor":31,"key":"Boot"},{"floor":39,"key":"War Paint"},{"floor":43,"key":"Question Card"},{"floor":46,"key":"Art of War"}],"event_choices":[{"cards_removed":["Strike_G"],"damage_healed":0,"gold_gain":0,"player_choice":"Card Removal","damage_taken":7,"max_hp_gain":0,"max_hp_loss":0,"event_name":"Golden Wing","floor":2,"gold_loss":0},{"damage_healed":0,"gold_gain":100,"player_choice":"Pray","damage_taken":0,"max_hp_gain":0,"max_hp_loss":0,"event_name":"Golden Shrine","floor":5,"gold_loss":0},{"damage_healed":0,"gold_gain":0,"player_choice":"Bought 1 Potion","damage_taken":0,"max_hp_gain":0,"max_hp_loss":0,"event_name":"The Woman in Blue","floor":20,"gold_loss":0},{"cards_removed":["Noxious Fumes"],"damage_healed":0,"gold_gain":0,"player_choice":"Take \u0026 Give","damage_taken":0,"max_hp_gain":0,"max_hp_loss":0,"event_name":"betterNote:BetterNote","floor":24,"gold_loss":0,"cards_obtained":["TalkToTheHand"]},{"damage_healed":0,"gold_gain":0,"player_choice":"Relic","damage_taken":0,"max_hp_gain":0,"max_hp_loss":0,"event_name":"Wheel of Change","floor":39,"gold_loss":0},{"damage_healed":0,"gold_gain":0,"player_choice":"Max HP","damage_taken":0,"max_hp_gain":0,"max_hp_loss":4,"event_name":"Winding Halls","floor":44,"gold_loss":0},{"damage_healed":0,"gold_gain":3,"player_choice":"1","damage_taken":0,"max_hp_gain":0,"max_hp_loss":0,"event_name":"betterStone:BetterStone","floor":47,"gold_loss":0}],"is_beta":false,"boss_relics":[{"not_picked":["Astrolabe","Ectoplasm"],"picked":"Philosopher\u0027s Stone"},{"not_picked":["Black Star","SacredBark"],"picked":"Tiny House"}],"items_purged_floors":[11,19,38],"is_endless":false,"potions_floor_spawned":[7,12,14,21,25,31,33,37,42],"ascension_level":1}}