{"host":"tubmkv2g6v9d0kjw","time":1613641689,"event":{"mods":["2.2 Compatiblity","BaseMod","Conspire","Downfall","Hubris","Minty Spire (QoL Compilation)","Relic Stats","Spire Arcade","StSLib"],"gold_per_floor":[99,118,118,130,74,98,98,98,131,151,172,72,100,143,163,293,293,193,231,275,275,275,275],"floor_reached":21,"language":"ENG","playtime":1162,"items_purged":[],"score":216,"play_id":"62685abc-ac54-417d-9525-921f7177f01e","local_time":"20210218034809","is_ascension_mode":false,"campfire_choices":[{"data":"hexamod:Float","floor":1,"key":"SMITH"},{"floor":18,"key":"RECALL"}],"circlet_count":0,"master_deck":["hexamod:Strike","hexamod:Strike","hexamod:Strike","hexamod:Strike","hexamod:Defend","hexamod:Defend","hexamod:Defend","hexamod:Sear","hexamod:Float+1","hexamod:Incineration","Iron Wave","hexamod:SecondSeal","hexamod:Firestarter","hexamod:SpectersWail","hexamod:ThermalTransfer","hexamod:PhantomFireball","hexamod:GhostflameBarrier","hexamod:DynamicBlow","conspire:SpireCoStock","conspire:SpireCoStock","hexamod:RainOfEmbers","hexamod:HeatShield","hexamod:TimeOfNeed","hexamod:Rewind"],"relics":["hexamod:SpiritBrand","Frozen Egg 2","Blue Candle","Peace Pipe","Boot","Black Star","downfall:HeartBlessingGreen","hubris:Spice"],"acts_visited":["Exordium","TheCity"],"potions_floor_usage":[14,16],"damage_taken":[{"damage":0,"enemies":"conspire:RoseBush","floor":2,"turns":3},{"damage":1,"enemies":"Cultist","floor":4,"turns":3},{"damage":0,"enemies":"downfall:FleeingMerchant","floor":5,"turns":4},{"damage":6,"enemies":"Jaw Worm","floor":6,"turns":3},{"damage":11,"enemies":"Lagavulin","floor":9,"turns":6},{"damage":5,"enemies":"downfall:LooterAlt","floor":10,"turns":3},{"damage":0,"enemies":"Large Slime","floor":11,"turns":3},{"damage":1,"enemies":"2 Fungi Beasts","floor":13,"turns":3},{"damage":6,"enemies":"Gremlin Nob","floor":14,"turns":3},{"damage":21,"enemies":"conspire:2 RoseBushes","floor":15,"turns":3},{"damage":5,"enemies":"SI_SHIV_ARCHETYPE","floor":16,"turns":8},{"damage":23,"enemies":"Shell Parasite","floor":19,"turns":7},{"damage":48,"enemies":"conspire:MimicChest","floor":20,"turns":8},{"damage":20,"enemies":"conspire:FuzzyDice","floor":21,"turns":3}],"seed_played":"6823056807957990016","potions_obtained":[{"floor":4,"key":"PowerPotion"},{"floor":9,"key":"Guardian:BlockOnCardUsePotion"},{"floor":10,"key":"hexamod:SoulburnPotion"}],"is_trial":false,"path_per_floor":["R","M","?","M","$","M","T","?","E","M","M","?","M","E","M","B",null,"R","M","?","M"],"character_chosen":"THE_SPIRIT","items_purchased":["hexamod:SpectersWail"],"campfire_rested":0,"item_purchase_floors":[5],"current_hp_per_floor":[77,77,77,76,76,70,70,65,54,49,49,49,48,42,21,16,77,77,54,14,0,0,0],"gold":275,"neow_bonus":"TEN_PERCENT_HP_BONUS","is_daily":false,"chose_seed":false,"campfire_upgraded":1,"win_rate":0.0,"timestamp":1613641689,"path_taken":["R","M","?","?","$","?","T","?","E","M","M","?","M","E","M","BOSS","R","M","?","M"],"items_purchased_type":["Card"],"build_version":"2020-12-22","purchased_purges":0,"victory":false,"max_hp_per_floor":[77,77,77,77,77,77,77,77,77,77,77,77,77,77,77,77,77,77,77,85,85,85,85],"relic_stats":{"Peace Pipe":0,"counters":[14,60],"Blue Candle":[0],"Black Star":0,"Boot":[25],"obtain_stats":[{"Peace Pipe":9,"hubris:Spice":20,"Blue Candle":8,"downfall:HeartBlessingGreen":18,"Black Star":17,"Frozen Egg 2":7,"Boot":14,"hexamod:SpiritBrand":0},{"Peace Pipe":5,"hubris:Spice":13,"Blue Candle":4,"downfall:HeartBlessingGreen":11,"Black Star":11,"Frozen Egg 2":4,"Boot":9,"hexamod:SpiritBrand":0},{"Peace Pipe":19,"hubris:Spice":57,"Blue Candle":13,"downfall:HeartBlessingGreen":42,"Black Star":42,"Frozen Egg 2":13,"Boot":31,"hexamod:SpiritBrand":0}]},"card_choices":[{"not_picked":["hexamod:Hexaguard","hexamod:GhostLash"],"picked":"hexamod:Incineration","floor":2},{"not_picked":["hexamod:GhostOfSpireFuture","hexamod:ShieldOfDarkness"],"picked":"hexamod:SecondSeal","floor":4},{"not_picked":["hexamod:GhostflameBarrier","hexamod:HauntingEcho"],"picked":"hexamod:Firestarter","floor":5},{"not_picked":["hexamod:GhostLash","hexamod:RecurringNightmare"],"picked":"hexamod:ThermalTransfer","floor":6},{"not_picked":["hexamod:NecessarySacrifice","hexamod:Hexaguard"],"picked":"hexamod:PhantomFireball","floor":9},{"not_picked":["hexamod:Again","hexamod:GhostShield"],"picked":"hexamod:GhostflameBarrier","floor":10},{"not_picked":["hexamod:SwordOfDarkness","hexamod:NightmareGuise"],"picked":"hexamod:DynamicBlow","floor":11},{"not_picked":["hexamod:FastForward","hexamod:Firestarter"],"picked":"hexamod:RainOfEmbers","floor":13},{"not_picked":["hexamod:CatchUp","hexamod:Firestarter","hexamod:Incineration"],"picked":"SKIP","floor":14},{"not_picked":["hexamod:Firestarter","hexamod:UnlimitedPower"],"picked":"hexamod:HeatShield","floor":15},{"not_picked":["hexamod:GhostflameInferno","hexamod:HexaLevel+1"],"picked":"hexamod:TimeOfNeed","floor":16},{"not_picked":["hexamod:Firestarter","hexamod:EtherealExpedition+1"],"picked":"hexamod:Rewind","floor":19}],"player_experience":537035,"relics_obtained":[{"floor":7,"key":"Frozen Egg 2"},{"floor":9,"key":"Peace Pipe"},{"floor":14,"key":"Boot"},{"floor":20,"key":"hubris:Spice"}],"event_choices":[{"cards_removed":["hexamod:Defend"],"damage_healed":0,"gold_gain":0,"player_choice":"Took Card","damage_taken":0,"max_hp_gain":0,"max_hp_loss":0,"event_name":"NoteForYourself","floor":3,"gold_loss":0,"cards_obtained":["Iron Wave"]},{"damage_healed":0,"gold_gain":0,"player_choice":"Invest 2","damage_taken":0,"max_hp_gain":0,"max_hp_loss":0,"event_name":"conspire:Investor","floor":12,"gold_loss":0}],"is_beta":false,"boss_relics":[{"not_picked":["Coffee Dripper","bronze:MakeshiftBattery"],"picked":"Black Star"}],"items_purged_floors":[],"is_endless":false,"potions_floor_spawned":[4,9,10,11],"killed_by":"conspire:FuzzyDice","ascension_level":0}}