{"host":"yhhyog5h1q67ienp","time":1613609088,"event":{"mods":["AchievementEnabler","BaseMod","Block Reminder","Colored Map","Colored Powertips","Minty Spire (QoL Compilation)","Quick Restart","Relic Stats","StSLib","ojb\u0027s Better Paths Mod","ojb\u0027s Info Mod"],"gold_per_floor":[110,122,122,139,2,32,32,32,32],"floor_reached":8,"language":"ENG","playtime":508,"items_purged":[],"score":112,"play_id":"142d215e-97ef-413c-98e8-e6e8620f209d","local_time":"20210217214448","is_ascension_mode":true,"campfire_choices":[{"data":"Inflame","floor":7,"key":"SMITH"}],"circlet_count":0,"master_deck":["AscendersBane","Strike_R","Strike_R","Strike_R","Strike_R","Defend_R","Defend_R","Defend_R","Defend_R","Bash","Headbutt","Thunderclap","Sword Boomerang","Rampage","Inflame+1"],"relics":["Philosopher\u0027s Stone","Toxic Egg 2"],"acts_visited":["Exordium"],"potions_floor_usage":[6],"damage_taken":[{"damage":2,"enemies":"Cultist","floor":1,"turns":3},{"damage":13,"enemies":"Jaw Worm","floor":2,"turns":2},{"damage":7,"enemies":"2 Louse","floor":4,"turns":3},{"damage":9,"enemies":"Gremlin Nob","floor":6,"turns":3},{"damage":30,"enemies":"3 Sentries","floor":8,"turns":4}],"seed_played":"7789572469292710348","potions_obtained":[],"is_trial":false,"path_per_floor":["M","M","?","M","$","E","R","E"],"character_chosen":"IRONCLAD","items_purchased":["SteroidPotion","Rampage"],"campfire_rested":0,"item_purchase_floors":[5,5],"current_hp_per_floor":[66,53,46,39,39,30,30,0,0],"gold":32,"neow_bonus":"BOSS_RELIC","is_daily":false,"chose_seed":false,"campfire_upgraded":1,"win_rate":0.0,"timestamp":1613609088,"path_taken":["M","M","?","M","$","E","R","E"],"items_purchased_type":["Potion","Card"],"build_version":"2020-12-22","purchased_purges":0,"victory":false,"max_hp_per_floor":[75,75,75,75,75,75,75,75,75],"relic_stats":{"counters":[5,15],"obtain_stats":[{"Philosopher\u0027s Stone":0,"Toxic Egg 2":6,"Burning Blood":0},{"Philosopher\u0027s Stone":0,"Toxic Egg 2":4,"Burning Blood":0},{"Philosopher\u0027s Stone":0,"Toxic Egg 2":11,"Burning Blood":0}]},"card_choices":[{"not_picked":["Clash","Body Slam"],"picked":"Headbutt","floor":1},{"not_picked":["Armaments","Flex"],"picked":"Thunderclap","floor":2},{"not_picked":["Fire Breathing","Cleave"],"picked":"Sword Boomerang","floor":4},{"not_picked":["Infernal Blade+1","Armaments+1"],"picked":"Inflame","floor":6}],"player_experience":1487682,"relics_obtained":[{"floor":6,"key":"Toxic Egg 2"}],"event_choices":[{"cards_removed":["Strike_R"],"damage_healed":0,"gold_gain":0,"player_choice":"Card Removal","damage_taken":7,"max_hp_gain":0,"max_hp_loss":0,"event_name":"Golden Wing","floor":3,"gold_loss":0}],"is_beta":false,"boss_relics":[],"items_purged_floors":[],"is_endless":false,"potions_floor_spawned":[],"killed_by":"3 Sentries","ascension_level":20}}