{"host":"dmtlrev5pkc1867p","time":1613668732,"event":{"mods":["AchievementEnabler","BaseMod","Colored Map","Colored Powertips","Downfall","Hermit","Highlight Path","Hubris","Infinite Spire","Marisa¡]Ãú«B¡@Å]²z¨F¡^","Minty Spire (QoL Compilation)","Permanent Neow","Quick Restart","Rare Cards Sparkle","Relic Sorter","Relic Stats","Replay The Spire","Shop Mod","StSLib","SuperFastMode","The Construct","The Cursed","The Mystic","The Necromancer","The Poker Player","The Runesmith","The Servant 0.9.4"],"gold_per_floor":[99,113,124,424,500,400,427,438,449,467,467,467],"floor_reached":11,"language":"ZHS","playtime":303,"items_purged":[],"score":91,"play_id":"9ce6540f-0432-4402-92be-0eb325a878a4","local_time":"20210219011852","is_ascension_mode":true,"campfire_choices":[{"floor":1,"key":"RECALL"},{"floor":6,"key":"REST"}],"circlet_count":0,"master_deck":["Strike_MRS","Strike_MRS","Strike_MRS","Strike_MRS","Defend_MRS","Defend_MRS","Defend_MRS","Defend_MRS","MasterSpark","UpSweep","Apotheosis","MeteoricShower","MysteriousBeam","downfall:Icky","downfall:Icky","StarlightTyphoon","MysteriousBeam","MysteriousBeam"],"relics":["MiniHakkero","Blue Candle","downfall:HeartBlessingRed"],"acts_visited":["Exordium"],"potions_floor_usage":[11,11],"damage_taken":[{"damage":2,"enemies":"Jaw Worm","floor":2,"turns":3},{"damage":5,"enemies":"Small Slimes","floor":3,"turns":4},{"damage":0,"enemies":"2 Louse","floor":8,"turns":2},{"damage":6,"enemies":"Large Slime","floor":9,"turns":3},{"damage":34,"enemies":"Gremlin Gang","floor":10,"turns":3},{"damage":20,"enemies":"Lagavulin","floor":11,"turns":5}],"seed_played":"1586671198289947635","potions_obtained":[{"floor":9,"key":"Venom Potion"},{"floor":10,"key":"Explosive Potion"}],"is_trial":false,"path_per_floor":["R","M","M","?","T","R","T","M","M","M","E"],"character_chosen":"MARISA","items_purchased":[],"campfire_rested":1,"item_purchase_floors":[],"current_hp_per_floor":[50,48,43,43,43,65,65,65,59,25,5,5],"gold":467,"neow_bonus":"RANDOM_COLORLESS_2","is_daily":false,"chose_seed":false,"campfire_upgraded":0,"win_rate":0.0,"timestamp":1613668732,"path_taken":["R","M","M","?","?","R","T","M","M","M","E"],"items_purchased_type":[],"build_version":"2020-12-22","purchased_purges":0,"victory":false,"max_hp_per_floor":[75,75,75,75,75,75,75,75,75,75,75,75],"relic_stats":{"counters":[6,20],"Blue Candle":[0],"obtain_stats":[{"downfall:HeartBlessingRed":6,"Blue Candle":5,"MiniHakkero":0},{"downfall:HeartBlessingRed":2,"Blue Candle":2,"MiniHakkero":0},{"downfall:HeartBlessingRed":7,"Blue Candle":7,"MiniHakkero":0}]},"card_choices":[{"not_picked":["Transmutation","ReplayTheSpireMod:Brewmster"],"picked":"Apotheosis","floor":0},{"not_picked":["DoubleSpark","6A"],"picked":"MeteoricShower","floor":2},{"not_picked":["DragonMeteor","UnstableBomb"],"picked":"MysteriousBeam","floor":3},{"not_picked":["DoubleSpark","6A"],"picked":"StarlightTyphoon","floor":8},{"not_picked":["UnstableBomb","GalacticHalo"],"picked":"MysteriousBeam","floor":9},{"not_picked":["LuminesStrike","StarBarrage"],"picked":"MysteriousBeam","floor":10}],"player_experience":718722,"relics_obtained":[{"floor":5,"key":"Blue Candle"}],"event_choices":[],"is_beta":false,"boss_relics":[],"items_purged_floors":[],"is_endless":false,"potions_floor_spawned":[9,10],"killed_by":"Lagavulin","ascension_level":8}}