{"host":"4ml9yfuv9l3eue62","time":1613690477,"event":{"mods":["AchievementEnabler","BaseMod","Colored Map","Colored Powertips","Hermit","Marisa£¨Ùöéë¡¡Øª×âÞÞ£©","Minty Spire (QoL Compilation)","StSLib","The Cursed","The Hierophant","The Poker Player","The Runesmith"],"gold_per_floor":[117,42,42,54,73,106,106,123,146,175,199,222,250,282,294,410,422,452,482,10,10,10,10,23,37,62,162,180,198,198,198,198,297,297,317,28,28,28,45,74,25,25,50,67,85,85,85,85,85],"floor_reached":47,"language":"KOR","playtime":2218,"items_purged":["PokerPlayerMod:Spade1","PokerPlayerMod:Diamond1"],"score":496,"play_id":"41b66692-a574-4efc-8ac7-6679da79990b","local_time":"20210219082117","is_ascension_mode":false,"metric_token":798,"campfire_choices":[{"floor":7,"key":"REST"},{"floor":15,"key":"REST"},{"data":"PokerPlayerMod:TrumpStrike","floor":23,"key":"SMITH"},{"floor":30,"key":"REST"},{"floor":32,"key":"REST"},{"floor":46,"key":"REST"}],"circlet_count":0,"master_deck":["PokerPlayerMod:Diamond4","PokerPlayerMod:Diamond5","PokerPlayerMod:Spade2","PokerPlayerMod:Spade3","PokerPlayerMod:Spade4","PokerPlayerMod:Club2","PokerPlayerMod:Heart2","PokerPlayerMod:TrumpStrike+1","PokerPlayerMod:BadJoker","PokerPlayerMod:Mulligan","PokerPlayerMod:Overdeal+1","PokerPlayerMod:MagicTrick","PokerPlayerMod:Diamond6","PokerPlayerMod:DartThrow","PokerPlayerMod:MagicTrick","PokerPlayerMod:Club7","PokerPlayerMod:Club5","PokerPlayerMod:Spade10+","PokerPlayerMod:FakeSymbols","PokerPlayerMod:Raise+1","PokerPlayerMod:Diamond7","PokerPlayerMod:Spade4","PokerPlayerMod:ClubDance","PokerPlayerMod:Diamond5","PokerPlayerMod:Heart7","Defend_R","PokerPlayerMod:Club9","PokerPlayerMod:ClubDance","PokerPlayerMod:Diamond10+","PokerPlayerMod:Configure+1","PokerPlayerMod:GamblerForm","PokerPlayerMod:Diamond5","PokerPlayerMod:FakeSymbols","PokerPlayerMod:Extraction+1","PokerPlayerMod:ClubStrike","PokerPlayerMod:Diamond6"],"relics":["PokerPlayerMod:DeckCase","NeowsBlessing","Potion Belt","MawBank","SlaversCollar","Torii","Omamori","Lizard Tail","PokerPlayerMod:ClubPass","Empty Cage","Bronze Scales","Prayer Wheel","Oddly Smooth Stone"],"acts_visited":["Exordium","TheCity","TheBeyond"],"potions_floor_usage":[10,10,16,27,27,29,29,44,45,45],"damage_taken":[{"damage":0,"enemies":"Jaw Worm","floor":1,"turns":1},{"damage":0,"enemies":"Cultist","floor":4,"turns":1},{"damage":4,"enemies":"2 Louse","floor":5,"turns":2},{"damage":18,"enemies":"Lagavulin","floor":6,"turns":5},{"damage":6,"enemies":"Red Slaver","floor":8,"turns":3},{"damage":9,"enemies":"3 Sentries","floor":10,"turns":3},{"damage":10,"enemies":"3 Louse","floor":11,"turns":2},{"damage":0,"enemies":"Blue Slaver","floor":12,"turns":2},{"damage":9,"enemies":"Exordium Thugs","floor":13,"turns":4},{"damage":0,"enemies":"Large Slime","floor":14,"turns":4},{"damage":48,"enemies":"The Guardian","floor":16,"turns":9},{"damage":9,"enemies":"Spheric Guardian","floor":18,"turns":5},{"damage":4,"enemies":"Chosen","floor":19,"turns":4},{"damage":1,"enemies":"Snake Plant","floor":24,"turns":4},{"damage":28,"enemies":"Cultist and Chosen","floor":25,"turns":6},{"damage":9,"enemies":"Colosseum Slavers","floor":27,"turns":4},{"damage":1,"enemies":"Colosseum Nobs","floor":27,"turns":5},{"damage":24,"enemies":"Shelled Parasite and Fungi","floor":28,"turns":6},{"damage":0,"enemies":"Snake Plant","floor":29,"turns":2},{"damage":28,"enemies":"Collector","floor":33,"turns":8},{"damage":17,"enemies":"3 Darklings","floor":35,"turns":4},{"damage":15,"enemies":"Orb Walker","floor":39,"turns":4},{"damage":56,"enemies":"Reptomancer","floor":40,"turns":6},{"damage":42,"enemies":"Transient","floor":44,"turns":5},{"damage":18,"enemies":"Sphere and 2 Shapes","floor":45,"turns":4},{"damage":27,"enemies":"3 Darklings","floor":47,"turns":2}],"seed_played":"-8992639671881478558","potions_obtained":[{"floor":1,"key":"Block Potion"},{"floor":6,"key":"SteroidPotion"},{"floor":8,"key":"ColorlessPotion"},{"floor":13,"key":"BlessingOfTheForge"},{"floor":16,"key":"Explosive Potion"},{"floor":18,"key":"Weak Potion"},{"floor":27,"key":"ColorlessPotion"},{"floor":28,"key":"Block Potion"},{"floor":29,"key":"BlessingOfTheForge"},{"floor":33,"key":"LiquidBronze"},{"floor":45,"key":"SmokeBomb"}],"is_trial":false,"path_per_floor":["M","$","?","M","M","E","R","M","T","E","M","M","M","M","R","B",null,"M","M","$","?","$","R","M","M","T","?","M","M","R","?","R","B",null,"M","$","?","?","M","E","$","?","T","M","M","R","M"],"character_chosen":"THE_POKER_PLAYER","items_purchased":["Torii","PokerPlayerMod:Diamond7","PokerPlayerMod:Diamond10+","Bronze Scales","PokerPlayerMod:Diamond5"],"campfire_rested":5,"item_purchase_floors":[20,20,36,36,41],"current_hp_per_floor":[52,52,52,52,48,32,47,43,43,34,26,40,34,36,51,11,52,52,48,48,48,48,48,51,25,25,28,7,10,25,25,40,24,52,52,52,49,49,40,1,1,1,1,24,8,22,0,0,0],"gold":85,"neow_bonus":"THREE_ENEMY_KILL","is_daily":false,"chose_seed":false,"campfire_upgraded":1,"win_rate":0.0,"timestamp":1613690477,"path_taken":["M","$","?","M","M","E","R","?","T","E","M","M","?","M","R","BOSS","M","M","$","?","$","R","?","M","T","?","M","M","R","?","R","BOSS","M","$","?","?","M","E","$","?","T","M","M","R","M"],"items_purchased_type":["Relic","Card","Undefined","Relic","Card"],"build_version":"2020-12-22","purchased_purges":2,"victory":false,"max_hp_per_floor":[52,52,52,52,52,52,52,52,52,52,52,52,52,52,52,52,52,52,52,52,52,52,52,52,52,52,52,52,52,52,52,52,52,52,52,52,49,49,49,49,49,49,49,49,49,49,49,49,49],"card_choices":[{"not_picked":["PokerPlayerMod:FillThePot","PokerPlayerMod:Manipulation"],"picked":"PokerPlayerMod:Overdeal","floor":1},{"not_picked":["PokerPlayerMod:CloakAndDiamond","PokerPlayerMod:Spade4"],"picked":"PokerPlayerMod:MagicTrick","floor":4},{"not_picked":["PokerPlayerMod:HiddenCard","PokerPlayerMod:Club5"],"picked":"PokerPlayerMod:Diamond6","floor":5},{"not_picked":["PokerPlayerMod:Spade6","PokerPlayerMod:Diamond2"],"picked":"PokerPlayerMod:DartThrow","floor":6},{"not_picked":["PokerPlayerMod:Diamond3","PokerPlayerMod:Diamond4"],"picked":"PokerPlayerMod:MagicTrick","floor":8},{"not_picked":["PokerPlayerMod:Diamond4","PokerPlayerMod:CardBurn"],"picked":"PokerPlayerMod:Club7","floor":10},{"not_picked":["PokerPlayerMod:Spade2","PokerPlayerMod:Fold"],"picked":"PokerPlayerMod:Club5","floor":11},{"not_picked":["PokerPlayerMod:Heart2","PokerPlayerMod:DiamondStrike","PokerPlayerMod:FlyingCard"],"picked":"SKIP","floor":12},{"not_picked":["PokerPlayerMod:HotShotCut","PokerPlayerMod:Diamond4"],"picked":"PokerPlayerMod:Spade10+","floor":13},{"not_picked":["PokerPlayerMod:CardBurn","PokerPlayerMod:Diamond4","PokerPlayerMod:Configure"],"picked":"SKIP","floor":14},{"not_picked":["PokerPlayerMod:ChangeRules","PokerPlayerMod:TheDieIsCast"],"picked":"PokerPlayerMod:FakeSymbols","floor":16},{"not_picked":["PokerPlayerMod:CloakAndDiamond","PokerPlayerMod:CardBurn"],"picked":"PokerPlayerMod:Raise+1","floor":18},{"not_picked":["PokerPlayerMod:Fold","PokerPlayerMod:Overdeal","PokerPlayerMod:DartThrow"],"picked":"SKIP","floor":19},{"not_picked":["PokerPlayerMod:CloakAndDiamond","PokerPlayerMod:Diamond3"],"picked":"PokerPlayerMod:Spade4","floor":24},{"not_picked":["PokerPlayerMod:Overdeal","PokerPlayerMod:Club4"],"picked":"PokerPlayerMod:ClubDance","floor":25},{"not_picked":["PokerPlayerMod:MagicTrick","PokerPlayerMod:CloakAndDiamond"],"picked":"PokerPlayerMod:Diamond5","floor":28},{"not_picked":["PokerPlayerMod:DartThrow","PokerPlayerMod:ClubStrike"],"picked":"PokerPlayerMod:Heart7","floor":29},{"not_picked":["PokerPlayerMod:Heart8","PokerPlayerMod:StackedDeck"],"picked":"PokerPlayerMod:Club9","floor":33},{"not_picked":["PokerPlayerMod:Sharpen+1","PokerPlayerMod:Extraction"],"picked":"PokerPlayerMod:ClubDance","floor":35},{"not_picked":["PokerPlayerMod:Diamond3","PokerPlayerMod:Diamond5"],"picked":"PokerPlayerMod:Configure+1","floor":39},{"not_picked":["PokerPlayerMod:Fold+1","PokerPlayerMod:Club4"],"picked":"PokerPlayerMod:GamblerForm","floor":40},{"not_picked":["PokerPlayerMod:FillThePot","PokerPlayerMod:Diamond2"],"picked":"PokerPlayerMod:Extraction+1","floor":44},{"not_picked":["PokerPlayerMod:Diamond4","PokerPlayerMod:Club1","PokerPlayerMod:Heart3"],"picked":"SKIP","floor":44},{"not_picked":["PokerPlayerMod:CloakAndDiamond+1","PokerPlayerMod:Configure+1"],"picked":"PokerPlayerMod:ClubStrike","floor":45},{"not_picked":["PokerPlayerMod:Raise+1","PokerPlayerMod:Diamond4"],"picked":"PokerPlayerMod:Diamond6","floor":45}],"player_experience":74255,"relics_obtained":[{"floor":6,"key":"Potion Belt"},{"floor":10,"key":"MawBank"},{"floor":26,"key":"Omamori"},{"floor":27,"key":"Lizard Tail"},{"floor":27,"key":"PokerPlayerMod:ClubPass"},{"floor":40,"key":"Prayer Wheel"},{"floor":43,"key":"Oddly Smooth Stone"}],"event_choices":[{"damage_healed":0,"gold_gain":0,"player_choice":"Upgraded","damage_taken":0,"max_hp_gain":0,"max_hp_loss":0,"event_name":"Upgrade Shrine","floor":3,"gold_loss":0,"cards_upgraded":["PokerPlayerMod:Overdeal"]},{"damage_healed":0,"gold_gain":0,"cards_transformed":["PokerPlayerMod:Diamond2"],"player_choice":"Transformed","damage_taken":0,"max_hp_gain":0,"max_hp_loss":0,"event_name":"Transmorgrifier","floor":21,"gold_loss":0,"cards_obtained":["PokerPlayerMod:Diamond1"]},{"damage_healed":0,"gold_gain":0,"player_choice":"Fight","damage_taken":0,"max_hp_gain":0,"max_hp_loss":0,"event_name":"Colosseum","floor":27,"gold_loss":0},{"damage_healed":0,"gold_gain":0,"player_choice":"Fought Nobs","damage_taken":0,"max_hp_gain":0,"max_hp_loss":0,"event_name":"Colosseum","floor":27,"gold_loss":0},{"cards_removed":["PokerPlayerMod:Diamond1"],"damage_healed":0,"gold_gain":0,"player_choice":"Took Card","damage_taken":0,"max_hp_gain":0,"max_hp_loss":0,"event_name":"NoteForYourself","floor":31,"gold_loss":0,"cards_obtained":["Defend_R"]},{"damage_healed":0,"gold_gain":0,"player_choice":"Max HP","damage_taken":0,"max_hp_gain":0,"max_hp_loss":3,"event_name":"Winding Halls","floor":37,"gold_loss":0},{"damage_healed":0,"gold_gain":0,"player_choice":"Ignored","damage_taken":0,"max_hp_gain":0,"max_hp_loss":0,"event_name":"OrinTheCat","floor":38,"gold_loss":0},{"damage_healed":0,"gold_gain":0,"player_choice":"1 cards matched","damage_taken":0,"max_hp_gain":0,"max_hp_loss":0,"event_name":"Match and Keep!","floor":42,"gold_loss":0,"cards_obtained":["PokerPlayerMod:FakeSymbols"]}],"is_beta":false,"boss_relics":[{"not_picked":["SacredBark","Runesmith:UraniumAnvil"],"picked":"SlaversCollar"},{"not_picked":["PokerPlayerMod:AceCard","Calling Bell"],"picked":"Empty Cage"}],"items_purged_floors":[2,20],"is_endless":false,"potions_floor_spawned":[1,6,8,13,16,18,27,28,29,33,45],"killed_by":"3 Darklings","ascension_level":0}}