{"host":"dh4nu8nelr2izibb","time":1613624234,"event":{"mods":["BaseMod","Better Skull","Better Third Choice","Card Filter","Card Forge","Curses Come First","Displayed Cursed Tome","HololiveMod","Marisa????????","Minty Spire (QoL Compilation)","Poor People Problems","Quick Restart","Relic Filter","Reliquary","StSLib","The Servant 0.9.4","WarShipGirlsR/????R mod","Yakumo Yukari mod"],"gold_per_floor":[14,32,44,64,76,105,105,135,159,171,171,246,259,15,15,88,88,88],"floor_reached":17,"language":"ENG","playtime":745,"items_purged":[],"score":338,"play_id":"45b0a311-f897-437d-9f04-e66add347430","local_time":"20210217235714","is_ascension_mode":true,"campfire_choices":[{"data":"Malaise","floor":7.0,"key":"SMITH"},{"floor":11,"key":"REST"},{"floor":15,"key":"REST"}],"circlet_count":0,"master_deck":["AscendersBane","Strike_G","Strike_G+1","Defend_G","Defend_G","Defend_G","Survivor","Neutralize+1","Malaise+1","Deadly Poison","Cloak And Dagger","Dagger Spray","Dagger Throw+1","Quick Slash","After Image","Terror","Flying Knee","Tools of the Trade","Expertise+1","Concentrate+1","Expertise+1"],"relics":["Ring of the Snake","Hammer of Thor","Seething Fire","Anvil of the Gods","reliquary:JackalopeAntler","Smiling Mask","reliquary:SilkGlove","Whetstone","Astrolabe"],"acts_visited":["Exordium","TheCity"],"potions_floor_usage":[10,16],"damage_taken":[{"damage":0.0,"enemies":"2 Louse","floor":1.0,"turns":3.0},{"damage":3.0,"enemies":"Cultist","floor":2.0,"turns":4.0},{"damage":0.0,"enemies":"Small Slimes","floor":3.0,"turns":4.0},{"damage":5.0,"enemies":"2 Fungi Beasts","floor":4.0,"turns":3.0},{"damage":1.0,"enemies":"Blue Slaver","floor":5.0,"turns":5.0},{"damage":25.0,"enemies":"3 Sentries","floor":6.0,"turns":10.0},{"damage":29.0,"enemies":"Lagavulin","floor":8.0,"turns":10.0},{"damage":4,"enemies":"Exordium Thugs","floor":10,"turns":5},{"damage":4,"enemies":"Red Slaver","floor":13,"turns":4},{"damage":14,"enemies":"Slime Boss","floor":16,"turns":9}],"seed_played":"-4005724085758021412","potions_obtained":[{"floor":2.0,"key":"SmokeBomb"},{"floor":3.0,"key":"Regen Potion"},{"floor":8.0,"key":"FearPotion"},{"floor":13,"key":"Block Potion"}],"is_trial":false,"path_per_floor":["M","M","M","M","M","E","R","E","T","M","R","?","M","$","R","B",null],"character_chosen":"THE_SILENT","items_purchased":["Regen Potion","Whetstone"],"campfire_rested":2,"item_purchase_floors":[14,14],"current_hp_per_floor":[59,56,56,51,50,40,40,11,11,7,26,15,11,11,30,31,57,57],"gold":88,"neow_bonus":"THREE_RARE_CARDS","is_daily":false,"chose_seed":false,"campfire_upgraded":1,"win_rate":0.0,"timestamp":1613624234,"path_taken":["M","M","M","M","M","E","R","E","T","M","R","?","M","$","R","BOSS"],"items_purchased_type":["Potion","Relic"],"build_version":"2020-12-22","purchased_purges":0,"victory":false,"max_hp_per_floor":[66,66,66,66,66,66,66,66,66,66,66,66,66,66,66,66,66,66],"card_choices":[{"not_picked":["Tools of the Trade","Adrenaline"],"picked":"Malaise","floor":0.0},{"not_picked":["Bane","Caltrops"],"picked":"Deadly Poison","floor":1.0},{"not_picked":["Prepared","Infinite Blades"],"picked":"Cloak And Dagger","floor":2.0},{"not_picked":["Poisoned Stab","Tactician"],"picked":"Dagger Spray","floor":3.0},{"not_picked":["Infinite Blades","Acrobatics","Dodge and Roll"],"picked":"SKIP","floor":4.0},{"not_picked":["Accuracy","Deflect"],"picked":"Dagger Throw","floor":5.0},{"not_picked":["Skewer","Caltrops"],"picked":"Quick Slash","floor":6.0},{"not_picked":["Dodge and Roll","Underhanded Strike"],"picked":"After Image","floor":8.0},{"not_picked":["Skewer","Backflip"],"picked":"Terror","floor":10},{"not_picked":["Sucker Punch","Riddle With Holes"],"picked":"Flying Knee","floor":13},{"not_picked":["Doppelganger","Unload"],"picked":"Tools of the Trade","floor":16}],"player_experience":1186022,"relics_obtained":[{"floor":6.0,"key":"reliquary:JackalopeAntler"},{"floor":8.0,"key":"Smiling Mask"},{"floor":9.0,"key":"reliquary:SilkGlove"}],"event_choices":[{"damage_healed":0,"gold_gain":75,"player_choice":"Gold","damage_taken":11,"max_hp_gain":0,"max_hp_loss":0,"event_name":"betterThird:BetterGoop","floor":12,"gold_loss":0}],"is_beta":false,"boss_relics":[{"not_picked":["Black Star","WristBlade"],"picked":"Astrolabe"}],"items_purged_floors":[],"is_endless":false,"potions_floor_spawned":[2,3,8,13],"ascension_level":20}}