{"host":"y4fuci1jk2rsxnep","time":1613640430,"event":{"mods":["AchievementEnabler","BaseMod","Colored Powertips","Custom Start","Defuse TimeMaze Blight","Dio Mod","Downfall","Hermit","Hero for Fun","Hubris","Hunter ??","Infinite Spire","Minty Spire (QoL Compilation)","Quick Restart","Reliquary","Remove Card Discount Mod","Replay The Spire","StSLib","The Blackbeard","The Bug Knight","The Mystic","The Runesmith"],"gold_per_floor":[113,128,303,167,167,167,193,193,193,193,37,37,51,93,93,93,93],"floor_reached":16,"language":"ENG","playtime":839,"items_purged":[],"score":110,"play_id":"0ee02d2d-e7f2-4438-a2d2-cd11618f9133","local_time":"20210218102710","is_ascension_mode":true,"campfire_choices":[{"data":"hermit:FlashPowder","floor":6,"key":"SMITH"},{"data":"hermit:ShadowCloak","floor":8,"key":"SMITH"},{"data":"hermit:Deadeye","floor":10,"key":"SMITH"},{"data":"hermit:FromBeyond","floor":12,"key":"SMITH"},{"floor":15,"key":"REST"}],"circlet_count":0,"master_deck":["hermit:Strike_Hermit","hermit:Strike_Hermit","hermit:Strike_Hermit","hermit:Strike_Hermit","hermit:Defend_Hermit","hermit:Defend_Hermit","hermit:Defend_Hermit","hermit:Defend_Hermit","hermit:Snapshot","hermit:Covet","hermit:Deadeye+1","hermit:Midnight","Doubt","hermit:ShadowCloak+1","hermit:FlashPowder+1","hermit:Enervate","hermit:FromBeyond+1","ReplayTheSpireMod:Splinters","hermit:Gestalt"],"relics":["hermit:Momento","hubris:SlimyHat","hubris:Towel","hermit:RedScarf","reliquary:TridentHead"],"acts_visited":["Exordium"],"potions_floor_usage":[16],"damage_taken":[{"damage":1,"enemies":"2 Louse","floor":1,"turns":3},{"damage":7,"enemies":"Small Slimes","floor":2,"turns":3},{"damage":22,"enemies":"Replay:BlueRogue","floor":7,"turns":10},{"damage":7,"enemies":"Jaw Worm","floor":13,"turns":7},{"damage":62,"enemies":"Hexaghost","floor":16,"turns":16}],"seed_played":"-6316672265193125428","potions_obtained":[{"floor":1,"key":"Strength Potion"},{"floor":2,"key":"Death Potion"},{"floor":14,"key":"Energy Potion"},{"floor":14,"key":"CultistPotion"}],"is_trial":false,"path_per_floor":["M","M","?","$","?","R","E","R","T","R","$","R","M","?","R","B"],"character_chosen":"HERMIT","items_purchased":["hermit:ShadowCloak","hermit:FlashPowder","hermit:FromBeyond"],"campfire_rested":1,"item_purchase_floors":[4,4,11],"current_hp_per_floor":[74,67,67,67,67,67,45,45,45,45,45,45,38,38,60,0,0],"gold":93,"neow_bonus":"RANDOM_COMMON_RELIC","is_daily":false,"chose_seed":false,"campfire_upgraded":4,"win_rate":0.0,"timestamp":1613640430,"path_taken":["M","M","?","$","?","R","E","R","T","R","$","R","M","?","R","BOSS"],"items_purchased_type":["Card","Card","Card"],"build_version":"2020-12-22","purchased_purges":0,"victory":false,"max_hp_per_floor":[75,75,75,75,75,75,75,75,75,75,75,75,75,75,75,75,75],"card_choices":[{"not_picked":["hermit:Dive","hermit:Ricochet"],"picked":"hermit:Deadeye","floor":1},{"not_picked":["hermit:BodyArmor","hermit:LoneWolf"],"picked":"hermit:Midnight","floor":2},{"not_picked":["hermit:BodyArmor","hermit:ItchyTrigger"],"picked":"hermit:Enervate","floor":7},{"not_picked":["hermit:Enervate","hermit:FullyLoaded","hermit:Grudge"],"picked":"SKIP","floor":13},{"not_picked":["hermit:HoleUp","hermit:Headshot"],"picked":"hermit:Gestalt","floor":14}],"player_experience":640487,"relics_obtained":[{"floor":7,"key":"hermit:RedScarf"},{"floor":9,"key":"reliquary:TridentHead"}],"event_choices":[{"damage_healed":0,"gold_gain":175,"player_choice":"AGREE","damage_taken":0,"max_hp_gain":0,"max_hp_loss":0,"event_name":"Liars Game","floor":3,"gold_loss":0,"cards_obtained":["Doubt"]}],"is_beta":false,"boss_relics":[],"items_purged_floors":[],"is_endless":false,"potions_floor_spawned":[1,2],"killed_by":"Hexaghost","ascension_level":3}}