{"host":"zsnmfqgcm92hlreo","time":1613621725,"event":{"mods":["AchievementEnabler","BaseMod","Bestiary","Block Reminder","Colored Map","Colored Powertips","Filter the Spire","Minty Spire (QoL Compilation)","Permanent Neow","Quick Restart","Relic Stats","StSLib","Weighted Paths"],"gold_per_floor":[119,119,136,149,149,182,182,213,238,267,18,35,70,101,113,200,262,294,340,352,377,389,401,332,247,247,278,74,349,376,390,390,464,464,483,534,304,304,304,304,315,347,347,237,65,93,110,126,126,126,126,126,126,44,70,70,70],"floor_reached":56,"language":"ENG","playtime":2769,"items_purged":["Regret"],"score":2413,"play_id":"8cb0b555-059d-40c4-be19-5608b447df54","local_time":"20210217221525","is_ascension_mode":true,"campfire_choices":[{"floor":7.0,"key":"REST"},{"data":"Inflame","floor":15.0,"key":"SMITH"},{"floor":23.0,"key":"REST"},{"floor":32.0,"key":"REST"},{"data":"1","floor":40.0,"key":"LIFT"},{"floor":49.0,"key":"RECALL"},{"data":"Armaments","floor":53.0,"key":"SMITH"}],"circlet_count":0,"master_deck":["AscendersBane","Strike_R+1","Strike_R+1","Strike_R+1","Strike_R+1","Strike_R+1","Defend_R+1","Defend_R+1","Defend_R+1","Defend_R+1","Bash+1","Hemokinesis","Blood for Blood","Infernal Blade","Power Through","Inflame+1","Heavy Blade","Clothesline","Feed","Corruption","Armaments+1","Shrug It Off","Uppercut","Necronomicurse","Disarm","Exhume","Uppercut","Entrench+1","Barricade","Inflame+1","Limit Break","Mayhem","Shrug It Off","Exhume","Disarm","Shrug It Off"],"relics":["Snecko Eye","War Paint","Juzu Bracelet","Strawberry","Akabeko","Bag of Preparation","MawBank","Tiny House","Red Mask","Necronomicon","Boot","Bag of Marbles","Anchor","Oddly Smooth Stone","Lantern","Cursed Key","Girya","White Beast Statue","Nunchaku","Bottled Tornado","Red Skull"],"acts_visited":["Exordium","TheCity","TheBeyond","TheEnding"],"potions_floor_usage":[],"damage_taken":[{"damage":1.0,"enemies":"2 Louse","floor":1.0,"turns":4.0},{"damage":6.0,"enemies":"Jaw Worm","floor":3.0,"turns":5.0},{"damage":6.0,"enemies":"Small Slimes","floor":4.0,"turns":3.0},{"damage":19.0,"enemies":"3 Sentries","floor":6.0,"turns":6.0},{"damage":34.0,"enemies":"Gremlin Nob","floor":8.0,"turns":4.0},{"damage":6.0,"enemies":"Lagavulin","floor":10.0,"turns":4.0},{"damage":0.0,"enemies":"Looter","floor":12.0,"turns":2.0},{"damage":2.0,"enemies":"Gremlin Nob","floor":13.0,"turns":2.0},{"damage":0.0,"enemies":"2 Fungi Beasts","floor":14.0,"turns":2.0},{"damage":6.0,"enemies":"Hexaghost","floor":16.0,"turns":5.0},{"damage":18.0,"enemies":"3 Byrds","floor":18.0,"turns":6.0},{"damage":2.0,"enemies":"Masked Bandits","floor":19.0,"turns":3.0},{"damage":2.0,"enemies":"Chosen","floor":21.0,"turns":3.0},{"damage":12.0,"enemies":"Gremlin Leader","floor":27.0,"turns":5.0},{"damage":16.0,"enemies":"Book of Stabbing","floor":30.0,"turns":5.0},{"damage":15.0,"enemies":"Snake Plant","floor":31.0,"turns":4.0},{"damage":29.0,"enemies":"Automaton","floor":33.0,"turns":8.0},{"damage":0.0,"enemies":"3 Shapes","floor":35.0,"turns":3.0},{"damage":4.0,"enemies":"2 Orb Walkers","floor":36.0,"turns":3.0},{"damage":0.0,"enemies":"Orb Walker","floor":41.0,"turns":2.0},{"damage":2.0,"enemies":"Nemesis","floor":42.0,"turns":3.0},{"damage":2.0,"enemies":"Reptomancer","floor":46.0,"turns":5.0},{"damage":0.0,"enemies":"Transient","floor":47.0,"turns":6.0},{"damage":0.0,"enemies":"4 Shapes","floor":48.0,"turns":5.0},{"damage":4.0,"enemies":"Donu and Deca","floor":50.0,"turns":7.0},{"damage":63.0,"enemies":"Time Eater","floor":51.0,"turns":14.0},{"damage":0.0,"enemies":"Shield and Spear","floor":55.0,"turns":6.0},{"damage":106,"enemies":"The Heart","floor":56,"turns":6}],"seed_played":"-4478465639277244894","potions_obtained":[{"floor":1.0,"key":"PowerPotion"},{"floor":3.0,"key":"SpeedPotion"},{"floor":14.0,"key":"ColorlessPotion"},{"floor":17.0,"key":"Ancient Potion"},{"floor":35.0,"key":"DuplicationPotion"},{"floor":42.0,"key":"Block Potion"},{"floor":47.0,"key":"BloodPotion"},{"floor":48.0,"key":"PowerPotion"},{"floor":55.0,"key":"SpeedPotion"}],"is_trial":false,"path_per_floor":["M","?","M","M","?","E","R","E","T","E","$","M","E","M","R","B",null,"M","?","?","M","?","R","$","?","T","E","$","?","E","M","R","B",null,"M","?","$","?","?","R","M","E","T","?","$","E","M","M","R","B","B",null,"R","$","E","B"],"character_chosen":"IRONCLAD","items_purchased":["Bag of Preparation","Inflame","Disarm","Uppercut","Oddly Smooth Stone","Limit Break","Nunchaku","Shrug It Off","Strength Potion"],"campfire_rested":3,"item_purchase_floors":[11,11,24,28,28,37,45,54,54],"current_hp_per_floor":[67,67,61,55,55,36,58,24,31,25,25,25,23,23,23,17,71,56,54,54,52,31,58,58,58,58,50,50,50,37,22,51,22,78,78,77,77,77,72,72,72,70,70,70,70,68,68,90,90,89,26,82,82,82,82,0,0],"gold":70,"neow_bonus":"BOSS_RELIC","is_daily":false,"chose_seed":false,"campfire_upgraded":2,"win_rate":0.0,"timestamp":1613621725,"path_taken":["M","?","M","M","?","E","R","E","T","E","?","M","E","M","R","BOSS","M","?","?","M","?","R","$","?","T","E","?","?","E","M","R","BOSS","M","?","$","?","?","R","M","E","T","?","$","E","M","M","R","BOSS","BOSS","R","$","E","BOSS"],"items_purchased_type":["Relic","Card","Card","Card","Relic","Card","Relic","Card","Potion"],"build_version":"2020-12-22","purchased_purges":1,"victory":false,"max_hp_per_floor":[75,75,75,75,75,75,75,75,82,82,82,82,82,82,82,82,87,90,90,90,90,90,90,90,90,90,94,94,94,97,97,97,97,97,97,100,100,95,95,95,95,95,95,95,95,95,95,98,98,101,101,101,101,101,101,101,101],"relic_stats":{"Nunchaku":[11],"counters":[28,131],"Snecko Eye":[233,236,207,220],"Juzu Bracelet":1,"Bag of Preparation":[44],"Necronomicon":[39],"War Paint":["Defend_R","Defend_R"],"MawBank":132,"Boot":[13],"Cursed Key":1,"obtain_stats":[{"Girya":36,"Lantern":30,"Tiny House":17,"Oddly Smooth Stone":28,"Juzu Bracelet":8,"Bag of Preparation":11,"War Paint":6,"Bottled Tornado":46,"MawBank":13,"Boot":25,"Cursed Key":34,"Burning Blood":0,"Akabeko":10,"White Beast Statue":42,"Anchor":27,"Nunchaku":45,"Strawberry":9,"Snecko Eye":0,"Red Mask":19,"Necronomicon":22,"Bag of Marbles":26,"Red Skull":55},{"Girya":19,"Lantern":15,"Tiny House":10,"Oddly Smooth Stone":14,"Juzu Bracelet":5,"Bag of Preparation":6,"War Paint":4,"Bottled Tornado":22,"MawBank":8,"Boot":13,"Cursed Key":17,"Burning Blood":0,"Akabeko":6,"White Beast Statue":21,"Anchor":14,"Nunchaku":21,"Strawberry":5,"Snecko Eye":0,"Red Mask":12,"Necronomicon":13,"Bag of Marbles":13,"Red Skull":27},{"Girya":77,"Lantern":59,"Tiny House":37,"Oddly Smooth Stone":54,"Juzu Bracelet":22,"Bag of Preparation":26,"War Paint":18,"Bottled Tornado":87,"MawBank":30,"Boot":49,"Cursed Key":71,"Burning Blood":0,"Akabeko":26,"White Beast Statue":82,"Anchor":54,"Nunchaku":82,"Strawberry":22,"Snecko Eye":0,"Red Mask":46,"Necronomicon":49,"Bag of Marbles":49,"Red Skull":125}]},"card_choices":[{"not_picked":["Battle Trance","Warcry","Intimidate"],"picked":"SKIP","floor":1.0},{"not_picked":["Power Through","Flex"],"picked":"Hemokinesis","floor":3.0},{"not_picked":["Sentinel","Headbutt"],"picked":"Blood for Blood","floor":4.0},{"not_picked":["Wild Strike","Anger","Dropkick"],"picked":"SKIP","floor":6.0},{"not_picked":["Body Slam","Ghostly Armor"],"picked":"Infernal Blade","floor":8.0},{"not_picked":["Evolve","Cleave"],"picked":"Power Through","floor":10.0},{"not_picked":["Pommel Strike","Cleave"],"picked":"Heavy Blade","floor":12.0},{"not_picked":["Shrug It Off","Dual Wield"],"picked":"Clothesline","floor":13.0},{"not_picked":["Hemokinesis","Warcry"],"picked":"Feed","floor":14.0},{"not_picked":["Offering","Double Tap"],"picked":"Corruption","floor":16.0},{"not_picked":["Shrug It Off","Cleave"],"picked":"Armaments","floor":17.0},{"not_picked":["Seeing Red","Clothesline","Second Wind+1"],"picked":"SKIP","floor":18.0},{"not_picked":["Clash","Perfected Strike"],"picked":"Shrug It Off","floor":19.0},{"not_picked":["Shrug It Off","Inflame"],"picked":"Uppercut","floor":21.0},{"not_picked":["Wild Strike","Iron Wave"],"picked":"Exhume","floor":27.0},{"not_picked":["Hemokinesis","Burning Pact","Sever Soul"],"picked":"SKIP","floor":30.0},{"not_picked":["Iron Wave+1","Twin Strike"],"picked":"Entrench","floor":31.0},{"not_picked":["Double Tap","Feed"],"picked":"Barricade","floor":33.0},{"not_picked":["Infernal Blade","Wild Strike","Warcry"],"picked":"SKIP","floor":35.0},{"not_picked":["Anger+1","Sword Boomerang+1"],"picked":"Inflame+1","floor":36.0},{"not_picked":["Enlightenment","Thinking Ahead"],"picked":"Mayhem","floor":39.0},{"not_picked":["Sword Boomerang","Dropkick"],"picked":"Shrug It Off","floor":41.0},{"not_picked":["Armaments","Heavy Blade+1"],"picked":"Exhume","floor":42.0},{"not_picked":["Fire Breathing","Armaments","Pommel Strike"],"picked":"SKIP","floor":46.0},{"not_picked":["Ghostly Armor","Whirlwind","Perfected Strike"],"picked":"SKIP","floor":47.0},{"not_picked":["Ghostly Armor+1","Evolve"],"picked":"Disarm","floor":48.0},{"not_picked":["Wild Strike","Body Slam","Sword Boomerang+1"],"picked":"SKIP","floor":55.0}],"player_experience":914361,"relics_obtained":[{"floor":6.0,"key":"War Paint"},{"floor":8.0,"key":"Juzu Bracelet"},{"floor":9.0,"key":"Strawberry"},{"floor":10.0,"key":"Akabeko"},{"floor":13.0,"key":"MawBank"},{"floor":19.0,"key":"Red Mask"},{"floor":22.0,"key":"Necronomicon"},{"floor":26.0,"key":"Bag of Marbles"},{"floor":27.0,"key":"Anchor"},{"floor":30.0,"key":"Lantern"},{"floor":36.0,"key":"Girya"},{"floor":42.0,"key":"White Beast Statue"},{"floor":46.0,"key":"Bottled Tornado"},{"floor":55.0,"key":"Red Skull"}],"event_choices":[{"damage_healed":0.0,"max_hp_gain":0.0,"max_hp_loss":0.0,"gold_gain":0.0,"event_name":"Shining Light","player_choice":"Ignored","floor":2.0,"gold_loss":0.0,"damage_taken":0.0},{"damage_healed":0.0,"max_hp_gain":0.0,"max_hp_loss":0.0,"gold_gain":0.0,"event_name":"Living Wall","player_choice":"Grow","floor":5.0,"gold_loss":0.0,"damage_taken":0.0,"cards_upgraded":["Bash"]},{"damage_healed":0.0,"max_hp_gain":0.0,"max_hp_loss":0.0,"gold_gain":0.0,"event_name":"Masked Bandits","player_choice":"Fought Bandits","floor":19.0,"gold_loss":0.0,"damage_taken":0.0},{"damage_healed":0.0,"max_hp_gain":0.0,"max_hp_loss":0.0,"gold_gain":0.0,"event_name":"Back to Basics","player_choice":"Simplicity","floor":20.0,"gold_loss":0.0,"damage_taken":0.0,"cards_upgraded":["Strike_R","Strike_R","Strike_R","Strike_R","Defend_R","Defend_R"]},{"damage_healed":0.0,"max_hp_gain":0.0,"max_hp_loss":0.0,"gold_gain":0.0,"event_name":"Cursed Tome","player_choice":"Obtained Book","floor":22.0,"gold_loss":0.0,"damage_taken":21.0},{"damage_healed":0.0,"max_hp_gain":0.0,"max_hp_loss":0.0,"gold_gain":0.0,"event_name":"Addict","player_choice":"Obtained Relic","floor":25.0,"gold_loss":85.0,"damage_taken":0.0,"relics_obtained":["Boot"]},{"damage_healed":0.0,"max_hp_gain":0.0,"max_hp_loss":0.0,"gold_gain":275.0,"event_name":"Golden Shrine","player_choice":"Desecrate","floor":29.0,"gold_loss":0.0,"damage_taken":0.0,"cards_obtained":["Regret"]},{"damage_healed":0.0,"max_hp_gain":0.0,"max_hp_loss":0.0,"gold_gain":0.0,"event_name":"Mysterious Sphere","player_choice":"Fight","floor":36.0,"gold_loss":0.0,"damage_taken":0.0},{"damage_healed":0.0,"max_hp_gain":0.0,"max_hp_loss":5.0,"gold_gain":0.0,"event_name":"Winding Halls","player_choice":"Max HP","floor":38.0,"gold_loss":0.0,"damage_taken":0.0},{"damage_healed":0.0,"max_hp_gain":0.0,"max_hp_loss":0.0,"gold_gain":0.0,"event_name":"SensoryStone","player_choice":"Memory 2","floor":39.0,"gold_loss":0.0,"damage_taken":5.0},{"cards_removed":["Regret"],"damage_healed":0.0,"max_hp_gain":0.0,"max_hp_loss":0.0,"gold_gain":0.0,"event_name":"Designer","player_choice":"Upgrade and Remove","floor":44.0,"gold_loss":110.0,"damage_taken":0.0,"cards_upgraded":["Entrench"]}],"is_beta":false,"boss_relics":[{"not_picked":["Busted Crown","Velvet Choker"],"picked":"Tiny House"},{"not_picked":["Runic Cube","Calling Bell"],"picked":"Cursed Key"}],"items_purged_floors":[37],"is_endless":false,"potions_floor_spawned":[1,3,4,14,18,21,35,42,46,47,48,55],"killed_by":"The Heart","ascension_level":20}}