{"host":"sav7uxregyirlf69","time":1613638450,"event":{"mods":["AchievementEnabler","BaseMod","Colored Map","DeckTracker","Keyboard Shortcuts","Minty Spire (QoL Compilation)","READ ME - Guardian Mod","StSLib","SuperFastMode"],"gold_per_floor":[116,133,133,158,179,179,215,240,240,240,240,77,101,26,26,115,115,138,162,162,177,200,200,224,14,14,32,32,32,32],"floor_reached":29,"language":"KOR","playtime":431,"items_purged":["Strike_R"],"score":458,"play_id":"cad25679-40b0-41e3-bca1-a1bfad2bb65d","local_time":"20210218175410","is_ascension_mode":true,"campfire_choices":[{"data":"Carnage","floor":6.0,"key":"SMITH"},{"floor":11,"key":"REST"},{"data":"Blood for Blood","floor":15,"key":"SMITH"},{"floor":23,"key":"REST"},{"floor":28,"key":"REST"}],"circlet_count":0,"master_deck":["AscendersBane","Strike_R+1","Strike_R+1","Strike_R+1","Defend_R+1","Defend_R+1","Defend_R+1","Defend_R+1","Bash","Carnage+1","Blood for Blood+1","Feel No Pain","Second Wind","Fire Breathing","Shrug It Off","Ghostly Armor+1","Battle Trance","Shrug It Off"],"relics":["Burning Blood","Golden Idol","Red Skull","Pantograph","Juzu Bracelet","Runic Pyramid","Medical Kit"],"acts_visited":["Exordium","TheCity"],"potions_floor_usage":[7,16,27,29],"damage_taken":[{"damage":11.0,"enemies":"Jaw Worm","floor":1.0,"turns":5.0},{"damage":7.0,"enemies":"2 Louse","floor":2.0,"turns":2.0},{"damage":10.0,"enemies":"Small Slimes","floor":4.0,"turns":4.0},{"damage":24.0,"enemies":"Blue Slaver","floor":5.0,"turns":5.0},{"damage":25,"enemies":"Lagavulin","floor":7,"turns":5},{"damage":15,"enemies":"Large Slime","floor":8,"turns":7},{"damage":17,"enemies":"Exordium Wildlife","floor":13,"turns":4},{"damage":29,"enemies":"Hexaghost","floor":16,"turns":8},{"damage":13,"enemies":"Shell Parasite","floor":18,"turns":4},{"damage":25,"enemies":"2 Thieves","floor":19,"turns":4},{"damage":16,"enemies":"Snake Plant","floor":21,"turns":3},{"damage":24,"enemies":"3 Cultists","floor":22,"turns":5},{"damage":17,"enemies":"Shelled Parasite and Fungi","floor":24,"turns":6},{"damage":19,"enemies":"Snecko","floor":27,"turns":6},{"damage":30,"enemies":"Slavers","floor":29,"turns":3}],"seed_played":"-6656121430844644032","potions_obtained":[{"floor":4.0,"key":"ColorlessPotion"},{"floor":5.0,"key":"HeartOfIron"},{"floor":16,"key":"AttackPotion"},{"floor":18,"key":"Explosive Potion"},{"floor":27,"key":"Strength Potion"}],"is_trial":false,"path_per_floor":["M","M","?","M","M","R","E","M","T","T","R","$","M","?","R","B",null,"M","M","?","M","M","R","M","$","T","M","R","E"],"character_chosen":"IRONCLAD","items_purchased":["Fire Breathing","Medical Kit","Shrug It Off"],"campfire_rested":3,"item_purchase_floors":[12,25,25],"current_hp_per_floor":[70,69,69,65,47,47,28,19,19,19,41,41,30,30,30,32,64,57,38,38,28,10,32,21,21,21,8,30,0,0],"gold":32,"neow_bonus":"TEN_PERCENT_HP_BONUS","is_daily":false,"chose_seed":false,"campfire_upgraded":2,"win_rate":0.0,"timestamp":1613638450,"path_taken":["M","M","?","M","M","R","E","M","T","?","R","?","M","?","R","BOSS","M","M","?","M","M","R","M","$","T","M","R","E"],"items_purchased_type":["Card","Relic","Card"],"build_version":"2020-12-22","purchased_purges":1,"victory":false,"max_hp_per_floor":[82,82,74,74,74,74,74,74,74,74,74,74,74,74,74,74,74,74,74,74,74,74,74,74,74,74,74,74,74,74],"card_choices":[{"not_picked":["Clothesline","Shockwave"],"picked":"Carnage","floor":1.0},{"not_picked":["True Grit","Iron Wave","Thunderclap"],"picked":"SKIP","floor":2.0},{"not_picked":["Entrench","Anger"],"picked":"Blood for Blood","floor":4.0},{"not_picked":["Havoc","Sever Soul"],"picked":"Feel No Pain","floor":5.0},{"not_picked":["Armaments","Rage"],"picked":"Second Wind","floor":7},{"not_picked":["Rampage","Clash","Clothesline"],"picked":"SKIP","floor":8},{"not_picked":["Uppercut","Hemokinesis"],"picked":"Shrug It Off","floor":13},{"not_picked":["Perfected Strike","Flex","Iron Wave"],"picked":"SKIP","floor":18},{"not_picked":["Uppercut","Twin Strike","Warcry"],"picked":"SKIP","floor":19},{"not_picked":["Reckless Charge","Thunderclap","Entrench"],"picked":"SKIP","floor":21},{"not_picked":["Twin Strike","Juggernaut"],"picked":"Ghostly Armor+1","floor":22},{"not_picked":["Anger","Clothesline"],"picked":"Battle Trance","floor":24},{"not_picked":["Cleave","Anger","Clothesline"],"picked":"SKIP","floor":27}],"player_experience":1610287,"relics_obtained":[{"floor":7,"key":"Red Skull"},{"floor":9,"key":"Pantograph"},{"floor":10,"key":"Juzu Bracelet"}],"event_choices":[{"damage_healed":0.0,"max_hp_gain":0.0,"max_hp_loss":8.0,"gold_gain":0.0,"event_name":"Golden Idol","player_choice":"Lose Max HP","floor":3.0,"gold_loss":0.0,"damage_taken":0.0,"relics_obtained":["Golden Idol"]},{"cards_removed":["Strike_R"],"damage_healed":0,"gold_gain":0,"player_choice":"Card Removal","damage_taken":0,"max_hp_gain":0,"max_hp_loss":0,"event_name":"The Cleric","floor":14,"gold_loss":75},{"damage_healed":0,"gold_gain":0,"player_choice":"Simplicity","damage_taken":0,"max_hp_gain":0,"max_hp_loss":0,"event_name":"Back to Basics","floor":20,"gold_loss":0,"cards_upgraded":["Strike_R","Strike_R","Strike_R","Defend_R","Defend_R","Defend_R","Defend_R"]}],"is_beta":false,"boss_relics":[{"not_picked":["Mark of Pain","Cursed Key"],"picked":"Runic Pyramid"}],"items_purged_floors":[12],"is_endless":false,"potions_floor_spawned":[4,5,16,18,27],"killed_by":"Slavers","ascension_level":20}}