{"host":"o1cu55645d5ske2f","time":1613679582,"event":{"mods":["AchievementEnabler","Act Like it!","Aspiration","BaseMod","Colored Map","Colored Powertips","Dota2Spire","Emptier Cage","Friendly Minions","Gensokyo","GifTheSpireLib","Hallownest","Hermit","Highlight Path","Hubris","Infinite Spire","KinomotoSakuraMod(木之本樱)","Koishi","Lobotomy","LobotomyExtend","Marisa（F雨　魔理沙）","Minty Spire (QoL Compilation)","Quick Restart","Rare Cards Sparkle","Relic Stats","Remilia（蕾米莉亚）","Replay The Spire","RumiaBox-露米娅的神秘盒子","Shop Mod","Spicy Shops","StSLib","TestMod","The Administrix","The Blackbeard","The Bug Knight","The Cursed","The Hierophant","The Mystic","The Runesmith","The Servant 0.9.4","Yakumo Yukari mod","Youmu（魂魄妖梦）","Yuyuko","【功能Mod】混沌之环修复补丁","【功能Mod】聪明的最终Boss"],"gold_per_floor":[118,132,132,30,110,127,144,158,183,183,401,33,43,53,53,156,156,173,173,183,197,197,197],"floor_reached":22,"language":"ZHS","playtime":1563,"items_purged":["Dazed"],"score":232,"play_id":"8f272920-255b-4aed-95b1-3f39d32160c8","local_time":"20210219041942","is_ascension_mode":false,"campfire_choices":[{"data":"SpellCardSeal","floor":10.0,"key":"SMITH"}],"circlet_count":0,"master_deck":["SakuraCardTheGlow+","ClowCardTheSword","ClowCardTheSword","ClowCardTheSword","ClowCardTheShield","ClowCardTheShield","ClowCardTheShield","ClowCardTheShield","SpellCardSeal+1","SpellCardRelease","ClowCardTheSilent+1","ClowCardTheLittle","ClowCardTheShot+1","ClowCardTheSweet","ClowCardTheLight","ClowCardTheLibra","ClowCardTheFlower","ClowCardTheMirror"],"relics":["KSMOD_SealedBook","KSMOD_SealedWand","testmod-TestBox","testmod-CardMagician","LetterFromLob","MagicBullet_r","LaetitiaHeart","Strawberry","Molten Egg 2"],"acts_visited":["Gensokyo:Gensokyo","Gensokyo:Gensokyoer"],"potions_floor_usage":[],"damage_taken":[{"damage":0.0,"enemies":"Gensokyo:Python","floor":1.0,"turns":2.0},{"damage":0.0,"enemies":"Gensokyo:2_Kodama","floor":2.0,"turns":2.0},{"damage":0.0,"enemies":"Gensokyo:3_Fairies","floor":3.0,"turns":1.0},{"damage":0.0,"enemies":"Gensokyo:3_Fairies","floor":3.0,"turns":2.0},{"damage":20.0,"enemies":"Gensokyo:3_Fairies","floor":6.0,"turns":8.0},{"damage":12.0,"enemies":"Gensokyo:Gryphon_and_Rabbit","floor":7.0,"turns":8.0},{"damage":0.0,"enemies":"Gensokyo:VengefulSpirit","floor":8.0,"turns":2.0},{"damage":2.0,"enemies":"Gensokyo:Kitsune","floor":11.0,"turns":2.0},{"damage":22.0,"enemies":"Gensokyo:Gryphon_and_Rabbit","floor":13.0,"turns":4.0},{"damage":0.0,"enemies":"Gensokyo:5_Fairies","floor":14.0,"turns":6.0},{"damage":0.0,"enemies":"Gensokyo:Kokoro","floor":16.0,"turns":9.0},{"damage":1.0,"enemies":"Gensokyo:2_Gloops","floor":18.0,"turns":3.0},{"damage":24.0,"enemies":"Gensokyo:3_Dogs","floor":20.0,"turns":8.0},{"damage":26.0,"enemies":"Gensokyo:Wraith","floor":21.0,"turns":4.0},{"damage":41,"enemies":"Gensokyo:3_Gloops","floor":22,"turns":5}],"seed_played":"2176983053520597049","potions_obtained":[{"floor":1.0,"key":"AttackPotion"},{"floor":8.0,"key":"SpeedPotion"},{"floor":13.0,"key":"SkillPotion"},{"floor":20.0,"key":"Dexterity Potion"}],"is_trial":false,"path_per_floor":["M","M","M","COS","?","M","M","M","T","R","M","$","M","M","R_BF","B",null,"M","?","M","M","M"],"character_chosen":"KINOMOTOSAKURA","items_purchased":["Molten Egg 2","ClowCardTheShot+1"],"campfire_rested":0,"item_purchase_floors":[12,12],"current_hp_per_floor":[70,70,58,58,58,38,33,33,33,33,31,31,9,14,37,42,77,76,76,57,36,0,0],"gold":197,"neow_bonus":"REMOVE_CARD","is_daily":false,"chose_seed":false,"campfire_upgraded":1,"win_rate":0.0,"timestamp":1613679582,"path_taken":["M","?","M","COS","?","M","M","M","T","R","M","$","M","M","R_BF","BOSS","M","?","M","M","M"],"items_purchased_type":["Relic","Card"],"build_version":"2020-12-22","purchased_purges":1,"victory":false,"max_hp_per_floor":[70,70,70,70,70,70,77,77,77,77,77,77,77,77,77,77,77,77,77,77,77,77,77],"relic_stats":{"counters":[15,66],"obtain_stats":[{"testmod-TestBox":0,"MagicBullet_r":3,"LaetitiaHeart":3,"KSMOD_SealedBook":0,"Strawberry":7,"testmod-CardMagician":0,"Molten Egg 2":12,"KSMOD_SealedWand":0,"LetterFromLob":1},{"testmod-TestBox":0,"MagicBullet_r":2,"LaetitiaHeart":2,"KSMOD_SealedBook":0,"Strawberry":6,"testmod-CardMagician":0,"Molten Egg 2":8,"KSMOD_SealedWand":0,"LetterFromLob":1},{"testmod-TestBox":0,"MagicBullet_r":4,"LaetitiaHeart":4,"KSMOD_SealedBook":0,"Strawberry":16,"testmod-CardMagician":0,"Molten Egg 2":27,"KSMOD_SealedWand":0,"LetterFromLob":2}]},"card_choices":[{"not_picked":["ClowCardThePower","ClowCardTheChange","ClowCardTheSleep"],"picked":"SKIP","floor":1.0},{"not_picked":["ClowCardTheBubbles","ClowCardTheGlow"],"picked":"ClowCardTheBig","floor":2.0},{"not_picked":["ClowCardTheMist+1","ClowCardTheWave+1"],"picked":"ClowCardTheGlow+1","floor":6.0},{"not_picked":["ClowCardTheJump","ClowCardTheMaze"],"picked":"ClowCardTheSilent","floor":6.0},{"not_picked":["ClowCardTheMist","ClowCardTheMaze","ClowCardTheArrow"],"picked":"SKIP","floor":7.0},{"not_picked":["ClowCardTheShadow","ClowCardTheLock"],"picked":"ClowCardTheLittle","floor":8.0},{"not_picked":["ClowCardTheChange","ClowCardTheErase","ClowCardTheCloud"],"picked":"SKIP","floor":11.0},{"not_picked":["ClowCardTheThrough+1","ClowCardTheSilent"],"picked":"ClowCardTheSweet","floor":13.0},{"not_picked":["ClowCardTheSand+1","ClowCardTheGlow","ClowCardTheShadow"],"picked":"SKIP","floor":14.0},{"not_picked":["ClowCardTheTime","ClowCardTheThrough+1"],"picked":"ClowCardTheLight","floor":16.0},{"not_picked":["ClowCardTheErase+1","ClowCardTheSand+1"],"picked":"ClowCardTheLibra","floor":18.0},{"not_picked":["ClowCardTheErase+1","ClowCardTheShot+1"],"picked":"ClowCardTheFlower","floor":20.0},{"not_picked":["ClowCardTheChange","ClowCardTheErase+1"],"picked":"ClowCardTheMirror","floor":21.0}],"player_experience":142962,"relics_obtained":[{"floor":1.0,"key":"LetterFromLob"}],"event_choices":[],"is_beta":false,"boss_relics":[{"not_picked":["Runesmith:UraniumAnvil","Calling Bell","hubris:TerracottaHorce"]}],"items_purged_floors":[12],"is_endless":false,"potions_floor_spawned":[1,3,8,13,20],"killed_by":"Gensokyo:3_Gloops","ascension_level":0}}