{"host":"vumwfieg2b2mnrfl","time":1613608310,"event":{"mods":["AchievementEnabler","BaseMod","Minty Spire (QoL Compilation)","Rare Cards Sparkle","Relic Stats"],"gold_per_floor":[16,34,309,22,33,33,60,71,98,98,127,27,27,27,27,105,105,120,131,131,131,42,75,75,90,90,90,90,90],"floor_reached":28,"language":"ENG","playtime":796,"items_purged":["Regret","Strike_G","Shame"],"score":488,"play_id":"d8373cb8-a12c-4bb8-8d99-09c34bba3483","local_time":"20210217183150","is_ascension_mode":true,"campfire_choices":[{"data":"Leg Sweep","floor":6.0,"key":"SMITH"},{"floor":15.0,"key":"REST"},{"floor":24.0,"key":"REST"}],"circlet_count":0,"master_deck":["AscendersBane","Strike_G","Strike_G","Strike_G","Defend_G","Defend_G","Defend_G","Defend_G","Survivor","Neutralize","Corpse Explosion","Cloak And Dagger","All Out Attack","Noxious Fumes","Leg Sweep+1","Burst+1","Bouncing Flask","Noxious Fumes","Adrenaline","PiercingWail","Outmaneuver","Decay","Well Laid Plans","Cloak And Dagger","Catalyst","Well Laid Plans"],"relics":["Ring of the Snake","Snake Skull","Juzu Bracelet","Bronze Scales","Orichalcum","SlaversCollar","Smiling Mask","Bag of Marbles","Ancient Tea Set"],"acts_visited":["Exordium","TheCity"],"potions_floor_usage":[],"damage_taken":[{"damage":6.0,"enemies":"2 Louse","floor":1.0,"turns":3.0},{"damage":1.0,"enemies":"Cultist","floor":2.0,"turns":3.0},{"damage":7.0,"enemies":"Jaw Worm","floor":5.0,"turns":4.0},{"damage":33.0,"enemies":"Gremlin Nob","floor":7.0,"turns":5.0},{"damage":3.0,"enemies":"Large Slime","floor":8.0,"turns":5.0},{"damage":5.0,"enemies":"3 Sentries","floor":11.0,"turns":4.0},{"damage":8.0,"enemies":"The Guardian","floor":16.0,"turns":8.0},{"damage":9.0,"enemies":"Shell Parasite","floor":18.0,"turns":4.0},{"damage":5.0,"enemies":"2 Thieves","floor":19.0,"turns":4.0},{"damage":25.0,"enemies":"Slavers","floor":23.0,"turns":6.0},{"damage":12.0,"enemies":"3 Cultists","floor":25.0,"turns":3.0},{"damage":28,"enemies":"Chosen and Byrds","floor":28,"turns":7}],"seed_played":"5633514238780837523","potions_obtained":[{"floor":7.0,"key":"Swift Potion"},{"floor":11.0,"key":"GamblersBrew"}],"is_trial":false,"path_per_floor":["M","M","?","$","M","R","E","M","T","?","E","$","?","?","R","B",null,"M","M","?","?","$","E","R","M","T","?","M"],"character_chosen":"THE_SILENT","items_purchased":["Noxious Fumes","Snake Skull","Well Laid Plans"],"campfire_rested":2,"item_purchase_floors":[4,4,22],"current_hp_per_floor":[53,52,52,52,45,45,12,9,9,9,4,4,4,4,23,15,53,44,39,39,39,39,14,33,21,21,21,0,0],"gold":90,"neow_bonus":"THREE_RARE_CARDS","is_daily":false,"chose_seed":false,"campfire_upgraded":1,"win_rate":0.0,"timestamp":1613608310,"path_taken":["M","M","?","$","M","R","E","M","T","?","E","$","?","?","R","BOSS","M","M","?","?","$","E","R","M","T","?","M"],"items_purchased_type":["Card","Relic","Card"],"build_version":"2020-12-22","purchased_purges":3,"victory":false,"max_hp_per_floor":[66,66,66,66,66,66,66,66,66,66,66,66,66,66,66,66,66,66,66,66,66,66,66,66,66,66,66,66,66],"relic_stats":{"counters":[12,56],"Bronze Scales":[126],"Snake Skull":[65],"Juzu Bracelet":1,"Orichalcum":[78],"Smiling Mask":75,"obtain_stats":[{"SlaversCollar":17,"Bronze Scales":9,"Snake Skull":4,"Juzu Bracelet":7,"Bag of Marbles":23,"Orichalcum":11,"Smiling Mask":20,"Ancient Tea Set":26,"Ring of the Snake":0},{"SlaversCollar":7,"Bronze Scales":5,"Snake Skull":2,"Juzu Bracelet":4,"Bag of Marbles":10,"Orichalcum":6,"Smiling Mask":9,"Ancient Tea Set":11,"Ring of the Snake":0},{"SlaversCollar":32,"Bronze Scales":20,"Snake Skull":6,"Juzu Bracelet":15,"Bag of Marbles":46,"Orichalcum":24,"Smiling Mask":40,"Ancient Tea Set":49,"Ring of the Snake":0}],"Ring of the Snake":[24]},"card_choices":[{"not_picked":["Grand Finale","Storm of Steel"],"picked":"Corpse Explosion","floor":0.0},{"not_picked":["Backflip","Dodge and Roll"],"picked":"Cloak And Dagger","floor":1.0},{"not_picked":["Dagger Spray","Acrobatics"],"picked":"All Out Attack","floor":2.0},{"not_picked":["Prepared","Masterful Stab"],"picked":"Leg Sweep","floor":5.0},{"not_picked":["Sucker Punch","Acrobatics"],"picked":"Burst","floor":7.0},{"not_picked":["Outmaneuver","Deflect"],"picked":"Bouncing Flask","floor":8.0},{"not_picked":["Riddle With Holes","Deadly Poison"],"picked":"Noxious Fumes","floor":11.0},{"not_picked":["Malaise","Unload"],"picked":"Adrenaline","floor":16.0},{"not_picked":["Poisoned Stab","Dodge and Roll"],"picked":"PiercingWail","floor":18.0},{"not_picked":["Deadly Poison","Blade Dance"],"picked":"Outmaneuver","floor":19.0},{"not_picked":["Poisoned Stab","Accuracy","Distraction"],"picked":"SKIP","floor":23.0},{"not_picked":["Choke","Endless Agony"],"picked":"Cloak And Dagger","floor":25.0}],"player_experience":568462,"relics_obtained":[{"floor":7.0,"key":"Juzu Bracelet"},{"floor":9.0,"key":"Bronze Scales"},{"floor":11.0,"key":"Orichalcum"},{"floor":23.0,"key":"Bag of Marbles"},{"floor":26.0,"key":"Ancient Tea Set"}],"event_choices":[{"damage_healed":0.0,"max_hp_gain":0.0,"max_hp_loss":0.0,"gold_gain":275.0,"event_name":"Golden Shrine","player_choice":"Desecrate","floor":3.0,"gold_loss":0.0,"damage_taken":0.0,"cards_obtained":["Regret"]},{"damage_healed":0.0,"max_hp_gain":0.0,"max_hp_loss":0.0,"gold_gain":0.0,"event_name":"Dead Adventurer","player_choice":"Searched \u00270\u0027 times","floor":10.0,"gold_loss":0.0,"damage_taken":0.0},{"damage_healed":0.0,"max_hp_gain":0.0,"max_hp_loss":0.0,"gold_gain":0.0,"event_name":"Living Wall","player_choice":"Grow","floor":13.0,"gold_loss":0.0,"damage_taken":0.0,"cards_upgraded":["Burst"]},{"damage_healed":0.0,"max_hp_gain":0.0,"max_hp_loss":0.0,"gold_gain":0.0,"event_name":"Shining Light","player_choice":"Ignored","floor":14.0,"gold_loss":0.0,"damage_taken":0.0},{"damage_healed":0.0,"max_hp_gain":0.0,"max_hp_loss":0.0,"gold_gain":0.0,"event_name":"Addict","player_choice":"Stole Relic","floor":20.0,"gold_loss":0.0,"damage_taken":0.0,"relics_obtained":["Smiling Mask"],"cards_obtained":["Shame"]},{"damage_healed":0.0,"max_hp_gain":0.0,"max_hp_loss":0.0,"gold_gain":0.0,"event_name":"Forgotten Altar","player_choice":"Smashed Altar","floor":21.0,"gold_loss":0.0,"damage_taken":0.0,"cards_obtained":["Decay"]},{"damage_healed":0.0,"max_hp_gain":0.0,"max_hp_loss":0.0,"gold_gain":0.0,"cards_transformed":["Defend_G","Strike_G"],"event_name":"Drug Dealer","player_choice":"Became Test Subject","floor":27.0,"gold_loss":0.0,"damage_taken":0.0,"cards_obtained":["Catalyst","Well Laid Plans"]}],"is_beta":false,"boss_relics":[{"not_picked":["HoveringKite","Astrolabe"],"picked":"SlaversCollar"}],"items_purged_floors":[4,12,22],"is_endless":false,"potions_floor_spawned":[7,11,18],"killed_by":"Chosen and Byrds","ascension_level":20}}