{"host":"d73an99q9oevilk5","time":1613614343,"event":{"mods":["2.2 Compatiblity","AchievementEnabler","Act Like it!","Aspiration","BaseMod","Beaked The Cultist","Better Third Choice","BetterRewards","Colored Map","Colored Powertips","Conspire","Downfall","GifTheSpireLib","Halation","Hubris","Infinite Spire","Marisa????????","Mimic Mod","Minty Spire (QoL Compilation)","MostiFishMod","Quick Restart","Relic Sorter","Reliquary","Replay The Spire","Shop Mod","Spikes Relics","StSLib","Stuff the Spire","The Cursed","The Jungle","The Necromancer","The Saiyan","Waifu the Spire","egg","slay the spire mod where everything is the same but ironclad has a cowboy hat"],"gold_per_floor":[114,114,128,142,142,168,168,203,237,249,280,280,61,79,79,181,181,195,195,270,285,299,327,327,344,344,357,371,371,388,219,219,314,314,326,340,340,350,350,379,426,426,451,461,129,162,179,195,195,195],"floor_reached":51,"language":"ENG","playtime":1726,"items_purged":["Hatred","hubris:Despair"],"score":901,"play_id":"6ed41fbe-04cf-4940-81cb-894c563ca231","local_time":"20210217191223","is_ascension_mode":false,"campfire_choices":[{"data":"Dramatic Entrance","floor":7.0,"key":"SMITH"},{"floor":15.0,"key":"REST"},{"data":"beaked:Ceremony","floor":15.0,"key":"SMITH"},{"data":"beaked:Ceremony","floor":24,"key":"SMITH"},{"data":"The Bomb","floor":32,"key":"SMITH"},{"data":"Dramatic Entrance","floor":42,"key":"SMITH"},{"data":"infinitespire:Collect","floor":42,"key":"SMITH"},{"floor":49,"key":"REST"},{"data":"beaked:AwakenedForm","floor":49,"key":"SMITH"},{"data":"beaked:Foresight","floor":49,"key":"SMITH"}],"circlet_count":0,"master_deck":["beaked:Strike_Y","beaked:Strike_Y","beaked:Strike_Y","beaked:Strike_Y","beaked:Strike_Y","beaked:Strike_Y","beaked:Defend_Y","beaked:Defend_Y","beaked:Defend_Y","beaked:Defend_Y","beaked:Ceremony+1","beaked:Ceremony+1","beaked:Ceremony+1","Dramatic Entrance+1","Dramatic Entrance+1","beaked:Brace","beaked:Overpower","beaked:Hexing","beaked:Tweet","beaked:StickSmack","beaked:HuntressSpirit","infinitespire:Collect+1","beaked:Sacrifice","beaked:MachineSpirit","beaked:ScreechingChant","beaked:Foresight","Slimebound:CheckThePlaybook","beaked:Evade+1","beaked:Caw","beaked:MachineEssence","beaked:Foresight+1","BlessedFruit+1","BlessedFruit","beaked:Foresight","beaked:Tweet","The Bomb+1","beaked:AwakenedForm+1","beaked:CursingBlood","beaked:Windmill+1","beaked:MimicHuntress+1","beaked:BloodRitual+1","beaked:CrazyRituals+1","ReplayTheSpireMod:Owlgaze","beaked:BloodRitual+1","beaked:CursingBlood+1"],"relics":["beaked:MendingPlumage","DaveBox","ChiXiaoBlade","DollysMirror","halation:BlackBeret","hubris:MedicalManual","SynthV:TestCard","conspire:TopHat","Vajra","Eternal Feather","infinitespire:Magic Flask","conspire:SpecialSausage","Centennial Puzzle","HeavenlyBonsai","Ring of Chaos","Technique","beaked:SacrificeDoll","hubris:Metronome","hubris:Towel","infinitespire:Golems Mask","Replay:Arrowhead","Oddly Smooth Stone","Membership Card","Ancient Tea Set","infinitespire:Satchel","MiniBlackHole"],"acts_visited":["Exordium","TheCity","TheBeyond"],"potions_floor_usage":[33,40,41,46,47,50,50,50],"damage_taken":[{"damage":0.0,"enemies":"2 Louse","floor":1.0,"turns":1.0},{"damage":5.0,"enemies":"conspire:RoseBush","floor":3.0,"turns":2.0},{"damage":0.0,"enemies":"Small Slimes","floor":4.0,"turns":2.0},{"damage":18.0,"enemies":"3 Sentries","floor":6.0,"turns":4.0},{"damage":26.0,"enemies":"Replay:BlueRogue","floor":8.0,"turns":5.0},{"damage":14.0,"enemies":"Exordium Wildlife","floor":9.0,"turns":8.0},{"damage":11.0,"enemies":"Exordium Wildlife","floor":10.0,"turns":2.0},{"damage":24.0,"enemies":"Gremlin Nob","floor":11.0,"turns":5.0},{"damage":0.0,"enemies":"2 Fungi Beasts","floor":14.0,"turns":1.0},{"damage":58.0,"enemies":"The Guardian","floor":16.0,"turns":9.0},{"damage":27.0,"enemies":"Shell Parasite","floor":18.0,"turns":5.0},{"damage":9,"enemies":"Chosen","floor":21,"turns":4},{"damage":37,"enemies":"Snecko","floor":22,"turns":6},{"damage":44,"enemies":"conspire:SneckoGhost","floor":23,"turns":7},{"damage":39,"enemies":"Snake Plant","floor":25,"turns":4},{"damage":7,"enemies":"Centurion and Healer","floor":27,"turns":10},{"damage":32,"enemies":"Cultist and Chosen","floor":28,"turns":8},{"damage":14,"enemies":"conspire:HollyBat","floor":30,"turns":9},{"damage":0,"enemies":"Automaton","floor":33,"turns":2},{"damage":27,"enemies":"3 Shapes","floor":35,"turns":1},{"damage":12,"enemies":"Orb Walker","floor":36,"turns":4},{"damage":18,"enemies":"Spire Growth","floor":38,"turns":4},{"damage":22,"enemies":"Reptomancer","floor":40,"turns":5},{"damage":44,"enemies":"2 Orb Walkers","floor":41,"turns":3},{"damage":25,"enemies":"3 Darklings","floor":44,"turns":4},{"damage":66,"enemies":"beaked:SuperParasite","floor":46,"turns":6},{"damage":73,"enemies":"Writhing Mass","floor":47,"turns":5},{"damage":7,"enemies":"Transient","floor":48,"turns":5},{"damage":46,"enemies":"Donu and Deca","floor":50,"turns":4}],"seed_played":"-7345290383046775291","potions_obtained":[{"floor":4.0,"key":"Elixir"},{"floor":6.0,"key":"Adrenaline Potion"},{"floor":10.0,"key":"Doom Potion"},{"floor":14.0,"key":"BlessingOfTheForge"},{"floor":18.0,"key":"Toxic Potion"},{"floor":23,"key":"infinitespire:BlackPotion"},{"floor":25,"key":"LiquidBronze"},{"floor":33,"key":"ColorlessPotion"},{"floor":41,"key":"Block Potion"},{"floor":46,"key":"LiquidMemories"},{"floor":48,"key":"AttackPotion"}],"is_trial":false,"path_per_floor":["M","$","M","M","?","E","R","E","MIM","M","E","?","$","M","R","B",null,"M","?","?","M","M","E","R","M","T","M","M","AVR","M","$","R","B",null,"M","M","AVR","M","?","E","?","R","T","M","$","E","M","M","R","B",null],"character_chosen":"BEAKED_THE_CULTIST","items_purchased":["DollysMirror","beaked:Sacrifice","The Bomb","Membership Card","Ancient Tea Set","infinitespire:Satchel","PowerPotion"],"campfire_rested":2,"item_purchase_floors":[0,13,31,45,45,45,45],"current_hp_per_floor":[50,50,48,50,50,39,39,25,27,22,10,10,10,13,43,28,50,38,21,16,32,31,21,39,20,20,58,54,54,64,64,66,66,66,47,61,61,63,63,62,28,52,52,53,53,60,18,44,88,81],"gold":195,"neow_bonus":"","is_daily":false,"chose_seed":false,"campfire_upgraded":8,"win_rate":0.0,"timestamp":1613614343,"path_taken":["M","$","M","M","?","E","R","E","MIM","M","E","?","$","M","R","BOSS","M","?","?","?","M","E","R","M","T","M","M","AVR","M","?","R","BOSS","M","?","AVR","M","?","E","?","R","T","M","$","E","M","M","R","BOSS"],"items_purchased_type":["Relic","Card","Card","Relic","Relic","Relic","Potion"],"build_version":"2020-12-22","purchased_purges":2,"victory":true,"max_hp_per_floor":[50,50,50,50,50,50,50,50,50,50,50,50,50,50,50,50,50,50,50,50,50,50,53,53,53,53,58,63,63,66,66,66,66,66,66,72,72,73,73,77,78,78,78,80,80,83,87,88,88,91],"card_choices":[{"not_picked":["beaked:TuckingFeathers","beaked:FeelMyPain","beaked:BraceForImpact"],"picked":"SKIP","floor":1.0},{"not_picked":["beaked:Evade","beaked:BraceForImpact","beaked:RuinSticks","beaked:DesperateSwing"],"picked":"beaked:Brace","floor":3.0},{"not_picked":["beaked:Daydream","beaked:DigDeep","beaked:Resilience","ReplayTheSpireMod:Owlgaze"],"picked":"beaked:Overpower","floor":4.0},{"not_picked":["beaked:FullHouse","beaked:RitualOfBody","ReplayTheSpireMod:Prepare the Ceremony","beaked:Insight"],"picked":"beaked:Hexing","floor":6.0},{"not_picked":["ReplayTheSpireMod:Wings of Steel","beaked:Mantra","beaked:Windmill","beaked:Redirect"],"picked":"beaked:Tweet","floor":8.0},{"not_picked":["beaked:ShadowFade","beaked:CursingBlood","beaked:SacrificialAttack","beaked:Overpower"],"picked":"beaked:StickSmack","floor":10.0},{"not_picked":["beaked:SurvivalInstinct","beaked:CursingBlood","beaked:Overexert","beaked:Negation"],"picked":"beaked:HuntressSpirit","floor":11.0},{"not_picked":["ReplayTheSpireMod:Book of Names","infinitespire:Execution"],"picked":"infinitespire:Collect","floor":12.0},{"not_picked":["beaked:Molting","beaked:Tradeoff","beaked:Redirect","beaked:ScreechingChant"],"picked":"beaked:MachineSpirit","floor":14.0},{"not_picked":["beaked:Sacrifice","beaked:SacrificialScars","beaked:FullHouse","beaked:CheekyTricks"],"picked":"beaked:ScreechingChant","floor":16.0},{"not_picked":["beaked:Cower","ReplayTheSpireMod:Prepare the Ceremony","beaked:SacrificialDive+1","beaked:Pecker+1"],"picked":"beaked:Foresight","floor":18.0},{"not_picked":["beaked:Tradeoff+1","beaked:MimicWarrior+1","beaked:FeelMyPain+1","beaked:StickSmack"],"picked":"beaked:Evade","floor":21},{"not_picked":["beaked:Resilience","beaked:BarbedWire+1","ReplayTheSpireMod:Wings of Steel","beaked:Negation"],"picked":"beaked:Caw","floor":22},{"not_picked":["beaked:Replenish","beaked:SacrificialDive","beaked:DigDeep+1","beaked:WildInstinct"],"picked":"beaked:MachineEssence","floor":23},{"not_picked":["beaked:MimicHuntress","beaked:Windmill","beaked:DigDeep","beaked:SacrificialScars"],"picked":"beaked:Foresight","floor":25},{"not_picked":["beaked:Poke","beaked:Replenish","beaked:SurvivalInstinct","beaked:TuckingFeathers+1"],"picked":"beaked:Foresight","floor":27},{"not_picked":["beaked:Foresight","beaked:Insight+1","beaked:SurvivalInstinct","beaked:DarkPact"],"picked":"beaked:Tweet","floor":28},{"not_picked":["beaked:Flinch","beaked:SacrificialAttack+1","beaked:Tweet+1","beaked:Tradeoff","beaked:Cower"],"picked":"SKIP","floor":30},{"not_picked":["beaked:DarkPact","beaked:Caw","beaked:SacrificialScars","beaked:Brainwash"],"picked":"beaked:AwakenedForm","floor":33},{"not_picked":["beaked:StickSmack+1","beaked:Negation+1","beaked:Mantra","beaked:Redirect"],"picked":"beaked:CursingBlood","floor":35},{"not_picked":["beaked:Overexert+1","beaked:Resilience+1","beaked:WindBringer","beaked:HuntressEssence"],"picked":"beaked:Windmill+1","floor":36},{"not_picked":["beaked:WarriorEssence","beaked:Negation+1","ReplayTheSpireMod:RavenHex","beaked:BraceForImpact"],"picked":"beaked:MimicHuntress+1","floor":38},{"not_picked":["beaked:Tweet+1","beaked:Foresight","beaked:Overexert","beaked:Tradeoff"],"picked":"beaked:BloodRitual+1","floor":40},{"not_picked":["beaked:Tweet+1","beaked:DigDeep","beaked:BarbedWire+1","beaked:StunningBlow+1"],"picked":"beaked:CrazyRituals+1","floor":44},{"not_picked":["beaked:BounceBack","beaked:BarbedWire","beaked:Hexing+1","beaked:Overpower+1"],"picked":"ReplayTheSpireMod:Owlgaze","floor":46},{"not_picked":["ReplayTheSpireMod:RavenHex+1","beaked:DigDeeper","beaked:FeelMyPain+1","beaked:DesperateSwing+1"],"picked":"beaked:BloodRitual+1","floor":47},{"not_picked":["beaked:BarbedWire","beaked:Cower+1","beaked:MimicWarrior+1","beaked:Redirect"],"picked":"beaked:CursingBlood+1","floor":48}],"player_experience":1931928,"relics_obtained":[{"floor":1.0,"key":"SynthV:TestCard"},{"floor":6.0,"key":"conspire:TopHat"},{"floor":8.0,"key":"Vajra"},{"floor":9.0,"key":"Eternal Feather"},{"floor":11.0,"key":"infinitespire:Magic Flask"},{"floor":23,"key":"Centennial Puzzle"},{"floor":26,"key":"HeavenlyBonsai"},{"floor":40,"key":"infinitespire:Golems Mask"},{"floor":41,"key":"Replay:Arrowhead"},{"floor":43,"key":"Oddly Smooth Stone"},{"floor":46,"key":"MiniBlackHole"}],"event_choices":[{"damage_healed":0,"gold_gain":75,"player_choice":"Touch","damage_taken":5,"max_hp_gain":0,"max_hp_loss":0,"event_name":"FaceTrader","floor":20,"gold_loss":0},{"damage_healed":0,"gold_gain":0,"player_choice":"Fight","damage_taken":0,"max_hp_gain":0,"max_hp_loss":0,"event_name":"Mysterious Sphere","floor":41,"gold_loss":0}],"is_beta":false,"boss_relics":[{"not_picked":["CosmicIsotope","Busted Crown"],"picked":"conspire:SpecialSausage"},{"not_picked":["halation:CatFaceCupcake","Honey Jar"],"picked":"beaked:SacrificeDoll"}],"items_purged_floors":[13,29],"is_endless":false,"potions_floor_spawned":[4,6,10,14,18,23,25,33,35,41,46,48],"ascension_level":0}}