{"host":"k4hb7medsm45vqxu","time":1613673576,"event":{"mods":["AchievementEnabler","Act Like it!","Arknights","BaseMod","BetterRewards","Colored Map","Colored Powertips","DeckTracker","Downfall","Friendly Minions","Highlight Path","Marisa????????","Minty Spire (QoL Compilation)","Permanent Neow","READ ME - Guardian Mod","Rare Cards Sparkle","Replay The Spire","Shop Mod","StSLib","SuperFastMode","The Death Knight","The Forsaken","Together in Spire","Waifu the Spire","Yuyuko"],"gold_per_floor":[99,115,132,150,166,66,113,169,344,357,257,288,304,304,324,427,427,427,445,458,478,478,578,878,891,891,891,891],"floor_reached":26,"language":"ENG","playtime":2956,"items_purged":[],"score":212,"play_id":"6adeae48-68c1-4b04-bf2c-8038cc52d27e","local_time":"20210218123936","is_ascension_mode":false,"campfire_choices":[{"floor":1,"key":"RECALL"},{"data":"Slimebound:Darklings","floor":6,"key":"SMITH"},{"floor":11,"key":"REST"},{"floor":18,"key":"DIG"}],"circlet_count":0,"master_deck":["Slimebound:Strike_Slimebound","Slimebound:Strike_Slimebound","Slimebound:Strike_Slimebound","Slimebound:Tackle","Slimebound:Defend_Slimebound+1","Slimebound:Defend_Slimebound","Slimebound:Defend_Slimebound","Slimebound:Split","Slimebound:CorrosiveSpit","Slimebound:SplitAcid","Slimebound:GoopSpray","Slimebound:SamplingLick+1","Slimebound:Darklings+1","Slimebound:Equalize","Slimebound:DisruptingSlam","Slimebound:Equalize","Slimebound:PressTheAttack","Slimebound:FirmFortitude","Slimebound:PrepareCrush","Slimebound:SlimeTap+1","Slimebound:SplitBruiser+1","Slimebound:SamplingLick","Delirium","Slimebound:Replication","Slimebound:ItLooksTasty"],"relics":["Honey Jar","downfall:HeartBlessingRed","War Paint","downfall:HeartBlessingBlue","Ice Cream","Empty Cage","Frozen Egg 2","Ring of Fury","ReplayTheSpireMod:Ring of Exchange","Replay:Multitool","Slimebound:MaxSlimesRelic","Old Coin"],"acts_visited":["Exordium","TheCity"],"potions_floor_usage":[8,16,23,23,23],"damage_taken":[{"damage":3,"enemies":"2 Louse","floor":2,"turns":2},{"damage":5,"enemies":"Small Slimes","floor":3,"turns":3},{"damage":14,"enemies":"Jaw Worm","floor":4,"turns":4},{"damage":0,"enemies":"Red Slaver","floor":5,"turns":4},{"damage":11,"enemies":"3 Sentries","floor":8,"turns":5},{"damage":0,"enemies":"Exordium Wildlife","floor":10,"turns":2},{"damage":11,"enemies":"Lagavulin","floor":12,"turns":6},{"damage":6,"enemies":"downfall:LooterAlt","floor":13,"turns":3},{"damage":10,"enemies":"3 Louse","floor":15,"turns":2},{"damage":28,"enemies":"IC_STATUS_ARCHETYPE","floor":16,"turns":9},{"damage":29,"enemies":"downfall:LooterAlt2","floor":19,"turns":3},{"damage":8,"enemies":"Spheric Guardian","floor":20,"turns":4},{"damage":9,"enemies":"Cultist and Chosen","floor":21,"turns":3},{"damage":24,"enemies":"Colosseum Nobs","floor":23,"turns":4},{"damage":16,"enemies":"Chosen and Byrds","floor":25,"turns":3},{"damage":5,"enemies":"Snake Plant","floor":26,"turns":1}],"seed_played":"5094218156417446731","potions_obtained":[{"floor":5,"key":"Toxic Potion"},{"floor":12,"key":"Block Potion"},{"floor":16,"key":"LiquidMemories"},{"floor":19,"key":"CultistPotion"},{"floor":21,"key":"LiquidMemories"}],"is_trial":false,"path_per_floor":["R_BF","M","M","M","M","R","T","?","?","M","R","E","M","?","M","B",null,"R_BF","M","M","M","?","?","T","M","M"],"character_chosen":"SLIMEBOUND","items_purchased":[],"campfire_rested":1,"item_purchase_floors":[],"current_hp_per_floor":[65,62,57,43,43,43,43,32,32,32,64,61,67,67,61,45,75,75,46,38,29,29,17,17,5,0,0,0],"gold":891,"neow_bonus":"BOSS_RELIC","is_daily":false,"chose_seed":false,"campfire_upgraded":1,"win_rate":0.0,"timestamp":1613673576,"path_taken":["R_BF","M","M","M","M","R","T","?","?","M","R","E","M","?","M","BOSS","R_BF","M","M","M","?","?","T","M","?"],"items_purchased_type":[],"build_version":"2020-12-22","purchased_purges":0,"victory":false,"max_hp_per_floor":[65,65,65,65,65,65,65,65,65,65,75,75,75,75,75,75,75,75,75,75,75,75,75,75,75,75,75,75],"card_choices":[{"not_picked":["Slimebound:SplitLeeching","Slimebound:LeechingTouch","Slimebound:LivingWall"],"picked":"Slimebound:SplitAcid","floor":2},{"not_picked":["Slimebound:SplitMire","Slimebound:GoopTackle","Slimebound:RollThrough"],"picked":"Slimebound:GoopSpray","floor":3},{"not_picked":["Slimebound:PressTheAttack","Slimebound:LivingWall","Slimebound:SlimeSpikes"],"picked":"Slimebound:SamplingLick","floor":4},{"not_picked":["Slimebound:GoopSpray","Slimebound:SpikyOuterGoop","Slimebound:FinishingTackle"],"picked":"Slimebound:Darklings","floor":5},{"not_picked":["Slimebound:FinishingTackle","Slimebound:SlimeSpikes","Slimebound:GoopTackle"],"picked":"Slimebound:Equalize","floor":8},{"not_picked":["Slimebound:SplitMire","Slimebound:LivingWall","Slimebound:ItLooksTasty"],"picked":"Slimebound:DisruptingSlam","floor":10},{"not_picked":["Slimebound:HungryTackle","Slimebound:ProtectTheBoss","Slimebound:Gluttony"],"picked":"Slimebound:Equalize","floor":12},{"not_picked":["Slimebound:DisruptingSlam","Slimebound:LeechingTouch","Slimebound:FinishingTackle"],"picked":"Slimebound:PressTheAttack","floor":13},{"not_picked":["Slimebound:SplitBruiser","Slimebound:GoopSpray","Slimebound:LeechEnergy"],"picked":"Slimebound:FirmFortitude","floor":15},{"not_picked":["Slimebound:SlimeSlap","Slimebound:TagTeam","Slimebound:Overexert"],"picked":"Slimebound:PrepareCrush","floor":16},{"not_picked":["Slimebound:SplitAcid+1","Slimebound:Gluttony+1","Slimebound:HauntingLick+1"],"picked":"Slimebound:SlimeTap+1","floor":19},{"not_picked":["Slimebound:SplitAcid","Slimebound:FinishingTackle+1","Slimebound:Recollect"],"picked":"Slimebound:SplitBruiser+1","floor":20},{"not_picked":["Slimebound:ComboTackle+1","Slimebound:SlimeSpikes","Slimebound:ServeAndProtect"],"picked":"Slimebound:SamplingLick","floor":21},{"not_picked":["Slimebound:Chomp","Slimebound:GoopTackle","Slimebound:SplitAcid"],"picked":"Slimebound:Replication","floor":23},{"not_picked":["Slimebound:Replication","Slimebound:SplitMire","Slimebound:SlimeSpikes"],"picked":"Slimebound:ItLooksTasty","floor":25}],"player_experience":16530,"relics_obtained":[{"floor":8,"key":"War Paint"},{"floor":12,"key":"Ice Cream"},{"floor":18,"key":"Frozen Egg 2"},{"floor":22,"key":"Ring of Fury"},{"floor":22,"key":"ReplayTheSpireMod:Ring of Exchange"},{"floor":23,"key":"Replay:Multitool"},{"floor":23,"key":"Slimebound:MaxSlimesRelic"},{"floor":24,"key":"Old Coin"}],"event_choices":[],"is_beta":false,"boss_relics":[{"not_picked":["Kintsugi","Replay:Drink Me"],"picked":"Empty Cage"}],"items_purged_floors":[],"is_endless":false,"potions_floor_spawned":[5,12,16,19,21],"killed_by":"Snake Plant","ascension_level":0}}