{"host":"April","time":1613644211,"event":{"mods":["BaseMod","Minty Spire (QoL Compilation)"],"gold_per_floor":[109,121,131,37,112,139,139,139,211,211,251,5,25,25,25,156,156,172,172,196,216,216,254,268,268,344,344,377,377,377],"floor_reached":29,"language":"ENG","playtime":1659,"items_purged":[],"score":310,"play_id":"e5dd7a5c-8543-4f6a-b093-0fba9dc4f349","local_time":"20210218023011","is_ascension_mode":true,"campfire_choices":[{"floor":7.0,"key":"REST"},{"floor":15.0,"key":"REST"}],"circlet_count":0,"master_deck":["Strike_G","Strike_G","Strike_G","Strike_G","Strike_G","Defend_G","Defend_G","Defend_G","Defend_G","Defend_G","Survivor","Neutralize","Poisoned Stab","Crippling Poison","Flash of Steel","Deadly Poison","Dagger Throw","A Thousand Cuts","Leg Sweep","After Image+1","Dagger Throw+1","Cloak And Dagger+1","Choke+1","Eviscerate","Blade Dance+1","Ghostly","Ghostly","Ghostly","Ghostly","Ghostly","Pain","Burst"],"relics":["Ring of the Snake","Nunchaku","Smiling Mask","Golden Idol","Shuriken","Pantograph","Mummified Hand","Snecko Eye","HornCleat","Ornamental Fan","WarpedTongs","Orichalcum"],"acts_visited":["Exordium","TheCity"],"potions_floor_usage":[],"damage_taken":[{"damage":0.0,"enemies":"Small Slimes","floor":1.0,"turns":4.0},{"damage":1.0,"enemies":"Jaw Worm","floor":2.0,"turns":3.0},{"damage":6.0,"enemies":"Cultist","floor":3.0,"turns":3.0},{"damage":16.0,"enemies":"3 Sentries","floor":6.0,"turns":10.0},{"damage":26.0,"enemies":"Lagavulin","floor":11.0,"turns":5.0},{"damage":3.0,"enemies":"3 Louse","floor":13.0,"turns":2.0},{"damage":8.0,"enemies":"The Guardian","floor":16.0,"turns":11.0},{"damage":1.0,"enemies":"2 Thieves","floor":18.0,"turns":5.0},{"damage":2.0,"enemies":"Chosen","floor":20.0,"turns":5.0},{"damage":3.0,"enemies":"Centurion and Healer","floor":21.0,"turns":5.0},{"damage":6.0,"enemies":"Book of Stabbing","floor":23.0,"turns":5.0},{"damage":0.0,"enemies":"Snecko","floor":24.0,"turns":4.0},{"damage":26.0,"enemies":"Slavers","floor":28.0,"turns":6.0},{"damage":0,"enemies":"Cultist and Chosen","floor":29,"turns":1}],"seed_played":"-6492720472337217553","potions_obtained":[{"floor":6.0,"key":"SteroidPotion"},{"floor":11.0,"key":"CunningPotion"},{"floor":13.0,"key":"Block Potion"},{"floor":16.0,"key":"Block Potion"},{"floor":18.0,"key":"CunningPotion"},{"floor":23.0,"key":"LiquidBronze"},{"floor":28.0,"key":"DuplicationPotion"}],"is_trial":false,"path_per_floor":["M","M","M","$","?","E","R","?","T","?","E","$","M","?","R","B",null,"M","?","M","M","?","E","M","?","T","?","E","M"],"character_chosen":"THE_SILENT","items_purchased":["Flash of Steel","Mummified Hand"],"campfire_rested":2,"item_purchase_floors":[4,12],"current_hp_per_floor":[70,69,63,63,52,36,57,40,40,40,14,14,11,4,25,42,70,69,69,67,64,64,58,58,35,35,35,9,9,9],"gold":377,"neow_bonus":"RANDOM_COMMON_RELIC","is_daily":false,"chose_seed":false,"campfire_upgraded":0,"win_rate":0.0,"timestamp":1613644211,"path_taken":["M","M","M","$","?","E","R","?","T","?","E","?","?","?","R","BOSS","M","?","M","M","?","E","?","?","T","?","E","M"],"items_purchased_type":["Card","Relic"],"build_version":"2020-12-18","purchased_purges":0,"victory":false,"max_hp_per_floor":[70,70,70,70,70,70,70,70,70,70,70,70,70,70,70,70,70,70,70,70,70,70,70,70,35,35,35,35,35,35],"card_choices":[{"not_picked":["PiercingWail","Acrobatics"],"picked":"Poisoned Stab","floor":1.0},{"not_picked":["Quick Slash","Deflect"],"picked":"Poisoned Stab","floor":2.0},{"not_picked":["Dagger Spray","Dagger Throw"],"picked":"Crippling Poison","floor":3.0},{"not_picked":["Cloak And Dagger","Dodge and Roll"],"picked":"Deadly Poison","floor":6.0},{"not_picked":["Expertise","Catalyst"],"picked":"A Thousand Cuts","floor":11.0},{"not_picked":["Blade Dance","Dagger Throw"],"picked":"Leg Sweep","floor":13.0},{"not_picked":["Glass Knife","Wraith Form v2"],"picked":"After Image","floor":16.0},{"not_picked":["Backflip","Quick Slash"],"picked":"Dagger Throw+1","floor":18.0},{"not_picked":["Leg Sweep+1","Flying Knee+1"],"picked":"Cloak And Dagger+1","floor":20.0},{"not_picked":["Accuracy+1","Calculated Gamble"],"picked":"Choke+1","floor":21.0},{"not_picked":["Terror+1","Backstab+1"],"picked":"Eviscerate","floor":23.0},{"not_picked":["Cloak And Dagger","Outmaneuver"],"picked":"Blade Dance+1","floor":24.0},{"not_picked":["Dagger Spray","Outmaneuver"],"picked":"Burst","floor":28.0}],"player_experience":2684147,"relics_obtained":[{"floor":6.0,"key":"Smiling Mask"},{"floor":9.0,"key":"Shuriken"},{"floor":11.0,"key":"Pantograph"},{"floor":23.0,"key":"HornCleat"},{"floor":26.0,"key":"Ornamental Fan"},{"floor":28.0,"key":"Orichalcum"}],"event_choices":[{"damage_healed":0.0,"max_hp_gain":0.0,"max_hp_loss":0.0,"gold_gain":75.0,"event_name":"World of Goop","player_choice":"Gather Gold","floor":5.0,"gold_loss":0.0,"damage_taken":11.0},{"damage_healed":0.0,"max_hp_gain":0.0,"max_hp_loss":0.0,"gold_gain":0.0,"event_name":"Golden Idol","player_choice":"Take Damage","floor":8.0,"gold_loss":0.0,"damage_taken":17.0,"relics_obtained":["Golden Idol"]},{"damage_healed":0.0,"max_hp_gain":0.0,"max_hp_loss":0.0,"gold_gain":0.0,"cards_transformed":["Poisoned Stab"],"event_name":"Living Wall","player_choice":"Change","floor":10.0,"gold_loss":0.0,"damage_taken":0.0,"cards_obtained":["Dagger Throw"]},{"damage_healed":0.0,"max_hp_gain":0.0,"max_hp_loss":0.0,"gold_gain":0.0,"event_name":"Scrap Ooze","player_choice":"Fled","floor":14.0,"gold_loss":0.0,"damage_taken":7.0},{"damage_healed":0.0,"max_hp_gain":0.0,"max_hp_loss":0.0,"gold_gain":0.0,"event_name":"Vampires","player_choice":"Ignored","floor":19.0,"gold_loss":0.0,"damage_taken":0.0},{"damage_healed":0.0,"max_hp_gain":0.0,"max_hp_loss":0.0,"gold_gain":0.0,"event_name":"Upgrade Shrine","player_choice":"Upgraded","floor":22.0,"gold_loss":0.0,"damage_taken":0.0,"cards_upgraded":["After Image"]},{"damage_healed":0.0,"max_hp_gain":0.0,"max_hp_loss":35.0,"gold_gain":0.0,"event_name":"Ghosts","player_choice":"Became a Ghost","floor":25.0,"gold_loss":0.0,"damage_taken":0.0,"cards_obtained":["Ghostly","Ghostly","Ghostly","Ghostly","Ghostly"]},{"damage_healed":0.0,"max_hp_gain":0.0,"max_hp_loss":0.0,"gold_gain":0.0,"event_name":"Accursed Blacksmith","player_choice":"Rummage","floor":27.0,"gold_loss":0.0,"damage_taken":0.0,"relics_obtained":["WarpedTongs"],"cards_obtained":["Pain"]}],"is_beta":true,"boss_relics":[{"not_picked":["SacredBark","Sozu"],"picked":"Snecko Eye"}],"items_purged_floors":[],"is_endless":false,"potions_floor_spawned":[6,11,13,16,18,23,28],"killed_by":"Cultist and Chosen","ascension_level":1}}