{"host":"72n3jwtrlpjobydj","time":1613647980,"event":{"mods":["AchievementEnabler","BaseMod","CapriCore","DeckTracker","Hermit","Koishi","KomeijiMod","Lobotomy","Marisa£¨Ùöéë¡¡Øª×âÞÞ£©","Minty Spire (QoL Compilation)","Permanent Neow","StSLib","SuperFastMode","The Cursed","The Hierophant","The Immortal"],"gold_per_floor":[212,212,387,387,387,387,397,414,492,512,512,96,106,119,119,220,220,235,40,40,40,52,52,52],"floor_reached":23,"language":"KOR","playtime":743,"items_purged":["Strike_R"],"score":181,"play_id":"d523038a-ab3b-4291-9b56-12ef6f125115","local_time":"20210218203300","is_ascension_mode":false,"campfire_choices":[{"floor":6,"key":"REST"},{"floor":11,"key":"REST"},{"data":"Heavy Blade","floor":15,"key":"SMITH"}],"circlet_count":0,"master_deck":["Strike_R","Strike_R","Strike_R","Strike_R","Defend_R","Defend_R","Defend_R","Bash","Doubt","Inflame","Spot Weakness","Disarm","Feel No Pain","Warcry","Heavy Blade+1","Reaper","Flex+1","Heavy Blade","J.A.X."],"relics":["Burning Blood","Smiling Mask","ThirstyCross","Question Card","Juzu Bracelet","Toolbox","Runic Pyramid","Sling"],"acts_visited":["Exordium","TheCity"],"potions_floor_usage":[10,14,16,18],"damage_taken":[{"damage":5,"enemies":"Small Slimes","floor":1,"turns":4},{"damage":8,"enemies":"2 Louse","floor":7,"turns":2},{"damage":11,"enemies":"Jaw Worm","floor":8,"turns":2},{"damage":15,"enemies":"Exordium Thugs","floor":10,"turns":4},{"damage":8,"enemies":"Gremlin Gang","floor":13,"turns":3},{"damage":12,"enemies":"Large Slime","floor":14,"turns":6},{"damage":44,"enemies":"Hexaghost","floor":16,"turns":7},{"damage":60,"enemies":"3 Byrds","floor":18,"turns":6},{"damage":3,"enemies":"Spheric Guardian","floor":22,"turns":2},{"damage":75,"enemies":"Gremlin Leader","floor":23,"turns":5}],"seed_played":"-1837200670260309369","potions_obtained":[{"floor":1,"key":"Strength Potion"},{"floor":7,"key":"Strength Potion"},{"floor":8,"key":"Dexterity Potion"},{"floor":10,"key":"BloodPotion"}],"is_trial":false,"path_per_floor":["M","?","?","?","?","R","M","M","T","M","R","$","M","M","R","B",null,"M","$","?","?","M","E"],"character_chosen":"IRONCLAD","items_purchased":["Feel No Pain","Juzu Bracelet","Toolbox","Heavy Blade","Sling"],"campfire_rested":2,"item_purchase_floors":[12,12,12,19,19],"current_hp_per_floor":[80,68,68,61,61,80,78,73,73,64,80,80,78,72,72,34,80,47,47,47,47,50,0,0],"gold":52,"neow_bonus":"HUNDRED_GOLD","is_daily":false,"chose_seed":false,"campfire_upgraded":1,"win_rate":0.0,"timestamp":1613647980,"path_taken":["M","?","?","?","?","R","M","M","T","M","R","?","M","M","R","BOSS","M","$","?","?","M","E"],"items_purchased_type":["Card","Relic","Relic","Card","Relic"],"build_version":"2020-12-22","purchased_purges":1,"victory":false,"max_hp_per_floor":[80,80,80,80,80,80,80,80,80,80,80,80,80,80,80,80,80,80,80,80,80,80,80,80],"card_choices":[{"not_picked":["Disarm","Sentinel","Pummel"],"picked":"SKIP","floor":1},{"not_picked":["Armaments","Spot Weakness"],"picked":"Inflame","floor":7},{"not_picked":["Twin Strike","Armaments"],"picked":"Spot Weakness","floor":8},{"not_picked":["Havoc","Bloodletting","True Grit"],"picked":"Disarm","floor":10},{"not_picked":["Rage","Body Slam","Iron Wave"],"picked":"Warcry","floor":13},{"not_picked":["Pommel Strike","Anger","Armaments"],"picked":"Heavy Blade","floor":14},{"not_picked":["Berserk","Impervious","Demon Form"],"picked":"Reaper","floor":16},{"not_picked":["Wild Strike+1","Anger","Shrug It Off+1"],"picked":"Flex+1","floor":18},{"not_picked":["Armaments","Reckless Charge","Clothesline","Headbutt+1"],"picked":"SKIP","floor":22}],"player_experience":73285,"relics_obtained":[{"floor":9,"key":"Question Card"}],"event_choices":[{"damage_healed":0,"gold_gain":0,"player_choice":"Success","damage_taken":12,"relics_obtained":["Smiling Mask"],"max_hp_gain":0,"max_hp_loss":0,"event_name":"Scrap Ooze","floor":2,"gold_loss":0},{"damage_healed":0,"gold_gain":175,"player_choice":"AGREE","damage_taken":0,"max_hp_gain":0,"max_hp_loss":0,"event_name":"Liars Game","floor":3,"gold_loss":0,"cards_obtained":["Doubt"]},{"cards_removed":["Defend_R"],"damage_healed":0,"gold_gain":0,"player_choice":"Card Removal","damage_taken":7,"max_hp_gain":0,"max_hp_loss":0,"event_name":"Golden Wing","floor":4,"gold_loss":0},{"damage_healed":0,"gold_gain":0,"player_choice":"Ignored","damage_taken":0,"max_hp_gain":0,"max_hp_loss":0,"event_name":"Ghosts","floor":20,"gold_loss":0},{"damage_healed":0,"gold_gain":0,"player_choice":"Obtain J.A.X.","damage_taken":0,"max_hp_gain":0,"max_hp_loss":0,"event_name":"Drug Dealer","floor":21,"gold_loss":0,"cards_obtained":["J.A.X."]}],"is_beta":false,"boss_relics":[{"not_picked":["Empty Cage","Busted Crown"],"picked":"Runic Pyramid"}],"items_purged_floors":[12],"is_endless":false,"potions_floor_spawned":[1,7,8,10],"killed_by":"Gremlin Leader","ascension_level":0}}