{"host":"t7x48id4m12lw7lo","time":1613626958,"event":{"mods":["BaseMod","Bestiary","Bossed Relics","Colored Powertips","Dark Map","Glutton Mod","Hermit","Infinite Spire","Mimic Mod","Minty Spire (QoL Compilation)","Onozuka Komachi Mod","Pikachu Mod","Potionbrewer","Random Character Button","Shapeshifter Mod","StSLib","The Animator","The Bladedancer","The Cursed","The Florist","The Forsaken","The Hayseed","The IronCluck","The Runesmith","The Servant 0.9.4","TheBandit","TheHero","TheSwordswoman","Thieving Mod","Wide Potions"],"gold_per_floor":[118,118,118,137,41,41,60,60,105,105,125,156,156,180,180,311,311,329,342,612,625,668,668,693,118,118,118,118,139,139,139,139,259,259,259,259,277,301,301,301],"floor_reached":39,"language":"ENG","playtime":3217,"items_purged":["Writhe"],"score":381,"play_id":"3fbe16ad-a089-4b0a-8f80-2f5bc62c3ec9","local_time":"20210218164238","is_ascension_mode":false,"campfire_choices":[{"data":"theForsaken:FuryStrikes","floor":6.0,"key":"SMITH"},{"data":"theForsaken:Smite","floor":8.0,"key":"SMITH"},{"data":"theForsaken:Retribution","floor":10.0,"key":"SMITH"},{"floor":13.0,"key":"REST"},{"floor":15.0,"key":"REST"},{"floor":23.0,"key":"REST"},{"floor":30.0,"key":"REST"},{"data":"theForsaken:Retribution","floor":32.0,"key":"SMITH"}],"circlet_count":0,"master_deck":["theForsaken:TheForsaken_Strike+1","theForsaken:TheForsaken_Strike+1","theForsaken:TheForsaken_Strike+1","theForsaken:TheForsaken_Strike+1","theForsaken:TheForsaken_Defend+1","theForsaken:TheForsaken_Defend+1","theForsaken:TheForsaken_Defend+1","theForsaken:TheForsaken_Defend+1","theForsaken:Smite","theForsaken:Penitence","theForsaken:Parry","theForsaken:Smite+1","theForsaken:Retribution+1","theForsaken:FuryStrikes+1","Flash of Steel","theForsaken:SiphonStrike","theForsaken:SolarFlare","theForsaken:HealingLight","theForsaken:Preservation","theForsaken:Mantra","theForsaken:BattleHymn+1","theForsaken:Eulogy","theForsaken:Thunderbolt","theForsaken:BottledPlague","theForsaken:Parry+1","theForsaken:Backlash+1","theForsaken:Backlash+1","theForsaken:SpreadingPlague","theForsaken:Backlash+1","theForsaken:HealingLight","theForsaken:Retribution+1","theForsaken:DesperatePlea","theForsaken:ChargeAttack+1"],"relics":["theForsaken:JudgementScales","NeowsBlessing","Golden Idol","infinitespire:Lucky Rock","potionbrewer:BottledElixir","theForsaken:ArmorOfThorns","Red Mask","Torii","Happy Flower","Orrery","Bottled Lightning","Kunai","Cauldron","Busted Crown"],"acts_visited":["Exordium","TheCity","TheBeyond"],"potions_floor_usage":[37,38,38,38,39,39],"damage_taken":[{"damage":0.0,"enemies":"Jaw Worm","floor":1.0,"turns":1.0},{"damage":0.0,"enemies":"Cultist","floor":4.0,"turns":1.0},{"damage":0.0,"enemies":"2 Louse","floor":7.0,"turns":1.0},{"damage":2.0,"enemies":"Gremlin Gang","floor":9.0,"turns":7.0},{"damage":43.0,"enemies":"Gremlin Gang","floor":11.0,"turns":4.0},{"damage":6.0,"enemies":"Gremlin Nob","floor":12.0,"turns":4.0},{"damage":12.0,"enemies":"Blue Slaver","floor":14.0,"turns":3.0},{"damage":13.0,"enemies":"Slime Boss","floor":16.0,"turns":9.0},{"damage":24.0,"enemies":"Shell Parasite","floor":18.0,"turns":4.0},{"damage":0.0,"enemies":"Spheric Guardian","floor":19.0,"turns":4.0},{"damage":0.0,"enemies":"Snecko","floor":21.0,"turns":3.0},{"damage":2.0,"enemies":"Masked Bandits","floor":22.0,"turns":2.0},{"damage":31.0,"enemies":"Snake Plant","floor":24.0,"turns":5.0},{"damage":1.0,"enemies":"Chosen and Byrds","floor":29.0,"turns":4.0},{"damage":71.0,"enemies":"Collector","floor":33.0,"turns":8.0},{"damage":0.0,"enemies":"3 Darklings","floor":35.0,"turns":2.0},{"damage":30,"enemies":"3 Shapes","floor":37,"turns":5},{"damage":47,"enemies":"3 Darklings","floor":38,"turns":5},{"damage":22,"enemies":"Maw","floor":39,"turns":4}],"seed_played":"7021677063411811490","potions_obtained":[{"floor":12.0,"key":"Block Potion"},{"floor":14.0,"key":"EntropicBrew"},{"floor":21.0,"key":"theForsaken:FearPotion"},{"floor":28.0,"key":"infinitespire:BlackPotion"},{"floor":28.0,"key":"Energy Potion"},{"floor":28.0,"key":"SmokeBomb"},{"floor":33.0,"key":"potionbrewer:AcidPotion"},{"floor":37,"key":"Weak Potion"},{"floor":38,"key":"potionbrewer:DiscountPotion"}],"is_trial":false,"path_per_floor":["M","?","?","M","$","R","M","R","MIM","R","M","E","R","M","R","B",null,"M","M","?","M","?","R","M","$","T","?","AVR","M","R","?","R","B",null,"M","?","M","M","M"],"character_chosen":"THE_FORSAKEN","items_purchased":["Flash of Steel","Torii","Happy Flower","Orrery"],"campfire_rested":4,"item_purchase_floors":[5,25,25,25],"current_hp_per_floor":[65,60,60,60,60,60,60,60,58,58,23,23,41,32,50,57,60,49,58,31,34,32,50,24,24,24,24,24,36,54,54,54,6,60,60,60,44,1,0,0],"gold":301,"neow_bonus":"THREE_ENEMY_KILL","is_daily":false,"chose_seed":false,"campfire_upgraded":4,"win_rate":0.0,"timestamp":1613626958,"path_taken":["M","?","?","?","$","R","M","R","MIM","R","M","E","R","M","R","BOSS","M","M","?","?","?","R","M","$","T","?","AVR","M","R","?","R","BOSS","M","?","M","?","M"],"items_purchased_type":["Card","Relic","Relic","Relic"],"build_version":"2020-12-22","purchased_purges":1,"victory":false,"max_hp_per_floor":[65,60,60,60,60,60,60,60,60,60,60,60,60,60,60,60,60,60,60,60,60,60,60,60,60,60,60,60,60,60,60,60,60,60,60,60,60,60,60,60],"card_choices":[{"not_picked":["theForsaken:BottledPlague","theForsaken:Bolster"],"picked":"theForsaken:Parry","floor":1.0},{"not_picked":["theForsaken:HorrifyingStrike","theForsaken:RainingSunlight"],"picked":"theForsaken:FuryStrikes","floor":4.0},{"not_picked":["theForsaken:PanicDive","theForsaken:MagicWeapon"],"picked":"theForsaken:SiphonStrike","floor":7.0},{"not_picked":["theForsaken:Tranquility","theForsaken:HymnOfRest"],"picked":"theForsaken:ChargeAttack","floor":9.0},{"not_picked":["theForsaken:PowerUp","theForsaken:CowardsBrand"],"picked":"theForsaken:SolarFlare","floor":11.0},{"not_picked":["theForsaken:BlindFaith","theForsaken:FountainOfLife"],"picked":"theForsaken:HealingLight","floor":12.0},{"not_picked":["theForsaken:BlessedWeapon","theForsaken:CorruptedWord"],"picked":"theForsaken:Preservation","floor":14.0},{"not_picked":["theForsaken:CorruptDeck","theForsaken:SacredOath"],"picked":"theForsaken:Mantra","floor":16.0},{"not_picked":["theForsaken:Riposte","theForsaken:ShieldBash"],"picked":"theForsaken:BattleHymn+1","floor":18.0},{"not_picked":["theForsaken:CleansingLight+1","theForsaken:NobleSacrifice"],"picked":"theForsaken:Eulogy","floor":19.0},{"not_picked":["theForsaken:Purification","theForsaken:PanicDive"],"picked":"theForsaken:Thunderbolt","floor":21.0},{"not_picked":["theForsaken:SpinAttack","theForsaken:WardingHymn"],"picked":"theForsaken:BottledPlague","floor":22.0},{"not_picked":["theForsaken:CreepingInfection","theForsaken:Tranquility+1"],"picked":"theForsaken:Parry+1","floor":24.0},{"not_picked":["theForsaken:FuryStrikes","theForsaken:SacrificeSoul"],"picked":"theForsaken:Backlash+1","floor":25.0},{"not_picked":["theForsaken:ScorchingSunlight","theForsaken:PreciseStrike+1"],"picked":"theForsaken:Backlash+1","floor":25.0},{"not_picked":["theForsaken:Preservation","theForsaken:RainingSunlight"],"picked":"theForsaken:SpreadingPlague","floor":25.0},{"not_picked":["theForsaken:NobleSacrifice+1","theForsaken:FatRoll"],"picked":"theForsaken:Backlash+1","floor":25.0},{"not_picked":["theForsaken:ChargeAttack+1","theForsaken:LightRoll+1"],"picked":"theForsaken:HealingLight","floor":25.0},{"not_picked":["theForsaken:HorrifyingStrike","theForsaken:Parry"],"picked":"theForsaken:Retribution","floor":29.0},{"not_picked":["theForsaken:Mantra","theForsaken:Purification"],"picked":"theForsaken:DesperatePlea","floor":33.0},{"not_picked":["theForsaken:ScorchingSunlight"],"picked":"SKIP","floor":37},{"not_picked":[],"picked":"theForsaken:ChargeAttack+1","floor":38}],"player_experience":38315,"relics_obtained":[{"floor":9.0,"key":"infinitespire:Lucky Rock"},{"floor":12.0,"key":"potionbrewer:BottledElixir"},{"floor":22.0,"key":"Red Mask"},{"floor":26.0,"key":"Bottled Lightning"}],"event_choices":[{"damage_healed":0.0,"max_hp_gain":0.0,"max_hp_loss":5.0,"gold_gain":0.0,"event_name":"Golden Idol","player_choice":"Lose Max HP","floor":2.0,"gold_loss":0.0,"damage_taken":0.0,"relics_obtained":["Golden Idol"]},{"damage_healed":0.0,"max_hp_gain":0.0,"max_hp_loss":0.0,"gold_gain":0.0,"event_name":"Match and Keep!","player_choice":"2 cards matched","floor":3.0,"gold_loss":0.0,"damage_taken":0.0,"cards_obtained":["theForsaken:Smite","theForsaken:Retribution"]},{"damage_healed":0.0,"max_hp_gain":0.0,"max_hp_loss":0.0,"gold_gain":270.0,"event_name":"Knowing Skull","player_choice":"GOLD GOLD GOLD ","floor":20.0,"potions_obtained":[],"gold_loss":0.0,"damage_taken":27.0,"cards_obtained":[]},{"damage_healed":0.0,"max_hp_gain":0.0,"max_hp_loss":0.0,"gold_gain":0.0,"event_name":"Masked Bandits","player_choice":"Fought Bandits","floor":22.0,"gold_loss":0.0,"damage_taken":0.0},{"damage_healed":0.0,"max_hp_gain":0.0,"max_hp_loss":0.0,"gold_gain":0.0,"event_name":"The Mausoleum","player_choice":"Opened","floor":27.0,"gold_loss":0.0,"damage_taken":0.0,"relics_obtained":["Kunai"],"cards_obtained":["Writhe"]},{"damage_healed":0.0,"max_hp_gain":0.0,"max_hp_loss":0.0,"gold_gain":0.0,"event_name":"Back to Basics","player_choice":"Simplicity","floor":31.0,"gold_loss":0.0,"damage_taken":0.0,"cards_upgraded":["theForsaken:TheForsaken_Strike","theForsaken:TheForsaken_Strike","theForsaken:TheForsaken_Strike","theForsaken:TheForsaken_Strike","theForsaken:TheForsaken_Defend","theForsaken:TheForsaken_Defend","theForsaken:TheForsaken_Defend","theForsaken:TheForsaken_Defend"]},{"cards_removed":["theForsaken:ChargeAttack"],"damage_healed":5.0,"max_hp_gain":0.0,"max_hp_loss":0.0,"gold_gain":0.0,"event_name":"Bonfire Elementals","player_choice":"Offered Common","floor":36.0,"gold_loss":0.0,"damage_taken":0.0},{"cards_removed":["theForsaken:ChargeAttack"],"damage_healed":5.0,"max_hp_gain":0.0,"max_hp_loss":0.0,"gold_gain":0.0,"event_name":"Bonfire Elementals","player_choice":"Offered Special","floor":36.0,"gold_loss":0.0,"damage_taken":0.0}],"is_beta":false,"boss_relics":[{"not_picked":["Ectoplasm","Empty Cage"],"picked":"theForsaken:ArmorOfThorns"},{"not_picked":["Astrolabe","Snecko Eye"],"picked":"Busted Crown"}],"items_purged_floors":[28],"is_endless":false,"potions_floor_spawned":[12,14,16,19,21,29,33,37,38],"killed_by":"Maw","ascension_level":0}}