{"host":"2ty4h143nj8vwezc","time":1613621830,"event":{"mods":["BaseMod","Colored Map","Googly Eyes","Highlight Path","Minty Spire (QoL Compilation)","Quick Restart","StSLib"],"gold_per_floor":[110,122,122,13,13,39,39,53,53,67,94,60,79,79,79,153,153,173,173,190,105,24,59,59,75,75,89,89,118,118,447,447,524,524,540,540,1539,1556,1574,1574,1574,1055,1055,861,871,888,907,17,17,17],"floor_reached":51,"language":"ENG","playtime":2183,"items_purged":["Strike_B","Strike_B","Defend_B","Defend_B"],"score":1239,"play_id":"f9c65ff6-a662-4e65-bccf-0e7b0ca17664","local_time":"20210217231710","is_ascension_mode":true,"campfire_choices":[{"floor":7.0,"key":"DIG"},{"floor":15.0,"key":"REST"},{"floor":24,"key":"REST"},{"floor":28,"key":"REST"},{"floor":30,"key":"REST"},{"floor":32,"key":"REST"},{"data":"Buffer","floor":40,"key":"SMITH"},{"data":"Echo Form","floor":49,"key":"SMITH"}],"circlet_count":0,"master_deck":["AscendersBane","Strike_B","Defend_B","Defend_B","Zap","Dualcast","Storm","Double Energy","Capacitor+1","Hello World","Storm","Leap","Electrodynamics","Static Discharge","Biased Cognition","Static Discharge+1","Turbo","Buffer+1","Reboot","Go for the Eyes","BootSequence","Steam","White Noise","Reinforced Body","BootSequence+1","Consume","Seek","Chill+1","Self Repair","Buffer+1","Doom and Gloom","Storm","Turbo+1","Chill+1","Defragment","Echo Form+1","Fission+1","Apotheosis+1","Finesse+1","Coolheaded+1"],"relics":["Cracked Core","NeowsBlessing","FossilizedHelix","Shovel","Anchor","Letter Opener","Omamori","Black Star","Dream Catcher","Blood Vial","Lantern","Ice Cream","White Beast Statue","Darkstone Periapt","Old Coin","MealTicket","Nuclear Battery","DataDisk","DollysMirror","Toxic Egg 2","Orichalcum"],"acts_visited":["Exordium","TheCity","TheBeyond"],"potions_floor_usage":[23,23,33,50],"damage_taken":[{"damage":0.0,"enemies":"Small Slimes","floor":1.0,"turns":1.0},{"damage":0.0,"enemies":"2 Louse","floor":2.0,"turns":1.0},{"damage":0.0,"enemies":"Gremlin Nob","floor":6.0,"turns":1.0},{"damage":0.0,"enemies":"Cultist","floor":8.0,"turns":3.0},{"damage":4.0,"enemies":"2 Fungi Beasts","floor":10.0,"turns":3.0},{"damage":44.0,"enemies":"3 Sentries","floor":11.0,"turns":6.0},{"damage":0.0,"enemies":"Exordium Wildlife","floor":13.0,"turns":2.0},{"damage":21.0,"enemies":"Hexaghost","floor":16.0,"turns":7.0},{"damage":7.0,"enemies":"Shell Parasite","floor":18.0,"turns":6.0},{"damage":10.0,"enemies":"Spheric Guardian","floor":20.0,"turns":4.0},{"damage":43,"enemies":"Slavers","floor":23,"turns":4},{"damage":9,"enemies":"Cultist and Chosen","floor":25,"turns":6},{"damage":2,"enemies":"Snake Plant","floor":27,"turns":4},{"damage":39,"enemies":"Gremlin Leader","floor":29,"turns":6},{"damage":4,"enemies":"Book of Stabbing","floor":31,"turns":5},{"damage":21,"enemies":"Collector","floor":33,"turns":7},{"damage":9,"enemies":"3 Shapes","floor":35,"turns":6},{"damage":0,"enemies":"Orb Walker","floor":38,"turns":3},{"damage":0,"enemies":"Sphere and 2 Shapes","floor":39,"turns":4},{"damage":0,"enemies":"Maw","floor":45,"turns":6},{"damage":9,"enemies":"3 Darklings","floor":46,"turns":3},{"damage":11,"enemies":"Sphere and 2 Shapes","floor":47,"turns":4},{"damage":26,"enemies":"Donu and Deca","floor":50,"turns":5}],"seed_played":"3236792818997286125","potions_obtained":[{"floor":2.0,"key":"Dexterity Potion"},{"floor":10.0,"key":"Explosive Potion"},{"floor":13.0,"key":"PowerPotion"},{"floor":16.0,"key":"Strength Potion"},{"floor":20.0,"key":"SteroidPotion"},{"floor":23,"key":"Ancient Potion"},{"floor":29,"key":"Fire Potion"},{"floor":31,"key":"FairyPotion"},{"floor":33,"key":"Fire Potion"},{"floor":46,"key":"PotionOfCapacity"},{"floor":47,"key":"PowerPotion"}],"is_trial":false,"path_per_floor":["M","M","?","$","?","E","R","M","T","M","E","$","M","?","R","B",null,"M","?","M","?","$","E","R","M","T","M","R","E","R","E","R","B",null,"M","?","?","M","M","R","?","$","T","$","M","M","M","$","R","B",null],"character_chosen":"DEFECT","items_purchased":["Capacitor","Static Discharge","Buffer","Self Repair","DataDisk","DollysMirror","Doom and Gloom","Storm","Echo Form","Fission+1","Apotheosis+1","Finesse+1","Coolheaded+1","Orichalcum"],"campfire_rested":5,"item_purchase_floors":[4,12,22,42,42,42,42,44,48,48,48,48,48,48],"current_hp_per_floor":[68,68,61,61,61,61,61,61,61,57,13,13,13,18,42,21,65,58,58,48,48,48,5,29,22,22,22,46,9,33,31,55,36,69,62,62,62,64,66,66,66,80,80,80,80,71,69,80,80,61],"gold":17,"neow_bonus":"THREE_ENEMY_KILL","is_daily":false,"chose_seed":false,"campfire_upgraded":2,"win_rate":0.0,"timestamp":1613621830,"path_taken":["M","M","?","$","?","E","R","M","T","M","E","$","M","?","R","BOSS","M","?","?","?","?","E","R","M","T","?","R","E","R","E","R","BOSS","M","?","?","M","M","R","?","?","T","$","M","M","?","$","R","BOSS"],"items_purchased_type":["Card","Card","Card","Card","Relic","Relic","Card","Card","Card","Card","Card","Card","Card","Relic"],"build_version":"2020-12-22","purchased_purges":4,"victory":true,"max_hp_per_floor":[75,75,75,75,75,75,75,75,75,75,75,75,75,80,80,80,80,80,80,80,80,80,80,80,80,80,80,80,80,80,80,80,80,80,80,80,80,80,80,80,80,80,80,80,80,80,80,80,80,80],"card_choices":[{"not_picked":["Hologram","Turbo"],"picked":"Storm","floor":1.0},{"not_picked":["Steam Power","Streamline"],"picked":"Double Energy","floor":2.0},{"not_picked":["Steam Power","Ball Lightning"],"picked":"Hello World","floor":6.0},{"not_picked":["Scrape","Hologram"],"picked":"Storm","floor":8.0},{"not_picked":["Turbo","Barrage"],"picked":"Leap","floor":10.0},{"not_picked":["Coolheaded","Compile Driver"],"picked":"Electrodynamics","floor":11.0},{"not_picked":["Barrage","Sweeping Beam","Stack"],"picked":"SKIP","floor":13.0},{"not_picked":["All For One","Electrodynamics"],"picked":"Biased Cognition","floor":16.0},{"not_picked":["Beam Cell","Streamline+1"],"picked":"Static Discharge+1","floor":18.0},{"not_picked":["Sweeping Beam","Gash"],"picked":"Turbo","floor":20.0},{"not_picked":["Blizzard","Gash"],"picked":"Reboot","floor":23},{"not_picked":["Gash","Chaos"],"picked":"Go for the Eyes","floor":24},{"not_picked":["Ball Lightning","Gash","Hello World"],"picked":"SKIP","floor":25},{"not_picked":["Reprogram","Blizzard"],"picked":"BootSequence","floor":27},{"not_picked":["Fusion","Hello World"],"picked":"Steam","floor":28},{"not_picked":["Conserve Battery","Redo+1"],"picked":"White Noise","floor":29},{"not_picked":["Leap+1","Steam"],"picked":"Reinforced Body","floor":30},{"not_picked":["Streamline+1","Sunder"],"picked":"BootSequence+1","floor":31},{"not_picked":["Sweeping Beam","Gash"],"picked":"Consume","floor":32},{"not_picked":["All For One","Fission"],"picked":"Seek","floor":33},{"not_picked":["Steam","Gash","Barrage"],"picked":"SKIP","floor":35},{"not_picked":["Steam","Gash","Barrage"],"picked":"SKIP","floor":35},{"not_picked":["Gash","Go for the Eyes","Turbo"],"picked":"SKIP","floor":38},{"not_picked":["Cold Snap+1","FTL+1"],"picked":"Chill+1","floor":39},{"not_picked":["Reprogram+1","Steam+1"],"picked":"Turbo+1","floor":45},{"not_picked":["Reprogram+1","Hologram+1"],"picked":"Chill+1","floor":46},{"not_picked":["Go for the Eyes+1","Consume+1"],"picked":"Defragment","floor":47}],"player_experience":441193,"relics_obtained":[{"floor":6.0,"key":"Shovel"},{"floor":7.0,"key":"Anchor"},{"floor":9.0,"key":"Letter Opener"},{"floor":11.0,"key":"Omamori"},{"floor":23,"key":"Blood Vial"},{"floor":23,"key":"Lantern"},{"floor":26,"key":"Ice Cream"},{"floor":29,"key":"White Beast Statue"},{"floor":29,"key":"Darkstone Periapt"},{"floor":31,"key":"Old Coin"},{"floor":31,"key":"MealTicket"},{"floor":43,"key":"Toxic Egg 2"}],"event_choices":[{"damage_healed":0.0,"max_hp_gain":0.0,"max_hp_loss":0.0,"gold_gain":0.0,"event_name":"Scrap Ooze","player_choice":"Success","floor":3.0,"gold_loss":0.0,"damage_taken":7.0,"relics_obtained":["FossilizedHelix"]},{"damage_healed":0.0,"max_hp_gain":0.0,"max_hp_loss":0.0,"gold_gain":0.0,"event_name":"Living Wall","player_choice":"Grow","floor":5.0,"gold_loss":0.0,"damage_taken":0.0,"cards_upgraded":["Capacitor"]},{"damage_healed":0.0,"max_hp_gain":5.0,"max_hp_loss":0.0,"gold_gain":0.0,"event_name":"Big Fish","player_choice":"Donut","floor":14.0,"gold_loss":0.0,"damage_taken":0.0},{"damage_healed":0.0,"max_hp_gain":0.0,"max_hp_loss":0.0,"gold_gain":0.0,"event_name":"Match and Keep!","player_choice":"0 cards matched","floor":19.0,"gold_loss":0.0,"damage_taken":0.0,"cards_obtained":[]},{"damage_healed":0.0,"max_hp_gain":0.0,"max_hp_loss":0.0,"gold_gain":0.0,"event_name":"Addict","player_choice":"Obtained Relic","floor":21.0,"gold_loss":85.0,"damage_taken":0.0,"relics_obtained":["Dream Catcher"]},{"cards_removed":["Strike_B"],"damage_healed":0,"gold_gain":0,"player_choice":"Removed Attack","damage_taken":0,"max_hp_gain":0,"max_hp_loss":0,"event_name":"Falling","floor":36,"gold_loss":0},{"damage_healed":0,"gold_gain":999,"player_choice":"Gold","damage_taken":0,"max_hp_gain":0,"max_hp_loss":0,"event_name":"MindBloom","floor":37,"gold_loss":0,"cards_obtained":["Normality","Normality"]},{"damage_healed":0,"gold_gain":0,"player_choice":"Ignored","damage_taken":0,"max_hp_gain":0,"max_hp_loss":0,"event_name":"Tomb of Lord Red Mask","floor":41,"gold_loss":0}],"is_beta":false,"boss_relics":[{"not_picked":["Philosopher\u0027s Stone","SlaversCollar"],"picked":"Black Star"},{"not_picked":["Runic Pyramid","Pandora\u0027s Box"],"picked":"Nuclear Battery"}],"items_purged_floors":[4,42,44,48],"is_endless":false,"potions_floor_spawned":[2,10,13,16,20,23,29,31,33,35,38,39,45,46,47],"ascension_level":13}}