{"host":"bbld1ic1uj90ldt9","time":1613678536,"event":{"mods":["2.2 Compatiblity","AchievementEnabler","Act Like it!","BaseMod","Better Third Choice","Conspire","Downfall","Emptier Cage","Gensokyo","Hallownest","Hermit","Highlight Path","Hubris","Marisa????????","Minty Spire (QoL Compilation)","Random Character Button","Replay The Spire","StSLib","The Animator","The Bug Knight","The Cursed","The Disciple","The Hierophant","The Jungle","The Runesmith","The Servant 0.9.4"],"gold_per_floor":[114,133,147,157,4,33,43,43,43,43,53,82,82,14,14,112,112,124,124,139,64,75,110,125,137,192,192,192,227,243,243,243],"floor_reached":31,"language":"FRA","playtime":3362,"items_purged":["Defend_S"],"score":519,"play_id":"8177e191-b978-4984-804a-3dbcea73e441","local_time":"20210218210216","is_ascension_mode":true,"campfire_choices":[{"floor":13.0,"key":"REST"},{"floor":15,"key":"REST"}],"circlet_count":0,"master_deck":["Strike_S","Strike_S","Strike_S","Strike_S","Defend_S","Defend_S","Defend_S","KidneyShot","Exchange","Spin","Alleviate","DoubleEdge","GearUp","Rewind","BestPractice","Hightail","BestPractice","MoonPhase+1","Duplication","ShatteredReality","Deadline+1","Moondial","Moondial","DancingSilver","SilverMatrix","SurpressingFire+1","Foresight+1"],"relics":["hubris:VirtuousBlindfold","Toolbox","OldScarf","hubris:ToyBattleship","Letter Opener","ReplayTheSpireMod:DimensionalGlitch","Pen Nib","ReplayTheSpireMod:TigerMarble","Bird Faced Urn"],"acts_visited":["Gensokyo:Gensokyo","theJungle:Jungle"],"potions_floor_usage":[16,18,18,18,18,18,18,20,22,22,23,25,31],"damage_taken":[{"damage":9.0,"enemies":"Gensokyo:3_Fairies","floor":1.0,"turns":6.0},{"damage":7.0,"enemies":"Gensokyo:2_Kodama","floor":2.0,"turns":5.0},{"damage":0.0,"enemies":"Gensokyo:Python","floor":3.0,"turns":4.0},{"damage":8.0,"enemies":"Gensokyo:5_Fairies","floor":4.0,"turns":5.0},{"damage":0.0,"enemies":"Gensokyo:Mamizou","floor":6.0,"turns":10.0},{"damage":2.0,"enemies":"Gensokyo:Kitsune","floor":7.0,"turns":3.0},{"damage":0.0,"enemies":"Gensokyo:Python_and_Kodama","floor":11.0,"turns":4.0},{"damage":0.0,"enemies":"Gensokyo:Cirno","floor":12.0,"turns":7.0},{"damage":22,"enemies":"Gensokyo:Kokoro","floor":16,"turns":13},{"damage":17,"enemies":"theJungle:Flameango_and_Byrd","floor":18,"turns":7},{"damage":0,"enemies":"theJungle:GiantWrat","floor":20,"turns":7},{"damage":24,"enemies":"theJungle:SlimyTreeVines","floor":22,"turns":8},{"damage":7,"enemies":"theJungle:2_Phrogs","floor":23,"turns":7},{"damage":13,"enemies":"theJungle:JungleHuntersEncounter","floor":24,"turns":5},{"damage":0,"enemies":"Snake Plant","floor":25,"turns":5},{"damage":0,"enemies":"theJungle:MamaSnecko","floor":29,"turns":5},{"damage":2,"enemies":"theJungle:Lyon","floor":30,"turns":3},{"damage":8,"enemies":"theJungle:JungleHuntersEncounter","floor":31,"turns":2}],"seed_played":"-8251674009396964573","potions_obtained":[{"floor":4.0,"key":"PowerPotion"},{"floor":6.0,"key":"ColorlessPotion"},{"floor":11.0,"key":"ColorlessPotion"},{"floor":16,"key":"GamblersBrew"},{"floor":20,"key":"Strength Potion"},{"floor":24,"key":"Strength Potion"},{"floor":29,"key":"Elixir"}],"is_trial":false,"path_per_floor":["M","M","M","M","COS","E","M","?","T","$","M","?","R","$","R","B",null,"M","?","M","$","M","E","M","M","T","PTL","PTL","E","M","M"],"character_chosen":"THE_SERVANT","items_purchased":["MoonPhase"],"campfire_rested":2,"item_purchase_floors":[14],"current_hp_per_floor":[50,43,43,35,35,35,33,33,33,33,33,33,52,52,65,43,60,43,43,43,43,23,16,3,3,3,3,3,3,3,0,0],"gold":243,"neow_bonus":"BOSS_RELIC","is_daily":false,"chose_seed":false,"campfire_upgraded":0,"win_rate":0.0,"timestamp":1613678536,"path_taken":["M","M","M","M","COS","E","M","?","T","$","?","?","R","?","R","BOSS","M","?","M","$","M","E","?","M","T","PTL","PTL","E","M","M"],"items_purchased_type":["Card"],"build_version":"2020-12-22","purchased_purges":1,"victory":false,"max_hp_per_floor":[65,65,65,65,65,65,65,65,65,65,65,65,65,65,65,65,65,65,65,65,65,65,65,65,65,65,65,65,65,65,65,65],"card_choices":[{"not_picked":["Defy","DancingSilver"],"picked":"Spin","floor":1.0},{"not_picked":["Revamp","FastForward"],"picked":"Alleviate","floor":2.0},{"not_picked":["Replace","FastForward"],"picked":"DoubleEdge","floor":3.0},{"not_picked":["Revamp","Starlight"],"picked":"GearUp","floor":4.0},{"not_picked":["Unruled","DoubleEdge"],"picked":"Rewind","floor":6.0},{"not_picked":["DoubleEdge","Alleviate"],"picked":"BestPractice","floor":7.0},{"not_picked":["Contraction","Advance"],"picked":"Hightail","floor":11.0},{"not_picked":["Initiator","GearUp"],"picked":"BestPractice","floor":12.0},{"not_picked":["ForgedInTime","Initiator"],"picked":"Duplication","floor":16},{"not_picked":["DualDimension+1","TimeWarp"],"picked":"ShatteredReality","floor":18},{"not_picked":["Rewind+1","Unruled"],"picked":"Deadline+1","floor":20},{"not_picked":["Rewind","Ricochet+1"],"picked":"Moondial","floor":22},{"not_picked":["Sabotage","Replace"],"picked":"Moondial","floor":23},{"not_picked":["SurpressingFire+1","Reset"],"picked":"DancingSilver","floor":24},{"not_picked":["Defy","Rewind"],"picked":"SilverMatrix","floor":25},{"not_picked":["TimeWarp+1","Starlight"],"picked":"SurpressingFire+1","floor":29},{"not_picked":["Ricochet+1","Unruled+1"],"picked":"Foresight+1","floor":30}],"player_experience":2316623,"relics_obtained":[{"floor":6.0,"key":"OldScarf"},{"floor":9.0,"key":"hubris:ToyBattleship"},{"floor":12.0,"key":"Letter Opener"},{"floor":23,"key":"Pen Nib"},{"floor":26,"key":"ReplayTheSpireMod:TigerMarble"},{"floor":29,"key":"Bird Faced Urn"}],"event_choices":[{"damage_healed":0.0,"max_hp_gain":0.0,"max_hp_loss":0.0,"gold_gain":0.0,"event_name":"conspire:Investor","player_choice":"Leave","floor":8.0,"gold_loss":0.0,"damage_taken":0.0},{"damage_healed":0,"gold_gain":0,"player_choice":"Upgraded","damage_taken":0,"max_hp_gain":0,"max_hp_loss":0,"event_name":"Upgrade Shrine","floor":19,"gold_loss":0,"cards_upgraded":["MoonPhase"]}],"is_beta":false,"boss_relics":[{"not_picked":["hubris:Backtick","Ectoplasm"],"picked":"ReplayTheSpireMod:DimensionalGlitch"}],"items_purged_floors":[21],"is_endless":false,"potions_floor_spawned":[4,6,11,16,18,20,24,29],"killed_by":"theJungle:JungleHuntersEncounter","ascension_level":9}}