{"host":"wbn3xdfsa5pc2kse","time":1613661342,"event":{"mods":["AchievementEnabler","BaseMod","Bestiary","Colored Map","Colored Powertips","Curses Come First","Highlight Path","Minty Spire (QoL Compilation)","Permanent Neow","Rare Cards Sparkle","Relic Stats","StSLib"],"gold_per_floor":[111,130,130,149,49,49,84,84,139,157,183,201,201,221,221,294,294,312,323,323,4,16,44,54,79,79,111,122,122,153,153,153,232,232,243,255,255,272,282,316,335,347,347,372,407,427,27,37,37,37],"floor_reached":51,"language":"ZHT","playtime":2575,"items_purged":["Strike_R","Strike_R","Normality"],"score":1655,"play_id":"34028f98-a78c-4ff0-8324-6520713b9a2d","local_time":"20210218231542","is_ascension_mode":true,"campfire_choices":[{"data":"Spot Weakness","floor":6.0,"key":"SMITH"},{"data":"Sword Boomerang","floor":8.0,"key":"SMITH"},{"data":"Evolve","floor":15.0,"key":"SMITH"},{"data":"Corruption","floor":29.0,"key":"SMITH"},{"floor":32.0,"key":"REST"},{"data":"Apotheosis","floor":49,"key":"SMITH"}],"circlet_count":0,"master_deck":["AscendersBane","Strike_R","Strike_R","Defend_R","Defend_R","Defend_R","Defend_R","Bash+1","Anger","Spot Weakness+1","Heavy Blade+1","Sword Boomerang+1","Pommel Strike","True Grit","Evolve+1","Power Through","Flame Barrier","Corruption+1","Shrug It Off","Intimidate","Flex+1","Inflame","Clumsy","Second Wind+1","Seeing Red","True Grit+1","Demon Form+1","Disarm+1","Panache+1","Apotheosis+1","Heavy Blade+1","Rupture+1","Warcry","Body Slam+1","True Grit+1","Fire Breathing+1"],"relics":["Burning Blood","Potion Belt","Blood Vial","Nunchaku","Cursed Key","Dead Branch","Thread and Needle","Darkstone Periapt","Pocketwatch","Frozen Egg 2","Nilry\u0027s Codex","SacredBark","Regal Pillow","Blue Candle","Du-Vu Doll","Anchor","Lee\u0027s Waffle"],"acts_visited":["Exordium","TheCity","TheBeyond"],"potions_floor_usage":[40,40,41,50,50,50],"damage_taken":[{"damage":6.0,"enemies":"Jaw Worm","floor":1.0,"turns":6.0},{"damage":6.0,"enemies":"Cultist","floor":2.0,"turns":3.0},{"damage":7.0,"enemies":"Small Slimes","floor":4.0,"turns":4.0},{"damage":25.0,"enemies":"Lagavulin","floor":7.0,"turns":6.0},{"damage":12.0,"enemies":"3 Louse","floor":10.0,"turns":4.0},{"damage":16.0,"enemies":"Gremlin Nob","floor":11.0,"turns":3.0},{"damage":7.0,"enemies":"2 Fungi Beasts","floor":12.0,"turns":3.0},{"damage":6.0,"enemies":"Looter","floor":14.0,"turns":2.0},{"damage":33.0,"enemies":"Slime Boss","floor":16.0,"turns":7.0},{"damage":6.0,"enemies":"Spheric Guardian","floor":18.0,"turns":4.0},{"damage":0.0,"enemies":"Chosen","floor":19.0,"turns":5.0},{"damage":28.0,"enemies":"Centurion and Healer","floor":22.0,"turns":8.0},{"damage":20.0,"enemies":"Book of Stabbing","floor":23.0,"turns":4.0},{"damage":0.0,"enemies":"Snake Plant","floor":24.0,"turns":4.0},{"damage":26.0,"enemies":"Gremlin Leader","floor":25.0,"turns":5.0},{"damage":13.0,"enemies":"Book of Stabbing","floor":27.0,"turns":3.0},{"damage":0.0,"enemies":"3 Cultists","floor":28.0,"turns":4.0},{"damage":11.0,"enemies":"Slavers","floor":30.0,"turns":5.0},{"damage":6.0,"enemies":"Champ","floor":33.0,"turns":7.0},{"damage":8.0,"enemies":"Orb Walker","floor":35.0,"turns":3.0},{"damage":14.0,"enemies":"3 Darklings","floor":36.0,"turns":6.0},{"damage":19.0,"enemies":"Maw","floor":38.0,"turns":7.0},{"damage":1.0,"enemies":"Jaw Worm Horde","floor":39.0,"turns":7.0},{"damage":11,"enemies":"Nemesis","floor":40,"turns":3},{"damage":0,"enemies":"Transient","floor":41,"turns":5},{"damage":0,"enemies":"3 Darklings","floor":42,"turns":3},{"damage":0,"enemies":"Mind Bloom Boss Battle","floor":44,"turns":2},{"damage":8,"enemies":"Giant Head","floor":45,"turns":6},{"damage":59,"enemies":"Jaw Worm Horde","floor":46,"turns":5},{"damage":19,"enemies":"4 Shapes","floor":48,"turns":4},{"damage":27,"enemies":"Time Eater","floor":50,"turns":6}],"seed_played":"-2570643713249409245","potions_obtained":[{"floor":2.0,"key":"Block Potion"},{"floor":4.0,"key":"AttackPotion"},{"floor":10.0,"key":"SkillPotion"},{"floor":16.0,"key":"Fruit Juice"},{"floor":23.0,"key":"Strength Potion"},{"floor":24.0,"key":"ColorlessPotion"},{"floor":25.0,"key":"FearPotion"},{"floor":27.0,"key":"LiquidMemories"},{"floor":28.0,"key":"Dexterity Potion"},{"floor":33.0,"key":"Weak Potion"},{"floor":35.0,"key":"SteroidPotion"},{"floor":36.0,"key":"GamblersBrew"},{"floor":38.0,"key":"EssenceOfSteel"},{"floor":41,"key":"EssenceOfSteel"},{"floor":42,"key":"AttackPotion"}],"is_trial":false,"path_per_floor":["M","M","?","M","$","R","E","R","T","M","E","M","?","M","R","B",null,"M","M","?","$","M","E","M","E","T","E","M","R","E","?","R","B",null,"M","M","?","M","M","E","M","M","T","?","E","M","$","M","R","B",null],"character_chosen":"IRONCLAD","items_purchased":["Pommel Strike","CultistPotion","Energy Potion","BlessingOfTheForge","Lee\u0027s Waffle","PowerPotion","BloodPotion"],"campfire_rested":1,"item_purchase_floors":[5,21,21,21,47,47,47],"current_hp_per_floor":[68,68,68,67,67,67,48,48,48,44,36,37,37,39,39,19,65,67,75,75,75,55,43,51,33,33,28,36,36,33,12,36,38,70,70,64,59,48,55,52,60,68,74,82,82,31,93,80,80,61],"gold":37,"neow_bonus":"UPGRADE_CARD","is_daily":false,"chose_seed":false,"campfire_upgraded":5,"win_rate":0.0,"timestamp":1613661342,"path_taken":["M","M","?","M","$","R","E","R","T","?","E","M","?","M","R","BOSS","M","M","?","$","M","E","M","E","T","E","M","R","E","?","R","BOSS","M","M","?","M","M","E","M","M","T","?","E","M","$","M","R","BOSS"],"items_purchased_type":["Card","Potion","Potion","Potion","Relic","Potion","Potion"],"build_version":"2020-12-22","purchased_purges":3,"victory":true,"max_hp_per_floor":[75,75,75,75,75,75,75,75,75,75,75,75,75,75,75,80,80,80,80,80,80,80,80,80,80,80,80,80,80,80,80,80,80,80,80,80,80,80,80,80,80,80,86,86,86,86,93,93,93,93],"relic_stats":{"Blood Vial":52,"Darkstone Periapt":6,"Nunchaku":[20],"Regal Pillow":0,"Lee\u0027s Waffle":62,"counters":[31,144],"Dead Branch":[313],"Blue Candle":[0],"Cursed Key":2,"obtain_stats":[{"Potion Belt":7,"Darkstone Periapt":26,"Regal Pillow":40,"Lee\u0027s Waffle":47,"Nilry\u0027s Codex":31,"Dead Branch":23,"SacredBark":34,"Blue Candle":43,"Thread and Needle":25,"Frozen Egg 2":30,"Cursed Key":17,"Burning Blood":0,"Blood Vial":9,"Du-Vu Doll":44,"Nunchaku":11,"Anchor":45,"Pocketwatch":27},{"Potion Belt":4,"Darkstone Periapt":15,"Regal Pillow":24,"Lee\u0027s Waffle":29,"Nilry\u0027s Codex":18,"Dead Branch":13,"SacredBark":19,"Blue Candle":26,"Thread and Needle":15,"Frozen Egg 2":18,"Cursed Key":9,"Burning Blood":0,"Blood Vial":4,"Du-Vu Doll":27,"Nunchaku":6,"Anchor":28,"Pocketwatch":16},{"Potion Belt":19,"Darkstone Periapt":68,"Regal Pillow":113,"Lee\u0027s Waffle":134,"Nilry\u0027s Codex":80,"Dead Branch":59,"SacredBark":87,"Blue Candle":121,"Thread and Needle":68,"Frozen Egg 2":80,"Cursed Key":38,"Burning Blood":0,"Blood Vial":19,"Du-Vu Doll":123,"Nunchaku":26,"Anchor":129,"Pocketwatch":71}],"Burning Blood":186,"Pocketwatch":[33]},"card_choices":[{"not_picked":["Entrench","Body Slam"],"picked":"Anger","floor":1.0},{"not_picked":["Headbutt","Reckless Charge"],"picked":"Spot Weakness","floor":2.0},{"not_picked":["Clothesline","Twin Strike"],"picked":"Sword Boomerang","floor":4.0},{"not_picked":["Pommel Strike","Spot Weakness","Bloodletting"],"picked":"SKIP","floor":7.0},{"not_picked":["Whirlwind","Sever Soul"],"picked":"True Grit","floor":10.0},{"not_picked":["Shockwave","Feed"],"picked":"Evolve","floor":11.0},{"not_picked":["Rage","Wild Strike"],"picked":"Power Through","floor":12.0},{"not_picked":["Burning Pact","Clash"],"picked":"Flame Barrier","floor":14.0},{"not_picked":["Barricade","Exhume"],"picked":"Corruption","floor":16.0},{"not_picked":["Iron Wave","Headbutt"],"picked":"Shrug It Off","floor":18.0},{"not_picked":["Perfected Strike","Pummel"],"picked":"Intimidate","floor":19.0},{"not_picked":["Battle Trance","Ghostly Armor"],"picked":"Flex+1","floor":22.0},{"not_picked":["Reckless Charge","Fire Breathing"],"picked":"Inflame","floor":23.0},{"not_picked":["Armaments","Searing Blow","Thunderclap"],"picked":"SKIP","floor":24.0},{"not_picked":["Perfected Strike","Heavy Blade","Flex"],"picked":"SKIP","floor":25.0},{"not_picked":["Perfected Strike","Clothesline"],"picked":"Second Wind+1","floor":27.0},{"not_picked":["Sword Boomerang","Armaments"],"picked":"Seeing Red","floor":28.0},{"not_picked":["Feed","Twin Strike"],"picked":"True Grit+1","floor":30.0},{"not_picked":["Fiend Fire","Bludgeon"],"picked":"Demon Form+1","floor":33.0},{"not_picked":["Heavy Blade+1","Flex","Bloodletting"],"picked":"SKIP","floor":35.0},{"not_picked":["Havoc","Clash"],"picked":"Disarm+1","floor":36.0},{"not_picked":["HandOfGreed","Discovery"],"picked":"Panache+1","floor":37.0},{"not_picked":["Violence","Metamorphosis"],"picked":"Apotheosis","floor":37.0},{"not_picked":["Flex","Armaments"],"picked":"Heavy Blade+1","floor":38.0},{"not_picked":["Havoc+1","Carnage"],"picked":"Rupture+1","floor":39.0},{"not_picked":["Heavy Blade","Anger"],"picked":"Warcry","floor":40},{"not_picked":["Rage","Perfected Strike+1","Shrug It Off"],"picked":"SKIP","floor":41},{"not_picked":["Armaments","Sever Soul"],"picked":"Body Slam+1","floor":42},{"not_picked":["Spot Weakness","Pommel Strike"],"picked":"True Grit+1","floor":44},{"not_picked":["Spot Weakness+1","Sever Soul+1"],"picked":"Fire Breathing+1","floor":45},{"not_picked":["Wild Strike","Bludgeon","Armaments+1"],"picked":"SKIP","floor":46},{"not_picked":["Blood for Blood","Flex","Entrench"],"picked":"SKIP","floor":48}],"player_experience":826361,"relics_obtained":[{"floor":7.0,"key":"Potion Belt"},{"floor":9.0,"key":"Blood Vial"},{"floor":11.0,"key":"Nunchaku"},{"floor":23.0,"key":"Dead Branch"},{"floor":25.0,"key":"Thread and Needle"},{"floor":26.0,"key":"Darkstone Periapt"},{"floor":27.0,"key":"Pocketwatch"},{"floor":30.0,"key":"Frozen Egg 2"},{"floor":31.0,"key":"Nilry\u0027s Codex"},{"floor":40,"key":"Regal Pillow"},{"floor":43,"key":"Blue Candle"},{"floor":44,"key":"Du-Vu Doll"},{"floor":45,"key":"Anchor"}],"event_choices":[{"damage_healed":0.0,"max_hp_gain":0.0,"max_hp_loss":0.0,"gold_gain":0.0,"cards_transformed":["Strike_R"],"event_name":"Transmorgrifier","player_choice":"Transformed","floor":3.0,"gold_loss":0.0,"damage_taken":0.0,"cards_obtained":["Heavy Blade"]},{"damage_healed":0.0,"max_hp_gain":0.0,"max_hp_loss":0.0,"gold_gain":0.0,"event_name":"Upgrade Shrine","player_choice":"Upgraded","floor":13.0,"gold_loss":0.0,"damage_taken":0.0,"cards_upgraded":["Heavy Blade"]},{"damage_healed":0.0,"max_hp_gain":0.0,"max_hp_loss":0.0,"gold_gain":0.0,"event_name":"Cursed Tome","player_choice":"Obtained Book","floor":31.0,"gold_loss":0.0,"damage_taken":21.0},{"damage_healed":0.0,"max_hp_gain":0.0,"max_hp_loss":0.0,"gold_gain":0.0,"event_name":"SensoryStone","player_choice":"Memory 2","floor":37.0,"gold_loss":0.0,"damage_taken":5.0},{"damage_healed":0,"gold_gain":0,"player_choice":"Fight","damage_taken":0,"max_hp_gain":0,"max_hp_loss":0,"event_name":"MindBloom","floor":44,"gold_loss":0}],"is_beta":false,"boss_relics":[{"not_picked":["Fusion Hammer","Runic Pyramid"],"picked":"Cursed Key"},{"not_picked":["Velvet Choker","SlaversCollar"],"picked":"SacredBark"}],"items_purged_floors":[5,21,47],"is_endless":false,"potions_floor_spawned":[2,4,10,16,23,24,25,27,28,33,35,36,38,41,42],"ascension_level":16}}