{"host":"2fgwwnzqc97k7iys","time":1613614322,"event":{"mods":["BaseMod","Colored Map","Minty Spire (QoL Compilation)","Quick Restart","Relic Stats"],"gold_per_floor":[113,125,143,80,100,100,134,147,170,188,208,208,222,247,247,352,352,362,362,375,385,232,232,261,261,312,342,354,399,431,475,487,595,607,634,242,242,242,254,289,289,320,320,351,6,40,54,70,70,70],"floor_reached":51,"language":"ENG","playtime":11994,"items_purged":["Strike_B+1","Strike_B+1","Doubt"],"score":1406,"play_id":"cedb65b9-e857-4b61-978b-e9b2b2e726a2","local_time":"20210217201202","is_ascension_mode":true,"campfire_choices":[{"data":"Chill","floor":6,"key":"SMITH"},{"data":"Genetic Algorithm","floor":12,"key":"SMITH"},{"data":"Defragment","floor":15,"key":"SMITH"},{"data":"Capacitor","floor":23,"key":"SMITH"},{"data":"Biased Cognition","floor":25,"key":"SMITH"},{"data":"Storm","floor":28,"key":"SMITH"},{"data":"Thunder Strike","floor":32,"key":"SMITH"},{"data":"Seek","floor":41,"key":"SMITH"},{"data":"Storm","floor":49,"key":"SMITH"}],"circlet_count":0,"master_deck":["AscendersBane","Strike_B+1","Defend_B+1","Defend_B+1","Defend_B+1","Defend_B+1","Zap","Dualcast","Ball Lightning","Chill+1","Sweeping Beam","Melter","Thunder Strike+1","Conserve Battery","Genetic Algorithm+1","Stack","Defragment+1","Electrodynamics","Coolheaded+1","Biased Cognition+1","Capacitor+1","Storm+1","White Noise+1","Turbo+1","Seek+1","Compile Driver+1","Hologram+1","Storm+1","Coolheaded"],"relics":["Cracked Core","Centennial Puzzle","Bag of Preparation","Blood Vial","Happy Flower","Toy Ornithopter","Coffee Dripper","Vajra","Anchor","MawBank","Torii","Red Mask","Cursed Key","Runic Capacitor","PreservedInsect","Letter Opener","Incense Burner","Gremlin Horn","OrangePellets","Omamori"],"acts_visited":["Exordium","TheCity","TheBeyond"],"potions_floor_usage":[13,14,16,27],"damage_taken":[{"damage":2.0,"enemies":"2 Louse","floor":1.0,"turns":3.0},{"damage":0,"enemies":"Cultist","floor":2,"turns":2},{"damage":2,"enemies":"Jaw Worm","floor":3,"turns":3},{"damage":0,"enemies":"Large Slime","floor":5,"turns":4},{"damage":10,"enemies":"Lagavulin","floor":7,"turns":7},{"damage":1,"enemies":"3 Louse","floor":8,"turns":3},{"damage":9,"enemies":"Exordium Wildlife","floor":10,"turns":3},{"damage":4,"enemies":"Blue Slaver","floor":11,"turns":3},{"damage":7,"enemies":"Red Slaver","floor":13,"turns":3},{"damage":6,"enemies":"Gremlin Nob","floor":14,"turns":3},{"damage":38,"enemies":"Slime Boss","floor":16,"turns":9},{"damage":0,"enemies":"3 Byrds","floor":18,"turns":3},{"damage":0,"enemies":"Spheric Guardian","floor":20,"turns":1},{"damage":0,"enemies":"3 Cultists","floor":21,"turns":5},{"damage":0,"enemies":"Gremlin Leader","floor":24,"turns":6},{"damage":3,"enemies":"Book of Stabbing","floor":27,"turns":5},{"damage":0,"enemies":"Gremlin Leader","floor":29,"turns":4},{"damage":0,"enemies":"Snake Plant","floor":30,"turns":3},{"damage":17,"enemies":"Masked Bandits","floor":31,"turns":4},{"damage":19,"enemies":"Collector","floor":33,"turns":6},{"damage":0,"enemies":"3 Darklings","floor":35,"turns":2},{"damage":0,"enemies":"3 Shapes","floor":39,"turns":2},{"damage":0,"enemies":"Giant Head","floor":40,"turns":5},{"damage":0,"enemies":"Nemesis","floor":42,"turns":3},{"damage":0,"enemies":"Reptomancer","floor":44,"turns":3},{"damage":0,"enemies":"Giant Head","floor":46,"turns":4},{"damage":0,"enemies":"Sphere and 2 Shapes","floor":47,"turns":2},{"damage":1,"enemies":"Writhing Mass","floor":48,"turns":3},{"damage":12,"enemies":"Time Eater","floor":50,"turns":4}],"seed_played":"-5005816365781158165","potions_obtained":[{"floor":5,"key":"Strength Potion"},{"floor":8,"key":"Fruit Juice"},{"floor":11,"key":"Dexterity Potion"},{"floor":13,"key":"Fruit Juice"},{"floor":14,"key":"PowerPotion"},{"floor":16,"key":"DistilledChaos"},{"floor":29,"key":"Strength Potion"}],"is_trial":false,"path_per_floor":["M","M","M","?","M","R","E","M","T","M","M","R","M","E","R","B",null,"M","?","M","M","$","R","E","R","T","E","R","E","M","?","R","B",null,"M","$","?","?","M","E","R","E","T","E","$","E","M","M","R","B",null],"character_chosen":"DEFECT","items_purchased":["Capacitor","Runic Capacitor","PreservedInsect","Storm","OrangePellets"],"campfire_rested":0,"item_purchase_floors":[22,36,36,45,45],"current_hp_per_floor":[66,66,64,64,64,64,54,55,55,48,46,46,46,42,42,11,63,65,65,67,69,69,69,71,71,71,75,75,77,79,63,63,46,72,74,74,74,74,76,76,76,76,76,76,76,76,76,75,75,64],"gold":70,"neow_bonus":"RANDOM_COMMON_RELIC","is_daily":false,"chose_seed":false,"campfire_upgraded":9,"win_rate":0.0,"timestamp":1613614322,"path_taken":["M","M","M","?","?","R","E","M","T","M","M","R","M","E","R","BOSS","M","?","M","M","$","R","E","R","T","E","R","E","M","?","R","BOSS","M","$","?","?","M","E","R","E","T","E","?","E","M","M","R","BOSS"],"items_purchased_type":["Card","Relic","Relic","Card","Relic"],"build_version":"2020-12-22","purchased_purges":3,"victory":true,"max_hp_per_floor":[75,75,75,75,75,75,75,75,75,75,75,75,80,80,80,80,80,80,80,80,80,80,80,80,80,80,80,80,80,80,80,80,80,80,80,80,76,76,76,76,76,76,76,76,76,76,76,76,76,76],"relic_stats":{"Happy Flower":[28],"Torii":1,"Gremlin Horn":[1,1],"counters":[29,108],"PreservedInsect":386,"Bag of Preparation":[52],"Letter Opener":[81],"MawBank":108,"Cursed Key":1,"Blood Vial":34,"OrangePellets":[4],"Centennial Puzzle":[42],"obtain_stats":[{"Happy Flower":9,"Torii":29,"Gremlin Horn":44,"Vajra":24,"PreservedInsect":36,"Bag of Preparation":4,"Runic Capacitor":36,"Incense Burner":42,"Omamori":46,"Letter Opener":40,"MawBank":27,"Cursed Key":34,"Blood Vial":7,"OrangePellets":45,"Centennial Puzzle":0,"Anchor":26,"Coffee Dripper":17,"Red Mask":31,"Cracked Core":0,"Toy Ornithopter":14},{"Happy Flower":6,"Torii":17,"Gremlin Horn":25,"Vajra":15,"PreservedInsect":21,"Bag of Preparation":3,"Runic Capacitor":21,"Incense Burner":24,"Omamori":26,"Letter Opener":23,"MawBank":16,"Cursed Key":20,"Blood Vial":5,"OrangePellets":25,"Centennial Puzzle":0,"Anchor":15,"Coffee Dripper":11,"Red Mask":19,"Cracked Core":0,"Toy Ornithopter":10},{"Happy Flower":22,"Torii":67,"Gremlin Horn":95,"Vajra":58,"PreservedInsect":82,"Bag of Preparation":8,"Runic Capacitor":82,"Incense Burner":92,"Omamori":99,"Letter Opener":89,"MawBank":63,"Cursed Key":80,"Blood Vial":19,"OrangePellets":95,"Centennial Puzzle":0,"Anchor":58,"Coffee Dripper":43,"Red Mask":74,"Cracked Core":0,"Toy Ornithopter":34}],"Toy Ornithopter":10},"card_choices":[{"not_picked":["Steam","Heatsinks"],"picked":"Ball Lightning","floor":1.0},{"not_picked":["Gash","Compile Driver"],"picked":"Chill","floor":2},{"not_picked":["Self Repair","Static Discharge"],"picked":"Sweeping Beam","floor":3},{"not_picked":["Beam Cell","Sunder"],"picked":"Melter","floor":5},{"not_picked":["Gash","Cold Snap"],"picked":"Thunder Strike","floor":7},{"not_picked":["Streamline","Hello World"],"picked":"Conserve Battery","floor":8},{"not_picked":["Conserve Battery","Fusion"],"picked":"Genetic Algorithm","floor":10},{"not_picked":["Steam","Streamline"],"picked":"Stack","floor":11},{"not_picked":["Fusion","White Noise"],"picked":"Defragment","floor":13},{"not_picked":["Leap","Blizzard","Streamline"],"picked":"SKIP","floor":14},{"not_picked":["Thunder Strike","Biased Cognition"],"picked":"Electrodynamics","floor":16},{"not_picked":["Hello World+1","Go for the Eyes","Reprogram"],"picked":"SKIP","floor":18},{"not_picked":["Genetic Algorithm+1","Gash"],"picked":"Coolheaded+1","floor":20},{"not_picked":["Barrage","Scrape"],"picked":"Biased Cognition","floor":21},{"not_picked":["Fusion","Conserve Battery","Leap+1"],"picked":"SKIP","floor":24},{"not_picked":["Conserve Battery","Cold Snap"],"picked":"Storm","floor":27},{"not_picked":["Gash","Reinforced Body"],"picked":"White Noise+1","floor":29},{"not_picked":["Stack+1","Rebound","Chaos"],"picked":"SKIP","floor":30},{"not_picked":["Coolheaded","Barrage+1"],"picked":"Turbo+1","floor":31},{"not_picked":["Buffer","Multi-Cast"],"picked":"Seek","floor":33},{"not_picked":["Stack","Redo"],"picked":"Compile Driver+1","floor":35},{"not_picked":["Streamline+1","Conserve Battery"],"picked":"Hologram+1","floor":39},{"not_picked":["Gash+1","Beam Cell+1","Rebound+1"],"picked":"SKIP","floor":40},{"not_picked":["Melter+1","Rebound+1","Stack"],"picked":"SKIP","floor":42},{"not_picked":["Lockon","Doom and Gloom","Conserve Battery+1"],"picked":"SKIP","floor":44},{"not_picked":["All For One","Redo+1","Recycle+1"],"picked":"SKIP","floor":46},{"not_picked":["Cold Snap","Rebound+1","Scrape"],"picked":"SKIP","floor":47},{"not_picked":["Double Energy+1","Sweeping Beam"],"picked":"Coolheaded","floor":48}],"player_experience":611513,"relics_obtained":[{"floor":7,"key":"Blood Vial"},{"floor":9,"key":"Happy Flower"},{"floor":14,"key":"Toy Ornithopter"},{"floor":24,"key":"Vajra"},{"floor":26,"key":"Anchor"},{"floor":27,"key":"MawBank"},{"floor":29,"key":"Torii"},{"floor":31,"key":"Red Mask"},{"floor":40,"key":"Letter Opener"},{"floor":42,"key":"Incense Burner"},{"floor":44,"key":"Gremlin Horn"},{"floor":46,"key":"Omamori"}],"event_choices":[{"damage_healed":0,"gold_gain":0,"player_choice":"Paid Gold","damage_taken":0,"relics_obtained":["Bag of Preparation"],"max_hp_gain":0,"max_hp_loss":0,"event_name":"WeMeetAgain","floor":4,"gold_loss":63},{"damage_healed":0,"gold_gain":0,"player_choice":"Simplicity","damage_taken":0,"max_hp_gain":0,"max_hp_loss":0,"event_name":"Back to Basics","floor":19,"gold_loss":0,"cards_upgraded":["Strike_B","Strike_B","Strike_B","Strike_B","Defend_B","Defend_B","Defend_B","Defend_B"]},{"damage_healed":0,"gold_gain":0,"player_choice":"Fought Bandits","damage_taken":0,"max_hp_gain":0,"max_hp_loss":0,"event_name":"Masked Bandits","floor":31,"gold_loss":0},{"damage_healed":0,"gold_gain":0,"player_choice":"Max HP","damage_taken":0,"max_hp_gain":0,"max_hp_loss":4,"event_name":"Winding Halls","floor":37,"gold_loss":0},{"cards_removed":["Strike_B"],"damage_healed":0,"gold_gain":0,"player_choice":"Removed Attack","damage_taken":0,"max_hp_gain":0,"max_hp_loss":0,"event_name":"Falling","floor":38,"gold_loss":0}],"is_beta":false,"boss_relics":[{"not_picked":["Tiny House","Nuclear Battery"],"picked":"Coffee Dripper"},{"not_picked":["Runic Dome","Snecko Eye"],"picked":"Cursed Key"}],"items_purged_floors":[22,36,45],"is_endless":false,"potions_floor_spawned":[5,8,11,13,14,16,20,21,24,29,30,35,42,44,47],"ascension_level":10}}