{"host":"1dhlu4qzehvrzpot","time":1613657697,"event":{"mods":["2.2 Compatiblity","AchievementEnabler","BaseMod","Block Reminder","Minty Spire (QoL Compilation)","Permanent Neow","Quick Restart","Rare Cards Sparkle","Relic Stats","Say the Spire","Slay-I","StSLib","SuperFastMode"],"gold_per_floor":[20,33,33,33,45,76,86,86,86,97,116,134,64,81,81,182,182,193,218,109,34,60,60,80,105,128,141,141,156,156,156],"floor_reached":30,"language":"ENG","playtime":657,"items_purged":["Strike_B"],"score":381,"play_id":"a727b54f-b48b-499e-b9ba-31c91af0d983","local_time":"20210218151457","is_ascension_mode":true,"campfire_choices":[{"floor":8.0,"key":"REST"},{"data":"Defragment","floor":15.0,"key":"SMITH"},{"data":"Defragment","floor":23.0,"key":"SMITH"},{"floor":28,"key":"REST"}],"circlet_count":0,"master_deck":["AscendersBane","Strike_B","Strike_B","Strike_B","Defend_B","Defend_B","Defend_B","Zap","Dualcast","Apotheosis+1","Genetic Algorithm+1","Ball Lightning","All For One","FTL","FTL","Hologram","Echo Form","Defragment+1","Echo Form","Defragment+1","Storm","Defragment+1","Auto Shields+1"],"relics":["Cracked Core","Pocketwatch","Symbiotic Virus","Inserter","Akabeko","Bronze Scales","Mummified Hand","Tiny Chest"],"acts_visited":["Exordium","TheCity"],"potions_floor_usage":[30,30],"damage_taken":[{"damage":8.0,"enemies":"2 Louse","floor":1.0,"turns":2.0},{"damage":0.0,"enemies":"Small Slimes","floor":2.0,"turns":4.0},{"damage":0.0,"enemies":"Cultist","floor":5.0,"turns":3.0},{"damage":12.0,"enemies":"Lagavulin","floor":6.0,"turns":7.0},{"damage":20.0,"enemies":"Gremlin Gang","floor":7.0,"turns":3.0},{"damage":8.0,"enemies":"Exordium Thugs","floor":10.0,"turns":4.0},{"damage":2.0,"enemies":"Red Slaver","floor":11.0,"turns":3.0},{"damage":0.0,"enemies":"Blue Slaver","floor":12.0,"turns":2.0},{"damage":9.0,"enemies":"Large Slime","floor":14.0,"turns":2.0},{"damage":11.0,"enemies":"Slime Boss","floor":16.0,"turns":5.0},{"damage":19.0,"enemies":"2 Thieves","floor":18.0,"turns":4.0},{"damage":4.0,"enemies":"Chosen","floor":24.0,"turns":4.0},{"damage":26.0,"enemies":"Book of Stabbing","floor":25.0,"turns":5.0},{"damage":0,"enemies":"Shelled Parasite and Fungi","floor":27,"turns":2},{"damage":22,"enemies":"Cultist and Chosen","floor":29,"turns":5},{"damage":16,"enemies":"Slavers","floor":30,"turns":3}],"seed_played":"-8973706800219404634","potions_obtained":[{"floor":6.0,"key":"ColorlessPotion"},{"floor":10.0,"key":"PotionOfCapacity"},{"floor":11.0,"key":"PowerPotion"},{"floor":12.0,"key":"DuplicationPotion"},{"floor":25.0,"key":"Explosive Potion"}],"is_trial":false,"path_per_floor":["M","M","?","?","M","E","M","R","T","M","M","M","$","M","R","B",null,"M","T","$","?","T","R","M","E","T","M","R","M","E"],"character_chosen":"DEFECT","items_purchased":["Defragment","Defragment"],"campfire_rested":2,"item_purchase_floors":[13,20],"current_hp_per_floor":[60,60,60,60,60,48,28,50,50,42,40,40,40,31,31,20,61,42,42,42,42,42,42,38,12,12,12,34,12,0,0],"gold":156,"neow_bonus":"RANDOM_COLORLESS_2","is_daily":false,"chose_seed":false,"campfire_upgraded":2,"win_rate":0.0,"timestamp":1613657697,"path_taken":["M","M","?","?","?","E","?","R","T","M","M","M","?","M","R","BOSS","M","?","$","?","?","R","M","E","T","M","R","M","E"],"items_purchased_type":["Card","Card"],"build_version":"2020-12-22","purchased_purges":1,"victory":false,"max_hp_per_floor":[75,75,75,75,75,75,75,75,75,75,75,75,75,75,75,75,75,75,75,75,75,75,75,75,75,75,75,75,75,75,75],"relic_stats":{"Inserter":[11],"counters":[16,58],"Mummified Hand":[14],"Bronze Scales":[81],"Tiny Chest":0,"obtain_stats":[{"Inserter":17,"Mummified Hand":25,"Bronze Scales":22,"Tiny Chest":26,"Cracked Core":0,"Symbiotic Virus":9,"Akabeko":19,"Pocketwatch":6},{"Inserter":10,"Mummified Hand":13,"Bronze Scales":11,"Tiny Chest":13,"Cracked Core":0,"Symbiotic Virus":5,"Akabeko":11,"Pocketwatch":4},{"Inserter":35,"Mummified Hand":48,"Bronze Scales":39,"Tiny Chest":48,"Cracked Core":0,"Symbiotic Virus":19,"Akabeko":39,"Pocketwatch":16}],"Pocketwatch":[27]},"card_choices":[{"not_picked":["HandOfGreed","Violence"],"picked":"Apotheosis","floor":0.0},{"not_picked":["Genetic Algorithm","Rebound","Streamline"],"picked":"SKIP","floor":1.0},{"not_picked":["Rebound","Streamline"],"picked":"Genetic Algorithm","floor":1.0},{"not_picked":["Sweeping Beam","Steam Power"],"picked":"Ball Lightning","floor":2.0},{"not_picked":["Redo","Cold Snap"],"picked":"All For One","floor":5.0},{"not_picked":["Beam Cell","Redo"],"picked":"FTL","floor":6.0},{"not_picked":["Reprogram","Turbo"],"picked":"FTL","floor":7.0},{"not_picked":["Beam Cell","Force Field"],"picked":"Hologram","floor":10.0},{"not_picked":["White Noise","Barrage"],"picked":"Echo Form","floor":11.0},{"not_picked":["Cold Snap","Streamline","Redo"],"picked":"SKIP","floor":12.0},{"not_picked":["Auto Shields","Barrage","Turbo"],"picked":"SKIP","floor":14.0},{"not_picked":["Electrodynamics","Machine Learning"],"picked":"Echo Form","floor":16.0},{"not_picked":["Blizzard","Cold Snap+1","Turbo+1"],"picked":"SKIP","floor":18.0},{"not_picked":["Steam Power","Darkness"],"picked":"Storm","floor":24.0},{"not_picked":["Coolheaded","Stack+1"],"picked":"Defragment+1","floor":25.0},{"not_picked":["Redo+1","Beam Cell","Turbo"],"picked":"SKIP","floor":27},{"not_picked":["Auto Shields+1","Gash","Undo+1"],"picked":"SKIP","floor":29},{"not_picked":["Gash","Undo+1"],"picked":"Auto Shields+1","floor":29}],"player_experience":544497,"relics_obtained":[{"floor":6.0,"key":"Pocketwatch"},{"floor":9.0,"key":"Symbiotic Virus"},{"floor":19.0,"key":"Akabeko"},{"floor":22.0,"key":"Bronze Scales"},{"floor":25.0,"key":"Mummified Hand"},{"floor":26.0,"key":"Tiny Chest"}],"event_choices":[{"damage_healed":0.0,"max_hp_gain":0.0,"max_hp_loss":0.0,"gold_gain":0.0,"event_name":"Living Wall","player_choice":"Grow","floor":3.0,"gold_loss":0.0,"damage_taken":0.0,"cards_upgraded":["Apotheosis"]},{"damage_healed":0.0,"max_hp_gain":0.0,"max_hp_loss":0.0,"gold_gain":0.0,"event_name":"Accursed Blacksmith","player_choice":"Forge","floor":4.0,"gold_loss":0.0,"damage_taken":0.0,"cards_upgraded":["Genetic Algorithm"]},{"cards_removed":["Defend_B"],"damage_healed":0.0,"max_hp_gain":0.0,"max_hp_loss":0.0,"gold_gain":0.0,"event_name":"Beggar","player_choice":"Gave Gold","floor":21.0,"gold_loss":75.0,"damage_taken":0.0}],"is_beta":false,"boss_relics":[{"not_picked":["Cursed Key","Empty Cage"],"picked":"Inserter"}],"items_purged_floors":[20],"is_endless":false,"potions_floor_spawned":[6,10,11,12,16,18,24,25],"killed_by":"Slavers","ascension_level":10}}