{"host":"xsuxkwaivmtd234a","time":1613675429,"event":{"mods":["BaseMod","Bestiary","Colored Map","Filter the Spire","Minty Spire (QoL Compilation)","Relic Stats","StSLib"],"gold_per_floor":[113,125,2,15,15,15,45,45,71,71,26,46,64,97,97,198,198,209,124,140,140,140],"floor_reached":21,"language":"ENG","playtime":731,"items_purged":["Regret"],"score":330,"play_id":"0eedaabc-0a2f-4c44-bca1-d2e0f56f3cfb","local_time":"20210218141029","is_ascension_mode":true,"campfire_choices":[{"data":"Double Energy","floor":6,"key":"SMITH"},{"data":"Go for the Eyes","floor":8,"key":"SMITH"},{"data":"Zap","floor":10,"key":"SMITH"},{"data":"Dualcast","floor":15,"key":"SMITH"}],"circlet_count":0,"master_deck":["Strike_B","Strike_B","Strike_B","Defend_B","Defend_B","Defend_B","Zap+1","Dualcast+1","Compile Driver","Ball Lightning","Double Energy+1","Go for the Eyes+1","Cold Snap","Loop+1","Loop+1","Reboot","Glacier","Darkness+1"],"relics":["Cracked Core","Thread and Needle","PreservedInsect","Frozen Egg 2","Lantern","Happy Flower","Empty Cage","Art of War"],"acts_visited":["Exordium","TheCity"],"potions_floor_usage":[14,16],"damage_taken":[{"damage":10,"enemies":"Small Slimes","floor":1,"turns":3},{"damage":5,"enemies":"Jaw Worm","floor":2,"turns":2},{"damage":3,"enemies":"2 Louse","floor":4,"turns":3},{"damage":13,"enemies":"Lagavulin","floor":7,"turns":6},{"damage":5,"enemies":"Large Slime","floor":12,"turns":4},{"damage":0,"enemies":"Looter","floor":13,"turns":2},{"damage":0,"enemies":"3 Sentries","floor":14,"turns":2},{"damage":0,"enemies":"Slime Boss","floor":16,"turns":6},{"damage":6,"enemies":"Chosen","floor":18,"turns":5},{"damage":8,"enemies":"Spheric Guardian","floor":20,"turns":4},{"damage":53,"enemies":"Masked Bandits","floor":21,"turns":4}],"seed_played":"-1460692369874892647","potions_obtained":[{"floor":2,"key":"SteroidPotion"},{"floor":4,"key":"Energy Potion"}],"is_trial":false,"path_per_floor":["M","M","$","M","?","R","E","R","T","R","?","M","M","E","R","B",null,"M","?","M","?"],"character_chosen":"DEFECT","items_purchased":["Explosive Potion"],"campfire_rested":0,"item_purchase_floors":[3],"current_hp_per_floor":[65,60,60,57,45,45,32,32,32,32,32,27,27,27,27,27,63,57,57,49,0,0],"gold":140,"neow_bonus":"ONE_RARE_RELIC","is_daily":false,"chose_seed":false,"campfire_upgraded":4,"win_rate":0.0,"timestamp":1613675429,"path_taken":["M","M","$","M","?","R","E","R","T","R","?","M","M","E","R","BOSS","M","?","M","?"],"items_purchased_type":["Potion"],"build_version":"2020-12-22","purchased_purges":1,"victory":false,"max_hp_per_floor":[75,75,75,75,75,75,75,75,75,75,75,75,75,75,75,75,75,75,75,75,75,75],"relic_stats":{"Happy Flower":[6],"counters":[11,40],"PreservedInsect":60,"Art of War":[0],"obtain_stats":[{"Lantern":9,"Happy Flower":14,"Thread and Needle":0,"PreservedInsect":5,"Art of War":19,"Frozen Egg 2":7,"Cracked Core":0,"Empty Cage":17},{"Lantern":4,"Happy Flower":7,"Thread and Needle":0,"PreservedInsect":3,"Art of War":9,"Frozen Egg 2":4,"Cracked Core":0,"Empty Cage":8},{"Lantern":14,"Happy Flower":22,"Thread and Needle":0,"PreservedInsect":8,"Art of War":32,"Frozen Egg 2":14,"Cracked Core":0,"Empty Cage":28}]},"card_choices":[{"not_picked":["Chill","Storm"],"picked":"Compile Driver","floor":1},{"not_picked":["Steam Power","Defragment"],"picked":"Ball Lightning","floor":2},{"not_picked":["Beam Cell","Conserve Battery"],"picked":"Double Energy","floor":4},{"not_picked":["Melter","Reinforced Body"],"picked":"Go for the Eyes","floor":7},{"not_picked":["Rebound","Stack"],"picked":"Cold Snap","floor":12},{"not_picked":["Stack","Sweeping Beam"],"picked":"Loop+1","floor":13},{"not_picked":["Compile Driver","Undo"],"picked":"Loop+1","floor":14},{"not_picked":["Meteor Strike","Hyperbeam"],"picked":"Reboot","floor":16},{"not_picked":["Sweeping Beam","Doom and Gloom+1"],"picked":"Glacier","floor":18},{"not_picked":["Sweeping Beam","Reinforced Body"],"picked":"Darkness+1","floor":20}],"player_experience":1296941,"relics_obtained":[{"floor":7,"key":"Frozen Egg 2"},{"floor":9,"key":"Lantern"},{"floor":14,"key":"Happy Flower"}],"event_choices":[{"damage_healed":0,"gold_gain":0,"player_choice":"Success","damage_taken":12,"relics_obtained":["PreservedInsect"],"max_hp_gain":0,"max_hp_loss":0,"event_name":"Scrap Ooze","floor":5,"gold_loss":0},{"damage_healed":0,"gold_gain":0,"player_choice":"Left Gold","damage_taken":0,"max_hp_gain":0,"max_hp_loss":0,"event_name":"World of Goop","floor":11,"gold_loss":45},{"damage_healed":0,"gold_gain":0,"player_choice":"Obtained Relic","damage_taken":0,"relics_obtained":["Art of War"],"max_hp_gain":0,"max_hp_loss":0,"event_name":"Addict","floor":19,"gold_loss":85},{"damage_healed":0,"gold_gain":0,"player_choice":"Fought Bandits","damage_taken":0,"max_hp_gain":0,"max_hp_loss":0,"event_name":"Masked Bandits","floor":21,"gold_loss":0}],"is_beta":false,"boss_relics":[{"not_picked":["Busted Crown","Velvet Choker"],"picked":"Empty Cage"}],"items_purged_floors":[3],"is_endless":false,"potions_floor_spawned":[2,4,12],"killed_by":"Masked Bandits","ascension_level":5}}