{"host":"72n3jwtrlpjobydj","time":1613666908,"event":{"mods":["AchievementEnabler","BaseMod","CapriCore","DeckTracker","Hermit","Koishi","KomeijiMod","Lobotomy","Marisa£¨Ùöéë¡¡Øª×âÞÞ£©","Minty Spire (QoL Compilation)","Permanent Neow","StSLib","SuperFastMode","The Cursed","The Hierophant","The Immortal"],"gold_per_floor":[117,117,129,143,29,29,29,56,81,96,96,96],"floor_reached":11,"language":"KOR","playtime":217,"items_purged":["Strike_P"],"score":73,"play_id":"9d00751a-7195-492c-a3a9-2d292e436d16","local_time":"20210219014828","is_ascension_mode":false,"campfire_choices":[{"floor":6,"key":"REST"}],"circlet_count":0,"master_deck":["Strike_P","Strike_P","Defend_P","Defend_P","Defend_P","Defend_P","Eruption","Vigilance","Adaptation"],"relics":["PureWater","Centennial Puzzle","ThirstyCross","Vajra","Blood Vial"],"acts_visited":["Exordium"],"potions_floor_usage":[10,10],"damage_taken":[{"damage":2,"enemies":"Jaw Worm","floor":1,"turns":3},{"damage":13,"enemies":"Cultist","floor":3,"turns":4},{"damage":9,"enemies":"2 Louse","floor":4,"turns":3},{"damage":45,"enemies":"Gremlin Nob","floor":8,"turns":5},{"damage":32,"enemies":"Large Slime","floor":10,"turns":2},{"damage":23,"enemies":"3 Sentries","floor":11,"turns":2}],"seed_played":"4124610396662497200","potions_obtained":[{"floor":3,"key":"FairyPotion"},{"floor":4,"key":"Swift Potion"},{"floor":8,"key":"Strength Potion"}],"is_trial":false,"path_per_floor":["M","?","M","M","$","R","?","E","T","M","E"],"character_chosen":"WATCHER","items_purchased":["Adaptation"],"campfire_rested":1,"item_purchase_floors":[5],"current_hp_per_floor":[70,70,57,48,48,69,69,24,24,21,0,0],"gold":96,"neow_bonus":"RANDOM_COMMON_RELIC","is_daily":false,"chose_seed":false,"campfire_upgraded":0,"win_rate":0.0,"timestamp":1613666908,"path_taken":["M","?","?","M","?","R","?","E","T","M","E"],"items_purchased_type":["Card"],"build_version":"2020-12-22","purchased_purges":1,"victory":false,"max_hp_per_floor":[72,72,72,72,72,72,72,72,72,72,72,72],"card_choices":[{"not_picked":["PathToVictory","Consecrate","Fasting2"],"picked":"SKIP","floor":1},{"not_picked":["Crescendo","Conclude","CutThroughFate"],"picked":"SKIP","floor":3},{"not_picked":["Evaluate","Perseverance","Wallop"],"picked":"SKIP","floor":4},{"not_picked":["FlyingSleeves","Perseverance","Consecrate"],"picked":"SKIP","floor":8},{"not_picked":["FollowUp","BowlingBash","Evaluate"],"picked":"SKIP","floor":10}],"player_experience":79452,"relics_obtained":[{"floor":8,"key":"Vajra"},{"floor":9,"key":"Blood Vial"}],"event_choices":[{"cards_removed":["Strike_P"],"damage_healed":0,"gold_gain":0,"player_choice":"Purged","damage_taken":0,"max_hp_gain":0,"max_hp_loss":0,"event_name":"Purifier","floor":2,"gold_loss":0}],"is_beta":false,"boss_relics":[],"items_purged_floors":[5],"is_endless":false,"potions_floor_spawned":[3,4,8],"killed_by":"3 Sentries","ascension_level":0}}