{"host":"rtw1tnr74gozsrw1","time":1613608715,"event":{"mods":["BaseMod","Colored Map","Colored Powertips","Highlight Path","Infinite Spire","Minty Spire (QoL Compilation)","StSLib","The Jungle"],"gold_per_floor":[119,129,54,64,64,64,76,9,34,50,50,68,68,101,101,196,196,151,151,8,8,8],"floor_reached":21,"language":"ENG","playtime":484,"items_purged":["Strike_B"],"score":233,"play_id":"902f3488-9fb7-47fa-ac6a-4d8d9f9f38ce","local_time":"20210218013835","is_ascension_mode":true,"campfire_choices":[{"data":"Defragment","floor":7,"key":"SMITH"},{"data":"Defragment","floor":11,"key":"SMITH"},{"data":"Zap","floor":13,"key":"SMITH"},{"data":"Cold Snap","floor":15,"key":"SMITH"}],"circlet_count":0,"master_deck":["Strike_B","Strike_B","Strike_B","Defend_B","Defend_B","Defend_B","Defend_B","Zap+1","Dualcast","Cold Snap+1","Ball Lightning","Defragment+1","Defragment+1","Amplify","Defragment"],"relics":["Cracked Core","NeowsBlessing","MawBank","Orichalcum","Centennial Puzzle","Ectoplasm"],"acts_visited":["Exordium","TheCity"],"potions_floor_usage":[12],"damage_taken":[{"damage":0,"enemies":"Cultist","floor":1,"turns":1},{"damage":0,"enemies":"Jaw Worm","floor":2,"turns":1},{"damage":0,"enemies":"Small Slimes","floor":4,"turns":1},{"damage":2,"enemies":"Looter","floor":10,"turns":3},{"damage":5,"enemies":"3 Louse","floor":12,"turns":3},{"damage":4,"enemies":"3 Sentries","floor":14,"turns":6},{"damage":21,"enemies":"Hexaghost","floor":16,"turns":8},{"damage":18,"enemies":"2 Thieves","floor":18,"turns":3},{"damage":9,"enemies":"Spheric Guardian","floor":19,"turns":4}],"seed_played":"-4994813483168357065","potions_obtained":[{"floor":4,"key":"Fire Potion"},{"floor":10,"key":"SpeedPotion"},{"floor":16,"key":"PotionOfCapacity"}],"is_trial":false,"path_per_floor":["M","M","$","M","$","?","R","$","T","M","R","M","R","E","R","B",null,"M","M","$","M"],"character_chosen":"DEFECT","items_purchased":["Defragment","Defragment","Defragment"],"campfire_rested":0,"item_purchase_floors":[3,8,20],"current_hp_per_floor":[68,68,68,68,68,68,68,68,68,66,66,61,61,57,57,36,65,47,38,38,7,7],"gold":8,"neow_bonus":"THREE_ENEMY_KILL","is_daily":false,"chose_seed":false,"campfire_upgraded":4,"win_rate":0.0,"timestamp":1613608715,"path_taken":["M","M","?","M","$","?","R","$","T","?","R","?","R","E","R","BOSS","M","M","$","M"],"items_purchased_type":["Card","Card","Card"],"build_version":"2020-12-22","purchased_purges":1,"victory":false,"max_hp_per_floor":[75,75,75,75,75,75,75,75,75,75,75,75,75,75,75,75,75,75,75,75,75,75],"card_choices":[{"not_picked":["Conserve Battery","Tempest"],"picked":"Cold Snap","floor":1},{"not_picked":["Hologram","Auto Shields"],"picked":"Ball Lightning","floor":2},{"not_picked":["Compile Driver","Rip and Tear","Melter"],"picked":"SKIP","floor":4},{"not_picked":["Redo","Compile Driver","Beam Cell"],"picked":"SKIP","floor":10},{"not_picked":["Go for the Eyes","Coolheaded","Thunder Strike"],"picked":"SKIP","floor":12},{"not_picked":["Consume","Redo","Steam"],"picked":"SKIP","floor":14},{"not_picked":["Multi-Cast","Core Surge"],"picked":"Amplify","floor":16},{"not_picked":["Conserve Battery","Streamline+1","Stack+1"],"picked":"SKIP","floor":18},{"not_picked":["Rip and Tear","Gash+1","Streamline"],"picked":"SKIP","floor":19}],"player_experience":161086,"relics_obtained":[{"floor":9,"key":"Orichalcum"},{"floor":14,"key":"Centennial Puzzle"}],"event_choices":[{"damage_healed":0,"gold_gain":0,"player_choice":"Gave Potion","damage_taken":0,"relics_obtained":["MawBank"],"max_hp_gain":0,"max_hp_loss":0,"event_name":"WeMeetAgain","floor":6,"gold_loss":0}],"is_beta":false,"boss_relics":[{"not_picked":["Black Star","Velvet Choker"],"picked":"Ectoplasm"}],"items_purged_floors":[20],"is_endless":false,"potions_floor_spawned":[4,10,16],"killed_by":"Snake Plant","ascension_level":6}}