{"host":"2c84cb4cp1emursg","time":1613675047,"event":{"mods":["Act Like it!","BaseMod","Better Third Choice","Bossed Relics","Hermit","Mimic Mod","Minty Spire (QoL Compilation)","Permanent Neow","StSLib"],"gold_per_floor":[117,134,145,162,172,206,206,236,274,310,310,332,374,401,401,508,508,530,1,29,57,341,373,392,434,470,494,528,546,546,576,576,581,581],"floor_reached":33,"language":"ENG","playtime":3362,"items_purged":[],"score":469,"play_id":"c37af565-7156-414f-8462-d0302e894637","local_time":"20210218120407","is_ascension_mode":true,"campfire_choices":[{"data":"hermit:Maintenance","floor":7,"key":"SMITH"},{"data":"hermit:Adapt","floor":11,"key":"SMITH"},{"data":"hermit:TakeCover","floor":15,"key":"SMITH"},{"data":"hermit:HighNoon","floor":32,"key":"SMITH"}],"circlet_count":0,"master_deck":["hermit:Strike_Hermit+1","hermit:Strike_Hermit+1","hermit:Strike_Hermit+1","hermit:Strike_Hermit+1","hermit:Defend_Hermit+1","hermit:Defend_Hermit+1","hermit:Defend_Hermit+1","hermit:Defend_Hermit+1","hermit:Snapshot","hermit:Covet","hermit:Ricochet","hermit:Maintenance+1","hermit:HighCaliber+1","hermit:BodyArmor","hermit:Coalescence","hermit:Adapt+1","hermit:TakeCover+1","hermit:FlashPowder","hermit:Showdown+1","hermit:HighNoon+1","hermit:HighCaliber","hermit:RoundhouseKick","hermit:Virtue","hermit:Roulette","hermit:Scavenge","Regret","hermit:Brawl","hermit:CalledShot+1"],"relics":["hermit:Momento","Anchor","HornCleat","Regal Pillow","Dream Catcher","CeramicFish","CaptainsWheel","hermit:BartenderGlass","Ice Cream","Blood Vial","Happy Flower","Whetstone","Bottled Lightning","Bag of Preparation","Akabeko"],"acts_visited":["Exordium","TheCity"],"potions_floor_usage":[6,6,8,13,16,16,20,20,20,21,21,23,23,23,24,24,25,25,25,26,26,28,28,28,28,31,33,33,33],"damage_taken":[{"damage":1,"enemies":"Cultist","floor":1,"turns":4},{"damage":0,"enemies":"2 Louse","floor":2,"turns":2},{"damage":0,"enemies":"Jaw Worm","floor":3,"turns":2},{"damage":0,"enemies":"3 Louse","floor":4,"turns":1},{"damage":0,"enemies":"Exordium Wildlife","floor":5,"turns":4},{"damage":25,"enemies":"Lagavulin","floor":6,"turns":8},{"damage":20,"enemies":"Gremlin Nob","floor":8,"turns":4},{"damage":1,"enemies":"Exordium Thugs","floor":9,"turns":7},{"damage":7,"enemies":"Lagavulin","floor":10,"turns":8},{"damage":2,"enemies":"Exordium Thugs","floor":12,"turns":6},{"damage":4,"enemies":"Gremlin Nob","floor":13,"turns":4},{"damage":0,"enemies":"Blue Slaver","floor":14,"turns":3},{"damage":12,"enemies":"Slime Boss","floor":16,"turns":14},{"damage":4,"enemies":"Spheric Guardian","floor":18,"turns":4},{"damage":11,"enemies":"3 Byrds","floor":20,"turns":7},{"damage":8,"enemies":"Snake Plant","floor":21,"turns":8},{"damage":0,"enemies":"Book of Stabbing","floor":23,"turns":11},{"damage":0,"enemies":"Snecko","floor":24,"turns":7},{"damage":14,"enemies":"Slavers","floor":25,"turns":10},{"damage":0,"enemies":"Cultist and Chosen","floor":26,"turns":6},{"damage":2,"enemies":"Cultist and Chosen","floor":27,"turns":9},{"damage":14,"enemies":"Gremlin Leader","floor":28,"turns":7},{"damage":13,"enemies":"Centurion and Healer","floor":29,"turns":7},{"damage":25,"enemies":"Slavers","floor":31,"turns":9},{"damage":36,"enemies":"Automaton","floor":33,"turns":6}],"seed_played":"-8979237223134996707","potions_obtained":[{"floor":2,"key":"Block Potion"},{"floor":4,"key":"SpeedPotion"},{"floor":5,"key":"Explosive Potion"},{"floor":6,"key":"Weak Potion"},{"floor":10,"key":"CultistPotion"},{"floor":14,"key":"SkillPotion"},{"floor":18,"key":"Strength Potion"},{"floor":21,"key":"EssenceOfSteel"},{"floor":27,"key":"DistilledChaos"},{"floor":28,"key":"LiquidBronze"}],"is_trial":false,"path_per_floor":["M","M","M","M","M","E","R","E","MIM","E","R","M","E","M","R","B",null,"M","$","M","M","?","E","M","E","MIM","M","E","M","?","E","R","B"],"character_chosen":"HERMIT","items_purchased":["Ice Cream","Blood Vial","Dexterity Potion","Weak Potion"],"campfire_rested":0,"item_purchase_floors":[19,19,19,19],"current_hp_per_floor":[74,74,74,74,74,49,49,29,28,21,21,19,15,15,15,3,75,71,71,62,56,56,63,65,68,70,70,58,47,47,24,24,0,0],"gold":581,"neow_bonus":"RANDOM_COMMON_RELIC","is_daily":false,"chose_seed":false,"campfire_upgraded":4,"win_rate":0.0,"timestamp":1613675047,"path_taken":["M","M","M","M","M","E","R","E","MIM","E","R","M","E","M","R","BOSS","M","$","M","M","?","E","M","E","MIM","M","E","M","?","E","R","BOSS"],"items_purchased_type":["Relic","Relic","Potion","Potion"],"build_version":"2020-12-22","purchased_purges":0,"victory":false,"max_hp_per_floor":[75,75,75,75,75,75,75,75,75,75,75,75,75,75,75,75,75,75,75,75,75,75,80,80,80,80,80,80,80,80,80,80,80,80],"card_choices":[{"not_picked":["hermit:CalledShot","hermit:ItchyTrigger"],"picked":"hermit:Ricochet","floor":1},{"not_picked":["hermit:Showdown","hermit:Gestalt"],"picked":"hermit:Maintenance","floor":2},{"not_picked":["hermit:Headshot","hermit:CalledShot"],"picked":"hermit:HighCaliber","floor":3},{"not_picked":["hermit:EyeOfTheStorm","hermit:GoldenBullet"],"picked":"hermit:BodyArmor","floor":4},{"not_picked":["hermit:PistolWhip","hermit:TrackingShot","hermit:CalledShot"],"picked":"SKIP","floor":5},{"not_picked":["hermit:TrackingShot","hermit:Dive"],"picked":"hermit:Coalescence","floor":6},{"not_picked":["hermit:Misfire","hermit:TrackingShot"],"picked":"hermit:Adapt","floor":8},{"not_picked":["hermit:Feint","hermit:Headshot"],"picked":"hermit:TakeCover","floor":9},{"not_picked":["hermit:ItchyTrigger","hermit:Dissolve"],"picked":"hermit:FlashPowder","floor":10},{"not_picked":["hermit:Vantage","hermit:TrackingShot"],"picked":"hermit:Showdown","floor":12},{"not_picked":["hermit:Enervate","hermit:HighCaliber"],"picked":"hermit:HighNoon","floor":13},{"not_picked":["hermit:Cheat","hermit:Combo"],"picked":"hermit:HighCaliber","floor":14},{"not_picked":["hermit:FinalCanter","hermit:BlackWind"],"picked":"hermit:RoundhouseKick","floor":16},{"not_picked":["hermit:Grudge+1","hermit:Midnight"],"picked":"hermit:Virtue","floor":18},{"not_picked":["hermit:Headshot","hermit:LowProfile"],"picked":"hermit:Roulette","floor":20},{"not_picked":["hermit:Midnight","hermit:HoleUp"],"picked":"hermit:Scavenge","floor":21},{"not_picked":["hermit:ItchyTrigger+1","hermit:Desperado","hermit:CalledShot"],"picked":"SKIP","floor":23},{"not_picked":["hermit:SprayPray","hermit:BodyArmor+1","hermit:HoleUp"],"picked":"SKIP","floor":24},{"not_picked":["hermit:Coalescence","hermit:Roughhouse"],"picked":"hermit:Brawl","floor":25},{"not_picked":["hermit:Combo","hermit:Cheat+1"],"picked":"hermit:CalledShot+1","floor":27},{"not_picked":["hermit:Roulette","hermit:TrackingShot","hermit:Horror+1"],"picked":"SKIP","floor":28},{"not_picked":["hermit:Roulette+1","hermit:Desperado","hermit:Coalescence"],"picked":"SKIP","floor":29},{"not_picked":["hermit:EyeOfTheStorm","hermit:PistolWhip","hermit:DeadOrAlive"],"picked":"SKIP","floor":31}],"player_experience":539570,"relics_obtained":[{"floor":6,"key":"HornCleat"},{"floor":8,"key":"Regal Pillow"},{"floor":9,"key":"Dream Catcher"},{"floor":10,"key":"CeramicFish"},{"floor":13,"key":"CaptainsWheel"},{"floor":23,"key":"Happy Flower"},{"floor":25,"key":"Whetstone"},{"floor":26,"key":"Bottled Lightning"},{"floor":28,"key":"Bag of Preparation"},{"floor":31,"key":"Akabeko"}],"event_choices":[{"damage_healed":0,"gold_gain":275,"player_choice":"Desecrate","damage_taken":0,"max_hp_gain":0,"max_hp_loss":0,"event_name":"Golden Shrine","floor":22,"gold_loss":0,"cards_obtained":["Regret"]},{"damage_healed":0,"gold_gain":0,"player_choice":"Simplicity","damage_taken":0,"max_hp_gain":0,"max_hp_loss":8,"event_name":"betterThird:BetterWriting","floor":30,"gold_loss":0}],"is_beta":false,"boss_relics":[{"not_picked":["Black Star","hermit:ClaspedLocket"],"picked":"hermit:BartenderGlass"}],"items_purged_floors":[],"is_endless":false,"potions_floor_spawned":[2,4,5,6,10,14,18,21,27,28],"killed_by":"Automaton","ascension_level":3}}