{"host":"6pic12dj9p7186mz","time":1613673710,"event":{"mods":["BaseMod","Minty Spire (QoL Compilation)","Permanent Neow","Relic Stats","StSLib"],"gold_per_floor":[359,369,380,57,57,57,88,88,139,139,139],"floor_reached":10,"language":"ENG","playtime":374,"items_purged":["Clumsy"],"score":76,"play_id":"43e0a3a4-c224-493e-b83f-e4f3a441dd39","local_time":"20210218124150","is_ascension_mode":true,"campfire_choices":[{"data":"Noxious Fumes","floor":6,"key":"SMITH"},{"data":"Dagger Spray","floor":8,"key":"SMITH"}],"circlet_count":0,"master_deck":["Strike_G","Strike_G","Strike_G","Strike_G","Strike_G","Defend_G","Defend_G","Defend_G","Defend_G","Defend_G","Survivor","Neutralize","Dodge and Roll","Dagger Spray+1","Noxious Fumes+1","Footwork","PiercingWail","Backflip"],"relics":["Ring of the Snake","OrangePellets","Omamori","Happy Flower"],"acts_visited":["Exordium"],"potions_floor_usage":[],"damage_taken":[{"damage":1,"enemies":"Small Slimes","floor":1,"turns":5},{"damage":0,"enemies":"2 Louse","floor":2,"turns":4},{"damage":7,"enemies":"Jaw Worm","floor":3,"turns":4},{"damage":32,"enemies":"Lagavulin","floor":7,"turns":8},{"damage":33,"enemies":"Gremlin Nob","floor":10,"turns":4}],"seed_played":"-6466465284855924474","potions_obtained":[{"floor":7,"key":"Ancient Potion"}],"is_trial":false,"path_per_floor":["M","M","M","$","?","R","E","R","T","E"],"character_chosen":"THE_SILENT","items_purchased":["Footwork","OrangePellets","PiercingWail"],"campfire_rested":0,"item_purchase_floors":[4,4,4],"current_hp_per_floor":[69,69,62,62,62,62,30,30,30,0,0],"gold":139,"neow_bonus":"TWO_FIFTY_GOLD","is_daily":false,"chose_seed":false,"campfire_upgraded":2,"win_rate":0.0,"timestamp":1613673710,"path_taken":["M","M","M","$","?","R","E","R","T","E"],"items_purchased_type":["Card","Relic","Card"],"build_version":"2020-12-22","purchased_purges":1,"victory":false,"max_hp_per_floor":[70,70,70,70,70,70,70,70,70,70,70],"relic_stats":{"OrangePellets":[0],"Happy Flower":[1],"counters":[5,25],"obtain_stats":[{"OrangePellets":4,"Happy Flower":9,"Omamori":7,"Ring of the Snake":0},{"OrangePellets":3,"Happy Flower":4,"Omamori":4,"Ring of the Snake":0},{"OrangePellets":13,"Happy Flower":21,"Omamori":21,"Ring of the Snake":0}],"Ring of the Snake":[10]},"card_choices":[{"not_picked":["Outmaneuver","Reflex"],"picked":"Dodge and Roll","floor":1},{"not_picked":["Reflex","Flechettes"],"picked":"Dagger Spray","floor":2},{"not_picked":["Acrobatics","Choke"],"picked":"Noxious Fumes","floor":3},{"not_picked":["Bouncing Flask","Outmaneuver"],"picked":"Backflip","floor":7}],"player_experience":38285,"relics_obtained":[{"floor":7,"key":"Omamori"},{"floor":9,"key":"Happy Flower"}],"event_choices":[{"damage_healed":0,"gold_gain":0,"player_choice":"Ignored","damage_taken":0,"max_hp_gain":0,"max_hp_loss":0,"event_name":"Liars Game","floor":5,"gold_loss":0}],"is_beta":false,"boss_relics":[],"items_purged_floors":[4],"is_endless":false,"potions_floor_spawned":[7],"killed_by":"Gremlin Nob","ascension_level":3}}