{"host":"vrsxkkch9ccrec7k","time":1613630230,"event":{"mods":["Act Like it!","BaseMod","Bestiary","Better Altar","Better Match","Better Note","Better Sensory Stone","Better Skull","Better Third Choice","Better Vampires","Downfall","Minty Spire (QoL Compilation)","Permanent Neow","Relic Stats","Spicy Shops","StSLib"],"gold_per_floor":[99,111,128,128,146,146,225,0,19,19,34,34,50,50,68,163,163,163,180,192,192,192,209,209,221,221,221],"floor_reached":25,"language":"ENG","playtime":1327,"items_purged":["Pain"],"score":276,"play_id":"97594e12-9afc-48e2-812c-228b3889c3e5","local_time":"20210218013710","is_ascension_mode":true,"campfire_choices":[{"data":"sneckomod:TailWhip","floor":1.0,"key":"SMITH"},{"data":"sneckomod:SnekBite","floor":6.0,"key":"SMITH"},{"data":"sneckomod:SoulRoll","floor":12.0,"key":"SMITH"},{"data":"sneckomod:PureSnecko","floor":18.0,"key":"SMITH"}],"circlet_count":0,"master_deck":["sneckomod:Strike","sneckomod:Defend","sneckomod:Defend","sneckomod:Defend","sneckomod:TailWhip+1","sneckomod:SnekBite+1","sneckomod:Unknown","sneckomod:UnknownDraw","sneckomod:Unknown0Cost","sneckomod:UnknownStrength","sneckomod:UnknownUncommonAttack","sneckomod:PureSnecko+1","sneckomod:SoulRoll+1","Ragnarok","sneckomod:CheapStock","sneckomod:Memorize","sneckomod:UnlimitedRolls"],"relics":["sneckomod:SneckoSoul","WarpedTongs","Singing Bowl","Membership Card","SacredBark","Enchiridion","MawBank"],"acts_visited":["Exordium","TheCity"],"potions_floor_usage":[25,25],"damage_taken":[{"damage":3.0,"enemies":"2 Louse","floor":2.0,"turns":3.0},{"damage":11.0,"enemies":"Cultist","floor":3.0,"turns":3.0},{"damage":0.0,"enemies":"Small Slimes","floor":5.0,"turns":4.0},{"damage":2.0,"enemies":"downfall:FleeingMerchant","floor":8.0,"turns":4.0},{"damage":0.0,"enemies":"2 Fungi Beasts","floor":9.0,"turns":3.0},{"damage":0.0,"enemies":"3 Louse","floor":11.0,"turns":1.0},{"damage":9.0,"enemies":"Large Slime","floor":13.0,"turns":4.0},{"damage":0.0,"enemies":"Gremlin Gang","floor":14.0,"turns":1.0},{"damage":0.0,"enemies":"3 Louse","floor":15.0,"turns":3.0},{"damage":37.0,"enemies":"SI_SHIV_ARCHETYPE","floor":16.0,"turns":6.0},{"damage":7.0,"enemies":"Chosen","floor":19.0,"turns":4.0},{"damage":11.0,"enemies":"Shell Parasite","floor":20.0,"turns":3.0},{"damage":25.0,"enemies":"Cultist and Chosen","floor":23.0,"turns":6.0},{"damage":30,"enemies":"Slavers","floor":25,"turns":2}],"seed_played":"6135385049232529628","potions_obtained":[{"floor":2.0,"key":"Ancient Potion"},{"floor":9.0,"key":"SkillPotion"},{"floor":13.0,"key":"SmokeBomb"},{"floor":15.0,"key":"Strength Potion"},{"floor":16.0,"key":"Strength Potion"},{"floor":20.0,"key":"SteroidPotion"}],"is_trial":false,"path_per_floor":["R","M","M","?","M","R","T","$","M","R","M","R","M","M","M","B",null,"R","M","M","?","?","M","T","E"],"character_chosen":"THE_SNECKO","items_purchased":["Membership Card","PowerPotion","sneckomod:PureSnecko"],"campfire_rested":0,"item_purchase_floors":[8,8,8],"current_hp_per_floor":[81,78,77,77,77,77,77,77,77,77,77,77,70,70,70,68,81,81,76,67,51,51,28,28,0,0,0],"gold":221,"neow_bonus":"TRANSFORM_TWO_CARDS","is_daily":false,"chose_seed":false,"campfire_upgraded":4,"win_rate":0.0,"timestamp":1613630230,"path_taken":["R","M","M","?","M","R","T","$","?","R","M","R","M","M","M","BOSS","R","M","M","?","?","M","T","E"],"items_purchased_type":["Relic","Potion","Card"],"build_version":"2020-12-22","purchased_purges":1,"victory":false,"max_hp_per_floor":[81,81,81,81,81,81,81,83,83,83,83,83,85,85,85,85,85,85,87,89,89,89,91,91,91,91,91],"relic_stats":{"Singing Bowl":10,"counters":[14,47],"MawBank":12,"obtain_stats":[{"Singing Bowl":7,"SacredBark":17,"Enchiridion":21,"Membership Card":8,"sneckomod:SneckoSoul":0,"MawBank":24,"WarpedTongs":4},{"Singing Bowl":3,"SacredBark":10,"Enchiridion":12,"Membership Card":4,"sneckomod:SneckoSoul":0,"MawBank":13,"WarpedTongs":2},{"Singing Bowl":10,"SacredBark":32,"Enchiridion":39,"Membership Card":14,"sneckomod:SneckoSoul":0,"MawBank":45,"WarpedTongs":6}],"WarpedTongs":[41]},"card_choices":[{"not_picked":["sneckomod:UnknownDraw","sneckomod:UnendingSupply","sneckomod:Unknown1Cost"],"picked":"SKIP","floor":2.0},{"not_picked":["sneckomod:Nope","sneckomod:RainOfDice"],"picked":"sneckomod:UnknownStrength","floor":3.0},{"not_picked":["sneckomod:UnknownColorless","sneckomod:UnknownWeak"],"picked":"sneckomod:UnknownUncommonAttack","floor":5.0},{"not_picked":["sneckomod:UnknownDraw","sneckomod:SnakeSap","sneckomod:DiceCrush"],"picked":"Singing Bowl","floor":8.0},{"not_picked":["sneckomod:IronFang","sneckomod:Unknown2Cost"],"picked":"sneckomod:SoulRoll","floor":9.0},{"not_picked":["sneckomod:ImprovisedAttack","sneckomod:UnknownCommonAttack"],"picked":"sneckomod:CheapStock","floor":11.0},{"not_picked":["sneckomod:DiceBlock","sneckomod:IronFang","sneckomod:QuickBite"],"picked":"Singing Bowl","floor":13.0},{"not_picked":["sneckomod:Unknown1Cost","sneckomod:SnekBeam"],"picked":"sneckomod:Memorize","floor":15.0},{"not_picked":["sneckomod:Transmogrify","sneckomod:UnknownRarePower"],"picked":"sneckomod:UnlimitedRolls","floor":16.0},{"not_picked":["sneckomod:UnknownClassTHE_CHAMP_GRAY","sneckomod:RainOfDice","sneckomod:Unknown1Cost"],"picked":"Singing Bowl","floor":19.0},{"not_picked":["sneckomod:SnakeSap","sneckomod:RainOfDice","sneckomod:UnknownCommonSkill"],"picked":"Singing Bowl","floor":20.0},{"not_picked":["sneckomod:UnknownCommonSkill+1","sneckomod:SnekBeam+1","sneckomod:SnakeSap"],"picked":"Singing Bowl","floor":23.0}],"player_experience":1962714,"relics_obtained":[{"floor":7.0,"key":"Singing Bowl"},{"floor":21.0,"key":"Enchiridion"},{"floor":24.0,"key":"MawBank"}],"event_choices":[{"damage_healed":0.0,"max_hp_gain":0.0,"max_hp_loss":0.0,"gold_gain":0.0,"event_name":"Accursed Blacksmith","player_choice":"Rummage","floor":4.0,"gold_loss":0.0,"damage_taken":0.0,"relics_obtained":["WarpedTongs"],"cards_obtained":["Pain"]}],"is_beta":false,"boss_relics":[{"not_picked":["Fusion Hammer","Runic Dome"],"picked":"SacredBark"}],"items_purged_floors":[8],"is_endless":false,"potions_floor_spawned":[2,9,13,15,16,20,23],"killed_by":"Slavers","ascension_level":8}}