{"host":"yqztwemefsbhfep8","time":1613626100,"event":{"mods":["BaseMod","Hermit","Minty Spire (QoL Compilation)","StSLib"],"gold_per_floor":[212,212,387,1,1,1,11,11,62,87,100,114,133,133,133,237,237,250,250,250,276,58,85,85,116,168,179,179,190,208,227,227,325,325,341,341,361,384,384,384,50,63,63,98,98,116,39,39,39,39,39],"floor_reached":50,"language":"ENG","playtime":2669,"items_purged":["Doubt"],"score":608,"play_id":"5dd84fdc-6d3d-4fba-8f7f-cee8a33be504","local_time":"20210217212820","is_ascension_mode":false,"campfire_choices":[{"data":"hermit:Combo","floor":6,"key":"SMITH"},{"floor":8,"key":"RECALL"},{"data":"hermit:Snapshot","floor":15,"key":"SMITH"},{"floor":24,"key":"REST"},{"floor":28,"key":"REST"},{"data":"hermit:RoundhouseKick","floor":32,"key":"SMITH"},{"data":"hermit:CursedWeapon","floor":40,"key":"SMITH"},{"floor":49,"key":"REST"}],"circlet_count":0,"master_deck":["hermit:Strike_Hermit","hermit:Strike_Hermit","hermit:Strike_Hermit","hermit:Defend_Hermit","hermit:Defend_Hermit","hermit:Defend_Hermit","hermit:Defend_Hermit","hermit:Snapshot+1","hermit:Covet","hermit:Roulette+1","hermit:Combo+1","hermit:Enervate","hermit:Headshot","hermit:Gambit","hermit:Malice+1","hermit:BigShot+1","hermit:RoundhouseKick+1","hermit:HighCaliber+1","hermit:CursedWeapon+1","hermit:Showdown+1"],"relics":["hermit:Momento","Omamori","Ginger","PreservedInsect","hermit:RyeStalk","hermit:BartenderGlass","Enchiridion","MutagenicStrength","Red Mask","Toy Ornithopter","Tiny Chest","Happy Flower","Potion Belt","hermit:DentedPlate","Ice Cream","InkBottle","Anchor","FossilizedHelix"],"acts_visited":["Exordium","TheCity","TheBeyond"],"potions_floor_usage":[16,16,18,18,18,23,23,25,27,29,29,30,30,30,30,31,31,33,33,33,33,33,35,37,37,42,42,44,44,44,46,50,50,50,50,50,50,50],"damage_taken":[{"damage":0,"enemies":"Small Slimes","floor":1,"turns":3},{"damage":11,"enemies":"Jaw Worm","floor":7,"turns":2},{"damage":21,"enemies":"Lagavulin","floor":10,"turns":4},{"damage":0,"enemies":"Cultist","floor":11,"turns":2},{"damage":4,"enemies":"Blue Slaver","floor":12,"turns":3},{"damage":1,"enemies":"2 Fungi Beasts","floor":13,"turns":2},{"damage":30,"enemies":"The Guardian","floor":16,"turns":12},{"damage":22,"enemies":"3 Byrds","floor":18,"turns":6},{"damage":10,"enemies":"Masked Bandits","floor":21,"turns":3},{"damage":0,"enemies":"Slavers","floor":23,"turns":2},{"damage":18,"enemies":"Book of Stabbing","floor":25,"turns":5},{"damage":1,"enemies":"Chosen","floor":27,"turns":3},{"damage":5,"enemies":"Centurion and Healer","floor":29,"turns":3},{"damage":1,"enemies":"Snake Plant","floor":30,"turns":3},{"damage":12,"enemies":"3 Cultists","floor":31,"turns":3},{"damage":14,"enemies":"Champ","floor":33,"turns":8},{"damage":6,"enemies":"3 Shapes","floor":35,"turns":3},{"damage":16,"enemies":"3 Darklings","floor":37,"turns":3},{"damage":21,"enemies":"Spire Growth","floor":42,"turns":4},{"damage":68,"enemies":"Reptomancer","floor":44,"turns":6},{"damage":10,"enemies":"Jaw Worm Horde","floor":46,"turns":4},{"damage":124,"enemies":"Awakened One","floor":50,"turns":9}],"seed_played":"-7645738713017690644","potions_obtained":[{"floor":1,"key":"DuplicationPotion"},{"floor":11,"key":"LiquidMemories"},{"floor":12,"key":"SkillPotion"},{"floor":16,"key":"SkillPotion"},{"floor":21,"key":"LiquidMemories"},{"floor":25,"key":"DuplicationPotion"},{"floor":27,"key":"DistilledChaos"},{"floor":33,"key":"SkillPotion"},{"floor":35,"key":"Regen Potion"},{"floor":48,"key":"BlessingOfTheForge"}],"is_trial":false,"path_per_floor":["M","?","?","$","T","R","M","R","T","E","M","M","M","?","R","B",null,"M","?","?","?","$","E","R","E","T","M","R","M","M","M","R","B",null,"M","?","M","T","?","R","$","M","T","E","T","M","$","?","R","B"],"character_chosen":"HERMIT","items_purchased":["Omamori","hermit:Combo","hermit:Enervate","Toy Ornithopter","DuplicationPotion","Ice Cream","Fire Potion","Regen Potion"],"campfire_rested":3,"item_purchase_floors":[4,4,4,22,22,41,41,47],"current_hp_per_floor":[75,75,75,75,75,75,64,64,64,43,43,39,38,63,63,33,75,53,37,37,27,27,37,59,46,46,50,72,70,74,68,68,75,107,101,101,91,91,91,91,91,89,89,45,45,40,40,40,72,0,0],"gold":39,"neow_bonus":"HUNDRED_GOLD","is_daily":false,"chose_seed":false,"campfire_upgraded":4,"win_rate":0.0,"timestamp":1613626100,"path_taken":["M","?","?","$","?","R","M","R","T","E","?","M","M","?","R","BOSS","M","?","?","?","$","E","R","E","T","M","R","?","M","M","R","BOSS","M","?","?","?","?","R","$","M","T","E","?","M","$","?","R","BOSS"],"items_purchased_type":["Relic","Card","Card","Relic","Potion","Relic","Potion","Potion"],"build_version":"2020-12-22","purchased_purges":1,"victory":false,"max_hp_per_floor":[75,75,75,75,75,75,75,75,75,75,75,75,75,75,75,75,75,75,75,75,75,75,75,75,75,75,75,75,75,75,75,75,75,107,107,107,107,107,107,107,107,107,107,107,107,107,107,107,107,107,107],"card_choices":[{"not_picked":["hermit:Snipe","hermit:Feint"],"picked":"hermit:Roulette","floor":1},{"not_picked":["hermit:TrackingShot","hermit:Virtue","hermit:Coalescence"],"picked":"SKIP","floor":7},{"not_picked":["hermit:Feint","hermit:LoneWolf"],"picked":"hermit:Headshot","floor":10},{"not_picked":["hermit:Vantage","hermit:Ricochet","hermit:SprayPray"],"picked":"SKIP","floor":11},{"not_picked":["hermit:Desperado","hermit:DeadMansHand","hermit:Determination"],"picked":"SKIP","floor":12},{"not_picked":["hermit:GhostlyPresence","hermit:Coalescence","hermit:CalledShot"],"picked":"SKIP","floor":13},{"not_picked":["hermit:HeroicBravado","hermit:OverwhelmingPower"],"picked":"hermit:Gambit","floor":16},{"not_picked":["hermit:Shortfuse","hermit:CalledShot","hermit:FullyLoaded"],"picked":"SKIP","floor":18},{"not_picked":["hermit:Virtue","hermit:Showdown+1"],"picked":"hermit:Malice+1","floor":23},{"not_picked":["hermit:BigShot+1","hermit:ItchyTrigger","hermit:Spite+1"],"picked":"SKIP","floor":25},{"not_picked":["hermit:HoleUp","hermit:Vantage+1","hermit:Enervate"],"picked":"SKIP","floor":27},{"not_picked":["hermit:TrackingShot+1","hermit:Snipe"],"picked":"hermit:BigShot","floor":29},{"not_picked":["hermit:GhostlyPresence","hermit:Quickdraw","hermit:SprayPray"],"picked":"SKIP","floor":30},{"not_picked":["hermit:Vantage","hermit:BodyArmor"],"picked":"hermit:RoundhouseKick","floor":31},{"not_picked":["hermit:Glare","hermit:DeadMansHand+1"],"picked":"hermit:HighCaliber+1","floor":35},{"not_picked":["hermit:HighCaliber+1","hermit:CalledShot"],"picked":"hermit:CursedWeapon","floor":37},{"not_picked":["hermit:FullyLoaded+1","hermit:Cheat"],"picked":"hermit:Showdown+1","floor":42},{"not_picked":["hermit:WideOpen+1","hermit:Combo+1","hermit:Cheat"],"picked":"SKIP","floor":44},{"not_picked":["hermit:HoleUp","hermit:Snipe+1","hermit:Quickdraw+1"],"picked":"SKIP","floor":46}],"player_experience":264688,"relics_obtained":[{"floor":5,"key":"Ginger"},{"floor":9,"key":"PreservedInsect"},{"floor":10,"key":"hermit:RyeStalk"},{"floor":19,"key":"Enchiridion"},{"floor":21,"key":"Red Mask"},{"floor":23,"key":"Tiny Chest"},{"floor":25,"key":"Happy Flower"},{"floor":26,"key":"Potion Belt"},{"floor":43,"key":"InkBottle"},{"floor":44,"key":"Anchor"},{"floor":45,"key":"FossilizedHelix"}],"event_choices":[{"damage_healed":0,"gold_gain":0,"player_choice":"Grow","damage_taken":0,"max_hp_gain":0,"max_hp_loss":0,"event_name":"Living Wall","floor":2,"gold_loss":0,"cards_upgraded":["hermit:Roulette"]},{"damage_healed":0,"gold_gain":175,"player_choice":"AGREE","damage_taken":0,"max_hp_gain":0,"max_hp_loss":0,"event_name":"Liars Game","floor":3,"gold_loss":0,"cards_obtained":["Doubt"]},{"damage_healed":25,"gold_gain":0,"player_choice":"Banana","damage_taken":0,"max_hp_gain":0,"max_hp_loss":0,"event_name":"Big Fish","floor":14,"gold_loss":0},{"damage_healed":0,"gold_gain":0,"player_choice":"Obtained Book","damage_taken":16,"max_hp_gain":0,"max_hp_loss":0,"event_name":"Cursed Tome","floor":19,"gold_loss":0},{"damage_healed":0,"gold_gain":0,"player_choice":"Inject Mutagens","damage_taken":0,"relics_obtained":["MutagenicStrength"],"max_hp_gain":0,"max_hp_loss":0,"event_name":"Drug Dealer","floor":20,"gold_loss":0},{"damage_healed":0,"gold_gain":0,"player_choice":"Fought Bandits","damage_taken":0,"max_hp_gain":0,"max_hp_loss":0,"event_name":"Masked Bandits","floor":21,"gold_loss":0},{"damage_healed":0,"gold_gain":0,"player_choice":"Forge","damage_taken":0,"max_hp_gain":0,"max_hp_loss":0,"event_name":"Accursed Blacksmith","floor":36,"gold_loss":0,"cards_upgraded":["hermit:BigShot"]},{"cards_removed":["hermit:Strike_Hermit"],"damage_healed":0,"gold_gain":0,"player_choice":"Removed Attack","damage_taken":0,"max_hp_gain":0,"max_hp_loss":0,"event_name":"Falling","floor":39,"gold_loss":0},{"damage_healed":0,"gold_gain":0,"player_choice":"Got Potions","damage_taken":0,"max_hp_gain":0,"max_hp_loss":0,"event_name":"Lab","floor":48,"gold_loss":0}],"is_beta":false,"boss_relics":[{"not_picked":["Pandora\u0027s Box","Coffee Dripper"],"picked":"hermit:BartenderGlass"},{"not_picked":["Empty Cage","hermit:ClaspedLocket"],"picked":"hermit:DentedPlate"}],"items_purged_floors":[4],"is_endless":false,"potions_floor_spawned":[1,11,12,13,16,21,23,25,27,33,35],"killed_by":"Awakened One","ascension_level":0}}