{"host":"efbmiwe3kdtynlc6","time":1613639157,"event":{"mods":["BaseMod","Colored Map","Minty Spire (QoL Compilation)","StSLib","SuperFastMode","everything is the same but u backflip on backflip"],"gold_per_floor":[367,96,56,72,82,82,115,115,115,142,158,83,98,98,98,98,98],"floor_reached":16,"language":"KOR","playtime":301,"items_purged":["Strike_R"],"score":220,"play_id":"cc302627-1abb-433e-a102-4c3f2941ba5b","local_time":"20210218180557","is_ascension_mode":true,"campfire_choices":[{"data":"Bash","floor":6,"key":"SMITH"},{"data":"Blood for Blood","floor":8,"key":"SMITH"},{"data":"Fire Breathing","floor":15,"key":"SMITH"}],"circlet_count":0,"master_deck":["AscendersBane","Strike_R","Strike_R","Strike_R","Strike_R","Defend_R","Defend_R","Defend_R","Defend_R","Bash+1","Dropkick","Evolve","Rage","Blood for Blood+1","Immolate","Fire Breathing+1","Battle Trance"],"relics":["Burning Blood","Medical Kit","Mercury Hourglass","StrikeDummy","Lantern","Matryoshka"],"acts_visited":["Exordium"],"potions_floor_usage":[7,10,11],"damage_taken":[{"damage":9,"enemies":"Jaw Worm","floor":1,"turns":5},{"damage":1,"enemies":"Cultist","floor":4,"turns":3},{"damage":13,"enemies":"2 Louse","floor":5,"turns":4},{"damage":20,"enemies":"3 Sentries","floor":7,"turns":11},{"damage":14,"enemies":"Lagavulin","floor":10,"turns":3},{"damage":0,"enemies":"2 Fungi Beasts","floor":11,"turns":2},{"damage":4,"enemies":"Gremlin Gang","floor":13,"turns":4},{"damage":38,"enemies":"The Guardian","floor":16,"turns":8}],"seed_played":"2160580519566184244","potions_obtained":[{"floor":3,"key":"DuplicationPotion"},{"floor":3,"key":"LiquidMemories"},{"floor":10,"key":"SkillPotion"}],"is_trial":false,"path_per_floor":["M","$","?","M","M","R","E","R","T","E","M","$","M","T","R","B"],"character_chosen":"IRONCLAD","items_purchased":["Medical Kit","Evolve","Battle Trance"],"campfire_rested":0,"item_purchase_floors":[2,2,12],"current_hp_per_floor":[47,47,47,52,45,45,31,31,31,23,29,29,31,31,31,0,0],"gold":98,"neow_bonus":"TWO_FIFTY_GOLD","is_daily":false,"chose_seed":false,"campfire_upgraded":3,"win_rate":0.0,"timestamp":1613639157,"path_taken":["M","$","?","M","?","R","E","R","T","E","M","?","M","?","R","BOSS"],"items_purchased_type":["Relic","Card","Card"],"build_version":"2020-12-22","purchased_purges":1,"victory":false,"max_hp_per_floor":[75,75,75,75,75,75,75,75,75,75,75,75,75,75,75,75,75],"card_choices":[{"not_picked":["Heavy Blade","Warcry"],"picked":"Dropkick","floor":1},{"not_picked":["Flex","Thunderclap"],"picked":"Rage","floor":4},{"not_picked":["Infernal Blade","Iron Wave","True Grit"],"picked":"SKIP","floor":5},{"not_picked":["Headbutt","Pummel"],"picked":"Blood for Blood","floor":7},{"not_picked":["Intimidate","Reckless Charge"],"picked":"Immolate","floor":10},{"not_picked":["Clash","True Grit"],"picked":"Fire Breathing","floor":11},{"not_picked":["Headbutt","Wild Strike","Warcry"],"picked":"SKIP","floor":13}],"player_experience":327910,"relics_obtained":[{"floor":7,"key":"Mercury Hourglass"},{"floor":9,"key":"StrikeDummy"},{"floor":10,"key":"Lantern"},{"floor":14,"key":"Matryoshka"}],"event_choices":[{"damage_healed":0,"gold_gain":0,"player_choice":"Bought 3 Potions","damage_taken":0,"max_hp_gain":0,"max_hp_loss":0,"event_name":"The Woman in Blue","floor":3,"gold_loss":0}],"is_beta":false,"boss_relics":[],"items_purged_floors":[2],"is_endless":false,"potions_floor_spawned":[10],"killed_by":"The Guardian","ascension_level":20}}