{"host":"ufhw4cf0hh51lveu","time":1613626983,"event":{"mods":["BaseMod","DeckTracker","Minty Spire (QoL Compilation)","SuperFastMode"],"gold_per_floor":[113,113,133,157,40,40,59,75,75,88,103,56,71,86,86,182,182,195,17,29,29,0,19,19,31,56,56,156,156,170,186,186,287,287,302,322,322,322,322],"floor_reached":38,"language":"KOR","playtime":1003,"items_purged":[],"score":372,"play_id":"7197ace3-8e96-45ae-a1aa-6d838f9f7444","local_time":"20210218144303","is_ascension_mode":false,"campfire_choices":[{"data":"Anger","floor":6,"key":"SMITH"},{"data":"Infernal Blade","floor":15,"key":"SMITH"},{"floor":24,"key":"REST"},{"data":"Limit Break","floor":27,"key":"SMITH"},{"data":"Infernal Blade","floor":29,"key":"SMITH"},{"floor":32,"key":"REST"}],"circlet_count":0,"master_deck":["Strike_R","Strike_R","Defend_R","Defend_R","Defend_R","Defend_R","Bash","Anger+1","Flex","Infernal Blade+1","Cleave+1","Iron Wave","Twin Strike+1","Limit Break+1","Infernal Blade+1","Flex","Sword Boomerang+1","Demon Form","Flex+1","Heavy Blade"],"relics":["Black Blood","Regal Pillow","Pen Nib","Ornamental Fan","Whetstone","Oddly Smooth Stone","Empty Cage"],"acts_visited":["Exordium","TheCity","TheBeyond"],"potions_floor_usage":[13,16,16,23,33,33],"damage_taken":[{"damage":10,"enemies":"Jaw Worm","floor":1,"turns":5},{"damage":0,"enemies":"2 Louse","floor":3,"turns":2},{"damage":0,"enemies":"Cultist","floor":7,"turns":3},{"damage":17,"enemies":"Exordium Thugs","floor":8,"turns":5},{"damage":0,"enemies":"Large Slime","floor":10,"turns":4},{"damage":3,"enemies":"Red Slaver","floor":11,"turns":3},{"damage":23,"enemies":"Exordium Thugs","floor":13,"turns":4},{"damage":0,"enemies":"Lots of Slimes","floor":14,"turns":2},{"damage":67,"enemies":"Hexaghost","floor":16,"turns":10},{"damage":9,"enemies":"3 Byrds","floor":18,"turns":5},{"damage":21,"enemies":"2 Thieves","floor":20,"turns":4},{"damage":29,"enemies":"Snecko","floor":23,"turns":6},{"damage":12,"enemies":"Chosen and Byrds","floor":25,"turns":6},{"damage":34,"enemies":"Snake Plant","floor":30,"turns":4},{"damage":16,"enemies":"Centurion and Healer","floor":31,"turns":5},{"damage":76,"enemies":"Collector","floor":33,"turns":9},{"damage":33,"enemies":"3 Shapes","floor":35,"turns":6},{"damage":64,"enemies":"3 Darklings","floor":36,"turns":7},{"damage":45,"enemies":"Writhing Mass","floor":38,"turns":5}],"seed_played":"267518996513459223","potions_obtained":[{"floor":7,"key":"SpeedPotion"},{"floor":8,"key":"Ancient Potion"},{"floor":10,"key":"PowerPotion"},{"floor":16,"key":"FearPotion"},{"floor":18,"key":"FairyPotion"},{"floor":20,"key":"ColorlessPotion"},{"floor":31,"key":"LiquidBronze"}],"is_trial":false,"path_per_floor":["M","?","M","T","?","R","M","M","T","M","M","$","M","M","R","B",null,"M","$","M","$","?","M","R","M","T","R","?","R","M","M","R","B",null,"M","M","?","M"],"character_chosen":"IRONCLAD","items_purchased":["Cleave","Flex","Whetstone"],"campfire_rested":2,"item_purchase_floors":[12,19,19],"current_hp_per_floor":[84,84,88,88,88,88,88,77,77,83,86,86,69,75,75,14,88,88,88,79,79,79,62,88,88,88,88,88,88,66,62,88,24,88,67,15,15,0,0],"gold":322,"neow_bonus":"TEN_PERCENT_HP_BONUS","is_daily":false,"chose_seed":false,"campfire_upgraded":4,"win_rate":0.0,"timestamp":1613626983,"path_taken":["M","?","M","?","?","R","M","M","T","M","?","$","M","M","R","BOSS","M","$","M","$","?","M","R","M","T","R","?","R","M","?","R","BOSS","M","M","?","?"],"items_purchased_type":["Card","Card","Relic"],"build_version":"2020-12-22","purchased_purges":0,"victory":false,"max_hp_per_floor":[88,88,88,88,88,88,88,88,88,88,88,88,88,88,88,88,88,88,88,88,88,88,88,88,88,88,88,88,88,88,88,88,88,88,88,88,88,88,88],"card_choices":[{"not_picked":["Warcry","Whirlwind","True Grit"],"picked":"SKIP","floor":1},{"not_picked":["Havoc","Clash"],"picked":"Anger","floor":3},{"not_picked":["Rupture","Body Slam","Perfected Strike"],"picked":"SKIP","floor":7},{"not_picked":["Pommel Strike","Warcry"],"picked":"Flex","floor":8},{"not_picked":["Battle Trance","Warcry","Armaments"],"picked":"SKIP","floor":10},{"not_picked":["Disarm","Perfected Strike"],"picked":"Infernal Blade","floor":11},{"not_picked":["Perfected Strike","Cleave"],"picked":"Iron Wave","floor":13},{"not_picked":["Power Through","Dual Wield"],"picked":"Twin Strike","floor":14},{"not_picked":["Brutality","Demon Form"],"picked":"Limit Break","floor":16},{"not_picked":["Perfected Strike","True Grit"],"picked":"Infernal Blade","floor":18},{"not_picked":["Hemokinesis+1","Carnage"],"picked":"Sword Boomerang+1","floor":20},{"not_picked":["Combust","Intimidate","Body Slam"],"picked":"SKIP","floor":23},{"not_picked":["Clothesline","Dual Wield","Body Slam"],"picked":"SKIP","floor":25},{"not_picked":["Cleave","Iron Wave","Sword Boomerang"],"picked":"SKIP","floor":30},{"not_picked":["Rampage","Pummel","Fire Breathing"],"picked":"SKIP","floor":31},{"not_picked":["Feed","Berserk"],"picked":"Demon Form","floor":33},{"not_picked":["True Grit+1","Dark Embrace+1"],"picked":"Flex+1","floor":35},{"not_picked":["Flex","Uppercut+1"],"picked":"Heavy Blade","floor":36}],"player_experience":40826,"relics_obtained":[{"floor":4,"key":"Regal Pillow"},{"floor":9,"key":"Ornamental Fan"},{"floor":26,"key":"Oddly Smooth Stone"}],"event_choices":[{"damage_healed":0,"gold_gain":0,"player_choice":"Ignored","damage_taken":0,"max_hp_gain":0,"max_hp_loss":0,"event_name":"Shining Light","floor":2,"gold_loss":0},{"damage_healed":0,"gold_gain":0,"player_choice":"Paid Gold","damage_taken":0,"relics_obtained":["Pen Nib"],"max_hp_gain":0,"max_hp_loss":0,"event_name":"WeMeetAgain","floor":5,"gold_loss":117},{"damage_healed":0,"gold_gain":0,"player_choice":"Paid Fearfully","damage_taken":0,"max_hp_gain":0,"max_hp_loss":0,"event_name":"Masked Bandits","floor":22,"gold_loss":29},{"damage_healed":0,"gold_gain":100,"player_choice":"Pray","damage_taken":0,"max_hp_gain":0,"max_hp_loss":0,"event_name":"Golden Shrine","floor":28,"gold_loss":0},{"cards_removed":["Strike_R"],"damage_healed":0,"gold_gain":0,"player_choice":"Purged","damage_taken":0,"max_hp_gain":0,"max_hp_loss":0,"event_name":"Purifier","floor":37,"gold_loss":0}],"is_beta":false,"boss_relics":[{"not_picked":["Cursed Key","Philosopher\u0027s Stone"],"picked":"Black Blood"},{"not_picked":["Coffee Dripper","Runic Cube"],"picked":"Empty Cage"}],"items_purged_floors":[],"is_endless":false,"potions_floor_spawned":[7,8,10,16,18,20,31],"killed_by":"Writhing Mass","ascension_level":0}}