{"host":"pj7egx7jkoz18hom","time":1613624571,"event":{"mods":["AchievementEnabler","BaseMod","Keyboard Shortcuts","Minty Spire (QoL Compilation)","SuperFastMode"],"gold_per_floor":[117,130,130,148,162,162,220,247,301,6,6,6],"floor_reached":11,"language":"KOR","playtime":318,"items_purged":[],"score":91,"play_id":"c42d77fc-1d56-4a6f-b1c7-85795b0042d7","local_time":"20210218140251","is_ascension_mode":true,"campfire_choices":[{"data":"Flame Barrier","floor":6,"key":"SMITH"}],"circlet_count":0,"master_deck":["Strike_R","Strike_R","Strike_R","Strike_R","Strike_R","Defend_R","Defend_R","Defend_R","Defend_R","Bash+1","Carnage","Flame Barrier+1","Pain","Intimidate","Spot Weakness","Shockwave+1","Fire Breathing"],"relics":["Burning Blood","WarpedTongs","Toxic Egg 2","Juzu Bracelet","Anchor","Bird Faced Urn"],"acts_visited":["Exordium"],"potions_floor_usage":[7,8],"damage_taken":[{"damage":12,"enemies":"Jaw Worm","floor":1,"turns":2},{"damage":6,"enemies":"Cultist","floor":2,"turns":3},{"damage":6,"enemies":"2 Louse","floor":4,"turns":3},{"damage":8,"enemies":"2 Fungi Beasts","floor":5,"turns":3},{"damage":27,"enemies":"Gremlin Nob","floor":7,"turns":4},{"damage":31,"enemies":"3 Sentries","floor":8,"turns":5},{"damage":36,"enemies":"Gremlin Nob","floor":11,"turns":4}],"seed_played":"-4051071617177467063","potions_obtained":[{"floor":4,"key":"ElixirPotion"},{"floor":5,"key":"BlessingOfTheForge"},{"floor":7,"key":"CultistPotion"}],"is_trial":false,"path_per_floor":["M","M","?","M","M","R","?","E","T","$","E"],"character_chosen":"IRONCLAD","items_purchased":["Bird Faced Urn"],"campfire_rested":0,"item_purchase_floors":[10],"current_hp_per_floor":[74,74,74,74,72,72,51,26,26,26,0,0],"gold":6,"neow_bonus":"UPGRADE_CARD","is_daily":false,"chose_seed":false,"campfire_upgraded":1,"win_rate":0.0,"timestamp":1613624571,"path_taken":["M","M","?","?","M","R","?","E","T","$","E"],"items_purchased_type":["Relic"],"build_version":"2020-12-22","purchased_purges":0,"victory":false,"max_hp_per_floor":[80,80,80,80,80,80,80,80,80,80,80,80],"card_choices":[{"not_picked":["Pommel Strike","Anger"],"picked":"Carnage","floor":1},{"not_picked":["Bloodletting","Wild Strike"],"picked":"Flame Barrier","floor":2},{"not_picked":["Dual Wield","Headbutt"],"picked":"Intimidate","floor":4},{"not_picked":["Carnage","Sever Soul"],"picked":"Spot Weakness","floor":5},{"not_picked":["Cleave","Flex+1"],"picked":"Shockwave+1","floor":7},{"not_picked":["Blood for Blood","Bloodletting+1"],"picked":"Fire Breathing","floor":8}],"player_experience":152090,"relics_obtained":[{"floor":8,"key":"Juzu Bracelet"},{"floor":9,"key":"Anchor"}],"event_choices":[{"damage_healed":0,"gold_gain":0,"player_choice":"Rummage","damage_taken":0,"relics_obtained":["WarpedTongs"],"max_hp_gain":0,"max_hp_loss":0,"event_name":"Accursed Blacksmith","floor":3,"gold_loss":0,"cards_obtained":["Pain"]},{"damage_healed":0,"gold_gain":30,"player_choice":"Searched \u00273\u0027 times","damage_taken":0,"relics_obtained":["Toxic Egg 2"],"max_hp_gain":0,"max_hp_loss":0,"event_name":"Dead Adventurer","floor":7,"gold_loss":0}],"is_beta":false,"boss_relics":[],"items_purged_floors":[],"is_endless":false,"potions_floor_spawned":[4,5,7],"killed_by":"Gremlin Nob","ascension_level":5}}