{"host":"gyvm9iplrwbfzexe","time":1613683295,"event":{"mods":["BaseMod","Minty Spire (QoL Compilation)","StSLib","The Mystic"],"gold_per_floor":[119,119,119,78,88,121,133,164,215,215,235,255,355,367,367,468,518,531,512,24,43,43,43],"floor_reached":22,"language":"ENG","playtime":1800,"items_purged":[],"score":223,"play_id":"0bcc6236-6371-4508-a74b-70daf7d76876","local_time":"20210218152135","is_ascension_mode":false,"campfire_choices":[{"data":"mysticmod:SuddenClarity","floor":10,"key":"SMITH"},{"floor":15,"key":"REST"}],"circlet_count":0,"master_deck":["mysticmod:Strike_Mystic","mysticmod:Strike_Mystic","mysticmod:Strike_Mystic+1","mysticmod:Strike_Mystic","mysticmod:Defend_Mystic","mysticmod:Defend_Mystic","mysticmod:Defend_Mystic","mysticmod:Defend_Mystic","mysticmod:ArcaneDodge","mysticmod:ShockingGrasp+1","mysticmod:PureInstinct+1","mysticmod:ArcaneAccuracy","mysticmod:Sideswipe+1","mysticmod:RapidCaster","mysticmod:SuddenClarity+1","mysticmod:Snowball","mysticmod:GreaterInvisibility","mysticmod:HeavyStrike","mysticmod:MagicWeapon","mysticmod:Lunge","mysticmod:PureInstinct","mysticmod:Disengage+1","mysticmod:Riposte+1","mysticmod:PunishingArmor","Panache+1"],"relics":["mysticmod:SpellBook","NeowsBlessing","Kunai","Bag of Preparation","Darkstone Periapt","Whetstone","Tiny House","Frozen Egg 2"],"acts_visited":["Exordium","TheCity"],"potions_floor_usage":[8,16,19,21,21,22],"damage_taken":[{"damage":0,"enemies":"Small Slimes","floor":1,"turns":1},{"damage":0,"enemies":"2 Louse","floor":5,"turns":1},{"damage":0,"enemies":"Lagavulin","floor":6,"turns":1},{"damage":2,"enemies":"Cultist","floor":7,"turns":5},{"damage":31,"enemies":"3 Sentries","floor":8,"turns":11},{"damage":0,"enemies":"2 Fungi Beasts","floor":11,"turns":4},{"damage":6,"enemies":"Lots of Slimes","floor":12,"turns":6},{"damage":1,"enemies":"Exordium Thugs","floor":14,"turns":6},{"damage":8,"enemies":"Hexaghost","floor":16,"turns":11},{"damage":0,"enemies":"Spheric Guardian","floor":18,"turns":4},{"damage":8,"enemies":"2 Thieves","floor":19,"turns":4},{"damage":55,"enemies":"Chosen and Byrds","floor":21,"turns":11},{"damage":25,"enemies":"Cultist and Chosen","floor":22,"turns":11}],"seed_played":"6659432050628897","potions_obtained":[{"floor":5,"key":"PowerPotion"},{"floor":7,"key":"DistilledChaos"},{"floor":16,"key":"GamblersBrew"},{"floor":17,"key":"Swift Potion"},{"floor":18,"key":"LiquidBronze"},{"floor":19,"key":"FearPotion"}],"is_trial":false,"path_per_floor":["M","?","?","$","M","E","M","E","T","R","M","M","?","M","R","B",null,"M","M","$","M","M"],"character_chosen":"MYSTIC_CLASS","items_purchased":["mysticmod:ArcaneAccuracy","mysticmod:PunishingArmor","Frozen Egg 2","Panache+1"],"campfire_rested":1,"item_purchase_floors":[4,20,20,20],"current_hp_per_floor":[77,65,65,65,65,65,63,32,32,32,32,26,26,25,48,40,82,82,74,74,19,0,0],"gold":43,"neow_bonus":"THREE_ENEMY_KILL","is_daily":false,"chose_seed":false,"campfire_upgraded":1,"win_rate":0.0,"timestamp":1613683295,"path_taken":["M","?","?","$","M","E","M","E","T","R","M","M","?","M","R","BOSS","M","M","$","M","M"],"items_purchased_type":["Card","Card","Relic","Card"],"build_version":"2020-12-22","purchased_purges":0,"victory":false,"max_hp_per_floor":[77,77,77,77,77,77,77,77,77,77,77,77,77,77,77,77,82,82,82,82,82,82,82],"card_choices":[{"not_picked":["mysticmod:IllusionOfCalm","mysticmod:Grapple"],"picked":"mysticmod:PureInstinct","floor":1},{"not_picked":["mysticmod:CorrosiveTouch","mysticmod:Alacrity"],"picked":"mysticmod:Sideswipe","floor":5},{"not_picked":["mysticmod:PowerSlash","mysticmod:DiviningBlow"],"picked":"mysticmod:RapidCaster","floor":6},{"not_picked":["mysticmod:Dedication","mysticmod:Daze"],"picked":"mysticmod:SuddenClarity","floor":7},{"not_picked":["mysticmod:ArcaneAccuracy","mysticmod:IllusionOfCalm"],"picked":"mysticmod:Snowball","floor":8},{"not_picked":["mysticmod:StyleChange","mysticmod:Probe"],"picked":"mysticmod:GreaterInvisibility","floor":11},{"not_picked":["mysticmod:SuddenClarity","mysticmod:LightningBolt"],"picked":"mysticmod:HeavyStrike","floor":12},{"not_picked":["mysticmod:Probe","mysticmod:Disengage"],"picked":"mysticmod:MagicWeapon","floor":14},{"not_picked":["mysticmod:ObscuringMist","mysticmod:Momentum"],"picked":"mysticmod:Lunge","floor":16},{"not_picked":["mysticmod:SuddenClarity","mysticmod:AllIn"],"picked":"mysticmod:PureInstinct","floor":17},{"not_picked":["mysticmod:Probe+1","mysticmod:Sideswipe"],"picked":"mysticmod:Disengage+1","floor":18},{"not_picked":["mysticmod:MagicMissile","mysticmod:PureInstinct"],"picked":"mysticmod:Riposte+1","floor":19},{"not_picked":["mysticmod:FiveFootStep+1","mysticmod:Sideswipe","mysticmod:ClosingBarrage"],"picked":"SKIP","floor":21}],"player_experience":58732,"relics_obtained":[{"floor":6,"key":"Bag of Preparation"},{"floor":8,"key":"Darkstone Periapt"},{"floor":9,"key":"Whetstone"}],"event_choices":[{"damage_healed":0,"gold_gain":0,"player_choice":"Success","damage_taken":12,"relics_obtained":["Kunai"],"max_hp_gain":0,"max_hp_loss":0,"event_name":"Scrap Ooze","floor":2,"gold_loss":0},{"damage_healed":0,"gold_gain":0,"player_choice":"Grow","damage_taken":0,"max_hp_gain":0,"max_hp_loss":0,"event_name":"Living Wall","floor":3,"gold_loss":0,"cards_upgraded":["mysticmod:PureInstinct"]},{"damage_healed":0,"gold_gain":100,"player_choice":"Pray","damage_taken":0,"max_hp_gain":0,"max_hp_loss":0,"event_name":"Golden Shrine","floor":13,"gold_loss":0}],"is_beta":false,"boss_relics":[{"not_picked":["Empty Cage","Astrolabe"],"picked":"Tiny House"}],"items_purged_floors":[],"is_endless":false,"potions_floor_spawned":[5,7,16,18,19],"killed_by":"Cultist and Chosen","ascension_level":0}}